Transact. No.,Symbol,Buyer,Seller,Quantity,Rate,Amount
2021010603013624,ALBSL,45,45,18,1169.0,21042.0
2021010603013516,ALBSL,42,45,39,1169.0,45591.0
2021010603013515,ALBSL,42,54,11,1165.0,12815.0
2021010603013520,ALICL,55,33,100,970.0,97000.0
2021010603013449,ALICL,44,33,300,970.0,291000.0
2021010603013411,ALICL,49,33,10,970.0,9700.0
2021010603013409,ALICL,52,10,250,970.0,242500.0
2021010603013408,ALICL,41,10,100,970.0,97000.0
2021010603013407,ALICL,57,10,190,970.0,184300.0
2021010603013704,BBC,28,5,10,2800.0,28000.0
2021010603013703,BBC,28,37,40,2762.0,110480.0
2021010603013288,CBBL,44,44,100,1182.0,118200.0
2021010603013683,CFCL,33,49,65,170.0,11050.0
2021010603013586,CFCL,33,18,204,170.0,34680.0
2021010603013585,CFCL,33,18,296,170.0,50320.0
2021010603013569,CIT,38,49,42,3359.0,141078.0
2021010603013568,CIT,38,49,30,3360.0,100800.0
2021010603013469,CIT,44,40,24,3362.0,80688.0
2021010603013468,CIT,44,42,40,3362.0,134480.0
2021010603013467,CIT,44,40,136,3362.0,457232.0
2021010603013450,CIT,38,39,50,3360.0,168000.0
2021010603013292,CIT,50,56,50,3360.0,168000.0
2021010603013291,CIT,1,56,35,3360.0,117600.0
2021010603013290,CIT,1,59,20,3360.0,67200.0
2021010603013404,CIT,38,38,20,3360.0,67200.0
2021010603013365,CIT,35,40,14,3362.0,47068.0
2021010603013364,CIT,35,49,16,3361.0,53776.0
2021010603013363,CIT,35,49,70,3360.0,235200.0
2021010603013362,CIT,40,49,10,3360.0,33600.0
2021010603013340,CIT,44,49,20,3360.0,67200.0
2021010603013739,CLBSL,34,4,10,838.0,8380.0
2021010603013612,CLBSL,51,58,22,835.0,18370.0
2021010603013567,CLBSL,44,4,100,838.0,83800.0
2021010603013518,CLBSL,45,53,15,832.0,12480.0
2021010603013517,CLBSL,16,53,25,834.0,20850.0
2021010603013477,CLBSL,25,4,436,838.0,365368.0
2021010603013333,CLBSL,34,4,20,838.0,16760.0
2021010603013332,CLBSL,34,38,20,837.0,16740.0
2021010603013331,CLBSL,34,45,366,836.0,305976.0
2021010603013410,CMF1,43,1,100,10.1,1010.0
2021010603013697,DDBL,58,3,100,1420.0,142000.0
2021010603013696,DDBL,58,47,290,1420.0,411800.0
2021010603013695,DDBL,58,44,15,1420.0,21300.0
2021010603013694,DDBL,58,19,50,1420.0,71000.0
2021010603013693,DDBL,58,14,300,1420.0,426000.0
2021010603013692,DDBL,58,48,50,1420.0,71000.0
2021010603013685,DDBL,58,52,61,1418.0,86498.0
2021010603013684,DDBL,58,45,30,1418.0,42540.0
2021010603013636,DDBL,57,45,50,1418.0,70900.0
2021010603013608,DDBL,34,45,120,1418.0,170160.0
2021010603013464,DDBL,38,42,50,1419.0,70950.0
2021010603013463,DDBL,42,48,88,1418.0,124784.0
2021010603013691,DDBL,58,14,71,1420.0,100820.0
2021010603013690,DDBL,58,43,200,1420.0,284000.0
2021010603013689,DDBL,58,54,60,1419.0,85140.0
2021010603013688,DDBL,58,5,60,1419.0,85140.0
2021010603013687,DDBL,58,45,100,1419.0,141900.0
2021010603013686,DDBL,58,42,167,1419.0,236973.0
2021010603013551,EDBL,17,58,138,349.0,48162.0
2021010603013651,FMDBL,58,26,293,592.0,173456.0
2021010603013650,FMDBL,58,42,368,592.0,217856.0
2021010603013649,FMDBL,58,56,200,592.0,118400.0
2021010603013648,FMDBL,58,52,39,592.0,23088.0
2021010603013589,FMDBL,40,52,200,592.0,118400.0
2021010603013500,FMDBL,40,57,100,592.0,59200.0
2021010603013335,FMDBL,41,3,300,590.0,177000.0
2021010603013301,FMDBL,41,19,198,590.0,116820.0
2021010603013300,FMDBL,41,51,50,590.0,29500.0
2021010603013299,FMDBL,41,45,50,590.0,29500.0
2021010603013298,FMDBL,41,45,22,590.0,12980.0
2021010603013702,FOWAD,43,35,27,2339.0,63153.0
2021010603013701,FOWAD,43,26,11,2339.0,25729.0
2021010603013438,FOWAD,45,26,14,2339.0,32746.0
2021010603013392,FOWAD,7,56,10,2330.0,23300.0
2021010603013371,FOWAD,56,49,30,2335.0,70050.0
2021010603013370,FOWAD,56,5,50,2335.0,116750.0
2021010603013369,FOWAD,56,58,40,2335.0,93400.0
2021010603013368,FOWAD,56,29,100,2335.0,233500.0
2021010603013367,FOWAD,56,45,64,2335.0,149440.0
2021010603013318,FOWAD,45,45,51,2334.0,119034.0
2021010603013742,GBLBS,25,25,50,603.0,30150.0
2021010603013632,GBLBS,55,46,10,605.0,6050.0
2021010603013631,GBLBS,55,38,10,605.0,6050.0
2021010603013630,GBLBS,55,34,50,605.0,30250.0
2021010603013629,GBLBS,55,52,15,605.0,9075.0
2021010603013628,GBLBS,55,32,15,605.0,9075.0
2021010603013471,GBLBS,56,45,100,603.0,60300.0
2021010603013446,GBLBS,56,42,50,603.0,30150.0
2021010603013627,GBLBS,55,26,50,605.0,30250.0
2021010603013626,GBLBS,55,22,15,605.0,9075.0
2021010603013625,GBLBS,55,34,35,604.0,21140.0
2021010603013623,GBLBS,33,40,148,602.0,89096.0
2021010603013606,GBLBS,49,41,50,603.0,30150.0
2021010603013605,GBLBS,56,41,40,603.0,24120.0
2021010603013633,GILB,20,1,300,1384.0,415200.0
2021010603013740,GLBSL,35,28,20,905.0,18100.0
2021010603013644,GLBSL,35,49,65,905.0,58825.0
2021010603013618,GLBSL,3,49,100,905.0,90500.0
2021010603013519,GLBSL,42,49,35,905.0,31675.0
2021010603013514,GLBSL,38,55,50,908.0,45400.0
2021010603013284,GLBSL,38,25,29,908.0,26332.0
2021010603013723,GLICL,42,52,100,622.0,62200.0
2021010603013324,GLICL,25,6,194,621.0,120474.0
2021010603013412,GMFBS,44,13,10,1153.0,11530.0
2021010603013397,GRDBL,6,26,50,153.0,7650.0
2021010603013396,GRDBL,6,45,50,152.0,7600.0
2021010603013395,GRDBL,6,35,850,152.0,129200.0
2021010603013394,GRDBL,6,58,50,151.0,7550.0
2021010603013601,GUFL,17,32,10,209.0,2090.0
2021010603013725,HIDCL,39,36,92,267.0,24564.0
2021010603013724,HIDCL,38,36,303,268.0,81204.0
2021010603013555,HIDCL,39,13,64,267.0,17088.0
2021010603013554,HIDCL,8,13,36,267.0,9612.0
2021010603013546,HIDCL,10,54,132,269.0,35508.0
2021010603013545,HIDCL,10,18,400,269.0,107600.0
2021010603013327,HIDCL,8,45,230,267.0,61410.0
2021010603013294,HIDCL,8,38,31,267.0,8277.0
2021010603013285,HIDCL,8,44,500,267.0,133500.0
2021010603013544,HIDCL,10,1,20,269.0,5380.0
2021010603013543,HIDCL,10,37,83,269.0,22327.0
2021010603013542,HIDCL,10,57,250,268.0,67000.0
2021010603013541,HIDCL,10,40,95,268.0,25460.0
2021010603013540,HIDCL,10,59,"1,020",268.0,273360.0
2021010603013381,HIDCL,8,41,40,267.0,10680.0
2021010603013615,ILBS,28,8,12,1095.0,13140.0
2021010603013558,ILBS,36,32,300,1098.0,329400.0
2021010603013550,ILBS,32,45,57,1100.0,62700.0
2021010603013549,ILBS,42,45,58,1101.0,63858.0
2021010603013666,JBBL,41,19,57,232.0,13224.0
2021010603013665,JBBL,11,19,100,232.0,23200.0
2021010603013664,JBBL,18,19,439,232.0,101848.0
2021010603013553,JBBL,18,51,61,232.0,14152.0
2021010603013552,JBBL,58,51,44,232.0,10208.0
2021010603013343,JBBL,58,52,56,232.0,12992.0
2021010603013342,JBBL,49,52,33,232.0,7656.0
2021010603013583,JFL,4,33,100,257.0,25700.0
2021010603013582,JFL,4,6,200,256.0,51200.0
2021010603013581,JFL,4,41,20,256.0,5120.0
2021010603013580,JFL,4,58,10,256.0,2560.0
2021010603013579,JFL,4,58,150,256.0,38400.0
2021010603013536,JFL,11,58,100,254.0,25400.0
2021010603013527,JFL,45,58,40,254.0,10160.0
2021010603013339,JFL,28,58,262,254.0,66548.0
2021010603013338,JFL,28,26,238,254.0,60452.0
2021010603013289,JFL,4,16,200,253.0,50600.0
2021010603013578,JFL,4,58,50,255.0,12750.0
2021010603013577,JFL,4,14,50,255.0,12750.0
2021010603013576,JFL,4,8,400,255.0,102000.0
2021010603013575,JFL,4,47,100,255.0,25500.0
2021010603013574,JFL,4,45,463,255.0,118065.0
2021010603013573,JFL,4,58,98,254.0,24892.0
2021010603013610,KMCDB,28,59,10,968.0,9680.0
2021010603013607,KMCDB,28,42,23,968.0,22264.0
2021010603013511,KMCDB,28,45,11,968.0,10648.0
2021010603013510,KMCDB,16,45,10,968.0,9680.0
2021010603013509,KMCDB,38,45,30,968.0,29040.0
2021010603013508,KMCDB,46,45,20,968.0,19360.0
2021010603013507,KMCDB,6,45,29,968.0,28072.0
2021010603013461,KMCDB,6,59,10,968.0,9680.0
2021010603013442,KMCDB,6,51,100,968.0,96800.0
2021010603013414,KMCDB,6,26,71,968.0,68728.0
2021010603013413,KMCDB,14,26,34,968.0,32912.0
2021010603013539,KRBL,34,5,200,137.0,27400.0
2021010603013405,KRBL,57,5,10,137.0,1370.0
2021010603013315,KRBL,34,5,10,137.0,1370.0
2021010603013735,KSBBL,17,36,264,221.0,58344.0
2021010603013734,KSBBL,17,36,300,221.0,66300.0
2021010603013733,KSBBL,17,59,600,221.0,132600.0
2021010603013732,KSBBL,17,26,"1,060",221.0,234260.0
2021010603013731,KSBBL,17,25,476,221.0,105196.0
2021010603013456,KSBBL,10,26,300,221.0,66300.0
2021010603013389,KSBBL,32,55,100,221.0,22100.0
2021010603013462,LBBL,34,35,20,209.0,4180.0
2021010603013303,LBBL,41,29,60,207.0,12420.0
2021010603013302,LBBL,53,29,10,207.0,2070.0
2021010603013495,LICN,50,34,100,1990.0,199000.0
2021010603013494,LICN,50,57,50,1990.0,99500.0
2021010603013493,LICN,50,25,200,1986.0,397200.0
2021010603013492,LICN,50,59,46,1985.0,91310.0
2021010603013491,LICN,50,45,100,1979.0,197900.0
2021010603013355,LICN,50,59,54,1985.0,107190.0
2021010603013354,LICN,50,50,16,1985.0,31760.0
2021010603013353,LICN,50,59,90,1984.0,178560.0
2021010603013352,LICN,50,3,340,1980.0,673200.0
2021010603013730,MDB,49,47,47,328.0,15416.0
2021010603013475,MDB,42,47,500,328.0,164000.0
2021010603013737,MERO,53,1,10,914.0,9140.0
2021010603013572,MERO,55,45,10,915.0,9150.0
2021010603013571,MERO,55,42,90,915.0,82350.0
2021010603013441,MFIL,32,48,101,325.0,32825.0
2021010603013440,MFIL,32,19,200,325.0,65000.0
2021010603013439,MFIL,32,54,400,324.0,129600.0
2021010603013506,MLBBL,49,33,20,1268.0,25360.0
2021010603013505,MLBBL,49,57,81,1268.0,102708.0
2021010603013504,MLBBL,49,47,50,1265.0,63250.0
2021010603013503,MLBBL,49,38,34,1260.0,42840.0
2021010603013502,MLBBL,49,54,100,1258.0,125800.0
2021010603013720,MLBL,53,17,500,251.0,125500.0
2021010603013531,MLBL,53,29,526,251.0,132026.0
2021010603013530,MLBL,53,10,120,251.0,30120.0
2021010603013529,MLBL,53,10,120,251.0,30120.0
2021010603013424,MLBL,53,10,580,251.0,145580.0
2021010603013423,MLBL,53,14,"1,000",251.0,251000.0
2021010603013422,MLBL,53,38,400,250.0,100000.0
2021010603013421,MLBL,53,19,20,250.0,5000.0
2021010603013705,MMFDB,34,17,10,1129.0,11290.0
2021010603013645,MMFDB,56,59,100,1129.0,112900.0
2021010603013621,MMFDB,42,34,100,1127.0,112700.0
2021010603013596,MMFDB,7,28,200,1128.0,225600.0
2021010603013595,MMFDB,7,39,180,1128.0,203040.0
2021010603013480,MMFDB,49,11,100,1128.0,112800.0
2021010603013448,MMFDB,32,57,200,1127.0,225400.0
2021010603013447,MMFDB,32,11,100,1127.0,112700.0
2021010603013323,MMFDB,36,51,43,1126.0,48418.0
2021010603013322,MMFDB,36,28,200,1126.0,225200.0
2021010603013647,MNBBL,35,37,337,350.0,117950.0
2021010603013609,MNBBL,35,29,50,350.0,17500.0
2021010603013593,MNBBL,35,11,13,350.0,4550.0
2021010603013590,MNBBL,35,41,100,350.0,35000.0
2021010603013297,MNBBL,44,49,100,350.0,35000.0
2021010603013662,MPFL,16,38,125,150.0,18750.0
2021010603013661,MPFL,16,21,20,150.0,3000.0
2021010603013604,MPFL,47,50,250,150.0,37500.0
2021010603013603,MSLB,41,16,48,1612.0,77376.0
2021010603013602,MSLB,41,11,21,1611.0,33831.0
2021010603013499,MSLB,41,14,31,1609.0,49879.0
2021010603013398,MSLB,45,39,31,1607.0,49817.0
2021010603013444,MSMBS,33,26,18,891.0,16038.0
2021010603013321,MSMBS,33,52,11,891.0,9801.0
2021010603013751,NLBBL,56,42,20,1192.0,23840.0
2021010603013750,NLBBL,56,44,137,1192.0,163304.0
2021010603013591,NLBBL,56,44,300,1192.0,357600.0
2021010603013455,NLBBL,36,44,63,1192.0,75096.0
2021010603013454,NLBBL,36,58,37,1191.0,44067.0
2021010603013646,NLIC,41,28,23,2384.0,54832.0
2021010603013643,NLIC,35,28,10,2384.0,23840.0
2021010603013638,NLIC,49,25,50,2380.0,119000.0
2021010603013600,NLIC,49,58,"1,838",2380.0,4374440.0
2021010603013599,NLIC,49,58,50,2379.0,118950.0
2021010603013598,NLIC,49,34,283,2378.0,672974.0
2021010603013337,NLIC,41,29,10,2379.0,23790.0
2021010603013336,NLIC,6,29,24,2379.0,57096.0
2021010603013330,NLIC,38,58,50,2380.0,119000.0
2021010603013317,NLIC,28,58,40,2380.0,95200.0
2021010603013293,NLIC,17,58,20,2380.0,47600.0
2021010603013280,NLIC,6,58,90,2380.0,214200.0
2021010603013443,NLIC,38,33,13,2379.0,30927.0
2021010603013419,NLIC,25,33,50,2379.0,118950.0
2021010603013418,NLIC,19,33,184,2379.0,437736.0
2021010603013417,NLIC,42,33,100,2379.0,237900.0
2021010603013415,NLIC,7,58,20,2380.0,47600.0
2021010603013348,NLIC,19,29,16,2379.0,38064.0
2021010603013534,NLIC,36,33,188,2378.0,447064.0
2021010603013533,NLIC,14,33,12,2378.0,28536.0
2021010603013522,NLIC,53,33,50,2379.0,118950.0
2021010603013466,NLIC,38,33,200,2379.0,475800.0
2021010603013460,NLIC,46,33,50,2379.0,118950.0
2021010603013453,NLIC,20,33,30,2379.0,71370.0
2021010603013560,NLIC,35,34,40,2378.0,95120.0
2021010603013559,NLIC,59,34,142,2378.0,337676.0
2021010603013557,NLIC,59,35,38,2378.0,90364.0
2021010603013556,NLIC,36,35,12,2378.0,28536.0
2021010603013548,NLIC,52,58,50,2379.0,118950.0
2021010603013537,NLIC,43,33,23,2379.0,54717.0
2021010603013587,NLIC,21,34,25,2378.0,59450.0
2021010603013565,NLIC,6,34,100,2378.0,237800.0
2021010603013564,NLIC,54,34,100,2378.0,237800.0
2021010603013563,NLIC,20,34,200,2378.0,475600.0
2021010603013562,NLIC,4,34,10,2378.0,23780.0
2021010603013561,NLIC,5,34,100,2378.0,237800.0
2021010603013640,NLICL,58,50,20,1133.0,22660.0
2021010603013566,NLICL,38,57,250,1132.0,283000.0
2021010603013459,NLICL,35,50,65,1133.0,73645.0
2021010603013400,NLICL,51,50,"1,000",1133.0,1133000.0
2021010603013399,NLICL,54,50,50,1135.0,56750.0
2021010603013344,NLICL,54,3,150,1135.0,170250.0
2021010603013637,NMBHF1,17,43,"20,000",10.1,202000.0
2021010603013680,NMBMF,8,45,115,991.0,113965.0
2021010603013616,NMBMF,8,57,235,991.0,232885.0
2021010603013741,NRIC,16,28,100,1539.0,153900.0
2021010603013738,NRIC,55,28,50,1539.0,76950.0
2021010603013736,NRIC,5,28,200,1539.0,307800.0
2021010603013699,NRIC,5,28,40,1539.0,61560.0
2021010603013698,NRIC,5,59,100,1538.0,153800.0
2021010603013682,NRIC,48,36,70,1537.0,107590.0
2021010603013325,NRIC,52,38,40,1537.0,61480.0
2021010603013316,NRIC,1,3,100,1538.0,153800.0
2021010603013287,NRIC,52,49,20,1537.0,30740.0
2021010603013286,NRIC,36,3,100,1538.0,153800.0
2021010603013387,NRIC,57,50,67,1538.0,103046.0
2021010603013386,NRIC,57,3,433,1538.0,665954.0
2021010603013361,NRIC,42,3,135,1538.0,207630.0
2021010603013357,NRIC,53,3,150,1538.0,230700.0
2021010603013356,NRIC,53,56,200,1537.0,307400.0
2021010603013351,NRIC,35,3,500,1538.0,769000.0
2021010603013532,NRIC,1,28,100,1539.0,153900.0
2021010603013523,NRIC,38,28,100,1539.0,153900.0
2021010603013474,NRIC,52,55,30,1538.0,46140.0
2021010603013473,NRIC,52,6,42,1538.0,64596.0
2021010603013472,NRIC,52,50,33,1538.0,50754.0
2021010603013401,NRIC,52,52,10,1537.0,15370.0
2021010603013681,NRIC,58,36,30,1538.0,46140.0
2021010603013667,NRIC,58,45,40,1538.0,61520.0
2021010603013642,NRIC,58,55,30,1538.0,46140.0
2021010603013620,NRIC,44,45,50,1538.0,76900.0
2021010603013619,NRIC,53,45,50,1538.0,76900.0
2021010603013570,NRIC,57,16,500,1538.0,769000.0
2021010603013748,NRN,5,1,40,360.0,14400.0
2021010603013747,NRN,5,1,100,360.0,36000.0
2021010603013746,NRN,52,1,100,360.0,36000.0
2021010603013745,NRN,44,1,20,360.0,7200.0
2021010603013744,NRN,46,1,40,360.0,14400.0
2021010603013743,NRN,33,1,160,360.0,57600.0
2021010603013512,NRN,42,42,10,361.0,3610.0
2021010603013382,NRN,42,57,10,361.0,3610.0
2021010603013305,NRN,42,45,10,361.0,3610.0
2021010603013752,NTC,49,52,100,1288.0,128800.0
2021010603013679,NTC,49,50,"3,255",1280.0,4166400.0
2021010603013678,NTC,58,50,609,1280.0,779520.0
2021010603013677,NTC,51,50,500,1281.0,640500.0
2021010603013676,NTC,51,50,500,1281.0,640500.0
2021010603013675,NTC,51,50,580,1281.0,742980.0
2021010603013360,NTC,45,33,200,1285.0,257000.0
2021010603013334,NTC,45,4,200,1285.0,257000.0
2021010603013486,NTC,19,40,200,1283.0,256600.0
2021010603013485,NTC,39,40,177,1283.0,227091.0
2021010603013484,NTC,55,40,30,1284.0,38520.0
2021010603013483,NTC,42,40,15,1285.0,19275.0
2021010603013482,NTC,38,40,40,1285.0,51400.0
2021010603013470,NTC,45,43,100,1285.0,128500.0
2021010603013655,NTC,49,43,50,1286.0,64300.0
2021010603013654,NTC,49,59,64,1286.0,82304.0
2021010603013653,NTC,49,49,50,1285.0,64250.0
2021010603013652,NTC,49,13,200,1285.0,257000.0
2021010603013488,NTC,38,40,28,1283.0,35924.0
2021010603013487,NTC,49,40,10,1283.0,12830.0
2021010603013668,NTC,49,50,436,1287.0,561132.0
2021010603013660,NTC,49,25,"1,500",1287.0,1930500.0
2021010603013659,NTC,49,45,300,1287.0,386100.0
2021010603013658,NTC,49,43,100,1287.0,128700.0
2021010603013657,NTC,49,3,200,1287.0,257400.0
2021010603013656,NTC,49,42,100,1286.0,128600.0
2021010603013674,NTC,34,50,100,1282.0,128200.0
2021010603013673,NTC,54,50,300,1282.0,384600.0
2021010603013672,NTC,54,50,100,1282.0,128200.0
2021010603013671,NTC,52,50,50,1282.0,64100.0
2021010603013670,NTC,38,50,500,1283.0,641500.0
2021010603013669,NTC,50,50,70,1283.0,89810.0
2021010603013366,NUBL,45,28,10,1362.0,13620.0
2021010603013279,NUBL,58,28,46,1362.0,62652.0
2021010603013278,NUBL,58,42,30,1361.0,40830.0
2021010603013277,NUBL,58,58,25,1361.0,34025.0
2021010603013588,PFL,13,42,50,177.0,8850.0
2021010603013521,PFL,1,41,42,174.0,7308.0
2021010603013393,PFL,13,42,50,177.0,8850.0
2021010604000024,PLI,47,47,10,173.0,1730.0
2021010604000023,PLI,47,47,10,173.0,1730.0
2021010604000022,PLI,47,47,10,173.0,1730.0
2021010604000021,PLI,47,47,10,173.0,1730.0
2021010604000020,PLI,47,47,10,173.0,1730.0
2021010604000019,PLI,47,47,10,173.0,1730.0
2021010604000006,PLI,47,53,10,173.0,1730.0
2021010604000005,PLI,48,22,10,170.0,1700.0
2021010604000004,PLI,57,5,10,167.0,1670.0
2021010604000003,PLI,6,34,1,161.0,161.0
2021010604000002,PLI,3,38,10,164.0,1640.0
2021010604000001,PLI,48,58,10,161.0,1610.0
2021010604000012,PLI,47,7,10,173.0,1730.0
2021010604000011,PLI,47,22,10,173.0,1730.0
2021010604000010,PLI,7,16,1,173.0,173.0
2021010604000009,PLI,47,57,10,173.0,1730.0
2021010604000008,PLI,47,20,10,173.0,1730.0
2021010604000007,PLI,47,45,10,173.0,1730.0
2021010604000018,PLI,47,47,10,173.0,1730.0
2021010604000017,PLI,47,14,10,173.0,1730.0
2021010604000016,PLI,47,58,10,173.0,1730.0
2021010604000015,PLI,47,58,10,173.0,1730.0
2021010604000014,PLI,47,14,10,173.0,1730.0
2021010604000013,PLI,47,44,10,173.0,1730.0
2021010603013611,PLIC,25,57,200,769.0,153800.0
2021010603013481,PLIC,26,51,157,770.0,120890.0
2021010603013465,PLIC,25,3,150,769.0,115350.0
2021010603013452,PLIC,25,17,100,769.0,76900.0
2021010603013451,PLIC,25,46,247,769.0,189943.0
2021010603013329,PLIC,45,46,595,769.0,457555.0
2021010603013328,PLIC,45,55,55,769.0,42295.0
2021010603013320,PLIC,51,55,10,769.0,7690.0
2021010603013319,PLIC,51,55,10,769.0,7690.0
2021010603013663,PROFL,34,32,10,132.0,1320.0
2021010603013538,PROFL,53,34,"1,000",131.0,131000.0
2021010603013718,RLI,42,3,25,610.0,15250.0
2021010603013535,RLI,17,46,10,609.0,6090.0
2021010603013526,RLI,58,28,10,610.0,6100.0
2021010603013525,RLI,58,57,10,610.0,6100.0
2021010603013524,RLI,58,34,10,610.0,6100.0
2021010603013498,RLI,17,38,490,609.0,298410.0
2021010603013374,RLI,58,25,10,610.0,6100.0
2021010603013373,RLI,58,52,10,610.0,6100.0
2021010603013372,RLI,58,48,10,610.0,6100.0
2021010603013347,RLI,26,38,10,609.0,6090.0
2021010603013346,RLI,26,58,20,609.0,12180.0
2021010603013345,RLI,34,58,50,610.0,30500.0
2021010603013497,RLI,46,38,50,609.0,30450.0
2021010603013496,RLI,26,38,160,609.0,97440.0
2021010603013445,RLI,26,39,10,609.0,6090.0
2021010603013402,RLI,26,56,10,609.0,6090.0
2021010603013376,RLI,58,18,60,611.0,36660.0
2021010603013375,RLI,58,44,10,611.0,6110.0
2021010603013528,RMDC,39,55,56,1185.0,66360.0
2021010603013425,RMDC,39,41,62,1185.0,73470.0
2021010603013707,RSDC,19,7,10,591.0,5910.0
2021010603013547,RSDC,40,7,10,591.0,5910.0
2021010603013457,RSDC,42,7,50,591.0,29550.0
2021010603013594,SABSL,44,52,11,1098.0,12078.0
2021010603013489,SABSL,39,39,1,1096.0,1096.0
2021010603013406,SABSL,1,43,20,1097.0,21940.0
2021010603013326,SABSL,6,44,11,1105.0,12155.0
2021010603013700,SADBL,49,28,200,180.0,36000.0
2021010603013380,SADBL,57,16,250,179.0,44750.0
2021010603013379,SADBL,57,50,445,179.0,79655.0
2021010603013388,SAPDBL,34,26,10,148.0,1480.0
2021010603013721,SDLBSL,1,46,10,1060.0,10600.0
2021010603013476,SDLBSL,59,47,90,1077.0,96930.0
2021010603013403,SEF,33,55,200,10.55,2110.0
2021010603013501,SFCL,42,58,80,130.0,10400.0
2021010603013635,SHINE,51,34,32,239.0,7648.0
2021010603013479,SHINE,51,34,18,240.0,4320.0
2021010603013478,SHINE,51,17,158,240.0,37920.0
2021010603013314,SHL,52,48,375,192.0,72000.0
2021010603013313,SHL,55,48,300,192.0,57600.0
2021010603013312,SHL,48,48,300,192.0,57600.0
2021010603013311,SHL,42,48,100,192.0,19200.0
2021010603013310,SHL,41,48,255,192.0,48960.0
2021010603013309,SHL,34,48,170,192.0,32640.0
2021010603013308,SHL,58,48,500,192.0,96000.0
2021010603013307,SHL,41,48,100,192.0,19200.0
2021010603013306,SHL,7,48,100,192.0,19200.0
2021010603013420,SKBBL,53,53,38,1444.0,54872.0
2021010603013385,SKBBL,1,1,153,1443.0,220779.0
2021010603013384,SKBBL,1,1,200,1443.0,288600.0
2021010603013383,SKBBL,1,1,147,1443.0,212121.0
2021010603013729,SLBBL,44,11,197,1166.0,229702.0
2021010603013728,SLBBL,44,41,90,1165.0,104850.0
2021010603013727,SLBBL,44,55,63,1164.0,73332.0
2021010603013726,SLBBL,44,58,50,1160.0,58000.0
2021010603013592,SLBBL,59,41,10,1165.0,11650.0
2021010603013437,SLBBL,36,5,100,1160.0,116000.0
2021010603013430,SLBBL,36,5,100,1155.0,115500.0
2021010603013429,SLBBL,36,6,82,1155.0,94710.0
2021010603013428,SLBBL,36,41,50,1151.0,57550.0
2021010603013427,SLBBL,36,58,100,1150.0,115000.0
2021010603013426,SLBBL,36,55,50,1150.0,57500.0
2021010603013304,SLBBL,46,55,250,1150.0,287500.0
2021010603013436,SLBBL,36,5,100,1157.0,115700.0
2021010603013435,SLBBL,36,37,200,1157.0,231400.0
2021010603013434,SLBBL,36,11,30,1157.0,34710.0
2021010603013433,SLBBL,36,47,100,1155.0,115500.0
2021010603013432,SLBBL,36,37,200,1155.0,231000.0
2021010603013431,SLBBL,36,11,100,1155.0,115500.0
2021010603013458,SLBS,42,28,158,1319.0,208402.0
2021010603013391,SLBS,35,28,42,1319.0,55398.0
2021010603013390,SLBS,35,1,58,1319.0,76502.0
2021010603013717,SLBSL,37,32,158,1022.0,161476.0
2021010603013716,SLBSL,37,8,20,1020.0,20400.0
2021010603013715,SLBSL,37,48,113,1020.0,115260.0
2021010603013714,SLBSL,37,54,13,1020.0,13260.0
2021010603013713,SLBSL,37,7,56,1020.0,57120.0
2021010603013712,SLBSL,37,21,11,1015.0,11165.0
2021010603013711,SLBSL,37,43,13,1015.0,13195.0
2021010603013710,SLBSL,37,43,21,1015.0,21315.0
2021010603013709,SLBSL,37,45,13,1012.0,13156.0
2021010603013708,SLBSL,37,45,13,1012.0,13156.0
2021010603013634,SLBSL,52,1,40,1010.0,40400.0
2021010603013749,SLICL,4,21,10,690.0,6900.0
2021010603013617,SLICL,42,21,200,690.0,138000.0
2021010603013613,SLICL,4,21,10,690.0,6900.0
2021010603013513,SLICL,41,32,15,688.0,10320.0
2021010603013416,SLICL,29,34,53,687.0,36411.0
2021010603013296,SLICL,29,10,466,687.0,320142.0
2021010603013295,SLICL,45,10,34,688.0,23392.0
2021010603013722,SMFDB,8,41,33,988.0,32604.0
2021010603013341,SMFDB,20,45,50,988.0,49400.0
2021010603013719,SNLB,18,33,100,1050.0,105000.0
2021010603013706,SNLB,18,33,10,1050.0,10500.0
2021010603013639,SNLB,18,1,20,1050.0,21000.0
2021010603013622,SNLB,18,45,100,1050.0,105000.0
2021010603013584,SNLB,42,38,100,1052.0,105200.0
2021010603013490,SNLB,18,51,20,1049.0,20980.0
2021010603013641,SWBBL,52,28,20,1690.0,33800.0
2021010603013378,SWBBL,44,28,80,1690.0,135200.0
2021010603013377,SWBBL,44,58,50,1689.0,84450.0
2021010603013350,TRH,51,26,68,298.0,20264.0
2021010603013349,TRH,51,41,100,297.0,29700.0
2021010603013597,UFL,16,55,"1,000",246.0,246000.0
2021010603013614,USLB,32,14,10,1360.0,13600.0
2021010603013359,USLB,58,21,172,1355.0,233060.0
2021010603013358,USLB,58,14,19,1355.0,25745.0
2021010603013283,USLB,58,7,30,1350.0,40500.0
2021010603013282,USLB,58,17,22,1350.0,29700.0
2021010603013281,USLB,58,1,20,1350.0,27000.0
2021010603013257,ALICL,57,43,70,970.0,67900.0
2021010603013239,ALICL,57,42,240,970.0,232800.0
2021010603013148,ALICL,34,10,50,967.0,48350.0
2021010603013147,ALICL,34,10,"2,000",967.0,1934000.0
2021010603013146,ALICL,34,10,"1,364",968.0,1320352.0
2021010603013145,ALICL,34,10,"2,500",968.0,2420000.0
2021010603013144,ALICL,52,10,"1,000",969.0,969000.0
2021010603013143,ALICL,49,10,50,969.0,48450.0
2021010603013040,ALICL,3,42,60,970.0,58200.0
2021010603012858,ALICL,41,36,16,971.0,15536.0
2021010603012857,ALICL,41,49,84,971.0,81564.0
2021010603013074,BBC,56,37,10,2762.0,27620.0
2021010603013073,BBC,41,37,50,2762.0,138100.0
2021010603013194,CBBL,39,44,21,1180.0,24780.0
2021010603013170,CBBL,45,44,40,1180.0,47200.0
2021010603013165,CBBL,52,44,60,1180.0,70800.0
2021010603013149,CBBL,28,44,20,1180.0,23600.0
2021010603013009,CBBL,39,44,59,1180.0,69620.0
2021010603013008,CBBL,39,33,50,1180.0,59000.0
2021010603012835,CBBL,34,55,100,1180.0,118000.0
2021010603012834,CBBL,50,55,50,1180.0,59000.0
2021010603012833,CBBL,55,55,10,1180.0,11800.0
2021010603012832,CBBL,47,55,100,1180.0,118000.0
2021010603012831,CBBL,47,55,100,1180.0,118000.0
2021010603012830,CBBL,14,55,150,1180.0,177000.0
2021010603013007,CBBL,39,55,91,1180.0,107380.0
2021010603012970,CBBL,42,55,50,1180.0,59000.0
2021010603012919,CBBL,16,55,40,1180.0,47200.0
2021010603012917,CBBL,48,49,50,1177.0,58850.0
2021010603012916,CBBL,48,49,100,1178.0,117800.0
2021010603012894,CBBL,44,55,200,1180.0,236000.0
2021010603013023,CFCL,33,47,704,170.0,119680.0
2021010603013256,CIT,1,19,50,3360.0,168000.0
2021010603013196,CIT,42,49,15,3361.0,50415.0
2021010603013173,CIT,25,36,30,3363.0,100890.0
2021010603013142,CIT,37,36,27,3363.0,90801.0
2021010603013141,CIT,48,36,100,3363.0,336300.0
2021010603013047,CIT,37,40,73,3363.0,245499.0
2021010603012954,CIT,36,40,17,3363.0,57171.0
2021010603012953,CIT,36,58,33,3363.0,110979.0
2021010603012944,CIT,52,40,10,3363.0,33630.0
2021010603013260,CLBSL,10,45,70,836.0,58520.0
2021010603013259,CLBSL,10,58,30,835.0,25050.0
2021010603013248,CLBSL,59,58,20,835.0,16700.0
2021010603013241,CLBSL,21,58,50,835.0,41750.0
2021010603012943,CLBSL,53,53,2,822.0,1644.0
2021010603012856,CLBSL,34,41,129,837.0,107973.0
2021010603013235,DDBL,42,57,50,1418.0,70900.0
2021010603013234,DDBL,54,57,50,1418.0,70900.0
2021010603013219,DDBL,26,42,21,1419.0,29799.0
2021010603013103,DDBL,54,57,100,1418.0,141800.0
2021010603012996,DDBL,49,42,150,1419.0,212850.0
2021010603012994,DDBL,29,42,100,1419.0,141900.0
2021010603012983,DDBL,46,42,70,1419.0,99330.0
2021010603012951,DDBL,39,28,22,1416.0,31152.0
2021010603012913,DDBL,46,57,96,1418.0,136128.0
2021010603012895,DDBL,14,42,50,1419.0,70950.0
2021010603013254,FMDBL,53,45,13,590.0,7670.0
2021010603013253,FMDBL,53,56,37,590.0,21830.0
2021010603013222,FMDBL,45,56,163,590.0,96170.0
2021010603013221,FMDBL,45,16,37,590.0,21830.0
2021010603013201,FMDBL,53,16,64,590.0,37760.0
2021010603013200,FMDBL,53,59,36,590.0,21240.0
2021010603013049,FMDBL,53,44,100,590.0,59000.0
2021010603012785,FMDBL,55,44,200,590.0,118000.0
2021010603013167,FMDBL,53,59,14,590.0,8260.0
2021010603013166,FMDBL,53,44,86,590.0,50740.0
2021010603013077,FMDBL,13,44,200,590.0,118000.0
2021010603013054,FMDBL,54,17,235,589.0,138415.0
2021010603013053,FMDBL,29,17,200,589.0,117800.0
2021010603013052,FMDBL,6,17,50,589.0,29450.0
2021010603013265,FOWAD,7,55,25,2330.0,58250.0
2021010603013070,FOWAD,7,16,136,2330.0,316880.0
2021010603013048,FOWAD,45,16,22,2330.0,51260.0
2021010603013028,FOWAD,45,34,70,2330.0,163100.0
2021010603013027,FOWAD,45,19,54,2330.0,125820.0
2021010603013026,FOWAD,45,58,64,2329.0,149056.0
2021010603013025,FOWAD,45,39,90,2329.0,209610.0
2021010603012991,FOWAD,43,55,25,2328.0,58200.0
2021010603012777,FOWAD,58,58,20,2327.0,46540.0
2021010603013215,GBBL,4,14,50,314.0,15700.0
2021010603013214,GBBL,4,17,100,313.0,31300.0
2021010603013021,GBBL,42,41,"8,388",310.0,2600280.0
2021010603013020,GBBL,4,41,"10,000",310.0,3100000.0
2021010603013019,GBBL,20,41,500,311.0,155500.0
2021010603013018,GBBL,53,41,500,311.0,155500.0
2021010603013017,GBBL,53,41,200,311.0,62200.0
2021010603013016,GBBL,7,41,170,311.0,52870.0
2021010603013015,GBBL,1,41,200,311.0,62200.0
2021010603013014,GBBL,39,41,450,311.0,139950.0
2021010603012855,GBBL,39,55,490,311.0,152390.0
2021010603013244,GBLBS,41,41,15,604.0,9060.0
2021010603013243,GBLBS,41,6,15,604.0,9060.0
2021010603013242,GBLBS,41,46,100,604.0,60400.0
2021010603013175,GBLBS,41,46,100,604.0,60400.0
2021010603013174,GBLBS,41,48,100,604.0,60400.0
2021010603013137,GBLBS,56,42,320,603.0,192960.0
2021010603013031,GBLBS,38,45,30,600.0,18000.0
2021010603013030,GBLBS,17,45,20,600.0,12000.0
2021010603013109,GBLBS,33,1,341,602.0,205282.0
2021010603013078,GBLBS,56,1,500,602.0,301000.0
2021010603013046,GBLBS,41,26,100,601.0,60100.0
2021010603013045,GBLBS,41,26,260,601.0,156260.0
2021010603013044,GBLBS,41,41,105,601.0,63105.0
2021010603013032,GBLBS,16,45,150,600.0,90000.0
2021010603013130,GBLBS,56,50,250,603.0,150750.0
2021010603013114,GBLBS,33,50,15,602.0,9030.0
2021010603013113,GBLBS,33,21,10,602.0,6020.0
2021010603013112,GBLBS,33,55,100,602.0,60200.0
2021010603013111,GBLBS,33,57,20,602.0,12040.0
2021010603013110,GBLBS,33,49,200,602.0,120400.0
2021010603013136,GBLBS,56,47,15,603.0,9045.0
2021010603013135,GBLBS,56,45,15,603.0,9045.0
2021010603013134,GBLBS,56,45,510,603.0,307530.0
2021010603013133,GBLBS,56,29,50,603.0,30150.0
2021010603013132,GBLBS,56,41,50,603.0,30150.0
2021010603013131,GBLBS,56,26,100,603.0,60300.0
2021010603013164,GLBSL,38,25,50,908.0,45400.0
2021010603013116,GLBSL,42,29,10,905.0,9050.0
2021010603013037,GLBSL,16,25,100,908.0,90800.0
2021010603012886,GLBSL,29,49,10,907.0,9070.0
2021010603012885,GLBSL,29,49,100,907.0,90700.0
2021010603012884,GLBSL,29,49,10,907.0,9070.0
2021010603012883,GLBSL,29,3,100,906.0,90600.0
2021010603012848,GLBSL,42,34,20,905.0,18100.0
2021010603012816,GLBSL,42,6,55,905.0,49775.0
2021010603013263,GLICL,25,26,52,621.0,32292.0
2021010603013105,GLICL,16,26,18,621.0,11178.0
2021010603013076,GLICL,16,45,52,621.0,32292.0
2021010603012933,GLICL,16,41,200,621.0,124200.0
2021010603012932,GLICL,16,18,100,621.0,62100.0
2021010603012931,GLICL,16,41,10,621.0,6210.0
2021010603012930,GLICL,16,14,21,621.0,13041.0
2021010603012929,GLICL,16,34,599,620.0,371380.0
2021010603012888,GLICL,55,57,150,620.0,93000.0
2021010603012887,GLICL,55,57,76,620.0,47120.0
2021010603012788,GLICL,57,34,271,621.0,168291.0
2021010603012779,GLICL,55,52,24,620.0,14880.0
2021010603013185,GMFBS,39,52,10,1152.0,11520.0
2021010603013184,GMFBS,39,14,235,1152.0,270720.0
2021010603013183,GMFBS,39,32,20,1152.0,23040.0
2021010603013182,GMFBS,39,19,50,1152.0,57600.0
2021010603013181,GMFBS,39,25,10,1150.0,11500.0
2021010603013089,GMFBS,39,58,10,1150.0,11500.0
2021010603012942,GMFBS,39,14,20,1145.0,22900.0
2021010603012941,GMFBS,39,38,10,1145.0,11450.0
2021010603012940,GMFBS,39,42,10,1145.0,11450.0
2021010603013088,GMFBS,39,49,10,1150.0,11500.0
2021010603013087,GMFBS,39,48,100,1150.0,115000.0
2021010603013086,GMFBS,39,13,10,1150.0,11500.0
2021010603013085,GMFBS,39,21,10,1149.0,11490.0
2021010603013013,GMFBS,39,21,161,1149.0,184989.0
2021010603013012,GMFBS,39,46,10,1145.0,11450.0
2021010603013128,GRDBL,57,53,150,150.0,22500.0
2021010603013059,GRDBL,51,19,600,151.0,90600.0
2021010603013213,HIDCL,8,44,163,267.0,43521.0
2021010603013212,HIDCL,38,44,100,267.0,26700.0
2021010603013211,HIDCL,42,44,70,267.0,18690.0
2021010603013210,HIDCL,11,44,15,267.0,4005.0
2021010603013209,HIDCL,43,44,100,267.0,26700.0
2021010603013208,HIDCL,51,44,442,267.0,118014.0
2021010603013099,HIDCL,45,59,500,268.0,134000.0
2021010603013058,HIDCL,51,54,10,267.0,2670.0
2021010603013022,HIDCL,14,59,200,268.0,53600.0
2021010603013205,ICFC,58,34,70,259.0,18130.0
2021010603013204,ICFC,47,34,100,259.0,25900.0
2021010603013203,ICFC,32,34,10,259.0,2590.0
2021010603013202,ICFC,58,34,20,259.0,5180.0
2021010603013187,ICFC,29,58,200,260.0,52000.0
2021010603013129,ILBS,39,39,1,1100.0,1100.0
2021010603012908,ILBS,32,35,11,1100.0,12100.0
2021010603012890,ILBS,32,34,50,1100.0,55000.0
2021010603012819,ILBS,32,56,12,1100.0,13200.0
2021010603012998,JBBL,49,14,217,232.0,50344.0
2021010603012997,JBBL,59,14,33,232.0,7656.0
2021010603012820,JBBL,59,52,17,232.0,3944.0
2021010603012796,JBBL,6,52,100,232.0,23200.0
2021010603013199,JSLBB,58,7,12,2179.0,26148.0
2021010603013098,KLBSL,55,14,19,1185.0,22515.0
2021010603013097,KLBSL,55,49,11,1183.0,13013.0
2021010603013096,KLBSL,55,14,20,1175.0,23500.0
2021010603013095,KLBSL,55,57,10,1175.0,11750.0
2021010603013152,KMCDB,14,38,10,968.0,9680.0
2021010603013071,KMCDB,14,42,10,968.0,9680.0
2021010603013036,KMCDB,14,26,10,968.0,9680.0
2021010603012925,KMCDB,14,41,36,968.0,34848.0
2021010603012924,KMCDB,38,41,20,968.0,19360.0
2021010603012923,KMCDB,25,41,30,968.0,29040.0
2021010603012829,KMCDB,58,21,50,968.0,48400.0
2021010603012822,KMCDB,58,16,10,968.0,9680.0
2021010603012778,KMCDB,58,29,10,968.0,9680.0
2021010603012922,KMCDB,41,41,44,968.0,42592.0
2021010603012921,KMCDB,41,41,50,968.0,48400.0
2021010603012920,KMCDB,36,41,20,968.0,19360.0
2021010603012915,KMCDB,36,8,30,968.0,29040.0
2021010603012914,KMCDB,58,8,20,968.0,19360.0
2021010603012850,KMCDB,58,36,10,968.0,9680.0
2021010603013246,KSBBL,17,26,201,220.0,44220.0
2021010603013245,KSBBL,17,28,"1,480",220.0,325600.0
2021010603013115,KSBBL,4,28,500,220.0,110000.0
2021010603012935,KSBBL,35,51,29,221.0,6409.0
2021010603012934,KSBBL,35,11,21,221.0,4641.0
2021010603012828,KSBBL,45,58,50,220.0,11000.0
2021010603012827,KSBBL,45,52,100,220.0,22000.0
2021010603012976,LBBL,53,52,201,207.0,41607.0
2021010603012863,LEMF,26,13,500,10.1,5050.0
2021010603012862,LEMF,26,50,"1,000",10.1,10100.0
2021010603013262,LICN,25,3,10,1980.0,19800.0
2021010603013171,LICN,36,8,500,1970.0,985000.0
2021010603013189,LLBS,25,50,100,1344.0,134400.0
2021010603013188,LLBS,25,44,113,1340.0,151420.0
2021010603013169,LLBS,1,54,20,1339.0,26780.0
2021010603013168,LLBS,1,50,100,1339.0,133900.0
2021010603013084,MDB,5,47,500,328.0,164000.0
2021010603013083,MDB,42,47,100,328.0,32800.0
2021010603013082,MDB,35,47,60,328.0,19680.0
2021010603013081,MDB,49,47,193,328.0,63304.0
2021010603012811,MDB,49,55,307,328.0,100696.0
2021010603012810,MDB,49,55,100,328.0,32800.0
2021010603012809,MDB,45,55,561,328.0,184008.0
2021010603013220,MERO,34,42,10,911.0,9110.0
2021010603013163,MERO,35,51,20,910.0,18200.0
2021010603013162,MERO,35,59,43,910.0,39130.0
2021010603013161,MERO,35,25,40,910.0,36400.0
2021010603012907,MERO,53,34,200,908.0,181600.0
2021010603012897,MERO,54,34,300,908.0,272400.0
2021010603012889,MERO,54,52,200,904.0,180800.0
2021010603013063,MERO,34,39,50,909.0,45450.0
2021010603013062,MERO,34,34,50,908.0,45400.0
2021010603013061,MERO,34,36,400,908.0,363200.0
2021010603013154,MERO,35,17,208,910.0,189280.0
2021010603013153,MERO,35,48,50,909.0,45450.0
2021010603013140,MERO,40,48,450,909.0,409050.0
2021010603013139,MERO,40,28,40,909.0,36360.0
2021010603013138,MERO,40,33,10,909.0,9090.0
2021010603013064,MERO,34,33,90,909.0,81810.0
2021010603013160,MERO,35,53,"1,396",910.0,1270360.0
2021010603013159,MERO,35,1,50,910.0,45500.0
2021010603013158,MERO,35,20,"1,500",910.0,1365000.0
2021010603013157,MERO,35,26,100,910.0,91000.0
2021010603013156,MERO,35,18,43,910.0,39130.0
2021010603013155,MERO,35,8,60,910.0,54600.0
2021010603013072,MFIL,4,54,300,324.0,97200.0
2021010603012783,MLBBL,17,45,140,1255.0,175700.0
2021010603013230,MLBL,45,19,380,250.0,95000.0
2021010603013229,MLBL,45,10,120,250.0,30000.0
2021010603012968,MLBL,21,45,250,248.0,62000.0
2021010603012967,MLBL,20,45,50,248.0,12400.0
2021010603013057,MLBL,28,10,180,250.0,45000.0
2021010603013056,MLBL,28,34,270,250.0,67500.0
2021010603013055,MLBL,28,39,50,249.0,12450.0
2021010603013094,MMFDB,10,28,200,1126.0,225200.0
2021010603012980,MNBBL,47,16,50,351.0,17550.0
2021010603012823,MPFL,16,39,21,149.0,3129.0
2021010603013270,NLBBL,10,44,300,1192.0,357600.0
2021010603013252,NLIC,6,52,26,2379.0,61854.0
2021010603013251,NLIC,25,52,24,2379.0,57096.0
2021010603013250,NLIC,53,52,30,2379.0,71370.0
2021010603013249,NLIC,40,52,20,2379.0,47580.0
2021010603013240,NLIC,34,58,100,2380.0,238000.0
2021010603013232,NLIC,41,58,13,2380.0,30940.0
2021010603012975,NLIC,34,58,29,2380.0,69020.0
2021010603012945,NLIC,45,58,50,2380.0,119000.0
2021010603012939,NLIC,33,58,20,2380.0,47600.0
2021010603012938,NLIC,16,58,100,2381.0,238100.0
2021010603012937,NLIC,35,58,40,2381.0,95240.0
2021010603013068,NLIC,35,25,20,2379.0,47580.0
2021010603013060,NLIC,45,58,50,2380.0,119000.0
2021010603013039,NLIC,35,13,20,2379.0,47580.0
2021010603012995,NLIC,50,58,10,2380.0,23800.0
2021010603012979,NLIC,44,58,20,2380.0,47600.0
2021010603012978,NLIC,28,58,50,2380.0,119000.0
2021010603013227,NLIC,46,58,100,2380.0,238000.0
2021010603013216,NLIC,29,58,50,2380.0,119000.0
2021010603013207,NLIC,34,58,110,2380.0,261800.0
2021010603013190,NLIC,39,58,200,2380.0,476000.0
2021010603013106,NLIC,40,48,50,2379.0,118950.0
2021010603013069,NLIC,40,25,30,2379.0,71370.0
2021010603013127,NLICL,36,17,47,1136.0,53392.0
2021010603012838,NLICL,38,33,150,1138.0,170700.0
2021010603012837,NLICL,38,14,60,1138.0,68280.0
2021010603012948,NMB50,56,50,"5,550",10.45,57997.5
2021010603013255,NRIC,52,52,200,1537.0,307400.0
2021010603013247,NRIC,1,29,20,1536.0,30720.0
2021010603013238,NRIC,1,25,30,1536.0,46080.0
2021010603013237,NRIC,42,25,10,1536.0,15360.0
2021010603013233,NRIC,42,41,10,1536.0,15360.0
2021010603013198,NRIC,42,52,10,1536.0,15360.0
2021010603012849,NRIC,6,55,40,1536.0,61440.0
2021010603012836,NRIC,1,28,10,1535.0,15350.0
2021010603012815,NRIC,1,14,378,1535.0,580230.0
2021010603012814,NRIC,1,38,20,1535.0,30700.0
2021010603012797,NRIC,36,42,50,1537.0,76850.0
2021010603012795,NRIC,13,43,18,1537.0,27666.0
2021010603012956,NRIC,41,21,40,1536.0,61440.0
2021010603012952,NRIC,25,34,200,1536.0,307200.0
2021010603012946,NRIC,13,42,100,1537.0,153700.0
2021010603012901,NRIC,1,36,350,1535.0,537250.0
2021010603012892,NRIC,1,49,10,1535.0,15350.0
2021010603012891,NRIC,6,49,60,1536.0,92160.0
2021010603013075,NRIC,26,5,15,1537.0,23055.0
2021010603013041,NRIC,16,38,20,1536.0,30720.0
2021010603013006,NRIC,16,42,10,1536.0,15360.0
2021010603013005,NRIC,41,42,20,1536.0,30720.0
2021010603012969,NRIC,41,46,40,1536.0,61440.0
2021010603012966,NRIC,38,42,20,1537.0,30740.0
2021010603013178,NRIC,48,33,30,1537.0,46110.0
2021010603013177,NRIC,48,59,20,1537.0,30740.0
2021010603013176,NRIC,48,54,215,1537.0,330455.0
2021010603013118,NRIC,6,25,40,1536.0,61440.0
2021010603013108,NRIC,16,54,85,1537.0,130645.0
2021010603013107,NRIC,16,5,285,1537.0,438045.0
2021010603013197,NRIC,42,38,20,1536.0,30720.0
2021010603013195,NRIC,33,38,20,1536.0,30720.0
2021010603013192,NRIC,33,46,30,1536.0,46080.0
2021010603013191,NRIC,6,46,20,1536.0,30720.0
2021010603013180,NRIC,48,3,85,1538.0,130730.0
2021010603013179,NRIC,48,36,50,1537.0,76850.0
2021010603013264,NRN,42,25,10,361.0,3610.0
2021010603013258,NRN,42,49,10,361.0,3610.0
2021010603013223,NRN,33,57,10,360.0,3600.0
2021010603013186,NRN,33,38,10,360.0,3600.0
2021010603013150,NRN,33,25,10,360.0,3600.0
2021010603013029,NRN,33,38,10,360.0,3600.0
2021010603012798,NRN,44,28,10,360.0,3600.0
2021010603012787,NRN,44,13,10,360.0,3600.0
2021010603013002,NRN,1,1,540,363.0,196020.0
2021010603012963,NRN,1,16,10,363.0,3630.0
2021010603012955,NRN,1,13,10,363.0,3630.0
2021010603012928,NRN,1,17,10,363.0,3630.0
2021010603012927,NRN,1,49,420,363.0,152460.0
2021010603012926,NRN,1,57,10,361.0,3610.0
2021010603013226,NTC,38,3,100,1285.0,128500.0
2021010603013225,NTC,38,4,46,1285.0,59110.0
2021010603013224,NTC,38,57,40,1285.0,51400.0
2021010603013091,NTC,38,17,80,1285.0,102800.0
2021010603013090,NTC,38,58,15,1285.0,19275.0
2021010603013080,NTC,39,58,23,1283.0,29509.0
2021010603012993,NTC,38,58,85,1285.0,109225.0
2021010603012992,NTC,38,1,15,1284.0,19260.0
2021010603012918,NTC,56,58,800,1285.0,1028000.0
2021010603012847,NTC,38,58,"1,000",1285.0,1285000.0
2021010603012846,NTC,51,58,100,1285.0,128500.0
2021010603013276,NUBL,58,33,20,1361.0,27220.0
2021010603013275,NUBL,58,21,50,1361.0,68050.0
2021010603013274,NUBL,58,41,233,1360.0,316880.0
2021010603013273,NUBL,58,14,100,1360.0,136000.0
2021010603013272,NUBL,58,41,25,1360.0,34000.0
2021010603013271,NUBL,58,6,471,1360.0,640560.0
2021010603012818,NUBL,28,38,60,1352.0,81120.0
2021010603012791,NUBL,26,38,40,1352.0,54080.0
2021010603012790,NUBL,26,22,10,1351.0,13510.0
2021010603012910,NUBL,49,28,19,1346.0,25574.0
2021010603012909,NUBL,59,28,81,1350.0,109350.0
2021010603012893,NUBL,40,33,200,1354.0,270800.0
2021010603012852,NUBL,40,40,100,1355.0,135500.0
2021010603012851,NUBL,40,22,50,1355.0,67750.0
2021010603012839,NUBL,42,22,100,1355.0,135500.0
2021010603013218,NUBL,40,17,20,1350.0,27000.0
2021010603013067,NUBL,56,6,29,1360.0,39440.0
2021010603013066,NUBL,56,34,200,1360.0,272000.0
2021010603013065,NUBL,56,4,871,1359.0,1183689.0
2021010603013035,NUBL,17,4,129,1359.0,175311.0
2021010603013034,NUBL,17,33,11,1354.0,14894.0
2021010603013206,PFL,13,42,50,177.0,8850.0
2021010603012965,PFL,13,37,42,175.0,7350.0
2021010603012964,PFL,13,4,336,175.0,58800.0
2021010603012854,PLIC,44,55,100,770.0,77000.0
2021010603012853,PLIC,44,59,85,770.0,65450.0
2021010603013024,PROFL,45,6,40,131.0,5240.0
2021010603013011,PROFL,8,6,960,131.0,125760.0
2021010603013010,PROFL,8,7,40,131.0,5240.0
2021010603012824,RLFL,45,51,30,171.0,5130.0
2021010603012801,RLFL,38,51,356,171.0,60876.0
2021010603012800,RLFL,38,47,50,171.0,8550.0
2021010603012799,RLFL,38,45,94,171.0,16074.0
2021010603013217,RLI,26,7,10,609.0,6090.0
2021010603013172,RLI,26,25,10,609.0,6090.0
2021010603013042,RLI,26,38,10,609.0,6090.0
2021010603012999,RLI,26,13,10,609.0,6090.0
2021010603012981,RLI,34,3,80,610.0,48800.0
2021010603012957,RLI,26,39,10,609.0,6090.0
2021010603012782,RLI,6,35,10,610.0,6100.0
2021010603012780,RLI,6,52,10,610.0,6100.0
2021010603012813,RLI,52,3,10,610.0,6100.0
2021010603012812,RLI,52,56,10,610.0,6100.0
2021010603012803,RLI,52,46,10,610.0,6100.0
2021010603012789,RLI,52,42,10,610.0,6100.0
2021010603012786,RLI,52,39,10,610.0,6100.0
2021010603012784,RLI,26,48,10,609.0,6090.0
2021010603012882,RLI,52,3,20,610.0,12200.0
2021010603012845,RLI,52,58,10,610.0,6100.0
2021010603012844,RLI,34,57,10,611.0,6110.0
2021010603012843,RLI,34,50,40,611.0,24440.0
2021010603012840,RLI,52,44,10,610.0,6100.0
2021010603012817,RLI,52,39,10,610.0,6100.0
2021010603012974,RMDC,19,13,224,1190.0,266560.0
2021010603012973,RMDC,19,57,100,1190.0,119000.0
2021010603012972,RMDC,19,48,36,1190.0,42840.0
2021010603012971,RMDC,19,3,40,1189.0,47560.0
2021010603013231,RSDC,38,8,30,591.0,17730.0
2021010603013102,RSDC,17,42,10,590.0,5900.0
2021010603013101,RSDC,17,21,32,590.0,18880.0
2021010603013100,RSDC,17,47,700,590.0,413000.0
2021010603013193,SABSL,39,39,1,1096.0,1096.0
2021010603012982,SABSL,6,6,11,1100.0,12100.0
2021010603013236,SDLBSL,59,49,10,1080.0,10800.0
2021010603012977,SDLBSL,59,13,10,1097.0,10970.0
2021010603013261,SEF,33,13,500,10.55,5275.0
2021010603012961,SFCL,34,37,150,130.0,19500.0
2021010603012960,SFCL,35,37,50,130.0,6500.0
2021010603012959,SFCL,50,37,100,130.0,13000.0
2021010603012958,SFCL,25,37,200,130.0,26000.0
2021010603013038,SHINE,53,17,10,240.0,2400.0
2021010603012808,SHL,22,20,450,192.0,86400.0
2021010603012807,SHL,52,20,203,192.0,38976.0
2021010603012806,SHL,52,20,500,193.0,96500.0
2021010603012805,SHL,4,20,100,193.0,19300.0
2021010603012861,SIFC,38,41,23,177.0,4071.0
2021010603012860,SIFC,43,41,140,177.0,24780.0
2021010603012859,SIFC,39,41,200,178.0,35600.0
2021010603013104,SKBBL,54,43,10,1444.0,14440.0
2021010603012825,SKBBL,1,50,103,1443.0,148629.0
2021010603012821,SKBBL,1,55,50,1443.0,72150.0
2021010603012794,SKBBL,54,10,23,1443.0,33189.0
2021010603012793,SKBBL,42,10,50,1443.0,72150.0
2021010603012792,SKBBL,49,10,127,1443.0,183261.0
2021010603013043,SLBBL,57,55,200,1150.0,230000.0
2021010603013033,SLBBL,59,41,50,1151.0,57550.0
2021010603012987,SLBBL,58,6,18,1155.0,20790.0
2021010603012986,SLBBL,58,10,50,1154.0,57700.0
2021010603012985,SLBBL,58,10,32,1152.0,36864.0
2021010603012984,SLBBL,58,29,200,1150.0,230000.0
2021010603013228,SLBSL,1,11,90,1010.0,90900.0
2021010603013001,SLBSL,47,44,13,1015.0,13195.0
2021010603012896,SLBSL,47,16,10,1010.0,10100.0
2021010603012841,SLBSL,16,32,13,1010.0,13130.0
2021010603013151,SLICL,45,45,51,688.0,35088.0
2021010603013093,SLICL,45,45,15,688.0,10320.0
2021010603013092,SLICL,49,45,85,688.0,58480.0
2021010603013000,SLICL,49,47,65,688.0,44720.0
2021010603012912,SLICL,52,47,200,688.0,137600.0
2021010603012911,SLICL,1,47,100,688.0,68800.0
2021010603013269,SMB,49,10,10,1175.0,11750.0
2021010603013268,SMB,49,6,30,1175.0,35250.0
2021010603013267,SMB,49,1,30,1152.0,34560.0
2021010603013266,SMB,49,17,11,1150.0,12650.0
2021010603013117,SMB,49,10,10,1152.0,11520.0
2021010603012936,SMB,58,39,11,1130.0,12430.0
2021010603012906,SMB,49,29,200,1152.0,230400.0
2021010603012905,SMB,49,42,11,1144.0,12584.0
2021010603012904,SMB,49,51,50,1144.0,57200.0
2021010603012903,SMB,49,57,55,1133.0,62315.0
2021010603012902,SMB,49,42,40,1130.0,45200.0
2021010603013051,SMFBS,38,34,129,1468.0,189372.0
2021010603013050,SMFBS,36,34,50,1468.0,73400.0
2021010603012826,SMFBS,36,8,15,1468.0,22020.0
2021010603013126,SMFDB,45,43,19,1000.0,19000.0
2021010603013125,SMFDB,45,11,50,1000.0,50000.0
2021010603013124,SMFDB,45,29,60,999.0,59940.0
2021010603013123,SMFDB,45,46,100,998.0,99800.0
2021010603013122,SMFDB,45,28,10,995.0,9950.0
2021010603013121,SMFDB,45,49,14,995.0,13930.0
2021010603013120,SMFDB,45,56,47,995.0,46765.0
2021010603013119,SMFDB,45,38,100,994.0,99400.0
2021010603012962,SMFDB,41,45,100,992.0,99200.0
2021010603012900,SMFDB,41,13,25,992.0,24800.0
2021010603012899,SMFDB,41,11,500,991.0,495500.0
2021010603012898,SMFDB,41,38,80,990.0,79200.0
2021010603013079,SNLB,58,38,50,1050.0,52500.0
2021010603012990,SNLB,56,50,68,1054.0,71672.0
2021010603012989,SNLB,56,48,10,1054.0,10540.0
2021010603012988,SNLB,56,14,20,1052.0,21040.0
2021010603012881,SNLB,56,57,155,1050.0,162750.0
2021010603012880,SNLB,56,52,20,1050.0,21000.0
2021010603012867,SNLB,56,54,12,1045.0,12540.0
2021010603012866,SNLB,56,34,50,1045.0,52250.0
2021010603012865,SNLB,56,5,10,1045.0,10450.0
2021010603012864,SNLB,56,35,100,1044.0,104400.0
2021010603012842,SNLB,34,51,50,1039.0,51950.0
2021010603012873,SNLB,56,58,120,1049.0,125880.0
2021010603012872,SNLB,56,21,186,1049.0,195114.0
2021010603012871,SNLB,56,36,100,1049.0,104900.0
2021010603012870,SNLB,56,11,392,1048.0,410816.0
2021010603012869,SNLB,56,36,200,1047.0,209400.0
2021010603012868,SNLB,56,7,84,1047.0,87948.0
2021010603012879,SNLB,56,59,53,1050.0,55650.0
2021010603012878,SNLB,56,47,100,1050.0,105000.0
2021010603012877,SNLB,56,20,10,1050.0,10500.0
2021010603012876,SNLB,56,41,100,1050.0,105000.0
2021010603012875,SNLB,56,57,10,1050.0,10500.0
2021010603012874,SNLB,56,35,200,1050.0,210000.0
2021010603013004,SWBBL,44,26,78,1694.0,132132.0
2021010603013003,SWBBL,44,14,22,1690.0,37180.0
2021010603012950,SWBBL,44,14,10,1690.0,16900.0
2021010603012949,SWBBL,44,59,90,1685.0,151650.0
2021010603012947,SWBBL,35,16,15,1681.0,25215.0
2021010603012802,SWBBL,47,59,10,1685.0,16850.0
2021010603012781,SWBBL,4,55,100,1685.0,168500.0
2021010603012804,USLB,34,16,12,1340.0,16080.0
2021010603012650,ALBSL,16,33,11,1163.0,12793.0
2021010603012527,ALBSL,59,38,10,1167.0,11670.0
2021010603012355,ALBSL,16,34,166,1163.0,193058.0
2021010603012354,ALBSL,59,34,95,1165.0,110675.0
2021010603012580,ALICL,44,49,16,971.0,15536.0
2021010603012579,ALICL,44,55,284,971.0,275764.0
2021010603012514,ALICL,49,36,100,969.0,96900.0
2021010603012513,ALICL,44,36,200,969.0,193800.0
2021010603012512,ALICL,44,36,100,969.0,96900.0
2021010603012487,ALICL,51,36,100,970.0,97000.0
2021010603012486,ALICL,51,36,200,970.0,194000.0
2021010603012485,ALICL,51,36,300,970.0,291000.0
2021010603012389,ALICL,35,33,189,970.0,183330.0
2021010603012629,BFC,38,41,10,140.0,1400.0
2021010603012724,CBBL,14,49,20,1180.0,23600.0
2021010603012723,CBBL,39,49,50,1180.0,59000.0
2021010603012722,CBBL,58,49,200,1180.0,236000.0
2021010603012721,CBBL,36,49,20,1181.0,23620.0
2021010603012720,CBBL,49,49,10,1181.0,11810.0
2021010603012717,CBBL,44,44,200,1182.0,236400.0
2021010603012491,CBBL,14,49,20,1182.0,23640.0
2021010603012490,CBBL,16,49,150,1182.0,177300.0
2021010603012716,CBBL,49,44,10,1182.0,11820.0
2021010603012664,CBBL,44,55,102,1188.0,121176.0
2021010603012495,CBBL,58,49,150,1180.0,177000.0
2021010603012494,CBBL,52,49,50,1180.0,59000.0
2021010603012493,CBBL,39,49,30,1180.0,35400.0
2021010603012492,CBBL,42,49,100,1181.0,118100.0
2021010603012553,CFCL,33,47,"1,000",170.0,170000.0
2021010603012552,CFCL,13,47,96,170.0,16320.0
2021010603012441,CFCL,13,47,304,170.0,51680.0
2021010603012440,CFCL,42,47,300,170.0,51000.0
2021010603012439,CFCL,48,47,734,170.0,124780.0
2021010603012438,CFCL,33,47,"1,000",171.0,171000.0
2021010603012437,CFCL,33,47,362,171.0,61902.0
2021010603012737,CIT,49,58,47,3363.0,158061.0
2021010603012601,CIT,42,19,50,3364.0,168200.0
2021010603012585,CIT,1,50,25,3360.0,84000.0
2021010603012482,CIT,38,40,50,3361.0,168050.0
2021010603012457,CIT,49,40,10,3362.0,33620.0
2021010603012456,CIT,38,40,40,3364.0,134560.0
2021010603012278,CIT,40,58,10,3356.0,33560.0
2021010603012362,CIT,38,29,50,3360.0,168000.0
2021010603012332,CIT,38,40,20,3358.0,67160.0
2021010603012330,CIT,17,40,20,3358.0,67160.0
2021010603012328,CIT,56,40,50,3358.0,167900.0
2021010603012314,CIT,25,57,10,3357.0,33570.0
2021010603012279,CIT,49,58,23,3357.0,77211.0
2021010603012446,CIT,38,25,180,3364.0,605520.0
2021010603012445,CIT,19,25,40,3364.0,134560.0
2021010603012411,CIT,19,28,10,3362.0,33620.0
2021010603012365,CIT,38,44,10,3360.0,33600.0
2021010603012364,CIT,38,18,60,3360.0,201600.0
2021010603012363,CIT,38,32,10,3360.0,33600.0
2021010603012655,CLBSL,3,4,10,838.0,8380.0
2021010603012484,CLBSL,21,26,50,835.0,41750.0
2021010603012413,CLBSL,3,44,460,839.0,385940.0
2021010603012412,CLBSL,3,46,90,838.0,75420.0
2021010603012572,CMF2,26,57,"2,900",10.0,29000.0
2021010603012571,CMF2,26,42,"1,500",10.0,15000.0
2021010603012570,CMF2,26,19,100,10.0,1000.0
2021010603012569,CMF2,26,49,500,9.95,4975.0
2021010603012657,DDBL,41,42,207,1419.0,293733.0
2021010603012656,DDBL,41,34,193,1418.0,273674.0
2021010603012630,DDBL,46,49,50,1418.0,70900.0
2021010603012498,DDBL,46,44,304,1418.0,431072.0
2021010603012415,DDBL,8,44,50,1418.0,70900.0
2021010603012371,DDBL,51,44,204,1418.0,289272.0
2021010603012339,DDBL,16,42,285,1419.0,404415.0
2021010603012338,DDBL,16,34,15,1419.0,21285.0
2021010603012323,DDBL,51,29,46,1418.0,65228.0
2021010603012312,DDBL,35,44,250,1416.0,354000.0
2021010603012283,DDBL,57,29,23,1418.0,32614.0
2021010603012414,EDBL,48,34,390,350.0,136500.0
2021010603012658,FOWAD,58,56,20,2327.0,46540.0
2021010603012522,FOWAD,50,38,200,2323.0,464600.0
2021010603012556,GBBL,51,55,500,313.0,156500.0
2021010603012511,GBBL,4,55,10,313.0,3130.0
2021010603012497,GBBL,39,16,60,311.0,18660.0
2021010603012496,GBBL,6,16,72,311.0,22392.0
2021010603012483,GBBL,6,19,20,311.0,6220.0
2021010603012317,GBBL,6,51,248,311.0,77128.0
2021010603012316,GBBL,58,51,200,313.0,62600.0
2021010603012295,GBBL,58,21,300,313.0,93900.0
2021010603012678,GBLBS,25,41,195,601.0,117195.0
2021010603012677,GBLBS,25,21,115,601.0,69115.0
2021010603012676,GBLBS,25,58,100,601.0,60100.0
2021010603012675,GBLBS,25,28,90,601.0,54090.0
2021010603012654,GBLBS,17,44,15,600.0,9000.0
2021010603012653,GBLBS,17,59,335,600.0,201000.0
2021010603012547,GBLBS,49,21,130,596.0,77480.0
2021010603012546,GBLBS,57,21,10,597.0,5970.0
2021010603012477,GBLBS,25,34,285,600.0,171000.0
2021010603012476,GBLBS,25,41,100,599.0,59900.0
2021010603012475,GBLBS,25,28,100,599.0,59900.0
2021010603012474,GBLBS,25,39,15,599.0,8985.0
2021010603012652,GBLBS,17,50,130,599.0,77870.0
2021010603012584,GBLBS,25,59,10,600.0,6000.0
2021010603012568,GBLBS,25,59,485,600.0,291000.0
2021010603012567,GBLBS,25,44,15,600.0,9000.0
2021010603012549,GBLBS,37,21,300,596.0,178800.0
2021010603012548,GBLBS,54,21,20,596.0,11920.0
2021010603012625,GILB,48,1,500,1384.0,692000.0
2021010603012388,GILB,50,1,100,1384.0,138400.0
2021010603012710,GIMES1,26,50,"10,000",11.64,116400.0
2021010603012692,GIMES1,26,50,"10,000",11.61,116100.0
2021010603012473,GIMES1,18,7,"10,000",11.6,116000.0
2021010603012472,GIMES1,18,51,"4,000",11.6,46400.0
2021010603012730,GLBSL,49,16,10,900.0,9000.0
2021010603012663,GLBSL,49,6,15,901.0,13515.0
2021010603012666,GLICL,42,34,20,621.0,12420.0
2021010603012462,GLICL,57,50,229,619.0,141751.0
2021010603012461,GLICL,47,50,10,619.0,6190.0
2021010603012460,GLICL,10,50,261,619.0,161559.0
2021010603012408,GLICL,41,19,500,620.0,310000.0
2021010603012341,GLICL,56,34,10,621.0,6210.0
2021010603012561,GMFBS,44,51,10,1144.0,11440.0
2021010603012560,GMFBS,44,41,10,1137.0,11370.0
2021010603012318,GMFBS,44,58,10,1136.0,11360.0
2021010603012426,GMFIL,38,26,100,188.0,18800.0
2021010603012425,GMFIL,38,26,100,188.0,18800.0
2021010603012649,GRDBL,57,55,20,151.0,3020.0
2021010603012399,GRDBL,26,16,355,151.0,53605.0
2021010603012702,HIDCL,51,58,48,267.0,12816.0
2021010603012701,HIDCL,41,58,15,267.0,4005.0
2021010603012660,HIDCL,41,59,500,267.0,133500.0
2021010603012632,HIDCL,57,59,380,268.0,101840.0
2021010603012516,HIDCL,41,39,61,267.0,16287.0
2021010603012479,ICFC,58,57,100,259.0,25900.0
2021010603012703,ILBS,28,7,11,1095.0,12045.0
2021010603012532,ILBS,18,54,10,1100.0,11000.0
2021010603012531,ILBS,18,1,11,1100.0,12100.0
2021010603012729,JBBL,58,52,50,232.0,11600.0
2021010603012728,JBBL,38,52,112,232.0,25984.0
2021010603012726,JBBL,38,21,48,232.0,11136.0
2021010603012711,JBBL,38,29,15,232.0,3480.0
2021010603012638,JBBL,38,18,100,232.0,23200.0
2021010603012637,JBBL,38,38,60,232.0,13920.0
2021010603012292,JBBL,34,55,158,231.0,36498.0
2021010603012636,JBBL,38,17,64,232.0,14848.0
2021010603012635,JBBL,38,21,101,232.0,23432.0
2021010603012634,JBBL,42,21,190,232.0,44080.0
2021010603012444,JBBL,42,21,200,232.0,46400.0
2021010603012306,JBBL,39,21,50,232.0,11600.0
2021010603012293,JBBL,38,55,842,231.0,194502.0
2021010603012757,JFL,4,21,80,253.0,20240.0
2021010603012321,JSLBB,26,44,6,2179.0,13074.0
2021010603012742,KMCDB,58,53,50,968.0,48400.0
2021010603012735,KMCDB,25,29,10,965.0,9650.0
2021010603012691,KMCDB,51,34,50,968.0,48400.0
2021010603012690,KMCDB,51,52,100,968.0,96800.0
2021010603012689,KMCDB,51,20,80,968.0,77440.0
2021010603012688,KMCDB,51,50,100,968.0,96800.0
2021010603012359,KMCDB,46,45,20,961.0,19220.0
2021010603012358,KMCDB,46,39,50,961.0,48050.0
2021010603012357,KMCDB,46,44,121,960.0,116160.0
2021010603012322,KMCDB,25,21,72,960.0,69120.0
2021010603012277,KMCDB,39,16,40,960.0,38400.0
2021010603012402,KMCDB,25,32,22,965.0,21230.0
2021010603012398,KMCDB,25,58,10,961.0,9610.0
2021010603012392,KMCDB,25,17,100,961.0,96100.0
2021010603012391,KMCDB,25,52,10,961.0,9610.0
2021010603012390,KMCDB,25,34,11,961.0,10571.0
2021010603012360,KMCDB,46,34,89,961.0,85529.0
2021010603012510,KMCDB,33,34,10,965.0,9650.0
2021010603012509,KMCDB,33,1,31,965.0,29915.0
2021010603012508,KMCDB,33,32,59,965.0,56935.0
2021010603012469,KMCDB,46,32,10,965.0,9650.0
2021010603012424,KMCDB,56,32,122,965.0,117730.0
2021010603012423,KMCDB,56,32,178,965.0,171770.0
2021010603012554,KMCDB,25,8,50,968.0,48400.0
2021010603012551,KMCDB,25,56,10,967.0,9670.0
2021010603012535,KMCDB,25,39,10,967.0,9670.0
2021010603012533,KMCDB,25,34,10,967.0,9670.0
2021010603012525,KMCDB,25,34,44,965.0,42460.0
2021010603012524,KMCDB,58,56,10,962.0,9620.0
2021010603012602,KMCDB,25,56,10,967.0,9670.0
2021010603012596,KMCDB,17,20,10,968.0,9680.0
2021010603012595,KMCDB,17,17,60,968.0,58080.0
2021010603012594,KMCDB,17,34,30,968.0,29040.0
2021010603012578,KMCDB,25,56,10,967.0,9670.0
2021010603012555,KMCDB,25,34,20,968.0,19360.0
2021010603012687,KMCDB,51,47,10,968.0,9680.0
2021010603012686,KMCDB,51,10,100,968.0,96800.0
2021010603012685,KMCDB,51,57,60,968.0,58080.0
2021010603012631,KMCDB,25,56,10,965.0,9650.0
2021010603012615,KMCDB,25,57,40,968.0,38720.0
2021010603012614,KMCDB,25,20,10,968.0,9680.0
2021010603012674,KSBBL,35,52,100,220.0,22000.0
2021010603012397,KSBBL,5,11,229,221.0,50609.0
2021010603012396,KSBBL,5,18,"1,000",221.0,221000.0
2021010603012395,KSBBL,5,10,500,221.0,110500.0
2021010603012394,KSBBL,5,59,500,221.0,110500.0
2021010603012393,KSBBL,5,16,"2,190",220.0,481800.0
2021010603012337,KSBBL,38,57,"1,000",220.0,220000.0
2021010603012373,KSBBL,48,16,100,220.0,22000.0
2021010603012370,KSBBL,5,33,611,220.0,134420.0
2021010603012369,KSBBL,5,54,20,220.0,4400.0
2021010603012368,KSBBL,5,58,30,220.0,6600.0
2021010603012367,KSBBL,5,38,120,220.0,26400.0
2021010603012366,KSBBL,5,57,454,220.0,99880.0
2021010603012361,LBBL,25,55,648,207.0,134136.0
2021010603012697,LICN,25,59,10,1984.0,19840.0
2021010603012696,LICN,25,6,50,1970.0,98500.0
2021010603012756,LUK,8,8,500,9.47,4735.0
2021010603012600,MDB,42,55,32,329.0,10528.0
2021010603012288,MDB,45,38,200,328.0,65600.0
2021010603012776,MERO,40,58,140,908.0,127120.0
2021010603012775,MERO,40,52,50,908.0,45400.0
2021010603012774,MERO,40,59,300,908.0,272400.0
2021010603012747,MERO,40,36,72,907.0,65304.0
2021010603012746,MERO,40,33,100,907.0,90700.0
2021010603012679,MERO,58,53,16,904.0,14464.0
2021010603012559,MERO,34,34,50,903.0,45150.0
2021010603012745,MERO,40,52,66,907.0,59862.0
2021010603012684,MERO,58,52,34,907.0,30838.0
2021010603012683,MERO,58,25,24,907.0,21768.0
2021010603012682,MERO,58,25,296,906.0,268176.0
2021010603012681,MERO,58,41,100,905.0,90500.0
2021010603012680,MERO,58,25,30,905.0,27150.0
2021010603012753,MLBL,42,34,30,250.0,7500.0
2021010603012699,MMFDB,49,14,50,1126.0,56300.0
2021010603012698,MMFDB,49,25,50,1126.0,56300.0
2021010603012598,MNBBL,33,16,50,351.0,17550.0
2021010603012588,MNBBL,44,19,400,350.0,140000.0
2021010603012587,MNBBL,8,19,100,350.0,35000.0
2021010603012586,MNBBL,44,19,100,350.0,35000.0
2021010603012448,MNBBL,44,55,400,350.0,140000.0
2021010603012700,MPFL,16,38,240,149.0,35760.0
2021010603012659,MPFL,34,38,300,150.0,45000.0
2021010603012281,MSLB,38,28,10,1609.0,16090.0
2021010603012744,MSMBS,33,17,11,891.0,9801.0
2021010603012404,MSMBS,5,17,11,892.0,9812.0
2021010603012326,NEF,17,19,"1,207",10.27,12395.89
2021010603012282,NEF,17,19,"1,207",10.27,12395.89
2021010603012715,NFS,44,51,20,230.0,4600.0
2021010603012714,NFS,44,20,150,230.0,34500.0
2021010603012713,NFS,44,38,20,230.0,4600.0
2021010603012712,NFS,44,41,10,230.0,2300.0
2021010603012613,NFS,44,41,39,228.0,8892.0
2021010603012612,NFS,44,22,311,228.0,70908.0
2021010603012501,NFS,44,35,250,227.0,56750.0
2021010603012500,NFS,44,38,200,227.0,45400.0
2021010603012488,NIBLPF,6,14,297,10.55,3133.35
2021010603012718,NICBF,52,49,400,10.2,4080.0
2021010603012464,NICGF,17,33,500,10.54,5270.0
2021010603012530,NLBBL,43,44,200,1195.0,239000.0
2021010603012471,NLBBL,56,34,500,1190.0,595000.0
2021010603012705,NLIC,11,28,20,2384.0,47680.0
2021010603012704,NLIC,55,28,35,2384.0,83440.0
2021010603012662,NLIC,41,58,200,2385.0,477000.0
2021010603012633,NLIC,55,42,100,2384.0,238400.0
2021010603012623,NLIC,55,35,65,2380.0,154700.0
2021010603012618,NLIC,51,35,25,2381.0,59525.0
2021010603012410,NLIC,42,55,20,2384.0,47680.0
2021010603012352,NLIC,17,55,20,2384.0,47680.0
2021010603012617,NLIC,17,35,10,2381.0,23810.0
2021010603012599,NLIC,11,19,24,2384.0,57216.0
2021010603012582,NLIC,34,19,28,2384.0,66752.0
2021010603012558,NLIC,34,19,68,2384.0,162112.0
2021010603012557,NLIC,34,55,20,2384.0,47680.0
2021010603012503,NLIC,34,51,22,2381.0,52382.0
2021010603012605,NLICL,38,14,40,1138.0,45520.0
2021010603012604,NLICL,38,42,60,1138.0,68280.0
2021010603012574,NLICL,36,25,254,1136.0,288544.0
2021010603012573,NLICL,36,16,699,1135.0,793365.0
2021010603012545,NLICL,16,58,89,1131.0,100659.0
2021010603012544,NLICL,16,58,11,1131.0,12441.0
2021010603012417,NLICL,38,17,28,1134.0,31752.0
2021010603012416,NLICL,38,52,100,1133.0,113300.0
2021010603012385,NLICL,17,17,10,1134.0,11340.0
2021010603012384,NLICL,17,16,40,1134.0,45360.0
2021010603012383,NLICL,17,17,100,1134.0,113400.0
2021010603012543,NLICL,8,58,100,1131.0,113100.0
2021010603012443,NLICL,8,58,"1,800",1131.0,2035800.0
2021010603012442,NLICL,36,58,200,1132.0,226400.0
2021010603012420,NLICL,38,16,72,1135.0,81720.0
2021010603012419,NLICL,38,25,200,1135.0,227000.0
2021010603012418,NLICL,38,52,100,1134.0,113400.0
2021010603012454,NMBHF1,17,43,"17,949",10.1,181284.9
2021010603012709,NMBMF,51,5,66,990.0,65340.0
2021010603012502,NMBMF,55,5,50,990.0,49500.0
2021010603012319,NMBMF,20,14,18,996.0,17928.0
2021010603012308,NMBMF,14,36,1,996.0,996.0
2021010603012626,NMFBS,1,39,10,2260.0,22600.0
2021010603012773,NRIC,1,20,40,1535.0,61400.0
2021010603012743,NRIC,26,52,15,1536.0,23040.0
2021010603012734,NRIC,1,21,40,1535.0,61400.0
2021010603012695,NRIC,1,58,50,1535.0,76750.0
2021010603012647,NRIC,1,16,40,1535.0,61400.0
2021010603012646,NRIC,1,46,40,1535.0,61400.0
2021010603012298,NRIC,41,42,49,1535.0,75215.0
2021010603012297,NRIC,17,42,120,1536.0,184320.0
2021010603012289,NRIC,6,3,15,1538.0,23070.0
2021010603012304,NRIC,57,42,500,1535.0,767500.0
2021010603012303,NRIC,25,42,100,1535.0,153500.0
2021010603012302,NRIC,5,42,200,1535.0,307000.0
2021010603012301,NRIC,48,42,500,1535.0,767500.0
2021010603012300,NRIC,56,42,100,1535.0,153500.0
2021010603012299,NRIC,41,42,300,1535.0,460500.0
2021010603012433,NRIC,58,43,10,1537.0,15370.0
2021010603012421,NRIC,32,20,40,1535.0,61400.0
2021010603012403,NRIC,34,43,100,1537.0,153700.0
2021010603012372,NRIC,16,6,40,1536.0,61440.0
2021010603012340,NRIC,32,58,40,1535.0,61400.0
2021010603012305,NRIC,32,42,301,1535.0,462035.0
2021010603012576,NRIC,32,39,39,1535.0,59865.0
2021010603012562,NRIC,32,47,40,1535.0,61400.0
2021010603012550,NRIC,32,38,20,1535.0,30700.0
2021010603012470,NRIC,32,58,20,1535.0,30700.0
2021010603012450,NRIC,16,53,20,1536.0,30720.0
2021010603012449,NRIC,16,46,40,1536.0,61440.0
2021010603012639,NRIC,21,28,220,1535.0,337700.0
2021010603012627,NRIC,21,20,40,1535.0,61400.0
2021010603012619,NRIC,21,21,40,1535.0,61400.0
2021010603012610,NRIC,36,29,39,1535.0,59865.0
2021010603012583,NRIC,36,16,50,1535.0,76750.0
2021010603012577,NRIC,36,39,11,1535.0,16885.0
2021010603012645,NRIC,1,28,130,1535.0,199550.0
2021010603012644,NRIC,58,28,300,1535.0,460500.0
2021010603012643,NRIC,11,28,100,1535.0,153500.0
2021010603012642,NRIC,5,28,200,1535.0,307000.0
2021010603012641,NRIC,29,28,20,1535.0,30700.0
2021010603012640,NRIC,26,28,30,1535.0,46050.0
2021010603012755,NRN,44,46,10,360.0,3600.0
2021010603012736,NRN,44,58,10,360.0,3600.0
2021010603012706,NRN,44,16,10,360.0,3600.0
2021010603012665,NRN,44,21,10,360.0,3600.0
2021010603012529,NRN,44,13,10,360.0,3600.0
2021010603012515,NRN,58,52,10,361.0,3610.0
2021010603012287,NRN,11,5,430,361.0,155230.0
2021010603012286,NRN,57,5,350,361.0,126350.0
2021010603012285,NRN,6,5,100,361.0,36100.0
2021010603012284,NRN,34,5,50,361.0,18050.0
2021010603012489,NRN,11,20,10,361.0,3610.0
2021010603012447,NRN,11,13,10,361.0,3610.0
2021010603012331,NRN,11,16,10,361.0,3610.0
2021010603012315,NRN,11,20,10,361.0,3610.0
2021010603012307,NRN,11,58,15,361.0,5415.0
2021010603012294,NRN,11,58,10,361.0,3610.0
2021010603012611,NTC,38,53,10,1287.0,12870.0
2021010603012593,NTC,1,52,15,1288.0,19320.0
2021010603012458,NTC,51,50,300,1287.0,386100.0
2021010603012407,NTC,38,50,990,1284.0,1271160.0
2021010603012406,NTC,51,50,100,1285.0,128500.0
2021010603012405,NTC,57,50,10,1286.0,12860.0
2021010603012374,NTC,51,32,90,1287.0,115830.0
2021010603012280,NTC,36,1,50,1286.0,64300.0
2021010603012771,NUBL,59,33,42,1350.0,56700.0
2021010603012770,NUBL,59,35,170,1350.0,229500.0
2021010603012769,NUBL,59,21,100,1350.0,135000.0
2021010603012768,NUBL,59,34,220,1350.0,297000.0
2021010603012767,NUBL,59,29,100,1350.0,135000.0
2021010603012766,NUBL,59,29,50,1350.0,67500.0
2021010603012651,NUBL,58,59,200,1349.0,269800.0
2021010603012603,NUBL,58,4,"2,000",1347.0,2694000.0
2021010603012759,NUBL,59,44,100,1349.0,134900.0
2021010603012758,NUBL,59,4,132,1349.0,178068.0
2021010603012740,NUBL,38,4,100,1349.0,134900.0
2021010603012725,NUBL,28,4,100,1349.0,134900.0
2021010603012694,NUBL,49,4,488,1349.0,658312.0
2021010603012693,NUBL,49,17,12,1349.0,16188.0
2021010603012765,NUBL,59,38,20,1350.0,27000.0
2021010603012764,NUBL,59,48,200,1350.0,270000.0
2021010603012763,NUBL,59,57,375,1350.0,506250.0
2021010603012762,NUBL,59,53,"1,000",1350.0,1350000.0
2021010603012761,NUBL,59,43,270,1350.0,364500.0
2021010603012760,NUBL,59,59,40,1350.0,54000.0
2021010603012382,PFL,44,4,30,175.0,5250.0
2021010603012381,PFL,1,4,14,175.0,2450.0
2021010603012380,PFL,44,4,500,175.0,87500.0
2021010603012379,PFL,44,4,500,175.0,87500.0
2021010603012378,PFL,34,4,500,175.0,87500.0
2021010603012377,PFL,34,4,50,175.0,8750.0
2021010603012376,PFL,49,4,20,175.0,3500.0
2021010603012375,PFL,13,4,50,176.0,8800.0
2021010603012661,PLIC,39,59,320,770.0,246400.0
2021010603012542,PLIC,34,44,368,768.0,282624.0
2021010603012541,PLIC,32,44,12,769.0,9228.0
2021010603012540,PLIC,21,44,30,769.0,23070.0
2021010603012539,PLIC,32,44,50,769.0,38450.0
2021010603012538,PLIC,6,44,40,769.0,30760.0
2021010603012507,PLIC,57,59,100,770.0,77000.0
2021010603012327,PLIC,56,59,10,770.0,7700.0
2021010603012324,PLIC,41,59,50,770.0,38500.0
2021010603012296,PROFL,34,7,10,131.0,1310.0
2021010603012754,RLI,6,16,10,610.0,6100.0
2021010603012752,RLI,6,21,10,610.0,6100.0
2021010603012749,RLI,6,26,50,610.0,30500.0
2021010603012748,RLI,6,36,10,610.0,6100.0
2021010603012732,RLI,34,50,10,611.0,6110.0
2021010603012731,RLI,34,38,40,610.0,24400.0
2021010603012313,RLI,34,21,10,610.0,6100.0
2021010603012290,RLI,34,20,10,610.0,6100.0
2021010603012455,RLI,34,39,10,610.0,6100.0
2021010603012436,RLI,34,16,10,610.0,6100.0
2021010603012427,RLI,34,57,10,610.0,6100.0
2021010603012422,RLI,34,20,10,610.0,6100.0
2021010603012387,RLI,34,20,10,610.0,6100.0
2021010603012325,RLI,34,58,10,610.0,6100.0
2021010603012528,RLI,34,52,10,610.0,6100.0
2021010603012506,RLI,34,39,10,610.0,6100.0
2021010603012499,RLI,34,20,10,610.0,6100.0
2021010603012481,RLI,34,20,10,610.0,6100.0
2021010603012466,RLI,34,20,10,610.0,6100.0
2021010603012459,RLI,34,13,10,610.0,6100.0
2021010603012719,RLI,26,58,10,609.0,6090.0
2021010603012708,RLI,34,38,190,610.0,115900.0
2021010603012707,RLI,34,20,10,610.0,6100.0
2021010603012648,RLI,34,21,10,610.0,6100.0
2021010603012597,RLI,34,39,10,610.0,6100.0
2021010603012581,RLI,34,20,10,610.0,6100.0
2021010603012432,RMDC,39,48,15,1190.0,17850.0
2021010603012739,RSDC,55,21,34,590.0,20060.0
2021010603012738,RSDC,55,7,166,590.0,97940.0
2021010603012534,RSDC,38,45,134,589.0,78926.0
2021010603012356,RSDC,38,32,20,588.0,11760.0
2021010603012336,RSDC,41,32,170,588.0,99960.0
2021010603012335,RSDC,41,28,200,588.0,117600.0
2021010603012334,RSDC,41,49,200,588.0,117600.0
2021010603012333,RSDC,41,19,130,588.0,76440.0
2021010603012505,SABSL,6,49,11,1100.0,12100.0
2021010603012504,SABSL,6,49,11,1100.0,12100.0
2021010603012537,SADBL,57,20,"1,000",179.0,179000.0
2021010603012452,SAEF,33,41,"2,000",11.6,23200.0
2021010603012451,SAEF,33,41,"2,000",11.6,23200.0
2021010603012727,SAPDBL,35,19,572,147.0,84084.0
2021010603012463,SAPDBL,10,55,140,146.0,20440.0
2021010603012386,SDLBSL,6,13,10,1119.0,11190.0
2021010603012628,SHINE,51,42,200,240.0,48000.0
2021010603012468,SHINE,51,38,50,240.0,12000.0
2021010603012467,SHINE,51,51,110,240.0,26400.0
2021010603012575,SHL,58,48,100,194.0,19400.0
2021010603012291,SHL,57,4,330,193.0,63690.0
2021010603012741,SIFC,43,41,250,177.0,44250.0
2021010603012311,SIFC,43,4,10,177.0,1770.0
2021010603012536,SINDU,20,10,200,155.0,31000.0
2021010603012616,SKBBL,29,10,25,1445.0,36125.0
2021010603012751,SLBBL,57,10,68,1152.0,78336.0
2021010603012750,SLBBL,57,34,82,1152.0,94464.0
2021010603012592,SLBBL,39,34,18,1152.0,20736.0
2021010603012591,SLBBL,39,19,50,1150.0,57500.0
2021010603012590,SLBBL,39,28,132,1148.0,151536.0
2021010603012566,SLBBL,39,28,105,1148.0,120540.0
2021010603012342,SLBBL,58,4,106,1143.0,121158.0
2021010603012329,SLBBL,57,10,50,1142.0,57100.0
2021010603012348,SLBBL,58,36,996,1147.0,1142412.0
2021010603012347,SLBBL,58,40,200,1147.0,229400.0
2021010603012346,SLBBL,58,25,126,1145.0,144270.0
2021010603012345,SLBBL,58,36,50,1145.0,57250.0
2021010603012344,SLBBL,58,45,30,1145.0,34350.0
2021010603012343,SLBBL,58,10,39,1144.0,44616.0
2021010603012565,SLBBL,39,57,95,1148.0,109060.0
2021010603012564,SLBBL,39,42,100,1148.0,114800.0
2021010603012563,SLBBL,25,10,50,1136.0,56800.0
2021010603012351,SLBBL,58,40,23,1147.0,26381.0
2021010603012350,SLBBL,58,59,200,1147.0,229400.0
2021010603012349,SLBBL,58,28,30,1147.0,34410.0
2021010603012622,SLBSL,16,32,171,1010.0,172710.0
2021010603012621,SLBSL,19,32,13,1012.0,13156.0
2021010603012431,SLBSL,16,4,13,1010.0,13130.0
2021010603012430,SLBSL,16,13,50,1010.0,50500.0
2021010603012429,SLBSL,16,11,90,1010.0,90900.0
2021010603012428,SLBSL,16,17,63,1009.0,63567.0
2021010603012320,SLBSL,39,39,3,985.0,2955.0
2021010603012521,SLICL,55,34,50,688.0,34400.0
2021010603012520,SLICL,7,34,100,688.0,68800.0
2021010603012519,SLICL,54,34,60,688.0,41280.0
2021010603012518,SLICL,38,34,100,688.0,68800.0
2021010603012517,SLICL,45,34,47,688.0,32336.0
2021010603012409,SMB,58,16,11,1130.0,12430.0
2021010603012465,SMFBS,36,7,11,1468.0,16148.0
2021010603012526,SMFDB,55,38,50,990.0,49500.0
2021010603012401,SMFDB,39,38,70,990.0,69300.0
2021010603012400,SMFDB,39,45,50,990.0,49500.0
2021010603012353,SMFDB,39,44,400,988.0,395200.0
2021010603012620,SNLB,56,38,100,1040.0,104000.0
2021010603012609,SNLB,56,6,10,1040.0,10400.0
2021010603012608,SNLB,56,25,50,1040.0,52000.0
2021010603012607,SNLB,56,14,388,1040.0,403520.0
2021010603012606,SNLB,56,29,150,1040.0,156000.0
2021010603012589,SNLB,49,49,30,1036.0,31080.0
2021010603012523,SNLB,49,29,50,1040.0,52000.0
2021010603012478,SNLB,38,28,65,1035.0,67275.0
2021010603012453,SNLB,44,28,135,1035.0,139725.0
2021010603012733,SWBBL,44,28,100,1689.0,168900.0
2021010603012310,SWBBL,34,25,200,1689.0,337800.0
2021010603012309,SWBBL,34,25,163,1689.0,275307.0
2021010603012480,UFL,34,26,224,248.0,55552.0
2021010603012624,USLB,34,16,10,1340.0,13400.0
2021010603012772,VLBS,44,14,100,1085.0,108500.0
2021010603012673,VLBS,36,19,105,1099.0,115395.0
2021010603012672,VLBS,36,18,37,1095.0,40515.0
2021010603012671,VLBS,36,52,13,1091.0,14183.0
2021010603012670,VLBS,36,41,16,1091.0,17456.0
2021010603012669,VLBS,36,11,19,1091.0,20729.0
2021010603012668,VLBS,36,58,16,1090.0,17440.0
2021010603012667,VLBS,36,13,294,1090.0,320460.0
2021010603012435,VLBS,21,13,206,1090.0,224540.0
2021010603012434,VLBS,21,17,44,1089.0,47916.0
2021010603012256,ALBSL,59,54,11,1165.0,12815.0
2021010603012255,ALBSL,59,16,10,1165.0,11650.0
2021010603012022,ALBSL,59,11,11,1165.0,12815.0
2021010603012009,ALBSL,59,6,11,1165.0,12815.0
2021010603011819,ALBSL,59,34,762,1165.0,887730.0
2021010603011818,ALBSL,25,34,20,1165.0,23300.0
2021010603011817,ALBSL,6,34,15,1165.0,17475.0
2021010603011816,ALBSL,16,34,67,1165.0,78055.0
2021010603011815,ALBSL,49,34,50,1167.0,58350.0
2021010603011814,ALBSL,16,34,100,1167.0,116700.0
2021010603011813,ALBSL,45,34,100,1167.0,116700.0
2021010603011812,ALBSL,59,34,314,1168.0,366752.0
2021010603012163,ALICL,34,55,50,971.0,48550.0
2021010603012154,ALICL,34,55,50,971.0,48550.0
2021010603012137,ALICL,34,55,50,971.0,48550.0
2021010603011861,ALICL,44,10,100,972.0,97200.0
2021010603012094,BBC,8,41,10,2769.0,27690.0
2021010603012093,BBC,25,41,36,2769.0,99684.0
2021010603012032,BFC,38,25,50,139.0,6950.0
2021010603012031,BFC,38,6,150,139.0,20850.0
2021010603011897,BFC,38,1,90,137.0,12330.0
2021010603012012,CBBL,29,1,25,1190.0,29750.0
2021010603012011,CBBL,29,4,75,1190.0,89250.0
2021010603011877,CBBL,34,38,100,1186.0,118600.0
2021010603012030,CFCL,28,34,100,172.0,17200.0
2021010603012263,CIT,38,58,50,3356.0,167800.0
2021010603012262,CIT,50,58,40,3356.0,134240.0
2021010603012223,CIT,50,58,10,3356.0,33560.0
2021010603012099,CIT,26,58,10,3357.0,33570.0
2021010603012081,CIT,34,38,200,3356.0,671200.0
2021010603012080,CIT,52,38,10,3356.0,33560.0
2021010603012079,CIT,38,38,20,3356.0,67120.0
2021010603011955,CIT,34,58,30,3357.0,100710.0
2021010603011927,CIT,26,40,10,3358.0,33580.0
2021010603011865,CIT,49,40,20,3358.0,67160.0
2021010603011809,CIT,38,40,20,3358.0,67160.0
2021010603012222,CLBSL,42,46,10,838.0,8380.0
2021010603012174,CLBSL,49,44,198,839.0,166122.0
2021010603012173,CLBSL,49,41,80,839.0,67120.0
2021010603012172,CLBSL,49,34,50,838.0,41900.0
2021010603012171,CLBSL,49,56,101,838.0,84638.0
2021010603012170,CLBSL,49,33,11,838.0,9218.0
2021010603012169,CLBSL,49,37,60,838.0,50280.0
2021010603012131,CORBL,49,39,805,222.0,178710.0
2021010603012097,CORBL,53,39,32,222.0,7104.0
2021010603012091,DDBL,57,44,57,1416.0,80712.0
2021010603012086,DDBL,14,44,40,1416.0,56640.0
2021010603012050,DDBL,36,44,200,1416.0,283200.0
2021010603012049,DDBL,58,44,200,1416.0,283200.0
2021010603011948,DDBL,41,25,100,1415.0,141500.0
2021010603011879,DDBL,29,44,53,1418.0,75154.0
2021010603011878,DDBL,29,8,47,1418.0,66646.0
2021010603012098,EDBL,29,34,200,350.0,70000.0
2021010603012220,FMDBL,16,25,980,588.0,576240.0
2021010603011986,FMDBL,53,44,20,590.0,11800.0
2021010603011848,FMDBL,44,44,200,590.0,118000.0
2021010603011833,FMDBL,34,44,139,590.0,82010.0
2021010603011832,FMDBL,34,18,11,589.0,6479.0
2021010603011831,FMDBL,34,50,200,589.0,117800.0
2021010603012025,FOWAD,7,49,16,2322.0,37152.0
2021010603012002,FOWAD,18,16,30,2324.0,69720.0
2021010603011974,FOWAD,7,11,143,2322.0,332046.0
2021010603011973,FOWAD,37,11,57,2322.0,132354.0
2021010603011893,FOWAD,56,34,25,2323.0,58075.0
2021010603011798,FOWAD,57,16,20,2324.0,46480.0
2021010603012228,GBBL,42,39,650,310.0,201500.0
2021010603012217,GBBL,42,4,"3,727",310.0,1155370.0
2021010603012216,GBBL,49,4,100,310.0,31000.0
2021010603012215,GBBL,38,4,525,310.0,162750.0
2021010603012214,GBBL,14,4,300,310.0,93000.0
2021010603012213,GBBL,44,4,200,310.0,62000.0
2021010603011906,GBBL,1,4,500,313.0,156500.0
2021010603011905,GBBL,25,4,200,313.0,62600.0
2021010603011904,GBBL,16,4,500,313.0,156500.0
2021010603011912,GBBL,58,4,50,312.0,15600.0
2021010603011911,GBBL,51,4,500,312.0,156000.0
2021010603011910,GBBL,18,4,228,312.0,71136.0
2021010603011909,GBBL,47,4,200,312.0,62400.0
2021010603011908,GBBL,56,4,200,312.0,62400.0
2021010603011907,GBBL,59,4,500,313.0,156500.0
2021010603012115,GBBL,39,39,100,313.0,31300.0
2021010603011917,GBBL,49,4,620,312.0,193440.0
2021010603011916,GBBL,45,4,252,312.0,78624.0
2021010603011915,GBBL,7,4,100,312.0,31200.0
2021010603011914,GBBL,59,4,800,312.0,249600.0
2021010603011913,GBBL,45,4,350,312.0,109200.0
2021010603012206,GBBL,14,4,600,312.0,187200.0
2021010603012205,GBBL,17,4,100,312.0,31200.0
2021010603012204,GBBL,20,4,"1,000",312.0,312000.0
2021010603012203,GBBL,1,4,300,312.0,93600.0
2021010603012202,GBBL,49,4,281,312.0,87672.0
2021010603012177,GBBL,49,32,99,312.0,30888.0
2021010603012212,GBBL,42,4,100,311.0,31100.0
2021010603012211,GBBL,41,4,"1,000",311.0,311000.0
2021010603012210,GBBL,41,4,200,311.0,62200.0
2021010603012209,GBBL,52,4,500,311.0,155500.0
2021010603012208,GBBL,38,4,"1,000",311.0,311000.0
2021010603012207,GBBL,53,4,20,311.0,6220.0
2021010603012000,GBLBS,25,28,10,601.0,6010.0
2021010603011953,GBLBS,25,10,425,594.0,252450.0
2021010603011952,GBLBS,35,10,25,594.0,14850.0
2021010603011926,GBLBS,25,10,500,600.0,300000.0
2021010603011925,GBLBS,55,10,50,600.0,30000.0
2021010603011862,GBLBS,25,1,12,602.0,7224.0
2021010603011858,GBLBS,48,1,145,602.0,87290.0
2021010603011857,GBLBS,48,10,330,602.0,198660.0
2021010603011856,GBLBS,48,11,15,602.0,9030.0
2021010603011855,GBLBS,48,38,10,602.0,6020.0
2021010603011826,GBLBS,25,19,500,601.0,300500.0
2021010603011810,GBLBS,50,48,100,601.0,60100.0
2021010603012226,GFCL,48,33,151,193.0,29143.0
2021010603012225,GFCL,22,33,74,193.0,14282.0
2021010603012088,GILB,3,26,90,1383.0,124470.0
2021010603012087,GILB,3,52,37,1383.0,51171.0
2021010603011972,GILB,37,52,16,1383.0,22128.0
2021010603011971,GILB,37,44,128,1383.0,177024.0
2021010603011805,GIMES1,21,42,150,11.6,1740.0
2021010603011804,GIMES1,21,34,"5,000",11.6,58000.0
2021010603012161,GLBSL,10,37,69,905.0,62445.0
2021010603012160,GLBSL,10,42,10,905.0,9050.0
2021010603012159,GLBSL,10,3,100,905.0,90500.0
2021010603012158,GLBSL,10,58,10,905.0,9050.0
2021010603012157,GLBSL,10,53,10,905.0,9050.0
2021010603012156,GLBSL,10,25,50,902.0,45100.0
2021010603012180,GLICL,10,58,39,619.0,24141.0
2021010603012179,GLICL,56,58,10,619.0,6190.0
2021010603012178,GLICL,41,58,29,619.0,17951.0
2021010603012152,GLICL,10,48,95,620.0,58900.0
2021010603012140,GLICL,10,4,168,620.0,104160.0
2021010603012117,GLICL,55,4,95,620.0,58900.0
2021010603011978,GLICL,41,39,21,619.0,12999.0
2021010603011977,GLICL,34,39,189,619.0,116991.0
2021010603011839,GLICL,41,26,300,620.0,186000.0
2021010603012229,GMFBS,44,58,10,1136.0,11360.0
2021010603012191,GMFIL,38,26,100,188.0,18800.0
2021010603012254,GRDBL,26,51,50,151.0,7550.0
2021010603012153,GRDBL,26,51,100,151.0,15100.0
2021010603011853,GRDBL,57,5,50,151.0,7550.0
2021010603012136,HIDCL,41,42,44,267.0,11748.0
2021010603011931,HIDCL,41,53,380,267.0,101460.0
2021010603011930,HIDCL,29,53,20,268.0,5360.0
2021010603011794,HIDCL,10,46,63,267.0,16821.0
2021010603011824,ICFC,55,58,100,260.0,26000.0
2021010603012139,ILBS,21,46,17,1114.0,18938.0
2021010603012130,ILBS,21,32,100,1114.0,111400.0
2021010603012129,ILBS,21,49,100,1113.0,111300.0
2021010603012128,ILBS,21,14,10,1112.0,11120.0
2021010603012127,ILBS,21,16,23,1110.0,25530.0
2021010603012064,ILBS,21,16,188,1110.0,208680.0
2021010603012063,ILBS,21,33,11,1110.0,12210.0
2021010603012062,ILBS,21,42,11,1110.0,12210.0
2021010603012061,ILBS,21,1,30,1110.0,33300.0
2021010603012060,ILBS,21,38,10,1109.0,11090.0
2021010603012008,ILBS,16,46,123,1102.0,135546.0
2021010603011981,ILBS,42,13,11,1105.0,12155.0
2021010603012168,JBBL,51,21,130,232.0,30160.0
2021010603012121,JBBL,28,21,75,232.0,17400.0
2021010603012120,JBBL,16,21,84,232.0,19488.0
2021010603012106,JBBL,21,41,30,233.0,6990.0
2021010603011998,JBBL,16,56,16,232.0,3712.0
2021010603011997,JBBL,29,56,875,232.0,203000.0
2021010603011864,JBBL,21,41,20,233.0,4660.0
2021010603011806,JBBL,19,41,170,233.0,39610.0
2021010603012084,JFL,4,36,514,253.0,130042.0
2021010603012276,KMCDB,39,44,100,960.0,96000.0
2021010603012275,KMCDB,39,6,100,960.0,96000.0
2021010603012274,KMCDB,39,49,20,960.0,19200.0
2021010603012260,KMCDB,37,49,80,960.0,76800.0
2021010603012259,KMCDB,37,44,10,960.0,9600.0
2021010603012258,KMCDB,37,42,10,959.0,9590.0
2021010603011777,KMCDB,59,6,50,948.0,47400.0
2021010603011967,KMCDB,1,48,30,950.0,28500.0
2021010603011966,KMCDB,1,45,30,950.0,28500.0
2021010603011781,KMCDB,59,49,10,949.0,9490.0
2021010603011780,KMCDB,59,14,300,949.0,284700.0
2021010603011779,KMCDB,59,34,10,948.0,9480.0
2021010603011778,KMCDB,59,5,155,948.0,146940.0
2021010603012019,KMCDB,58,50,300,953.0,285900.0
2021010603012007,KMCDB,25,50,30,953.0,28590.0
2021010603012006,KMCDB,25,26,57,953.0,54321.0
2021010603011991,KMCDB,25,51,100,951.0,95100.0
2021010603011969,KMCDB,1,56,50,950.0,47500.0
2021010603011968,KMCDB,1,50,10,950.0,9500.0
2021010603012074,KMCDB,10,36,100,957.0,95700.0
2021010603012071,KMCDB,1,10,20,955.0,19100.0
2021010603012051,KMCDB,58,10,480,955.0,458400.0
2021010603012034,KMCDB,58,6,10,954.0,9540.0
2021010603012021,KMCDB,58,55,50,954.0,47700.0
2021010603012020,KMCDB,58,43,50,954.0,47700.0
2021010603012182,KMCDB,41,36,237,960.0,227520.0
2021010603012162,KMCDB,1,49,30,955.0,28650.0
2021010603012078,KMCDB,10,36,500,960.0,480000.0
2021010603012077,KMCDB,10,25,100,959.0,95900.0
2021010603012076,KMCDB,10,34,100,958.0,95800.0
2021010603012075,KMCDB,10,34,200,957.0,191400.0
2021010603012235,KMCDB,25,44,40,960.0,38400.0
2021010603012234,KMCDB,25,34,30,960.0,28800.0
2021010603012192,KMCDB,25,34,27,960.0,25920.0
2021010603012185,KMCDB,41,34,43,960.0,41280.0
2021010603012184,KMCDB,41,36,10,960.0,9600.0
2021010603012183,KMCDB,41,36,10,960.0,9600.0
2021010603012221,KRBL,47,46,62,135.0,8370.0
2021010603011970,KRBL,50,36,174,136.0,23664.0
2021010603011797,KRBL,39,36,417,136.0,56712.0
2021010603012252,KSBBL,26,57,14,220.0,3080.0
2021010603011792,KSBBL,38,38,225,219.0,49275.0
2021010603011791,KSBBL,45,38,75,219.0,16425.0
2021010603012248,LBBL,47,55,300,207.0,62100.0
2021010603012138,LBBL,33,55,500,207.0,103500.0
2021010603011987,LBBL,42,19,400,206.0,82400.0
2021010603011852,LBBL,53,55,10,207.0,2070.0
2021010603011851,LBBL,36,55,"1,000",207.0,207000.0
2021010603012125,LICN,25,6,10,1970.0,19700.0
2021010603012114,LLBS,53,37,40,1339.0,53560.0
2021010603012113,LLBS,53,43,50,1338.0,66900.0
2021010603012112,LLBS,53,7,20,1335.0,26700.0
2021010603012111,LLBS,53,32,20,1334.0,26680.0
2021010603012035,LLBS,25,50,200,1325.0,265000.0
2021010603012247,MERO,43,55,176,902.0,158752.0
2021010603011896,MERO,43,25,121,902.0,109142.0
2021010603011895,MERO,28,25,79,902.0,71258.0
2021010603011847,MERO,43,53,510,904.0,461040.0
2021010603011834,MLBBL,58,13,30,1250.0,37500.0
2021010603012249,MNBBL,17,6,10,349.0,3490.0
2021010603011873,MNBBL,45,38,110,348.0,38280.0
2021010603011872,MNBBL,57,38,100,348.0,34800.0
2021010603011871,MNBBL,50,38,100,349.0,34900.0
2021010603011870,MNBBL,49,38,50,349.0,17450.0
2021010603011869,MNBBL,45,38,40,349.0,13960.0
2021010603012118,MPFL,14,32,10,151.0,1510.0
2021010603012200,MSLB,55,16,17,1608.0,27336.0
2021010603012135,MSLB,58,16,983,1608.0,1580664.0
2021010603012134,MSLB,58,51,17,1605.0,27285.0
2021010603012110,MSLB,58,4,31,1600.0,49600.0
2021010603012109,MSLB,58,11,300,1600.0,480000.0
2021010603012108,MSLB,58,41,25,1600.0,40000.0
2021010603011996,MSLB,58,26,138,1590.0,219420.0
2021010603011995,MSLB,50,26,188,1591.0,299108.0
2021010603011958,MSLB,1,41,50,1600.0,80000.0
2021010603011835,MSLB,40,51,31,1600.0,49600.0
2021010603012251,NEF,17,19,"1,207",10.27,12395.89
2021010603012167,NEF,26,19,254,10.27,2608.58
2021010603012166,NEF,26,11,"2,000",10.27,20540.0
2021010603012165,NEF,26,42,241,10.27,2475.07
2021010603012164,NEF,26,39,655,10.27,6726.85
2021010603011949,NEF,17,10,"3,380",10.25,34645.0
2021010603011790,NLBBL,56,49,59,1197.0,70623.0
2021010603011789,NLBBL,56,36,29,1196.0,34684.0
2021010603011788,NLBBL,56,11,135,1196.0,161460.0
2021010603011787,NLBBL,56,42,13,1196.0,15548.0
2021010603011786,NLBBL,56,55,24,1196.0,28704.0
2021010603011785,NLBBL,56,46,200,1195.0,239000.0
2021010603011784,NLBBL,56,49,40,1195.0,47800.0
2021010603012230,NLIC,57,55,40,2384.0,95360.0
2021010603012155,NLIC,16,55,400,2384.0,953600.0
2021010603012147,NLIC,34,48,50,2382.0,119100.0
2021010603012065,NLIC,34,28,50,2381.0,119050.0
2021010603012024,NLIC,34,41,12,2380.0,28560.0
2021010603012023,NLIC,34,41,10,2380.0,23800.0
2021010603011944,NLIC,6,42,40,2380.0,95200.0
2021010603011850,NLIC,43,58,336,2385.0,801360.0
2021010603011849,NLIC,43,35,64,2384.0,152576.0
2021010603011999,NLIC,34,55,90,2380.0,214200.0
2021010603011985,NLIC,34,55,100,2380.0,238000.0
2021010603011976,NLIC,34,55,100,2380.0,238000.0
2021010603011962,NLIC,39,55,200,2380.0,476000.0
2021010603011954,NLIC,18,55,10,2380.0,23800.0
2021010603011945,NLIC,35,42,60,2379.0,142740.0
2021010603012257,NLICL,50,14,50,1133.0,56650.0
2021010603012186,NLICL,8,33,100,1131.0,113100.0
2021010603011828,NLICL,19,6,90,1131.0,101790.0
2021010603011823,NLICL,19,44,132,1131.0,149292.0
2021010603011822,NLICL,8,44,368,1131.0,416208.0
2021010603012096,NMBHF1,52,43,"2,051",10.11,20735.61
2021010603011980,NMBHF1,52,10,"2,366",10.11,23920.26
2021010603011988,NMBMF,17,54,25,995.0,24875.0
2021010603011938,NMBMF,17,16,15,995.0,14925.0
2021010603011937,NMBMF,17,50,10,995.0,9950.0
2021010603012073,NMFBS,29,29,100,2262.0,226200.0
2021010603012273,NRIC,48,3,482,1538.0,741316.0
2021010603012272,NRIC,48,11,18,1538.0,27684.0
2021010603012265,NRIC,17,20,30,1536.0,46080.0
2021010603012264,NRIC,1,20,20,1536.0,30720.0
2021010603012253,NRIC,1,58,20,1536.0,30720.0
2021010603012250,NRIC,1,6,50,1536.0,76800.0
2021010603011829,NRIC,41,1,15,1538.0,23070.0
2021010603011783,NRIC,41,49,40,1538.0,61520.0
2021010603011782,NRIC,41,55,10,1538.0,15380.0
2021010603011876,NRIC,6,46,40,1538.0,61520.0
2021010603011867,NRIC,41,28,95,1539.0,146205.0
2021010603011859,NRIC,6,28,300,1539.0,461700.0
2021010603011845,NRIC,13,20,20,1538.0,30760.0
2021010603011844,NRIC,26,20,15,1538.0,23070.0
2021010603011830,NRIC,26,1,85,1538.0,130730.0
2021010603011943,NRIC,10,6,40,1537.0,61480.0
2021010603011942,NRIC,44,6,50,1538.0,76900.0
2021010603011941,NRIC,6,6,10,1538.0,15380.0
2021010603011924,NRIC,48,3,200,1539.0,307800.0
2021010603011923,NRIC,48,52,500,1539.0,769500.0
2021010603011922,NRIC,48,25,300,1539.0,461700.0
2021010603012048,NRIC,36,1,70,1538.0,107660.0
2021010603012033,NRIC,42,28,40,1539.0,61560.0
2021010603011989,NRIC,16,20,40,1537.0,61480.0
2021010603011979,NRIC,16,58,40,1537.0,61480.0
2021010603011951,NRIC,16,38,20,1537.0,30740.0
2021010603011950,NRIC,10,38,180,1537.0,276660.0
2021010603012175,NRIC,6,16,30,1536.0,46080.0
2021010603012151,NRIC,38,20,10,1536.0,15360.0
2021010603012150,NRIC,25,20,20,1536.0,30720.0
2021010603012149,NRIC,18,20,10,1536.0,15360.0
2021010603012148,NRIC,25,20,10,1537.0,15370.0
2021010603012119,NRIC,36,55,30,1538.0,46140.0
2021010603012233,NRIC,26,11,12,1538.0,18456.0
2021010603012232,NRIC,26,6,18,1538.0,27684.0
2021010603012231,NRIC,53,6,22,1538.0,33836.0
2021010603012197,NRIC,1,37,10,1536.0,15360.0
2021010603012196,NRIC,38,37,30,1536.0,46080.0
2021010603012195,NRIC,6,37,20,1536.0,30720.0
2021010603012246,NRN,28,5,150,362.0,54300.0
2021010603012245,NRN,28,5,40,362.0,14480.0
2021010603012244,NRN,18,5,500,362.0,181000.0
2021010603012243,NRN,53,5,680,362.0,246160.0
2021010603012201,NRN,53,20,10,362.0,3620.0
2021010603012133,NRN,53,13,10,362.0,3620.0
2021010603011892,NRN,53,46,10,362.0,3620.0
2021010603011808,NRN,53,20,10,362.0,3620.0
2021010603012132,NRN,53,41,10,362.0,3620.0
2021010603012095,NRN,53,20,10,362.0,3620.0
2021010603012066,NRN,53,38,10,362.0,3620.0
2021010603011990,NRN,53,58,10,362.0,3620.0
2021010603011957,NRN,53,16,10,362.0,3620.0
2021010603011918,NRN,53,20,10,362.0,3620.0
2021010603012219,NTC,51,19,200,1285.0,257000.0
2021010603012218,NTC,38,19,175,1285.0,224875.0
2021010603012107,NTC,38,49,300,1285.0,385500.0
2021010603012092,NTC,38,42,50,1285.0,64250.0
2021010603012040,NTC,38,40,100,1285.0,128500.0
2021010603012039,NTC,38,57,65,1285.0,83525.0
2021010603011802,NTC,51,40,410,1283.0,526030.0
2021010603012038,NTC,38,57,50,1285.0,64250.0
2021010603012037,NTC,38,32,80,1285.0,102800.0
2021010603012036,NTC,38,45,180,1285.0,231300.0
2021010603011940,NTC,38,45,200,1285.0,257000.0
2021010603011929,NTC,38,45,100,1285.0,128500.0
2021010603011928,NTC,38,50,100,1284.0,128400.0
2021010603012190,NUBL,56,16,350,1346.0,471100.0
2021010603012189,NUBL,56,54,50,1346.0,67300.0
2021010603012188,NUBL,56,22,10,1346.0,13460.0
2021010603012187,NUBL,56,16,350,1346.0,471100.0
2021010603012105,NUBL,57,57,491,1345.0,660395.0
2021010603012104,NUBL,57,43,167,1345.0,224615.0
2021010603011795,NUBL,49,6,50,1343.0,67150.0
2021010603012016,NUBL,49,48,30,1344.0,40320.0
2021010603012015,NUBL,49,33,200,1344.0,268800.0
2021010603012014,NUBL,49,8,100,1344.0,134400.0
2021010603012013,NUBL,49,6,50,1343.0,67150.0
2021010603011827,NUBL,6,8,50,1344.0,67200.0
2021010603011796,NUBL,49,8,50,1344.0,67200.0
2021010603012055,NUBL,57,41,200,1345.0,269000.0
2021010603012054,NUBL,57,26,15,1345.0,20175.0
2021010603012053,NUBL,57,19,20,1345.0,26900.0
2021010603012052,NUBL,57,28,17,1345.0,22865.0
2021010603012018,NUBL,49,28,23,1345.0,30935.0
2021010603012017,NUBL,49,42,97,1345.0,130465.0
2021010603012090,NUBL,57,43,448,1345.0,602560.0
2021010603012089,NUBL,57,44,52,1345.0,69940.0
2021010603012059,NUBL,57,44,48,1345.0,64560.0
2021010603012058,NUBL,57,19,50,1345.0,67250.0
2021010603012057,NUBL,57,54,100,1345.0,134500.0
2021010603012056,NUBL,57,5,50,1345.0,67250.0
2021010603012026,OHL,1,21,30,477.0,14310.0
2021010603012261,PLIC,41,59,50,770.0,38500.0
2021010603012181,PLIC,6,41,10,769.0,7690.0
2021010603011939,PROFL,57,57,500,130.0,65000.0
2021010603012047,RLFL,55,45,206,171.0,35226.0
2021010603012046,RLFL,55,51,500,171.0,85500.0
2021010603012045,RLFL,55,43,300,171.0,51300.0
2021010603012044,RLFL,55,41,100,170.0,17000.0
2021010603012043,RLFL,55,47,44,170.0,7480.0
2021010603012271,RLI,34,11,10,610.0,6100.0
2021010603012242,RLI,42,50,50,611.0,30550.0
2021010603012241,RLI,42,48,10,611.0,6110.0
2021010603012240,RLI,42,57,10,611.0,6110.0
2021010603012239,RLI,42,58,10,611.0,6110.0
2021010603012238,RLI,42,20,10,611.0,6110.0
2021010603011947,RLI,37,25,10,610.0,6100.0
2021010603011919,RLI,26,35,10,609.0,6090.0
2021010603011868,RLI,26,48,10,609.0,6090.0
2021010603011863,RLI,45,20,10,609.0,6090.0
2021010603011811,RLI,13,5,10,609.0,6090.0
2021010603012005,RLI,37,20,10,610.0,6100.0
2021010603012004,RLI,37,58,10,610.0,6100.0
2021010603012003,RLI,37,13,10,610.0,6100.0
2021010603012001,RLI,37,35,10,610.0,6100.0
2021010603011982,RLI,37,42,10,610.0,6100.0
2021010603011956,RLI,37,46,10,610.0,6100.0
2021010603012237,RLI,42,13,10,611.0,6110.0
2021010603012176,RLI,34,17,10,610.0,6100.0
2021010603012124,RLI,34,46,10,610.0,6100.0
2021010603012122,RLI,37,6,10,610.0,6100.0
2021010603012082,RLI,37,48,10,610.0,6100.0
2021010603012072,RLI,37,13,10,610.0,6100.0
2021010603011891,RMDC,11,48,309,1190.0,367710.0
2021010603011890,RMDC,11,44,100,1190.0,119000.0
2021010603011889,RMDC,11,56,90,1190.0,107100.0
2021010603011888,RMDC,11,33,50,1188.0,59400.0
2021010603011887,RMDC,11,33,70,1188.0,83160.0
2021010603011886,RMDC,11,1,40,1188.0,47520.0
2021010603011801,RMDC,39,25,30,1175.0,35250.0
2021010603011885,RMDC,11,34,100,1188.0,118800.0
2021010603011884,RMDC,11,19,54,1187.0,64098.0
2021010603011883,RMDC,11,26,355,1185.0,420675.0
2021010603011882,RMDC,11,56,58,1180.0,68440.0
2021010603011881,RMDC,11,17,10,1180.0,11800.0
2021010603011880,RMDC,11,36,32,1180.0,37760.0
2021010603011975,RSDC,25,19,50,588.0,29400.0
2021010603011860,SABSL,20,34,64,1097.0,70208.0
2021010603011994,SADBL,11,26,197,178.0,35066.0
2021010603011993,SADBL,45,26,53,178.0,9434.0
2021010603011992,SADBL,42,26,100,178.0,17800.0
2021010603012270,SAEF,33,47,"1,500",11.65,17475.0
2021010603012269,SAEF,33,42,400,11.64,4656.0
2021010603012268,SAEF,33,41,"2,000",11.6,23200.0
2021010603012267,SAEF,33,42,100,11.6,1160.0
2021010603012266,SAEF,33,25,"1,000",11.58,11580.0
2021010603011840,SAEF,49,55,"10,000",11.57,115700.0
2021010603012010,SAEF,6,35,"5,000",11.55,57750.0
2021010603011921,SAPDBL,56,56,234,147.0,34398.0
2021010603011920,SAPDBL,10,56,66,147.0,9702.0
2021010603011854,SAPDBL,10,13,69,147.0,10143.0
2021010603012227,SDLBSL,25,36,35,1099.0,38465.0
2021010603012116,SDLBSL,41,55,151,1119.0,168969.0
2021010603012085,SDLBSL,41,49,200,1119.0,223800.0
2021010603012069,SDLBSL,41,4,30,1099.0,32970.0
2021010603012068,SDLBSL,41,57,50,1098.0,54900.0
2021010603012067,SDLBSL,41,46,50,1098.0,54900.0
2021010603011984,SDLBSL,47,46,10,1098.0,10980.0
2021010603011846,SDLBSL,18,6,10,1099.0,10990.0
2021010603011825,SEF,33,44,300,10.55,3165.0
2021010603011800,SFCL,51,10,400,131.0,52400.0
2021010603011799,SFCL,51,1,100,131.0,13100.0
2021010603011983,SHINE,25,1,50,241.0,12050.0
2021010603012123,SHL,57,36,225,193.0,43425.0
2021010603011821,SHL,57,25,200,193.0,38600.0
2021010603012236,SIFC,55,4,990,178.0,176220.0
2021010603012224,SLBBL,6,1,100,1143.0,114300.0
2021010603012199,SLBBL,21,10,11,1144.0,12584.0
2021010603012198,SLBBL,21,5,89,1144.0,101816.0
2021010603012126,SLBBL,57,5,100,1143.0,114300.0
2021010603011961,SLBBL,59,5,411,1144.0,470184.0
2021010603011960,SLBBL,59,42,10,1144.0,11440.0
2021010603011793,SLBBL,44,42,"2,000",1130.0,2260000.0
2021010603011838,SLBBL,59,19,50,1130.0,56500.0
2021010603011837,SLBBL,59,41,100,1130.0,113000.0
2021010603011836,SLBBL,59,42,"1,216",1130.0,1374080.0
2021010603011820,SLBBL,59,42,502,1130.0,567260.0
2021010603011807,SLBBL,10,34,250,1129.0,282250.0
2021010603011803,SLBBL,46,34,250,1129.0,282250.0
2021010603011903,SLBBL,58,57,24,1135.0,27240.0
2021010603011902,SLBBL,58,28,400,1135.0,454000.0
2021010603011901,SLBBL,58,38,50,1135.0,56750.0
2021010603011900,SLBBL,58,16,91,1135.0,103285.0
2021010603011899,SLBBL,58,47,280,1134.0,317520.0
2021010603011898,SLBBL,41,47,80,1134.0,90720.0
2021010603011959,SLBBL,59,11,200,1142.0,228400.0
2021010603011936,SLBBL,59,34,20,1140.0,22800.0
2021010603011935,SLBBL,59,58,139,1137.0,158043.0
2021010603011934,SLBBL,59,4,20,1136.0,22720.0
2021010603011933,SLBBL,59,47,100,1136.0,113600.0
2021010603011932,SLBBL,59,10,100,1136.0,113600.0
2021010603011963,SLBSL,57,41,57,1005.0,57285.0
2021010603011894,SLBSL,39,39,3,985.0,2955.0
2021010603012070,SMB,53,38,11,1130.0,12430.0
2021010603011866,SMB,58,58,11,1123.0,12353.0
2021010603012194,SMFDB,54,46,35,988.0,34580.0
2021010603012193,SMFDB,20,46,100,988.0,98800.0
2021010603012029,SNLB,44,25,15,1035.0,15525.0
2021010603011875,SNLB,25,25,100,1035.0,103500.0
2021010603011874,SNLB,48,25,85,1035.0,87975.0
2021010603012102,STC,35,26,100,6400.0,640000.0
2021010603012101,STC,35,45,10,6390.0,63900.0
2021010603012100,STC,35,7,10,6378.0,63780.0
2021010603012083,STC,39,7,20,6375.0,127500.0
2021010603011946,STC,6,5,30,6301.0,189030.0
2021010603012042,SWBBL,29,26,54,1695.0,91530.0
2021010603012041,SWBBL,29,33,46,1695.0,77970.0
2021010603011843,SWBBL,44,33,34,1695.0,57630.0
2021010603011842,SWBBL,44,49,30,1690.0,50700.0
2021010603011841,SWBBL,44,33,36,1690.0,60840.0
2021010603012103,UFL,14,51,30,248.0,7440.0
2021010603012146,USLB,46,32,19,1350.0,25650.0
2021010603012145,USLB,46,40,22,1350.0,29700.0
2021010603012144,USLB,46,39,22,1348.0,29656.0
2021010603012143,USLB,46,38,40,1348.0,53920.0
2021010603012142,USLB,46,44,28,1345.0,37660.0
2021010603012141,USLB,46,34,10,1344.0,13440.0
2021010603012028,USLB,44,34,90,1344.0,120960.0
2021010603012027,USLB,44,51,10,1343.0,13430.0
2021010603011965,VLBS,33,3,130,1088.0,141440.0
2021010603011964,VLBS,33,38,16,1087.0,17392.0
2021010603011590,ALBSL,59,26,11,1168.0,12848.0
2021010603011552,ALBSL,59,33,11,1168.0,12848.0
2021010603011475,ALBSL,59,47,20,1168.0,23360.0
2021010603011469,ALBSL,59,34,11,1168.0,12848.0
2021010603011421,ALBSL,59,26,11,1168.0,12848.0
2021010603011391,ALBSL,59,19,11,1168.0,12848.0
2021010603011326,ALBSL,56,45,130,1170.0,152100.0
2021010603011759,ALICL,34,10,200,972.0,194400.0
2021010603011758,ALICL,41,10,246,972.0,239112.0
2021010603011736,ALICL,59,21,13,973.0,12649.0
2021010603011735,ALICL,59,49,59,973.0,57407.0
2021010603011734,ALICL,59,1,928,973.0,902944.0
2021010603011733,ALICL,59,1,500,972.0,486000.0
2021010603011570,ALICL,44,34,300,971.0,291300.0
2021010603011361,ALICL,41,50,100,970.0,97000.0
2021010603011348,ALICL,44,50,180,972.0,174960.0
2021010603011347,ALICL,44,1,20,972.0,19440.0
2021010603011652,ALICL,41,50,20,972.0,19440.0
2021010603011620,ALICL,41,34,200,971.0,194200.0
2021010603011619,ALICL,41,16,34,970.0,32980.0
2021010603011592,ALICL,14,16,66,970.0,64020.0
2021010603011591,ALICL,14,49,34,970.0,32980.0
2021010603011574,ALICL,41,34,500,971.0,485500.0
2021010603011385,CBBL,16,38,50,1182.0,59100.0
2021010603011382,CBBL,44,4,200,1190.0,238000.0
2021010603011332,CBBL,44,4,200,1190.0,238000.0
2021010603011657,CFCL,33,25,60,171.0,10260.0
2021010603011501,CFCL,33,38,30,171.0,5130.0
2021010603011713,CIT,54,40,60,3358.0,201480.0
2021010603011618,CIT,21,6,50,3358.0,167900.0
2021010603011617,CIT,21,38,10,3358.0,33580.0
2021010603011572,CIT,25,38,10,3358.0,33580.0
2021010603011349,CIT,50,6,35,3358.0,117530.0
2021010603011317,CIT,1,19,50,3356.0,167800.0
2021010603011300,CIT,41,38,20,3356.0,67120.0
2021010603011712,CLBSL,6,37,61,838.0,51118.0
2021010603011711,CLBSL,6,41,100,837.0,83700.0
2021010603011710,CLBSL,6,19,200,835.0,167000.0
2021010603011709,CLBSL,6,43,100,835.0,83500.0
2021010603011708,CLBSL,6,34,20,835.0,16700.0
2021010603011707,CLBSL,6,21,19,835.0,15865.0
2021010603011589,CLBSL,16,34,35,834.0,29190.0
2021010603011281,CLBSL,59,32,30,831.0,24930.0
2021010603011280,CLBSL,54,32,11,832.0,9152.0
2021010603011731,CORBL,53,58,100,222.0,22200.0
2021010603011730,CORBL,53,35,68,222.0,15096.0
2021010603011564,DDBL,57,8,10,1418.0,14180.0
2021010603011462,DDBL,39,8,13,1418.0,18434.0
2021010603011430,DDBL,41,44,100,1415.0,141500.0
2021010603011365,DDBL,57,46,10,1414.0,14140.0
2021010603011364,DDBL,16,46,100,1414.0,141400.0
2021010603011454,FMDBL,42,35,500,590.0,295000.0
2021010603011368,FMDBL,44,44,25,590.0,14750.0
2021010603011367,FMDBL,44,35,175,589.0,103075.0
2021010603011532,FOWAD,37,37,203,2322.0,471366.0
2021010603011531,FOWAD,37,41,25,2320.0,58000.0
2021010603011530,FOWAD,37,34,15,2319.0,34785.0
2021010603011398,GBBL,55,25,130,314.0,40820.0
2021010603011303,GBBL,59,25,20,314.0,6280.0
2021010603011302,GBBL,37,25,200,314.0,62800.0
2021010603011301,GBBL,32,25,650,314.0,204100.0
2021010603011739,GBLBS,50,34,100,600.0,60000.0
2021010603011667,GBLBS,25,38,15,602.0,9030.0
2021010603011666,GBLBS,25,47,10,601.0,6010.0
2021010603011665,GBLBS,25,51,10,601.0,6010.0
2021010603011664,GBLBS,25,14,100,601.0,60100.0
2021010603011663,GBLBS,25,25,15,600.0,9000.0
2021010603011506,GBLBS,36,34,215,597.0,128355.0
2021010603011505,GBLBS,36,1,10,596.0,5960.0
2021010603011504,GBLBS,36,21,100,596.0,59600.0
2021010603011476,GBLBS,36,32,500,595.0,297500.0
2021010603011599,GBLBS,25,55,70,597.0,41790.0
2021010603011511,GBLBS,36,55,30,597.0,17910.0
2021010603011510,GBLBS,36,43,15,597.0,8955.0
2021010603011509,GBLBS,36,49,15,597.0,8955.0
2021010603011508,GBLBS,36,10,100,597.0,59700.0
2021010603011507,GBLBS,36,45,15,597.0,8955.0
2021010603011605,GBLBS,25,34,500,599.0,299500.0
2021010603011604,GBLBS,25,49,100,598.0,59800.0
2021010603011603,GBLBS,25,56,"1,000",598.0,598000.0
2021010603011602,GBLBS,25,57,300,598.0,179400.0
2021010603011601,GBLBS,25,10,75,598.0,44850.0
2021010603011600,GBLBS,25,10,100,597.0,59700.0
2021010603011611,GBLBS,25,25,15,600.0,9000.0
2021010603011610,GBLBS,25,44,15,600.0,9000.0
2021010603011609,GBLBS,25,10,100,600.0,60000.0
2021010603011608,GBLBS,25,47,10,600.0,6000.0
2021010603011607,GBLBS,25,38,25,600.0,15000.0
2021010603011606,GBLBS,25,10,500,599.0,299500.0
2021010603011638,GBLBS,54,58,200,600.0,120000.0
2021010603011631,GBLBS,25,57,10,600.0,6000.0
2021010603011624,GBLBS,36,26,15,593.0,8895.0
2021010603011614,GBLBS,25,57,90,600.0,54000.0
2021010603011613,GBLBS,25,33,500,600.0,300000.0
2021010603011612,GBLBS,25,58,100,600.0,60000.0
2021010603011662,GBLBS,25,49,150,600.0,90000.0
2021010603011643,GBLBS,54,25,35,600.0,21000.0
2021010603011642,GBLBS,54,19,75,600.0,45000.0
2021010603011641,GBLBS,54,19,150,600.0,90000.0
2021010603011640,GBLBS,54,25,10,600.0,6000.0
2021010603011639,GBLBS,54,21,30,600.0,18000.0
2021010603011436,GILB,48,44,147,1383.0,203301.0
2021010603011435,GILB,48,26,53,1380.0,73140.0
2021010603011434,GILB,48,52,50,1375.0,68750.0
2021010603011433,GILB,48,34,200,1375.0,275000.0
2021010603011432,GILB,48,55,50,1373.0,68650.0
2021010603011654,GLBSL,38,25,50,902.0,45100.0
2021010603011525,GLBSL,49,6,10,901.0,9010.0
2021010603011502,GLBSL,49,41,10,901.0,9010.0
2021010603011488,GLBSL,49,1,10,901.0,9010.0
2021010603011763,GLICL,43,43,5,612.0,3060.0
2021010603011674,GLICL,47,26,100,620.0,62000.0
2021010603011490,GLICL,55,26,100,620.0,62000.0
2021010603011489,GLICL,49,26,20,620.0,12400.0
2021010603011406,GLICL,48,26,200,620.0,124000.0
2021010603011405,GLICL,25,26,50,620.0,31000.0
2021010603011341,GLICL,29,34,51,620.0,31620.0
2021010603011628,GRDBL,57,6,50,151.0,7550.0
2021010603011549,GUFL,57,43,10,205.0,2050.0
2021010603011761,HIDCL,42,34,493,269.0,132617.0
2021010603011682,HIDCL,10,50,13,267.0,3471.0
2021010603011677,HIDCL,10,13,200,268.0,53600.0
2021010603011668,HIDCL,10,50,11,267.0,2937.0
2021010603011658,HIDCL,10,13,100,268.0,26800.0
2021010603011646,HIDCL,10,55,50,267.0,13350.0
2021010603011395,HIDCL,10,59,76,267.0,20292.0
2021010603011394,HIDCL,17,59,124,267.0,33108.0
2021010603011360,HIDCL,55,49,100,268.0,26800.0
2021010603011645,HIDCL,10,50,16,267.0,4272.0
2021010603011621,HIDCL,10,50,25,267.0,6675.0
2021010603011537,HIDCL,8,13,100,268.0,26800.0
2021010603011536,HIDCL,8,55,500,268.0,134000.0
2021010603011535,HIDCL,8,49,400,268.0,107200.0
2021010603011410,HIDCL,10,38,38,267.0,10146.0
2021010603011401,ICFC,58,37,200,259.0,51800.0
2021010603011744,ILBS,42,11,200,1105.0,221000.0
2021010603011742,ILBS,42,1,11,1105.0,12155.0
2021010603011685,ILBS,16,1,21,1100.0,23100.0
2021010603011684,ILBS,16,55,156,1100.0,171600.0
2021010603011681,ILBS,42,33,20,1096.0,21920.0
2021010603011679,ILBS,16,55,44,1100.0,48400.0
2021010603011325,ILBS,44,1,11,1100.0,12100.0
2021010603011310,ILBS,45,1,89,1105.0,98345.0
2021010603011299,ILBS,45,26,11,1105.0,12155.0
2021010603011526,ILBS,28,34,11,1095.0,12045.0
2021010603011500,ILBS,28,34,11,1095.0,12045.0
2021010603011461,ILBS,44,54,50,1100.0,55000.0
2021010603011411,ILBS,44,1,11,1100.0,12100.0
2021010603011407,ILBS,44,41,11,1100.0,12100.0
2021010603011386,ILBS,44,1,11,1100.0,12100.0
2021010603011671,JBBL,29,18,100,232.0,23200.0
2021010603011670,JBBL,29,44,25,232.0,5800.0
2021010603011669,JBBL,29,58,"1,000",232.0,232000.0
2021010603011307,JBBL,3,5,200,232.0,46400.0
2021010603011650,JFL,4,37,200,253.0,50600.0
2021010603011722,JSLBB,58,17,50,2179.0,108950.0
2021010603011289,JSLBB,58,44,353,2179.0,769187.0
2021010603011649,KLBSL,42,40,54,1173.0,63342.0
2021010603011776,KMCDB,59,6,100,948.0,94800.0
2021010603011775,KMCDB,59,38,100,948.0,94800.0
2021010603011774,KMCDB,59,44,200,945.0,189000.0
2021010603011773,KMCDB,59,11,87,945.0,82215.0
2021010603011772,KMCDB,59,38,100,945.0,94500.0
2021010603011771,KMCDB,59,45,100,945.0,94500.0
2021010603011497,KMCDB,46,35,160,941.0,150560.0
