Transact. No.,Symbol,Buyer,Seller,Quantity,Rate,Amount
2021010403016315,ALICL,14,37,20,948.0,18960.0
2021010404000316,BBC,38,20,16,2850.0,45600.0
2021010404000300,BBC,42,20,16,2850.0,45600.0
2021010404000290,BBC,58,20,18,2850.0,51300.0
2021010404000281,BBC,20,20,50,2850.0,142500.0
2021010404000276,BBC,11,20,100,2850.0,285000.0
2021010404000264,BBC,38,20,70,2850.0,199500.0
2021010404000014,BBC,20,43,10,2896.0,28960.0
2021010404000013,BBC,26,43,20,2896.0,57920.0
2021010404000011,BBC,56,47,10,2895.0,28950.0
2021010404000045,BBC,38,58,40,2900.0,116000.0
2021010404000044,BBC,11,58,10,2900.0,29000.0
2021010404000027,BBC,11,19,10,2925.0,29250.0
2021010404000023,BBC,6,49,10,2952.0,29520.0
2021010404000020,BBC,11,33,10,2953.0,29530.0
2021010404000019,BBC,58,3,10,2952.0,29520.0
2021010404000182,BBC,42,37,38,2890.0,109820.0
2021010404000093,BBC,45,58,60,2900.0,174000.0
2021010404000077,BBC,45,56,20,2900.0,58000.0
2021010404000076,BBC,45,51,20,2900.0,58000.0
2021010404000062,BBC,38,53,10,2900.0,29000.0
2021010404000059,BBC,38,38,50,2900.0,145000.0
2021010404000245,BBC,58,20,35,2850.0,99750.0
2021010404000244,BBC,34,20,20,2850.0,57000.0
2021010404000243,BBC,38,20,70,2860.0,200200.0
2021010404000185,BBC,42,25,42,2900.0,121800.0
2021010404000184,BBC,42,51,10,2900.0,29000.0
2021010404000183,BBC,42,58,10,2900.0,29000.0
2021010403016357,CBBL,44,25,100,1197.0,119700.0
2021010403016302,CIT,33,21,20,3415.0,68300.0
2021010404000334,CMF1,14,59,100,10.06,1006.0
2021010404000332,CMF1,14,11,200,10.06,2012.0
2021010404000310,CMF1,14,3,500,10.06,5030.0
2021010404000254,CMF1,14,11,200,10.05,2010.0
2021010404000253,CMF1,14,50,100,10.0,1000.0
2021010404000237,CMF1,56,50,"3,300",10.0,33000.0
2021010404000204,CMF1,56,39,100,10.0,1000.0
2021010404000082,CMF1,56,22,100,10.0,1000.0
2021010404000039,CMF1,56,43,"1,400",10.0,14000.0
2021010404000038,CMF1,56,29,100,9.8,980.0
2021010404000320,CMF2,28,45,"1,000",9.9,9900.0
2021010404000317,CMF2,13,17,200,9.86,1972.0
2021010404000277,CMF2,13,13,500,9.86,4930.0
2021010404000210,CMF2,17,6,200,9.85,1970.0
2021010404000209,CMF2,42,6,300,9.87,2961.0
2021010404000089,CMF2,17,8,100,9.85,985.0
2021010404000079,CMF2,17,46,"2,000",9.85,19700.0
2021010404000046,CMF2,17,46,500,9.85,4925.0
2021010404000028,CMF2,13,36,200,9.8,1960.0
2021010404000022,CMF2,13,58,"1,000",9.8,9800.0
2021010403016384,DDBL,55,49,30,1410.0,42300.0
2021010404000372,EICPO,3,13,76,276.0,20976.0
2021010404000354,EICPO,3,41,48,276.0,13248.0
2021010404000321,EICPO,3,41,64,275.0,17600.0
2021010404000170,EICPO,43,58,139,275.0,38225.0
2021010404000116,EICPO,3,47,"2,500",275.0,687500.0
2021010404000051,EICPO,43,19,56,272.0,15232.0
2021010404000050,EICPO,43,8,500,271.0,135500.0
2021010403016394,GBBL,4,58,100,312.0,31200.0
2021010403016304,GBBL,13,39,100,309.0,30900.0
2021010403016303,GBBL,13,42,905,309.0,279645.0
2021010404000036,GBD80/81,17,57,50,1065.0,53250.0
2021010403016354,GILB,1,55,160,1375.0,220000.0
2021010404000288,GIMES1,20,13,"7,900",11.6,91640.0
2021010404000287,GIMES1,20,33,"2,100",11.55,24255.0
2021010404000284,GIMES1,49,28,100,11.53,1153.0
2021010404000256,GIMES1,21,33,500,11.55,5775.0
2021010404000232,GIMES1,21,42,"1,000",11.55,11550.0
2021010404000227,GIMES1,21,42,"1,000",11.55,11550.0
2021010404000206,GIMES1,21,42,"1,000",11.55,11550.0
2021010404000200,GIMES1,21,42,"1,500",11.55,17325.0
2021010404000070,GIMES1,6,55,400,11.52,4608.0
2021010404000064,GIMES1,49,35,"5,000",11.51,57550.0
2021010403016370,GMFBS,36,58,10,1024.0,10240.0
2021010403016395,GMFIL,34,3,10,208.0,2080.0
2021010403016391,GMFIL,14,3,10,208.0,2080.0
2021010403016352,GMFIL,18,26,250,206.0,51500.0
2021010403016307,GMFIL,18,3,18,206.0,3708.0
2021010403016364,GRDBL,57,41,10,148.0,1480.0
2021010403016383,HIDCL,11,47,30,264.0,7920.0
2021010403016336,JBBL,38,34,77,229.0,17633.0
2021010403016335,JBBL,57,34,23,229.0,5267.0
2021010403016379,KLBSL,55,35,10,1199.0,11990.0
2021010403016321,KMCDB,25,53,10,883.0,8830.0
2021010403016319,KMCDB,58,7,140,872.0,122080.0
2021010403016318,KMCDB,25,7,10,881.0,8810.0
2021010403016317,KMCDB,25,7,20,882.0,17640.0
2021010403016393,KSBBL,49,42,10,220.0,2200.0
2021010403016334,KSBBL,42,50,"2,824",218.0,615632.0
2021010403016333,KSBBL,50,50,39,219.0,8541.0
2021010403016332,KSBBL,57,50,497,219.0,108843.0
2021010403016324,LBBL,58,47,22,207.0,4554.0
2021010404000294,LEMF,49,28,"2,400",10.0,24000.0
2021010404000333,LUK,38,41,500,9.3,4650.0
2021010404000078,LUK,28,8,500,9.28,4640.0
2021010404000074,LUK,34,36,300,9.3,2790.0
2021010403016358,MERO,32,59,50,906.0,45300.0
2021010403016309,MLBBL,22,42,20,1226.0,24520.0
2021010403016308,MLBBL,59,42,40,1227.0,49080.0
2021010403016369,MLBL,1,38,34,241.0,8194.0
2021010403016390,MSMBS,50,58,11,879.0,9669.0
2021010404000353,NBF2,1,42,"1,000",9.82,9820.0
2021010404000345,NBF2,1,56,100,9.82,982.0
2021010404000339,NBF2,1,17,100,9.81,981.0
2021010404000330,NBF2,19,28,"1,900",9.76,18544.0
2021010404000329,NBF2,28,28,100,9.8,980.0
2021010404000318,NBF2,28,39,200,9.8,1960.0
2021010404000037,NBF2,47,58,"1,000",9.7,9700.0
2021010404000236,NBF2,21,58,300,9.8,2940.0
2021010404000166,NBF2,19,1,100,9.76,976.0
2021010404000147,NBF2,26,20,250,9.75,2437.5
2021010404000101,NBF2,26,21,500,9.75,4875.0
2021010404000057,NBF2,47,14,500,9.7,4850.0
2021010404000043,NBF2,47,46,"1,000",9.7,9700.0
2021010404000282,NBF2,19,32,500,9.76,4880.0
2021010404000280,NBF2,19,16,900,9.76,8784.0
2021010404000279,NBF2,21,16,"2,100",9.8,20580.0
2021010404000268,NBF2,21,29,100,9.8,980.0
2021010404000266,NBF2,21,13,500,9.8,4900.0
2021010404000199,NCCBPO,34,16,914,116.0,106024.0
2021010404000198,NCCBPO,34,16,"457,068",116.0,53019888.0
2021010404000193,NCCBPO,34,16,"15,000",121.55,1823250.0
2021010404000192,NCCBPO,34,16,"1,000",126.0,126000.0
2021010404000191,NCCBPO,34,16,"1,000",141.0,141000.0
2021010404000113,NCCBPO,34,16,"10,018",112.5,1127025.0
2021010404000103,NCCBPO,34,16,"5,000",113.2,566000.0
2021010404000102,NCCBPO,34,16,"5,000",116.0,580000.0
2021010404000092,NCCBPO,32,7,"149,410",114.0,17032740.0
2021010404000249,NEF,39,47,241,10.11,2436.51
2021010404000246,NEF,39,47,241,10.11,2436.51
2021010404000231,NEF,37,14,"1,000",10.15,10150.0
2021010404000230,NEF,37,14,"1,276",10.15,12951.4
2021010404000229,NEF,37,42,483,10.15,4902.45
2021010404000208,NEF,37,42,241,10.15,2446.15
2021010404000114,NEF,37,44,483,10.15,4902.45
2021010404000111,NEF,37,41,414,10.15,4202.1
2021010404000104,NEF,37,41,"2,000",10.15,20300.0
2021010404000065,NEF,17,25,435,10.1,4393.5
2021010404000048,NEF,17,56,"1,207",10.1,12190.7
2021010404000154,NEF,37,22,"1,541",10.15,15641.15
2021010404000153,NEF,37,22,873,10.15,8860.95
2021010404000151,NEF,37,28,"1,127",10.15,11439.05
2021010404000136,NEF,39,28,500,10.11,5055.0
2021010404000135,NEF,39,44,380,10.11,3841.8
2021010404000134,NEF,37,44,103,10.15,1045.45
2021010404000189,NEF,38,43,"1,000",10.19,10190.0
2021010404000172,NEF,19,49,"1,448",10.15,14697.2
2021010404000168,NEF,19,54,483,10.15,4902.45
2021010404000160,NEF,19,53,472,10.15,4790.8
2021010404000157,NEF,37,53,"1,000",10.15,10150.0
2021010404000156,NEF,37,53,459,10.15,4658.85
2021010404000335,NIBLPF,54,47,250,10.41,2602.5
2021010404000312,NIBLPF,26,54,437,10.41,4549.17
2021010404000311,NIBLPF,26,47,"1,292",10.4,13436.8
2021010404000289,NIBLPF,54,47,250,10.4,2600.0
2021010404000278,NIBLPF,26,47,"1,729",10.4,17981.6
2021010404000273,NIBLPF,26,47,"2,000",10.4,20800.0
2021010404000117,NIBLPF,17,44,253,10.4,2631.2
2021010404000084,NIBLPF,17,6,303,10.4,3151.2
2021010404000083,NIBLPF,56,6,"2,222",10.4,23108.8
2021010404000071,NIBLPF,56,44,253,10.4,2631.2
2021010404000063,NIBLPF,56,22,"2,525",10.4,26260.0
2021010404000149,NIBLPF,17,28,"1,000",10.4,10400.0
2021010404000144,NIBLPF,17,47,"18,000",10.4,187200.0
2021010404000143,NIBLPF,26,47,"2,000",10.41,20820.0
2021010404000137,NIBLPF,17,28,"1,000",10.4,10400.0
2021010404000133,NIBLPF,17,47,"10,000",10.4,104000.0
2021010404000132,NIBLPF,17,47,"10,000",10.42,104200.0
2021010404000217,NIBLPF,17,47,"3,000",10.4,31200.0
2021010404000216,NIBLPF,26,47,"3,000",10.41,31230.0
2021010404000215,NIBLPF,26,47,"2,000",10.41,20820.0
2021010404000214,NIBLPF,17,47,"2,000",10.41,20820.0
2021010404000163,NIBLPF,17,47,"8,000",10.41,83280.0
2021010404000162,NIBLPF,26,47,"2,000",10.41,20820.0
2021010404000267,NIBLPF,26,47,"1,729",10.4,17981.6
2021010404000242,NIBLPF,26,47,"3,000",10.4,31200.0
2021010404000226,NIBLPF,26,3,444,10.42,4626.48
2021010404000225,NIBLPF,26,47,"1,556",10.4,16182.4
2021010404000223,NIBLPF,26,47,"2,000",10.4,20800.0
2021010404000222,NIBLPF,17,47,"16,444",10.4,171017.6
2021010404000376,NIBPO,16,11,300,465.0,139500.0
2021010404000375,NIBPO,16,58,100,465.0,46500.0
2021010404000369,NIBPO,19,58,400,465.0,186000.0
2021010404000344,NIBPO,21,42,50,466.0,23300.0
2021010404000327,NIBPO,19,37,600,465.0,279000.0
2021010404000326,NIBPO,44,37,400,465.0,186000.0
2021010404000049,NIBPO,26,28,"1,000",470.0,470000.0
2021010404000029,NIBPO,26,28,"1,000",470.0,470000.0
2021010404000010,NIBPO,11,33,300,475.0,142500.0
2021010404000004,NIBPO,21,33,100,469.0,46900.0
2021010404000060,NIBPO,16,28,"1,000",470.0,470000.0
2021010404000056,NIBPO,16,28,"1,000",470.0,470000.0
2021010404000055,NIBPO,26,28,"1,000",470.0,470000.0
2021010404000054,NIBPO,52,28,"1,200",474.0,568800.0
2021010404000053,NIBPO,52,11,400,473.0,189200.0
2021010404000052,NIBPO,52,34,400,473.0,189200.0
2021010404000175,NIBPO,43,42,"2,000",466.0,932000.0
2021010404000174,NIBPO,14,42,11,466.0,5126.0
2021010404000173,NIBPO,14,42,10,466.0,4660.0
2021010404000112,NIBPO,16,33,834,467.0,389478.0
2021010404000099,NIBPO,16,17,110,467.0,51370.0
2021010404000098,NIBPO,16,21,56,467.0,26152.0
2021010404000181,NIBPO,49,42,130,466.0,60580.0
2021010404000180,NIBPO,42,42,500,466.0,233000.0
2021010404000179,NIBPO,11,42,300,466.0,139800.0
2021010404000178,NIBPO,14,42,10,466.0,4660.0
2021010404000177,NIBPO,14,42,11,466.0,5126.0
2021010404000176,NIBPO,14,42,11,466.0,5126.0
2021010404000295,NIBPO,16,10,431,466.0,200846.0
2021010404000286,NIBPO,44,10,500,466.0,233000.0
2021010404000248,NIBPO,16,10,509,466.0,237194.0
2021010404000247,NIBPO,16,42,91,466.0,42406.0
2021010404000241,NIBPO,16,42,130,466.0,60580.0
2021010404000240,NIBPO,16,42,870,466.0,405420.0
2021010404000325,NIBPO,33,42,400,466.0,186400.0
2021010404000322,NIBPO,33,42,400,466.0,186400.0
2021010404000307,NIBPO,11,21,153,467.0,71451.0
2021010404000306,NIBPO,11,33,47,467.0,21949.0
2021010404000297,NIBPO,16,33,119,467.0,55573.0
2021010404000296,NIBPO,16,46,50,466.0,23300.0
2021010404000371,NIBSF1,17,34,200,11.5,2300.0
2021010404000342,NIBSF1,17,17,"3,478",11.5,39997.0
2021010404000341,NIBSF1,20,17,"1,522",11.6,17655.2
2021010404000323,NIBSF1,20,59,"3,478",11.6,40344.8
2021010404000319,NIBSF1,20,56,"5,000",11.6,58000.0
2021010404000315,NIBSF1,20,56,"1,000",11.6,11600.0
2021010404000073,NIBSF1,28,22,"4,373",11.45,50070.85
2021010404000072,NIBSF1,28,22,"3,700",11.45,42365.0
2021010404000067,NIBSF1,28,34,"1,300",11.45,14885.0
2021010404000195,NIBSF1,20,52,"5,000",11.6,58000.0
2021010404000194,NIBSF1,20,13,"3,500",11.6,40600.0
2021010404000140,NIBSF1,17,28,500,11.5,5750.0
2021010404000139,NIBSF1,17,16,"2,270",11.5,26105.0
2021010404000081,NIBSF1,28,34,171,11.45,1957.95
2021010404000075,NIBSF1,58,16,130,11.5,1495.0
2021010404000314,NIBSF1,20,56,"4,000",11.6,46400.0
2021010404000308,NIBSF1,20,56,"5,000",11.6,58000.0
2021010404000298,NIBSF1,20,8,"2,000",11.6,23200.0
2021010404000201,NIBSF1,17,34,500,11.5,5750.0
2021010404000197,NIBSF1,20,49,"4,770",11.64,55522.8
2021010404000196,NIBSF1,20,1,"2,500",11.6,29000.0
2021010404000299,NICAD8283,3,20,25,1118.0,27950.0
2021010404000165,NICAD8283,7,57,50,1120.0,56000.0
2021010404000331,NICBF,17,56,100,10.17,1017.0
2021010404000313,NICBF,17,55,500,10.17,5085.0
2021010404000304,NICBF,17,43,300,10.17,3051.0
2021010404000303,NICBF,17,33,100,10.17,1017.0
2021010404000190,NICBF,53,38,100,10.1,1010.0
2021010404000125,NICBF,53,56,500,10.1,5050.0
2021010404000008,NICBF,58,29,450,10.0,4500.0
2021010404000096,NICBF,53,48,200,10.1,2020.0
2021010404000088,NICBF,58,39,"7,000",10.1,70700.0
2021010404000087,NICBF,58,36,500,10.1,5050.0
2021010404000086,NICBF,58,48,500,10.1,5050.0
2021010404000025,NICBF,58,46,"2,000",9.98,19960.0
2021010404000015,NICBF,58,58,"1,000",9.98,9980.0
2021010404000370,NICGF,7,53,"1,000",10.5,10500.0
2021010404000235,NICGF,17,50,100,10.4,1040.0
2021010404000234,NICGF,16,50,"2,900",10.41,30189.0
2021010404000233,NICGF,26,50,"2,000",10.42,20840.0
2021010404000228,NICGF,16,29,100,10.41,1041.0
2021010404000211,NICGF,56,53,"3,250",10.5,34125.0
2021010404000024,NICGF,45,32,"1,000",10.36,10360.0
2021010404000169,NICGF,56,55,250,10.5,2625.0
2021010404000128,NICGF,56,59,500,10.5,5250.0
2021010404000127,NICGF,56,41,"1,000",10.5,10500.0
2021010404000095,NICGF,17,21,500,10.4,5200.0
2021010404000069,NICGF,17,44,500,10.4,5200.0
2021010404000042,NICGF,37,22,500,10.36,5180.0
2021010403016377,NLIC,22,34,43,2400.0,103200.0
2021010403016376,NLIC,51,34,50,2400.0,120000.0
2021010403016375,NLIC,46,34,100,2400.0,240000.0
2021010403016374,NLIC,53,34,60,2400.0,144000.0
2021010403016373,NLIC,1,34,200,2400.0,480000.0
2021010403016372,NLIC,45,34,47,2400.0,112800.0
2021010403016316,NLIC,51,3,17,2405.0,40885.0
2021010403016311,NLIC,45,3,100,2405.0,240500.0
2021010403016301,NLIC,37,3,50,2405.0,120250.0
2021010403016300,NLIC,46,3,10,2405.0,24050.0
2021010403016299,NLIC,45,3,300,2405.0,721500.0
2021010403016371,NLIC,57,3,100,2405.0,240500.0
2021010403016363,NLIC,45,35,53,2400.0,127200.0
2021010403016362,NLIC,40,35,20,2400.0,48000.0
2021010403016361,NLIC,53,35,12,2401.0,28812.0
2021010403016360,NLIC,6,35,15,2403.0,36045.0
2021010403016340,NLIC,36,3,98,2405.0,235690.0
2021010403016421,NLICL,56,41,28,1148.0,32144.0
2021010403016420,NLICL,56,4,150,1147.0,172050.0
2021010403016419,NLICL,56,41,200,1146.0,229200.0
2021010403016418,NLICL,56,14,180,1145.0,206100.0
2021010403016417,NLICL,56,41,100,1144.0,114400.0
2021010403016378,NLICL,39,41,50,1144.0,57200.0
2021010403016355,NLICL,5,14,20,1145.0,22900.0
2021010404000338,NMB50,49,59,"97,500",10.25,999375.0
2021010404000337,NMB50,49,59,"2,500",10.25,25625.0
2021010404000336,NMB50,49,59,"97,500",10.25,999375.0
2021010404000283,NMB50,42,59,"2,500",10.25,25625.0
2021010404000188,NMB50,17,59,"80,000",10.2,816000.0
2021010404000187,NMB50,49,59,"10,000",10.21,102100.0
2021010404000041,NMB50,56,22,"9,850",10.25,100962.5
2021010404000040,NMB50,56,48,150,10.25,1537.5
2021010404000030,NMB50,10,36,300,10.12,3036.0
2021010404000017,NMB50,3,58,"1,000",10.05,10050.0
2021010404000186,NMB50,49,59,"10,000",10.21,102100.0
2021010404000159,NMB50,58,54,100,10.25,1025.0
2021010404000091,NMB50,58,48,150,10.25,1537.5
2021010404000090,NMB50,58,48,100,10.25,1025.0
2021010404000080,NMB50,58,22,"10,000",10.25,102500.0
2021010404000058,NMB50,58,22,"1,350",10.25,13837.5
2021010404000360,NMBHF1,17,44,832,10.1,8403.2
2021010404000343,NMBHF1,17,56,"30,000",10.1,303000.0
2021010404000340,NMBHF1,17,50,"5,000",10.1,50500.0
2021010404000202,NMBHF1,56,18,424,10.2,4324.8
2021010404000161,NMBHF1,56,14,"2,080",10.2,21216.0
2021010404000158,NMBHF1,56,44,832,10.2,8486.4
2021010404000126,NMBHF1,56,44,832,10.2,8486.4
2021010404000034,NMBHF1,56,41,832,10.2,8486.4
2021010403016396,NMFBS,57,7,60,2290.0,137400.0
2021010403016416,NRIC,44,38,117,1520.0,177840.0
2021010403016415,NRIC,42,38,200,1521.0,304200.0
2021010403016414,NRIC,32,38,80,1521.0,121680.0
2021010403016413,NRIC,48,38,100,1522.0,152200.0
2021010403016412,NRIC,8,38,20,1522.0,30440.0
2021010403016411,NRIC,19,38,10,1522.0,15220.0
2021010403016320,NRIC,6,57,30,1527.0,45810.0
2021010403016310,NRIC,6,34,10,1527.0,15270.0
2021010403016306,NRIC,6,29,20,1527.0,30540.0
2021010403016305,NRIC,4,29,10,1527.0,15270.0
2021010403016298,NRIC,36,37,50,1525.0,76250.0
2021010403016331,NRIC,42,42,195,1525.0,297375.0
2021010403016330,NRIC,28,16,100,1525.0,152500.0
2021010403016328,NRIC,51,16,10,1525.0,15250.0
2021010403016327,NRIC,56,16,25,1526.0,38150.0
2021010403016326,NRIC,17,16,40,1527.0,61080.0
2021010403016325,NRIC,6,16,15,1527.0,22905.0
2021010403016366,NRIC,28,37,11,1525.0,16775.0
2021010403016365,NRIC,28,42,89,1525.0,135725.0
2021010403016356,NRIC,6,42,116,1525.0,176900.0
2021010403016353,NRIC,45,42,100,1525.0,152500.0
2021010403016338,NRIC,14,49,40,1523.0,60920.0
2021010403016337,NRIC,56,49,40,1523.0,60920.0
2021010403016398,NRIC,14,38,100,1526.0,152600.0
2021010403016397,NRIC,49,38,10,1527.0,15270.0
2021010403016388,NRIC,49,29,90,1527.0,137430.0
2021010403016382,NRIC,1,29,100,1527.0,152700.0
2021010403016368,NRIC,10,29,10,1527.0,15270.0
2021010403016367,NRIC,58,29,50,1527.0,76350.0
2021010403016404,NRIC,45,38,43,1524.0,65532.0
2021010403016403,NRIC,17,38,50,1525.0,76250.0
2021010403016402,NRIC,43,38,100,1525.0,152500.0
2021010403016401,NRIC,28,38,100,1525.0,152500.0
2021010403016400,NRIC,14,38,50,1525.0,76250.0
2021010403016399,NRIC,44,38,50,1525.0,76250.0
2021010403016410,NRIC,20,38,10,1522.0,15220.0
2021010403016409,NRIC,36,38,500,1522.0,761000.0
2021010403016408,NRIC,47,38,20,1522.0,30440.0
2021010403016407,NRIC,34,38,40,1523.0,60920.0
2021010403016406,NRIC,16,38,360,1523.0,548280.0
2021010403016405,NRIC,55,38,40,1523.0,60920.0
2021010403016380,NTC,10,45,10,1291.0,12910.0
2021010403016350,NTC,19,47,10,1300.0,13000.0
2021010403016349,NTC,10,47,100,1300.0,130000.0
2021010403016348,NTC,10,49,500,1300.0,650000.0
2021010403016347,NTC,10,50,50,1300.0,65000.0
2021010403016346,NTC,10,45,100,1300.0,130000.0
2021010403016345,NTC,10,34,40,1300.0,52000.0
2021010403016344,NTC,10,34,154,1300.0,200200.0
2021010403016343,NTC,10,34,20,1300.0,26000.0
2021010403016342,NTC,10,48,90,1300.0,117000.0
2021010403016341,NTC,10,52,10,1290.0,12900.0
2021010403016329,OHL,33,34,110,472.0,51920.0
2021010404000164,PICLPO,17,4,"92,378",268.0,24757304.0
2021010404000373,PLI,53,53,2,144.0,288.0
2021010404000359,PLI,48,50,10,145.0,1450.0
2021010404000305,PLI,48,58,10,145.0,1450.0
2021010404000255,PLI,48,1,10,145.0,1450.0
2021010404000251,PLI,48,35,10,145.0,1450.0
2021010404000239,PLI,48,49,10,145.0,1450.0
2021010404000068,PLI,48,52,10,143.0,1430.0
2021010403016387,RLI,42,35,300,609.0,182700.0
2021010403016381,RLI,42,48,10,609.0,6090.0
2021010403016314,RLI,42,13,10,609.0,6090.0
2021010403016313,RLI,42,21,10,609.0,6090.0
2021010404000361,SAEF,17,49,200,11.5,2300.0
2021010404000358,SAEF,49,10,"1,200",11.46,13752.0
2021010404000357,SAEF,37,10,"1,000",11.46,11460.0
2021010404000356,SAEF,49,10,"26,000",11.5,299000.0
2021010404000355,SAEF,7,10,"12,300",11.5,141450.0
2021010404000328,SAEF,7,32,"1,000",11.5,11500.0
2021010404000119,SAEF,7,6,"4,000",11.6,46400.0
2021010404000118,SAEF,17,6,"10,000",11.61,116100.0
2021010404000047,SAEF,7,19,"1,000",11.6,11600.0
2021010404000031,SAEF,21,29,200,11.4,2280.0
2021010404000213,SAEF,37,46,"1,000",11.46,11460.0
2021010404000152,SAEF,17,17,"3,500",11.45,40075.0
2021010404000150,SAEF,17,17,"5,000",11.45,57250.0
2021010404000141,SAEF,17,28,"1,000",11.45,11450.0
2021010404000121,SAEF,48,6,"30,000",11.5,345000.0
2021010404000120,SAEF,41,6,"20,000",11.5,230000.0
2021010404000261,SAEF,49,10,"6,000",11.5,69000.0
2021010404000252,SAEF,49,10,"26,000",11.5,299000.0
2021010404000250,SAEF,7,10,"26,000",11.5,299000.0
2021010404000238,SAEF,49,10,"26,000",11.5,299000.0
2021010404000224,SAEF,7,10,"26,000",11.5,299000.0
2021010404000220,SAEF,7,6,"26,000",11.5,299000.0
2021010404000302,SAEF,7,49,200,11.5,2300.0
2021010404000293,SAEF,7,58,"12,500",11.5,143750.0
2021010404000292,SAEF,49,58,"13,000",11.5,149500.0
2021010404000285,SAEF,49,6,"3,000",11.5,34500.0
2021010404000263,SAEF,49,16,"3,000",11.5,34500.0
2021010404000262,SAEF,49,33,"1,000",11.5,11500.0
2021010404000033,SAND2085,17,6,24,1050.0,25200.0
2021010404000167,SBIBD86,17,38,50,1050.0,52500.0
2021010404000115,SBLD2082,47,6,465,1070.0,497550.0
2021010404000097,SBLD2082,47,55,500,1070.0,535000.0
2021010404000018,SBLPO,28,59,"66,976",190.0,12725440.0
2021010404000347,SEF,17,54,"1,000",10.42,10420.0
2021010404000309,SEF,17,58,"20,300",10.4,211120.0
2021010404000274,SEF,19,39,"4,000",10.5,42000.0
2021010404000272,SEF,19,39,303,10.5,3181.5
2021010404000271,SEF,19,50,"1,500",10.49,15735.0
2021010404000270,SEF,19,57,500,10.4,5200.0
2021010404000094,SEF,17,58,"20,000",10.35,207000.0
2021010404000066,SEF,17,42,"3,000",10.3,30900.0
2021010404000021,SEF,20,32,"1,500",10.2,15300.0
2021010404000110,SEF,8,25,803,10.4,8351.2
2021010404000109,SEF,8,52,800,10.4,8320.0
2021010404000108,SEF,8,50,"10,000",10.4,104000.0
2021010404000107,SEF,8,50,"10,000",10.4,104000.0
2021010404000106,SEF,8,22,"21,397",10.4,222528.8
2021010404000105,SEF,8,42,"1,000",10.39,10390.0
2021010404000146,SEF,8,4,500,10.4,5200.0
2021010404000145,SEF,8,58,500,10.4,5200.0
2021010404000138,SEF,8,19,"1,000",10.4,10400.0
2021010404000131,SEF,8,22,"1,000",10.4,10400.0
2021010404000130,SEF,8,22,"1,000",10.4,10400.0
2021010404000129,SEF,8,25,197,10.4,2048.8
2021010404000269,SEF,19,22,"1,697",10.4,17648.8
2021010404000259,SEF,8,22,"45,000",10.4,468000.0
2021010404000258,SEF,8,22,"38,303",10.4,398351.2
2021010404000257,SEF,8,22,"44,000",10.4,457600.0
2021010404000212,SEF,8,50,"2,000",10.4,20800.0
2021010404000155,SEF,8,17,500,10.4,5200.0
2021010403016323,SFCL,44,34,180,130.0,23400.0
2021010403016322,SFCL,44,6,20,130.0,2600.0
2021010404000324,SFMF,49,41,500,10.27,5135.0
2021010404000291,SFMF,49,40,100,10.27,1027.0
2021010404000221,SFMF,53,38,300,10.26,3078.0
2021010404000219,SFMF,53,38,500,10.26,5130.0
2021010404000218,SFMF,53,38,500,10.26,5130.0
2021010404000207,SFMF,53,38,500,10.26,5130.0
2021010404000205,SFMF,53,38,300,10.26,3078.0
2021010404000171,SFMF,53,10,"1,000",10.26,10260.0
2021010404000148,SFMF,53,38,100,10.26,1026.0
2021010404000142,SFMF,53,22,"28,000",10.26,287280.0
2021010404000061,SFMF,49,29,160,10.06,1609.6
2021010403016351,SHINE,42,58,100,239.0,23900.0
2021010403016339,SLBBL,49,45,100,1100.0,110000.0
2021010403016386,SLBS,42,28,80,1320.0,105600.0
2021010403016385,SLBS,42,28,120,1320.0,158400.0
2021010403016312,SLBSL,1,26,40,947.0,37880.0
2021010403016359,SMB,25,57,150,1082.0,162300.0
2021010403016392,SNLB,14,38,26,988.0,25688.0
2021010404000275,SRD80,17,58,25,1050.0,26250.0
2021010404000260,SRD80,17,57,25,1050.0,26250.0
2021010404000374,STC,52,52,10,6895.0,68950.0
2021010404000368,STC,39,34,10,6895.0,68950.0
2021010404000367,STC,34,14,20,6777.0,135540.0
2021010404000366,STC,14,14,15,6778.0,101670.0
2021010404000365,STC,26,14,20,6780.0,135600.0
2021010404000364,STC,26,14,20,6780.0,135600.0
2021010404000005,STC,48,59,10,7200.0,72000.0
2021010404000003,STC,14,40,44,7250.0,319000.0
2021010404000002,STC,17,40,46,7250.0,333500.0
2021010404000001,STC,56,40,10,7254.0,72540.0
2021010404000026,STC,14,7,10,7175.0,71750.0
2021010404000016,STC,28,33,10,7199.0,71990.0
2021010404000012,STC,55,52,39,7200.0,280800.0
2021010404000009,STC,14,58,50,7250.0,362500.0
2021010404000007,STC,21,52,10,7250.0,72500.0
2021010404000006,STC,55,8,11,7200.0,79200.0
2021010404000123,STC,43,7,10,6915.0,69150.0
2021010404000122,STC,25,7,15,6915.0,103725.0
2021010404000100,STC,59,4,10,7035.0,70350.0
2021010404000085,STC,25,41,20,7035.0,140700.0
2021010404000035,STC,38,52,10,7056.0,70560.0
2021010404000032,STC,52,52,10,7056.0,70560.0
2021010404000348,STC,39,52,10,6895.0,68950.0
2021010404000346,STC,42,33,10,6895.0,68950.0
2021010404000301,STC,1,34,10,6895.0,68950.0
2021010404000265,STC,45,58,10,6900.0,69000.0
2021010404000203,STC,45,58,10,6900.0,69000.0
2021010404000124,STC,43,7,10,6915.0,69150.0
2021010404000363,STC,14,14,15,6790.0,101850.0
2021010404000362,STC,38,14,10,6800.0,68000.0
2021010404000352,STC,39,32,10,6895.0,68950.0
2021010404000351,STC,39,52,10,6895.0,68950.0
2021010404000350,STC,39,41,10,6895.0,68950.0
2021010404000349,STC,39,41,10,6895.0,68950.0
2021010403016389,SWBBL,53,32,10,1668.0,16680.0
2021010403016147,ALBSL,5,21,11,1100.0,12100.0
2021010403015943,ALBSL,5,58,11,1100.0,12100.0
2021010403016134,ALICL,50,41,30,940.0,28200.0
2021010403016133,ALICL,53,41,170,940.0,159800.0
2021010403015953,ALICL,53,43,30,940.0,28200.0
2021010403015952,ALICL,3,43,20,940.0,18800.0
2021010403015951,ALICL,58,43,25,945.0,23625.0
2021010403015950,ALICL,47,43,15,945.0,14175.0
2021010403015949,ALICL,47,43,10,945.0,9450.0
2021010403015948,ALICL,44,43,200,948.0,189600.0
2021010403015857,ALICL,39,36,125,949.0,118625.0
2021010403015856,ALICL,39,35,75,949.0,71175.0
2021010403015855,ALICL,39,4,100,949.0,94900.0
2021010403015800,ALICL,39,6,200,948.0,189600.0
2021010403016100,BFC,42,34,400,140.0,56000.0
2021010403016099,BFC,42,37,95,140.0,13300.0
2021010403016242,CBBL,47,25,80,1197.0,95760.0
2021010403016238,CBBL,52,5,10,1195.0,11950.0
2021010403016094,CBBL,59,25,50,1197.0,59850.0
2021010403016283,CIT,44,41,80,3406.0,272480.0
2021010403016282,CIT,39,41,10,3407.0,34070.0
2021010403016281,CIT,56,41,10,3407.0,34070.0
2021010403016261,CIT,56,49,20,3407.0,68140.0
2021010403016187,CIT,21,49,30,3407.0,102210.0
2021010403016170,CIT,34,49,10,3407.0,34070.0
2021010403015866,CIT,1,41,10,3415.0,34150.0
2021010403015827,CIT,1,42,40,3419.0,136760.0
2021010403015826,CIT,1,50,30,3418.0,102540.0
2021010403015825,CIT,1,37,70,3418.0,239260.0
2021010403016169,CIT,1,49,40,3410.0,136400.0
2021010403016114,CIT,8,34,10,3420.0,34200.0
2021010403016085,CIT,53,17,50,3417.0,170850.0
2021010403015899,CIT,21,26,100,3420.0,342000.0
2021010403015868,CIT,1,26,70,3420.0,239400.0
2021010403015867,CIT,1,42,60,3419.0,205140.0
2021010403016097,CLBSL,21,39,113,799.0,90287.0
2021010403016096,CLBSL,21,39,67,799.0,53533.0
2021010403016023,CLBSL,58,39,20,800.0,16000.0
2021010403016063,FMDBL,6,22,500,589.0,294500.0
2021010403016144,FOWAD,33,18,20,2300.0,46000.0
2021010403016115,FOWAD,33,35,10,2300.0,23000.0
2021010403015835,FOWAD,41,18,50,2314.0,115700.0
2021010403015806,FOWAD,8,18,24,2298.0,55152.0
2021010403015805,FOWAD,42,18,10,2300.0,23000.0
2021010403015804,FOWAD,58,18,16,2305.0,36880.0
2021010403016277,GBBL,57,42,500,309.0,154500.0
2021010403016117,GBBL,13,42,"1,000",309.0,309000.0
2021010403016108,GBBL,10,42,"2,000",309.0,618000.0
2021010403016050,GBBL,13,42,"1,000",309.0,309000.0
2021010403015977,GBBL,59,42,"1,000",309.0,309000.0
2021010403015976,GBBL,4,42,"5,000",309.0,1545000.0
2021010403015975,GBBL,1,42,500,310.0,155000.0
2021010403015974,GBBL,13,42,359,310.0,111290.0
2021010403015871,GBBL,13,39,641,310.0,198710.0
2021010403015840,GBBL,42,39,52,310.0,16120.0
2021010403015820,GBBL,1,39,307,310.0,95170.0
2021010403016166,GBLBS,6,58,763,580.0,442540.0
2021010403016165,GBLBS,29,1,200,579.0,115800.0
2021010403016010,GBLBS,16,58,955,580.0,553900.0
2021010403016009,GBLBS,59,58,"1,000",580.0,580000.0
2021010403016008,GBLBS,14,58,200,580.0,116000.0
2021010403016007,GBLBS,58,58,10,580.0,5800.0
2021010403015896,GBLBS,26,17,111,588.0,65268.0
2021010403015934,GBLBS,41,7,200,586.0,117200.0
2021010403015933,GBLBS,53,7,15,586.0,8790.0
2021010403015932,GBLBS,38,7,10,586.0,5860.0
2021010403015931,GBLBS,45,7,100,586.0,58600.0
2021010403015930,GBLBS,1,7,200,587.0,117400.0
2021010403015929,GBLBS,32,7,300,587.0,176100.0
2021010403016000,GBLBS,26,58,100,582.0,58200.0
2021010403015999,GBLBS,57,58,100,582.0,58200.0
2021010403015998,GBLBS,55,58,500,582.0,291000.0
2021010403015997,GBLBS,49,58,"2,500",584.0,1460000.0
2021010403015996,GBLBS,29,58,500,585.0,292500.0
2021010403015995,GBLBS,33,58,100,585.0,58500.0
2021010403016006,GBLBS,55,58,500,580.0,290000.0
2021010403016005,GBLBS,10,58,100,580.0,58000.0
2021010403016004,GBLBS,45,58,200,580.0,116000.0
2021010403016003,GBLBS,57,58,222,581.0,128982.0
2021010403016002,GBLBS,1,58,150,581.0,87150.0
2021010403016001,GBLBS,38,58,100,582.0,58200.0
2021010403016058,GFCL,55,35,825,194.0,160050.0
2021010403016057,GFCL,10,35,50,194.0,9700.0
2021010403016056,GFCL,48,35,100,195.0,19500.0
2021010403016055,GFCL,34,35,25,195.0,4875.0
2021010403015884,GFCL,44,41,300,195.0,58500.0
2021010403015936,GLBSL,45,52,10,872.0,8720.0
2021010403016106,GLICL,41,50,100,626.0,62600.0
2021010403016038,GLICL,38,8,30,620.0,18600.0
2021010403016037,GLICL,25,8,20,621.0,12420.0
2021010403016036,GLICL,57,8,100,621.0,62100.0
2021010403016035,GLICL,41,8,100,622.0,62200.0
2021010403016034,GLICL,57,8,150,623.0,93450.0
2021010403015969,GLICL,42,11,18,625.0,11250.0
2021010403016138,GMFBS,26,45,73,1020.0,74460.0
2021010403016137,GMFBS,18,45,27,1020.0,27540.0
2021010403016220,GMFIL,18,49,"1,455",206.0,299730.0
2021010403016219,GMFIL,44,49,280,206.0,57680.0
2021010403016218,GMFIL,29,49,40,207.0,8280.0
2021010403016217,GMFIL,21,49,100,207.0,20700.0
2021010403016216,GMFIL,52,49,25,207.0,5175.0
2021010403016113,GMFIL,38,14,50,208.0,10400.0
2021010403016181,GMFIL,5,38,100,207.0,20700.0
2021010403016173,GMFIL,58,3,82,208.0,17056.0
2021010403016172,GMFIL,58,3,20,208.0,4160.0
2021010403016171,GMFIL,58,43,138,208.0,28704.0
2021010403016132,GMFIL,41,3,80,208.0,16640.0
2021010403016131,GMFIL,41,14,120,208.0,24960.0
2021010403016240,GRDBL,57,41,10,148.0,1480.0
2021010403016033,GUFL,5,45,150,205.0,30750.0
2021010403016032,GUFL,25,45,100,206.0,20600.0
2021010403016244,HIDCL,25,41,490,263.0,128870.0
2021010403016202,HIDCL,8,10,300,265.0,79500.0
2021010403016201,HIDCL,8,38,50,265.0,13250.0
2021010403016200,HIDCL,8,54,61,265.0,16165.0
2021010403016199,HIDCL,8,42,31,265.0,8215.0
2021010403016198,HIDCL,8,26,"1,000",265.0,265000.0
2021010403015823,HIDCL,29,35,20,264.0,5280.0
2021010403016191,HIDCL,8,54,50,264.0,13200.0
2021010403016190,HIDCL,8,44,100,264.0,26400.0
2021010403016189,HIDCL,8,10,31,264.0,8184.0
2021010403016150,HIDCL,25,48,100,263.0,26300.0
2021010403015906,HIDCL,25,35,904,263.0,237752.0
2021010403015824,HIDCL,42,35,200,264.0,52800.0
2021010403016197,HIDCL,8,19,47,265.0,12455.0
2021010403016196,HIDCL,8,57,100,265.0,26500.0
2021010403016195,HIDCL,8,57,360,265.0,95400.0
2021010403016194,HIDCL,8,33,600,265.0,159000.0
2021010403016193,HIDCL,8,51,167,265.0,44255.0
2021010403016192,HIDCL,8,11,"1,674",264.0,441936.0
2021010403016280,ILBS,35,8,34,1046.0,35564.0
2021010403016239,ILBS,45,8,50,1046.0,52300.0
2021010403016078,ILBS,44,8,90,1046.0,94140.0
2021010403016053,ILBS,38,8,200,1046.0,209200.0
2021010403016164,JBBL,57,59,200,229.0,45800.0
2021010403016105,JBBL,57,56,77,229.0,17633.0
2021010403016104,JBBL,41,56,73,229.0,16717.0
2021010403016062,JBBL,41,48,27,229.0,6183.0
2021010403016061,JBBL,4,48,73,229.0,16717.0
2021010403015959,JBBL,51,34,100,230.0,23000.0
2021010403016136,JFL,47,39,553,254.0,140462.0
2021010403016135,JFL,58,39,447,254.0,113538.0
2021010403016111,JFL,58,39,53,254.0,13462.0
2021010403016110,JFL,39,39,947,254.0,240538.0
2021010403015991,JFL,39,4,53,254.0,13462.0
2021010403015990,JFL,49,4,10,254.0,2540.0
2021010403015989,JFL,42,4,50,254.0,12700.0
2021010403015988,JFL,4,4,125,254.0,31750.0
2021010403015987,JFL,4,4,"1,762",254.0,447548.0
2021010403016109,KLBSL,53,17,40,1190.0,47600.0
2021010403015963,KLBSL,53,33,20,1189.0,23780.0
2021010403015962,KLBSL,53,44,49,1189.0,58261.0
2021010403016247,KMCDB,58,7,270,873.0,235710.0
2021010403016243,KMCDB,25,53,10,883.0,8830.0
2021010403016188,KMCDB,25,7,40,874.0,34960.0
2021010403016148,KMCDB,26,7,40,876.0,35040.0
2021010403016093,KMCDB,26,57,10,876.0,8760.0
2021010403016284,KRBL,36,32,500,136.0,68000.0
2021010403016176,KSBBL,57,48,548,219.0,120012.0
2021010403016175,KSBBL,41,48,200,219.0,43800.0
2021010403016174,KSBBL,46,48,80,219.0,17520.0
2021010403015961,KSBBL,46,35,920,219.0,201480.0
2021010403015960,KSBBL,51,35,80,219.0,17520.0
2021010403015859,LBBL,54,25,50,206.0,10300.0
2021010403016184,LICN,29,14,50,1990.0,99500.0
2021010403016087,LICN,42,14,30,1990.0,59700.0
2021010403016051,LICN,50,14,35,1990.0,69650.0
2021010403015839,LICN,29,14,50,1994.0,99700.0
2021010403016142,MERO,32,53,50,906.0,45300.0
2021010403015924,MERO,50,7,27,901.0,24327.0
2021010403015923,MERO,50,49,200,900.0,180000.0
2021010403015922,MERO,50,1,100,900.0,90000.0
2021010403015921,MERO,50,50,39,900.0,35100.0
2021010403015928,MERO,50,45,20,905.0,18100.0
2021010403015927,MERO,50,57,30,904.0,27120.0
2021010403015926,MERO,50,43,173,902.0,156046.0
2021010403015925,MERO,50,40,80,901.0,72080.0
2021010403016126,MFIL,34,49,100,325.0,32500.0
2021010403016294,MLBBL,36,42,10,1247.0,12470.0
2021010403016180,MLBL,34,8,500,240.0,120000.0
2021010403016179,MLBL,34,1,500,239.0,119500.0
2021010403016026,MLBL,55,11,69,239.0,16491.0
2021010403016025,MLBL,55,49,23,239.0,5497.0
2021010403016024,MLBL,55,45,"1,140",239.0,272460.0
2021010403015945,MLBL,1,11,16,238.0,3808.0
2021010403015944,MLBL,56,11,18,238.0,4284.0
2021010403015955,MMFDB,1,51,171,1114.0,190494.0
2021010403015905,MMFDB,47,41,500,1115.0,557500.0
2021010403015888,MMFDB,50,14,100,1099.0,109900.0
2021010403016185,MNBBL,13,14,10,349.0,3490.0
2021010403016237,MSMBS,50,34,22,870.0,19140.0
2021010403016130,NFS,7,42,90,208.0,18720.0
2021010403015986,NFS,32,56,30,211.0,6330.0
2021010403016075,NLBBL,18,45,10,1123.0,11230.0
2021010403016074,NLBBL,59,45,50,1123.0,56150.0
2021010403016073,NLBBL,44,45,50,1123.0,56150.0
2021010403015878,NLBBL,57,44,50,1130.0,56500.0
2021010403015803,NLBBL,44,38,100,1140.0,114000.0
2021010403015802,NLBBL,35,38,"1,255",1140.0,1430700.0
2021010403015801,NLBBL,44,34,10,1144.0,11440.0
2021010403016292,NLIC,49,33,50,2407.0,120350.0
2021010403016265,NLIC,58,3,20,2408.0,48160.0
2021010403016221,NLIC,58,17,135,2404.0,324540.0
2021010403016178,NLIC,50,45,15,2409.0,36135.0
2021010403016177,NLIC,50,59,15,2407.0,36105.0
2021010403016168,NLIC,54,59,35,2407.0,84245.0
2021010403015828,NLIC,57,41,20,2400.0,48000.0
2021010403015822,NLIC,57,52,11,2400.0,26400.0
2021010403015818,NLIC,35,21,100,2403.0,240300.0
2021010403015817,NLIC,41,57,50,2400.0,120000.0
2021010403015816,NLIC,53,57,100,2400.0,240000.0
2021010403015886,NLIC,10,38,50,2400.0,120000.0
2021010403015882,NLIC,33,21,25,2403.0,60075.0
2021010403015877,NLIC,10,53,18,2400.0,43200.0
2021010403015876,NLIC,10,21,34,2400.0,81600.0
2021010403015875,NLIC,57,21,17,2400.0,40800.0
2021010403015834,NLIC,57,42,22,2400.0,52800.0
2021010403015992,NLIC,45,41,50,2405.0,120250.0
2021010403015940,NLIC,28,21,56,2403.0,134568.0
2021010403015935,NLIC,10,51,110,2400.0,264000.0
2021010403015908,NLIC,35,21,50,2403.0,120150.0
2021010403015907,NLIC,35,59,100,2400.0,240000.0
2021010403015887,NLIC,10,26,22,2400.0,52800.0
2021010403016021,NLIC,35,56,10,2400.0,24000.0
2021010403016020,NLIC,10,56,766,2400.0,1838400.0
2021010403016019,NLIC,48,56,20,2401.0,48020.0
2021010403016018,NLIC,28,56,144,2403.0,346032.0
2021010403016017,NLIC,45,56,10,2405.0,24050.0
2021010403015993,NLIC,45,59,40,2405.0,96200.0
2021010403016084,NLIC,42,45,20,2405.0,48100.0
2021010403016065,NLIC,42,36,22,2405.0,52910.0
2021010403016060,NLIC,5,13,100,2406.0,240600.0
2021010403016059,NLIC,58,25,15,2403.0,36045.0
2021010403016028,NLIC,49,53,50,2400.0,120000.0
2021010403016022,NLIC,49,56,50,2400.0,120000.0
2021010403016167,NLIC,54,44,65,2407.0,156455.0
2021010403016146,NLIC,13,44,50,2407.0,120350.0
2021010403016145,NLIC,13,38,50,2407.0,120350.0
2021010403016119,NLIC,29,38,100,2407.0,240700.0
2021010403016089,NLIC,33,38,200,2407.0,481400.0
2021010403016086,NLIC,58,3,100,2404.0,240400.0
2021010403016248,NLICL,39,36,20,1142.0,22840.0
2021010403016112,NLICL,58,13,440,1140.0,501600.0
2021010403016102,NLICL,34,29,50,1134.0,56700.0
2021010403016101,NLICL,19,29,50,1136.0,56800.0
2021010403016083,NLICL,19,41,100,1136.0,113600.0
2021010403016076,NLICL,19,41,50,1136.0,56800.0
2021010403015897,NLICL,8,42,150,1136.0,170400.0
2021010403015870,NLICL,8,41,250,1136.0,284000.0
2021010403015863,NLICL,8,45,500,1135.0,567500.0
2021010403015862,NLICL,8,29,100,1130.0,113000.0
2021010403016045,NLICL,19,41,185,1135.0,209975.0
2021010403016044,NLICL,19,51,20,1135.0,22700.0
2021010403016011,NLICL,58,41,15,1135.0,17025.0
2021010403015966,NLICL,58,36,200,1135.0,227000.0
2021010403015941,NLICL,58,39,285,1135.0,323475.0
2021010403015898,NLICL,5,42,50,1130.0,56500.0
2021010403015885,NMBMF,25,21,57,990.0,56430.0
2021010403015852,NMBMF,47,19,15,993.0,14895.0
2021010403015851,NMBMF,47,19,20,993.0,19860.0
2021010403016295,NMFBS,57,25,26,2285.0,59410.0
2021010403016291,NMFBS,38,7,20,2290.0,45800.0
2021010403016272,NMFBS,57,21,16,2285.0,36560.0
2021010403016232,NMFBS,21,7,10,2290.0,22900.0
2021010403016226,NMFBS,42,37,16,2281.0,36496.0
2021010403016225,NMFBS,58,37,10,2281.0,22810.0
2021010403015982,NMFBS,21,26,50,2290.0,114500.0
2021010403015970,NMFBS,19,26,40,2290.0,91600.0
2021010403015807,NMFBS,22,26,10,2290.0,22900.0
2021010403016290,NRIC,49,7,84,1529.0,128436.0
2021010403016289,NRIC,49,22,20,1529.0,30580.0
2021010403016288,NRIC,49,58,50,1528.0,76400.0
2021010403016287,NRIC,49,5,75,1527.0,114525.0
2021010403016267,NRIC,17,41,50,1523.0,76150.0
2021010403016266,NRIC,32,41,250,1527.0,381750.0
2021010403015849,NRIC,52,22,17,1519.0,25823.0
2021010403015821,NRIC,36,22,33,1519.0,50127.0
2021010403015799,NRIC,29,7,20,1520.0,30400.0
2021010403015798,NRIC,29,26,40,1520.0,60800.0
2021010403015874,NRIC,45,17,40,1525.0,61000.0
2021010403015873,NRIC,45,26,50,1524.0,76200.0
2021010403015872,NRIC,45,56,10,1524.0,15240.0
2021010403015864,NRIC,57,32,57,1520.0,86640.0
2021010403015854,NRIC,3,34,30,1517.0,45510.0
2021010403015850,NRIC,52,32,43,1520.0,65360.0
2021010403015894,NRIC,17,26,90,1525.0,137250.0
2021010403015893,NRIC,17,22,10,1525.0,15250.0
2021010403015892,NRIC,17,14,70,1525.0,106750.0
2021010403015891,NRIC,17,6,193,1520.0,293360.0
2021010403015890,NRIC,54,6,50,1520.0,76000.0
2021010403015889,NRIC,29,6,57,1520.0,86640.0
2021010403015939,NRIC,57,11,33,1520.0,50160.0
2021010403015938,NRIC,35,11,10,1524.0,15240.0
2021010403015937,NRIC,17,11,57,1525.0,86925.0
2021010403015919,NRIC,17,17,20,1525.0,30500.0
2021010403015916,NRIC,17,21,40,1525.0,61000.0
2021010403015895,NRIC,17,42,20,1525.0,30500.0
2021010403016027,NRIC,42,40,10,1525.0,15250.0
2021010403015979,NRIC,1,44,59,1520.0,89680.0
2021010403015978,NRIC,57,44,27,1520.0,41040.0
2021010403015973,NRIC,57,38,40,1520.0,60800.0
2021010403015971,NRIC,33,40,20,1525.0,30500.0
2021010403015947,NRIC,45,32,200,1526.0,305200.0
2021010403016067,NRIC,26,18,100,1520.0,152000.0
2021010403016066,NRIC,1,18,151,1520.0,229520.0
2021010403016046,NRIC,59,52,20,1525.0,30500.0
2021010403016031,NRIC,1,22,40,1520.0,60800.0
2021010403016030,NRIC,37,52,40,1525.0,61000.0
2021010403016029,NRIC,37,40,70,1525.0,106750.0
2021010403016098,NRIC,32,6,20,1521.0,30420.0
2021010403016072,NRIC,19,44,20,1525.0,30500.0
2021010403016071,NRIC,19,42,40,1525.0,61000.0
2021010403016070,NRIC,19,52,40,1525.0,61000.0
2021010403016069,NRIC,44,18,29,1520.0,44080.0
2021010403016068,NRIC,35,18,10,1520.0,15200.0
2021010403016141,NRIC,32,49,80,1521.0,121680.0
2021010403016140,NRIC,6,49,70,1522.0,106540.0
2021010403016139,NRIC,45,49,10,1524.0,15240.0
2021010403016129,NRIC,6,29,30,1522.0,45660.0
2021010403016128,NRIC,19,29,10,1525.0,15250.0
2021010403016127,NRIC,19,34,10,1524.0,15240.0
2021010403016235,NRIC,59,5,25,1527.0,38175.0
2021010403016234,NRIC,59,34,10,1526.0,15260.0
2021010403016223,NRIC,45,57,12,1524.0,18288.0
2021010403016215,NRIC,49,34,21,1522.0,31962.0
2021010403016183,NRIC,57,56,30,1523.0,45690.0
2021010403016143,NRIC,42,57,28,1524.0,42672.0
2021010403016264,NRIC,17,57,10,1523.0,15230.0
2021010403016263,NRIC,41,57,10,1523.0,15230.0
2021010403016262,NRIC,14,57,20,1523.0,30460.0
2021010403016260,NRIC,28,35,100,1526.0,152600.0
2021010403016246,NRIC,6,57,10,1526.0,15260.0
2021010403016236,NRIC,42,42,50,1524.0,76200.0
2021010403016241,NRN,47,20,100,353.0,35300.0
2021010403015981,NRN,51,13,80,354.0,28320.0
2021010403015980,NRN,3,13,10,354.0,3540.0
2021010403015965,NRN,3,13,10,354.0,3540.0
2021010403015918,NRN,3,35,80,354.0,28320.0
2021010403015853,NRN,48,35,20,354.0,7080.0
2021010403015832,NRN,47,52,10,353.0,3530.0
2021010403016270,NTC,6,7,200,1288.0,257600.0
2021010403016269,NTC,57,7,250,1288.0,322000.0
2021010403016268,NTC,42,7,50,1290.0,64500.0
2021010403016259,NTC,6,49,50,1288.0,64400.0
2021010403016214,NTC,37,54,45,1288.0,57960.0
2021010403016213,NTC,10,54,25,1288.0,32200.0
2021010403015843,NTC,47,1,100,1285.0,128500.0
2021010403015842,NTC,44,1,50,1285.0,64250.0
2021010403015841,NTC,44,1,220,1287.0,283140.0
2021010403015833,NTC,41,37,50,1290.0,64500.0
2021010403015858,NTC,21,52,10,1285.0,12850.0
2021010403015848,NTC,6,53,150,1291.0,193650.0
2021010403015847,NTC,6,50,100,1290.0,129000.0
2021010403015846,NTC,6,46,19,1290.0,24510.0
2021010403015845,NTC,6,37,32,1290.0,41280.0
2021010403015844,NTC,21,1,30,1285.0,38550.0
2021010403015917,NTC,36,21,15,1287.0,19305.0
2021010403015904,NTC,34,58,252,1295.0,326340.0
2021010403015903,NTC,34,29,100,1295.0,129500.0
2021010403015902,NTC,34,29,10,1295.0,12950.0
2021010403015901,NTC,34,51,88,1295.0,113960.0
2021010403015860,NTC,34,53,50,1291.0,64550.0
2021010403016118,NTC,21,48,100,1295.0,129500.0
2021010403016107,NTC,6,45,200,1290.0,258000.0
2021010403015972,NTC,45,42,225,1290.0,290250.0
2021010403015964,NTC,34,58,98,1295.0,126910.0
2021010403015957,NTC,45,21,75,1290.0,96750.0
2021010403015956,NTC,36,21,25,1291.0,32275.0
2021010403016206,NTC,10,49,100,1299.0,129900.0
2021010403016205,NTC,10,20,500,1298.0,649000.0
2021010403016204,NTC,10,1,385,1290.0,496650.0
2021010403016125,NTC,45,1,50,1290.0,64500.0
2021010403016124,NTC,6,1,50,1290.0,64500.0
2021010403016123,NTC,21,1,15,1295.0,19425.0
2021010403016212,NTC,10,48,10,1300.0,13000.0
2021010403016211,NTC,10,38,10,1300.0,13000.0
2021010403016210,NTC,10,11,175,1300.0,227500.0
2021010403016209,NTC,10,47,50,1300.0,65000.0
2021010403016208,NTC,10,39,255,1299.0,331245.0
2021010403016207,NTC,10,38,15,1299.0,19485.0
2021010403016039,NUBL,49,56,100,1320.0,132000.0
2021010403015958,NUBL,57,22,10,1329.0,13290.0
2021010403016296,OHL,33,55,250,472.0,118000.0
2021010403015967,PFL,17,25,27,171.0,4617.0
2021010403016163,PLIC,42,6,50,775.0,38750.0
2021010403016162,PLIC,53,33,50,780.0,39000.0
2021010403016161,PLIC,53,44,50,779.0,38950.0
2021010403016043,RLFL,55,44,800,167.0,133600.0
2021010403016042,RLFL,32,44,50,167.0,8350.0
2021010403016041,RLFL,57,44,"1,000",167.0,167000.0
2021010403016040,RLFL,45,44,150,167.0,25050.0
2021010403015869,RLFL,56,19,200,168.0,33600.0
2021010403016286,RLI,43,34,35,608.0,21280.0
2021010403016285,RLI,48,34,140,608.0,85120.0
2021010403016203,RLI,48,1,10,608.0,6080.0
2021010403016186,RLI,48,57,10,608.0,6080.0
2021010403016103,RLI,48,49,40,608.0,24320.0
2021010403016090,RLI,29,34,40,609.0,24360.0
2021010403015831,RLI,11,57,120,610.0,73200.0
2021010403015830,RLI,4,57,50,610.0,30500.0
2021010403015829,RLI,34,57,70,611.0,42770.0
2021010403015819,RLI,34,42,10,611.0,6110.0
2021010403015881,RLI,45,38,10,609.0,6090.0
2021010403015880,RLI,45,44,980,609.0,596820.0
2021010403015879,RLI,45,44,920,609.0,560280.0
2021010403015865,RLI,45,6,10,609.0,6090.0
2021010403015861,RLI,45,35,10,609.0,6090.0
2021010403015838,RLI,11,55,380,610.0,231800.0
2021010403016054,RLI,53,34,200,609.0,121800.0
2021010403016052,RLI,58,26,10,609.0,6090.0
2021010403015994,RLI,58,26,10,609.0,6090.0
2021010403015985,RLI,38,55,20,610.0,12200.0
2021010403015954,RLI,58,57,10,609.0,6090.0
2021010403015920,RLI,45,42,10,609.0,6090.0
2021010403016049,RMDC,39,13,19,1180.0,22420.0
2021010403016048,RMDC,39,58,21,1180.0,24780.0
2021010403015915,RMDC,56,39,100,1170.0,117000.0
2021010403015914,RMDC,19,39,50,1170.0,58500.0
2021010403015883,RMDC,11,39,635,1174.0,745490.0
2021010403016271,RSDC,45,41,55,585.0,32175.0
2021010403016092,RSDC,45,21,25,585.0,14625.0
2021010403016091,RSDC,58,21,70,585.0,40950.0
2021010403015942,RSDC,58,25,10,585.0,5850.0
2021010403016276,SABSL,44,32,11,1079.0,11869.0
2021010403016275,SABSL,44,6,11,1074.0,11814.0
2021010403016274,SABSL,44,17,11,1073.0,11803.0
2021010403016273,SABSL,44,7,32,1073.0,34336.0
2021010403016227,SABSL,44,7,18,1073.0,19314.0
2021010403016160,SABSL,44,57,30,1072.0,32160.0
2021010403016080,SABSL,44,22,11,1052.0,11572.0
2021010403016079,SABSL,44,52,11,1051.0,11561.0
2021010403016047,SABSL,44,44,11,1050.0,11550.0
2021010403015968,SABSL,44,38,11,1050.0,11550.0
2021010403016153,SABSL,44,41,10,1070.0,10700.0
2021010403016152,SABSL,44,52,43,1069.0,45967.0
2021010403016151,SABSL,44,45,11,1065.0,11715.0
2021010403016095,SABSL,21,25,100,1051.0,105100.0
2021010403016082,SABSL,44,22,11,1055.0,11605.0
2021010403016081,SABSL,44,57,11,1055.0,11605.0
2021010403016159,SABSL,44,36,11,1071.0,11781.0
2021010403016158,SABSL,44,22,33,1070.0,35310.0
2021010403016157,SABSL,44,32,11,1070.0,11770.0
2021010403016156,SABSL,44,49,11,1070.0,11770.0
2021010403016155,SABSL,44,34,11,1070.0,11770.0
2021010403016154,SABSL,44,26,11,1070.0,11770.0
2021010403016122,SAPDBL,52,21,40,144.0,5760.0
2021010403016121,SAPDBL,52,21,20,145.0,2900.0
2021010403016120,SAPDBL,6,21,10,145.0,1450.0
2021010403016256,SDLBSL,6,35,20,1045.0,20900.0
2021010403016255,SDLBSL,6,48,30,1036.0,31080.0
2021010403016254,SDLBSL,6,17,10,1035.0,10350.0
2021010403016253,SDLBSL,6,21,100,1030.0,103000.0
2021010403016252,SDLBSL,6,13,10,1030.0,10300.0
2021010403016251,SDLBSL,6,13,10,1030.0,10300.0
2021010403016013,SDLBSL,6,38,10,1020.0,10200.0
2021010403016012,SDLBSL,6,18,10,1006.0,10060.0
2021010403015900,SDLBSL,40,57,10,1005.0,10050.0
2021010403015837,SDLBSL,40,38,10,1005.0,10050.0
2021010403016250,SDLBSL,6,39,10,1030.0,10300.0
2021010403016249,SDLBSL,6,29,10,1010.0,10100.0
2021010403016116,SDLBSL,6,54,10,1030.0,10300.0
2021010403016016,SDLBSL,6,14,20,1025.0,20500.0
2021010403016015,SDLBSL,6,26,50,1025.0,51250.0
2021010403016014,SDLBSL,6,49,10,1020.0,10200.0
2021010403016064,SHINE,42,42,30,237.0,7110.0
2021010403015913,SHINE,42,25,31,237.0,7347.0
2021010403016293,SHL,56,17,120,196.0,23520.0
2021010403016149,SHL,44,17,100,196.0,19600.0
2021010403016077,SHL,36,52,500,196.0,98000.0
2021010403015984,SKBBL,48,45,50,1458.0,72900.0
2021010403015983,SKBBL,6,53,100,1455.0,145500.0
2021010403015912,SLBBL,58,21,310,1099.0,340690.0
2021010403015911,SLBBL,48,21,100,1100.0,110000.0
2021010403015910,SLBBL,57,21,40,1100.0,44000.0
2021010403015909,SLBBL,44,21,50,1100.0,55000.0
2021010403016245,SLBS,42,14,14,1320.0,18480.0
2021010403016222,SLBSL,1,21,13,947.0,12311.0
2021010403016297,SLICL,16,10,282,686.0,193452.0
2021010403016278,SLICL,33,10,100,686.0,68600.0
2021010403016258,SLICL,32,10,12,686.0,8232.0
2021010403016233,SLICL,42,10,200,686.0,137200.0
2021010403016088,SLICL,25,10,300,686.0,205800.0
2021010403015815,SLICL,16,10,200,686.0,137200.0
2021010403015808,SLICL,59,10,20,693.0,13860.0
2021010403015814,SLICL,45,10,"1,000",686.0,686000.0
2021010403015813,SLICL,57,10,107,686.0,73402.0
2021010403015812,SLICL,50,10,300,686.0,205800.0
2021010403015811,SLICL,40,10,400,686.0,274400.0
2021010403015810,SLICL,32,10,18,686.0,12348.0
2021010403015809,SLICL,29,10,61,686.0,41846.0
2021010403016257,SMFBS,34,34,11,1337.0,14707.0
2021010403016231,SMFBS,34,10,12,1330.0,15960.0
2021010403016230,SMFBS,34,22,15,1330.0,19950.0
2021010403016229,SMFBS,34,8,100,1318.0,131800.0
2021010403016228,SMFBS,34,41,12,1318.0,15816.0
2021010403016279,SWBBL,36,33,20,1660.0,33200.0
2021010403016224,SWBBL,33,35,63,1654.0,104202.0
2021010403016182,TRH,45,35,230,296.0,68080.0
2021010403015946,USLB,52,38,25,1333.0,33325.0
2021010403015836,USLB,11,38,15,1333.0,19995.0
2021010403015751,ALBSL,5,21,11,1100.0,12100.0
2021010403015750,ALBSL,11,49,10,1110.0,11100.0
2021010403015474,ALICL,44,50,100,950.0,95000.0
2021010403015354,ALICL,58,50,20,950.0,19000.0
2021010403015353,ALICL,53,50,100,950.0,95000.0
2021010403015413,BFC,6,37,155,140.0,21700.0
2021010403015479,CBBL,35,10,50,1199.0,59950.0
2021010403015434,CBBL,36,5,400,1200.0,480000.0
2021010403015364,CBBL,7,5,90,1200.0,108000.0
2021010403015363,CBBL,7,38,10,1200.0,12000.0
2021010403015795,CIT,1,50,10,3418.0,34180.0
2021010403015794,CIT,1,25,30,3410.0,102300.0
2021010403015793,CIT,1,57,100,3405.0,340500.0
2021010403015789,CIT,35,49,95,3402.0,323190.0
2021010403015788,CIT,20,49,15,3403.0,51045.0
2021010403015787,CIT,32,49,10,3405.0,34050.0
2021010403015368,CIT,41,17,30,3412.0,102360.0
2021010403015367,CIT,6,17,10,3412.0,34120.0
2021010403015366,CIT,6,17,10,3415.0,34150.0
2021010403015670,CIT,13,49,40,3405.0,136200.0
2021010403015669,CIT,57,49,50,3406.0,170300.0
2021010403015664,CIT,49,25,20,3410.0,68200.0
2021010403015663,CIT,41,25,50,3410.0,170500.0
2021010403015606,CIT,45,25,20,3411.0,68220.0
2021010403015429,CIT,41,38,30,3412.0,102360.0
2021010403015774,CIT,32,4,10,3405.0,34050.0
2021010403015770,CIT,22,4,10,3405.0,34050.0
2021010403015728,CIT,57,49,100,3403.0,340300.0
2021010403015726,CIT,1,25,80,3410.0,272800.0
2021010403015725,CIT,1,1,10,3406.0,34060.0
2021010403015724,CIT,1,49,10,3405.0,34050.0
2021010403015501,CLBSL,21,33,58,799.0,46342.0
2021010403015500,CLBSL,57,33,20,799.0,15980.0
2021010403015499,CLBSL,6,33,27,799.0,21573.0
2021010403015377,CLBSL,42,33,10,800.0,8000.0
2021010403015376,CLBSL,49,33,10,800.0,8000.0
2021010403015375,CLBSL,32,33,25,800.0,20000.0
2021010403015374,CLBSL,57,33,50,800.0,40000.0
2021010403015714,DDBL,45,17,73,1395.0,101835.0
2021010403015713,DDBL,57,17,10,1396.0,13960.0
2021010403015712,DDBL,49,17,80,1396.0,111680.0
2021010403015711,DDBL,34,17,100,1400.0,140000.0
2021010403015710,DDBL,21,17,250,1400.0,350000.0
2021010403015709,DDBL,38,17,100,1400.0,140000.0
2021010403015302,DDBL,43,14,30,1410.0,42300.0
2021010403015308,DDBL,34,14,50,1400.0,70000.0
2021010403015307,DDBL,5,14,20,1400.0,28000.0
2021010403015306,DDBL,34,14,200,1401.0,280200.0
2021010403015305,DDBL,6,14,50,1401.0,70050.0
2021010403015304,DDBL,6,14,20,1405.0,28100.0
2021010403015303,DDBL,13,14,27,1409.0,38043.0
2021010403015708,DDBL,34,17,20,1400.0,28000.0
2021010403015707,DDBL,45,17,197,1400.0,275800.0
2021010403015706,DDBL,6,17,100,1401.0,140100.0
2021010403015705,DDBL,38,17,70,1401.0,98070.0
2021010403015660,DDBL,56,35,100,1405.0,140500.0
2021010403015309,DDBL,45,14,303,1400.0,424200.0
2021010403015497,FMDBL,5,34,100,587.0,58700.0
2021010403015401,FMDBL,45,29,100,590.0,59000.0
2021010403015359,FOWAD,58,45,30,2296.0,68880.0
2021010403015358,FOWAD,49,45,20,2297.0,45940.0
2021010403015324,FOWAD,58,29,135,2296.0,309960.0
2021010403015323,FOWAD,47,29,10,2296.0,22960.0
2021010403015322,FOWAD,3,29,200,2296.0,459200.0
2021010403015321,FOWAD,47,29,10,2297.0,22970.0
2021010403015314,FOWAD,38,29,50,2300.0,115000.0
2021010403015320,FOWAD,47,29,10,2297.0,22970.0
2021010403015319,FOWAD,47,29,10,2298.0,22980.0
2021010403015318,FOWAD,47,29,15,2298.0,34470.0
2021010403015317,FOWAD,47,29,10,2298.0,22980.0
2021010403015316,FOWAD,35,29,10,2298.0,22980.0
2021010403015315,FOWAD,47,29,18,2298.0,41364.0
2021010403015779,GBBL,25,57,30,313.0,9390.0
2021010403015722,GBBL,1,39,193,309.0,59637.0
2021010403015701,GBBL,35,39,825,309.0,254925.0
2021010403015700,GBBL,6,39,500,309.0,154500.0
2021010403015699,GBBL,6,39,150,309.0,46350.0
2021010403015698,GBBL,57,39,100,309.0,30900.0
2021010403015685,GBBL,41,39,20,311.0,6220.0
2021010403015684,GBBL,6,39,500,312.0,156000.0
2021010403015683,GBBL,42,39,160,312.0,49920.0
2021010403015682,GBBL,59,39,50,312.0,15600.0
2021010403015504,GBBL,32,57,150,313.0,46950.0
2021010403015691,GBBL,26,39,200,310.0,62000.0
2021010403015690,GBBL,22,39,200,310.0,62000.0
2021010403015689,GBBL,14,39,50,311.0,15550.0
2021010403015688,GBBL,58,39,200,311.0,62200.0
2021010403015687,GBBL,54,39,500,311.0,155500.0
2021010403015686,GBBL,45,39,50,311.0,15550.0
2021010403015697,GBBL,4,39,"2,000",309.0,618000.0
2021010403015696,GBBL,6,39,"1,330",309.0,410970.0
2021010403015695,GBBL,10,39,"1,000",310.0,310000.0
2021010403015694,GBBL,58,39,200,310.0,62000.0
2021010403015693,GBBL,38,39,500,310.0,155000.0
2021010403015692,GBBL,57,39,"1,272",310.0,394320.0
2021010403015758,GBLBS,7,7,295,589.0,173755.0
2021010403015618,GBLBS,7,34,105,589.0,61845.0
2021010403015617,GBLBS,25,34,10,589.0,5890.0
2021010403015362,GILB,52,45,100,1379.0,137900.0
2021010403015361,GILB,52,6,42,1378.0,57876.0
2021010403015565,GLICL,45,50,20,626.0,12520.0
2021010403015419,GLICL,57,49,10,627.0,6270.0
2021010403015394,GLICL,42,42,25,623.0,15575.0
2021010403015393,GLICL,41,42,40,623.0,24920.0
2021010403015392,GLICL,34,42,29,625.0,18125.0
2021010403015717,GMFBS,18,52,10,1020.0,10200.0
2021010403015716,GMFBS,18,25,53,1019.0,54007.0
2021010403015715,GMFBS,18,47,10,1018.0,10180.0
2021010403015616,GMFIL,58,14,20,208.0,4160.0
2021010403015598,GMFIL,41,14,300,208.0,62400.0
2021010403015556,GMFIL,52,14,10,208.0,2080.0
2021010403015415,GMFIL,52,35,120,209.0,25080.0
2021010403015763,GRDBL,57,41,10,148.0,1480.0
2021010403015720,GRDBL,52,21,50,147.0,7350.0
2021010403015668,GRDBL,57,41,10,148.0,1480.0
2021010403015566,GRDBL,57,41,10,148.0,1480.0
2021010403015463,GRDBL,57,41,10,148.0,1480.0
2021010403015398,GUFL,5,28,900,205.0,184500.0
2021010403015397,GUFL,43,28,"1,000",206.0,206000.0
2021010403015734,HIDCL,29,21,31,264.0,8184.0
2021010403015702,HIDCL,29,51,18,265.0,4770.0
2021010403015662,HIDCL,29,52,13,264.0,3432.0
2021010403015658,HIDCL,29,55,37,264.0,9768.0
2021010403015588,HIDCL,29,48,61,264.0,16104.0
2021010403015369,ICFC,58,55,23,267.0,6141.0
2021010403015782,ILBS,32,52,11,1045.0,11495.0
2021010403015762,ILBS,32,8,28,1045.0,29260.0
2021010403015761,ILBS,3,8,87,1047.0,91089.0
2021010403015760,ILBS,3,8,10,1047.0,10470.0
2021010403015759,ILBS,21,8,100,1050.0,105000.0
2021010403015629,ILBS,39,14,100,1050.0,105000.0
2021010403015628,ILBS,25,14,50,1050.0,52500.0
2021010403015627,ILBS,3,14,200,1051.0,210200.0
2021010403015626,ILBS,57,14,100,1052.0,105200.0
2021010403015625,ILBS,57,14,100,1052.0,105200.0
2021010403015624,ILBS,22,14,45,1053.0,47385.0
2021010403015553,ILBS,22,34,22,1053.0,23166.0
2021010403015783,JBBL,51,34,500,230.0,115000.0
2021010403015746,JBBL,4,45,100,229.0,22900.0
2021010403015577,JBBL,4,39,150,229.0,34350.0
2021010403015355,JBBL,4,58,50,229.0,11450.0
2021010403015311,JBBL,4,44,18,229.0,4122.0
2021010403015310,JBBL,4,14,609,229.0,139461.0
2021010403015589,JFL,4,46,80,254.0,20320.0
2021010403015371,JFL,4,25,100,254.0,25400.0
2021010403015335,JFL,4,25,94,254.0,23876.0
2021010403015326,KLBSL,16,44,151,1189.0,179539.0
2021010403015325,KLBSL,16,26,24,1189.0,28536.0
2021010403015796,KMCDB,25,35,10,884.0,8840.0
2021010403015661,KMCDB,25,33,126,874.0,110124.0
2021010403015582,KMCDB,25,35,10,884.0,8840.0
2021010403015373,KMCDB,25,10,24,874.0,20976.0
2021010403015372,KMCDB,34,10,50,875.0,43750.0
2021010403015769,LBBL,28,51,350,207.0,72450.0
2021010403015665,LBBL,11,33,"1,000",207.0,207000.0
2021010403015642,LBBL,28,41,150,207.0,31050.0
2021010403015585,LBBL,58,41,20,207.0,4140.0
2021010403015640,LICN,25,14,10,1994.0,19940.0
2021010403015560,MDB,17,57,119,325.0,38675.0
2021010403015522,MDB,13,17,20,326.0,6520.0
2021010403015521,MDB,51,17,50,326.0,16300.0
2021010403015520,MDB,1,17,200,326.0,65200.0
2021010403015519,MDB,1,17,300,326.0,97800.0
2021010403015495,MDB,42,17,245,328.0,80360.0
2021010403015494,MDB,57,17,20,328.0,6560.0
2021010403015753,MERO,45,50,100,900.0,90000.0
2021010403015747,MERO,25,14,200,899.0,179800.0
2021010403015603,MERO,21,50,61,900.0,54900.0
2021010403015602,MERO,21,21,39,900.0,35100.0
2021010403015601,MERO,46,21,61,900.0,54900.0
2021010403015600,MERO,46,44,350,900.0,315000.0
2021010403015599,MERO,46,7,36,900.0,32400.0
2021010403015513,MERO,25,43,100,898.0,89800.0
2021010403015388,MERO,44,34,201,899.0,180699.0
2021010403015402,MLBL,34,45,62,239.0,14818.0
2021010403015771,MMFDB,36,25,40,1100.0,44000.0
2021010403015643,MMFDB,41,50,10,1106.0,11060.0
2021010403015567,MMFDB,41,37,20,1106.0,22120.0
2021010403015546,MMFDB,20,41,220,1115.0,245300.0
2021010403015543,MMFDB,20,33,500,1115.0,557500.0
2021010403015540,MMFDB,20,50,200,1115.0,223000.0
2021010403015476,MMFDB,20,17,50,1115.0,55750.0
2021010403015351,MMFDB,20,38,30,1115.0,33450.0
2021010403015451,MNBBL,7,36,82,347.0,28454.0
2021010403015427,MSLB,20,18,31,1561.0,48391.0
2021010403015785,NLBBL,35,57,129,1140.0,147060.0
2021010403015703,NLBBL,38,57,147,1142.0,167874.0
2021010403015679,NLBBL,38,50,359,1142.0,409978.0
2021010403015541,NLBBL,56,57,50,1143.0,57150.0
2021010403015517,NLBBL,38,38,69,1142.0,78798.0
2021010403015496,NLBBL,38,45,150,1142.0,171300.0
2021010403015493,NLBBL,38,42,75,1142.0,85650.0
2021010403015492,NLBBL,13,42,25,1142.0,28550.0
2021010403015384,NLBBL,56,57,70,1143.0,80010.0
2021010403015383,NLBBL,56,55,50,1142.0,57100.0
2021010403015768,NLIC,53,1,100,2400.0,240000.0
2021010403015733,NLIC,8,59,200,2400.0,480000.0
2021010403015732,NLIC,8,1,10,2400.0,24000.0
2021010403015731,NLIC,8,26,200,2400.0,480000.0
2021010403015730,NLIC,8,3,890,2400.0,2136000.0
2021010403015729,NLIC,8,45,285,2400.0,684000.0
2021010403015333,NLIC,34,42,20,2403.0,48060.0
2021010403015332,NLIC,45,42,81,2403.0,194643.0
2021010403015331,NLIC,49,42,25,2404.0,60100.0
2021010403015391,NLIC,49,22,"1,500",2403.0,3604500.0
2021010403015365,NLIC,49,21,500,2403.0,1201500.0
2021010403015350,NLIC,49,7,22,2403.0,52866.0
2021010403015346,NLIC,49,51,300,2403.0,720900.0
2021010403015345,NLIC,59,51,100,2404.0,240400.0
2021010403015334,NLIC,49,42,274,2403.0,658422.0
2021010403015411,NLIC,49,21,204,2403.0,490212.0
2021010403015410,NLIC,49,5,100,2403.0,240300.0
2021010403015407,NLIC,35,41,10,2405.0,24050.0
2021010403015406,NLIC,35,54,90,2405.0,216450.0
2021010403015405,NLIC,49,16,100,2403.0,240300.0
2021010403015396,NLIC,57,54,50,2405.0,120250.0
2021010403015455,NLIC,8,43,200,2400.0,480000.0
2021010403015454,NLIC,49,43,60,2400.0,144000.0
2021010403015438,NLIC,17,21,15,2403.0,36045.0
2021010403015435,NLIC,49,32,23,2400.0,55200.0
2021010403015433,NLIC,49,49,100,2400.0,240000.0
2021010403015412,NLIC,54,21,50,2403.0,120150.0
2021010403015464,NLIC,35,43,100,2400.0,240000.0
2021010403015460,NLIC,59,43,50,2400.0,120000.0
2021010403015459,NLIC,38,43,20,2400.0,48000.0
2021010403015458,NLIC,50,43,500,2400.0,1200000.0
2021010403015457,NLIC,18,43,10,2400.0,24000.0
2021010403015456,NLIC,14,43,50,2400.0,120000.0
2021010403015514,NLIC,42,37,70,2395.0,167650.0
2021010403015487,NLIC,25,37,30,2396.0,71880.0
2021010403015486,NLIC,50,37,98,2396.0,234808.0
2021010403015485,NLIC,8,37,10,2397.0,23970.0
2021010403015481,NLIC,51,45,15,2400.0,36000.0
2021010403015480,NLIC,58,43,10,2400.0,24000.0
2021010403015561,NLIC,33,21,10,2395.0,23950.0
2021010403015552,NLIC,41,5,50,2393.0,119650.0
2021010403015548,NLIC,41,29,147,2393.0,351771.0
2021010403015547,NLIC,50,29,50,2393.0,119650.0
2021010403015523,NLIC,13,21,178,2395.0,426310.0
2021010403015515,NLIC,13,37,22,2395.0,52690.0
2021010403015573,NLIC,17,7,25,2392.0,59800.0
2021010403015572,NLIC,38,7,30,2392.0,71760.0
2021010403015571,NLIC,1,7,10,2392.0,23920.0
2021010403015570,NLIC,54,7,125,2392.0,299000.0
2021010403015569,NLIC,59,7,27,2393.0,64611.0
2021010403015568,NLIC,59,35,23,2393.0,55039.0
2021010403015636,NLIC,36,21,62,2395.0,148490.0
2021010403015623,NLIC,49,52,50,2392.0,119600.0
2021010403015622,NLIC,59,52,50,2394.0,119700.0
2021010403015604,NLIC,49,56,"1,050",2392.0,2511600.0
2021010403015578,NLIC,41,21,50,2395.0,119750.0
2021010403015574,NLIC,49,7,783,2392.0,1872936.0
2021010403015659,NLIC,49,51,400,2392.0,956800.0
2021010403015645,NLIC,49,21,312,2392.0,746304.0
2021010403015644,NLIC,36,21,188,2395.0,450260.0
2021010403015641,NLIC,36,45,"1,000",2395.0,2395000.0
2021010403015638,NLIC,36,34,100,2395.0,239500.0
2021010403015637,NLIC,36,6,50,2395.0,119750.0
2021010403015792,NLICL,5,59,167,1130.0,188710.0
2021010403015773,NLICL,13,59,100,1130.0,113000.0
2021010403015767,NLICL,39,59,33,1130.0,37290.0
2021010403015766,NLICL,39,43,17,1130.0,19210.0
2021010403015743,NLICL,7,43,483,1130.0,545790.0
2021010403015742,NLICL,7,50,17,1130.0,19210.0
2021010403015593,NLICL,33,39,100,1135.0,113500.0
2021010403015592,NLICL,41,39,10,1136.0,11360.0
2021010403015591,NLICL,26,39,11,1136.0,12496.0
2021010403015590,NLICL,25,39,20,1140.0,22800.0
2021010403015404,NLICL,25,26,380,1140.0,433200.0
2021010403015403,NLICL,47,26,20,1140.0,22800.0
2021010403015635,NLICL,5,50,133,1130.0,150290.0
2021010403015634,NLICL,3,50,50,1130.0,56500.0
2021010403015597,NLICL,58,39,150,1131.0,169650.0
2021010403015596,NLICL,49,39,"1,000",1131.0,1131000.0
2021010403015595,NLICL,33,39,100,1135.0,113500.0
2021010403015594,NLICL,6,39,50,1135.0,56750.0
2021010403015343,NMBMF,6,40,100,996.0,99600.0
2021010403015772,NMFBS,53,19,100,2291.0,229100.0
2021010403015704,NMFBS,50,26,75,2290.0,171750.0
2021010403015551,NMFBS,58,26,10,2290.0,22900.0
2021010403015489,NMFBS,33,26,15,2290.0,34350.0
2021010403015478,NMFBS,36,34,10,2280.0,22800.0
2021010403015786,NRIC,36,53,53,1519.0,80507.0
2021010403015765,NRIC,36,51,18,1519.0,27342.0
2021010403015764,NRIC,45,51,22,1520.0,33440.0
2021010403015748,NRIC,41,26,50,1524.0,76200.0
2021010403015727,NRIC,16,40,50,1518.0,75900.0
2021010403015676,NRIC,58,14,30,1525.0,45750.0
2021010403015329,NRIC,25,16,10,1530.0,15300.0
2021010403015328,NRIC,48,16,20,1530.0,30600.0
2021010403015327,NRIC,50,16,50,1530.0,76500.0
2021010403015313,NRIC,50,7,30,1530.0,45900.0
2021010403015312,NRIC,50,51,100,1530.0,153000.0
2021010403015360,NRIC,40,48,500,1527.0,763500.0
2021010403015349,NRIC,38,29,100,1530.0,153000.0
2021010403015344,NRIC,1,29,90,1530.0,137700.0
2021010403015340,NRIC,48,29,50,1530.0,76500.0
2021010403015339,NRIC,37,29,80,1530.0,122400.0
2021010403015330,NRIC,37,16,20,1530.0,30600.0
2021010403015437,NRIC,56,34,50,1525.0,76250.0
2021010403015436,NRIC,10,29,50,1526.0,76300.0
2021010403015417,NRIC,32,29,70,1526.0,106820.0
2021010403015416,NRIC,32,20,20,1526.0,30520.0
2021010403015395,NRIC,42,6,10,1527.0,15270.0
2021010403015385,NRIC,18,6,33,1527.0,50391.0
2021010403015447,NRIC,41,28,15,1525.0,22875.0
2021010403015446,NRIC,25,28,130,1527.0,198510.0
2021010403015444,NRIC,25,45,70,1527.0,106890.0
2021010403015443,NRIC,25,6,12,1527.0,18324.0
2021010403015442,NRIC,25,35,38,1526.0,57988.0
2021010403015441,NRIC,25,29,60,1526.0,91560.0
2021010403015469,NRIC,57,32,50,1527.0,76350.0
2021010403015462,NRIC,52,18,90,1525.0,137250.0
2021010403015461,NRIC,52,6,100,1525.0,152500.0
2021010403015452,NRIC,52,4,50,1525.0,76250.0
2021010403015449,NRIC,52,28,45,1525.0,68625.0
2021010403015448,NRIC,8,28,10,1525.0,15250.0
2021010403015502,NRIC,17,19,50,1528.0,76400.0
2021010403015491,NRIC,38,3,120,1525.0,183000.0
2021010403015490,NRIC,29,3,180,1525.0,274500.0
2021010403015484,NRIC,29,32,320,1525.0,488000.0
2021010403015472,NRIC,26,32,90,1525.0,137250.0
2021010403015470,NRIC,52,32,40,1525.0,61000.0
2021010403015534,NRIC,26,29,20,1520.0,30400.0
2021010403015533,NRIC,39,29,200,1522.0,304400.0
2021010403015532,NRIC,54,29,20,1524.0,30480.0
2021010403015506,NRIC,54,51,70,1524.0,106680.0
2021010403015505,NRIC,38,51,130,1525.0,198250.0
2021010403015503,NRIC,38,19,50,1525.0,76250.0
2021010403015564,NRIC,25,29,100,1526.0,152600.0
2021010403015554,NRIC,25,40,100,1526.0,152600.0
2021010403015538,NRIC,10,29,80,1520.0,121600.0
2021010403015537,NRIC,32,29,100,1520.0,152000.0
2021010403015536,NRIC,57,29,30,1520.0,45600.0
2021010403015535,NRIC,19,29,50,1520.0,76000.0
2021010403015609,NRIC,40,41,150,1524.0,228600.0
2021010403015608,NRIC,40,40,20,1520.0,30400.0
2021010403015607,NRIC,29,40,50,1520.0,76000.0
2021010403015580,NRIC,43,40,10,1520.0,15200.0
2021010403015579,NRIC,10,40,20,1520.0,30400.0
2021010403015576,NRIC,57,41,50,1524.0,76200.0
2021010403015653,NRIC,56,57,10,1519.0,15190.0
2021010403015649,NRIC,51,29,150,1525.0,228750.0
2021010403015647,NRIC,56,48,40,1519.0,60760.0
2021010403015646,NRIC,58,48,10,1520.0,15200.0
2021010403015611,NRIC,40,29,20,1525.0,30500.0
2021010403015610,NRIC,40,1,10,1524.0,15240.0
2021010403015675,NRIC,58,47,10,1525.0,15250.0
2021010403015674,NRIC,58,29,190,1525.0,289750.0
2021010403015673,NRIC,58,34,10,1524.0,15240.0
2021010403015656,NRIC,29,29,140,1525.0,213500.0
2021010403015655,NRIC,29,57,60,1519.0,91140.0
2021010403015654,NRIC,5,57,50,1519.0,75950.0
2021010403015651,NRN,6,41,10,354.0,3540.0
2021010403015650,NRN,6,48,10,354.0,3540.0
2021010403015584,NRN,47,38,10,353.0,3530.0
2021010403015555,NRN,47,29,10,353.0,3530.0
2021010403015498,NRN,47,51,10,353.0,3530.0
2021010403015468,NRN,47,1,60,353.0,21180.0
2021010403015467,NRN,39,1,50,353.0,17650.0
2021010403015466,NRN,43,1,100,353.0,35300.0
2021010403015465,NRN,22,1,40,353.0,14120.0
2021010403015348,NRN,22,29,10,353.0,3530.0
2021010403015347,NRN,44,29,90,353.0,31770.0
2021010403015791,NTC,44,42,20,1287.0,25740.0
2021010403015790,NTC,5,42,30,1288.0,38640.0
2021010403015781,NTC,44,52,10,1287.0,12870.0
2021010403015756,NTC,6,37,38,1290.0,49020.0
2021010403015755,NTC,6,5,10,1290.0,12900.0
2021010403015754,NTC,6,50,552,1290.0,712080.0
2021010403015342,NTC,53,3,31,1291.0,40021.0
2021010403015341,NTC,38,3,169,1292.0,218348.0
2021010403015338,NTC,38,53,31,1292.0,40052.0
2021010403015337,NTC,41,53,30,1292.0,38760.0
2021010403015299,NTC,53,53,200,1291.0,258200.0
2021010403015414,NTC,49,55,"1,500",1290.0,1935000.0
2021010403015390,NTC,34,54,100,1291.0,129100.0
2021010403015389,NTC,53,54,169,1291.0,218179.0
2021010403015370,NTC,53,49,200,1291.0,258200.0
2021010403015357,NTC,38,51,50,1295.0,64750.0
2021010403015356,NTC,38,56,50,1292.0,64600.0
2021010403015440,NTC,49,3,400,1290.0,516000.0
2021010403015432,NTC,49,48,"1,000",1290.0,1290000.0
2021010403015428,NTC,49,52,400,1290.0,516000.0
2021010403015423,NTC,6,54,50,1291.0,64550.0
2021010403015421,NTC,3,54,50,1291.0,64550.0
2021010403015418,NTC,49,3,500,1290.0,645000.0
2021010403015508,NTC,58,48,50,1292.0,64600.0
2021010403015488,NTC,38,34,170,1291.0,219470.0
2021010403015483,NTC,38,54,31,1291.0,40021.0
2021010403015482,NTC,49,48,500,1290.0,645000.0
2021010403015471,NTC,49,45,500,1290.0,645000.0
2021010403015453,NTC,57,54,100,1291.0,129100.0
2021010403015524,NTC,49,57,160,1290.0,206400.0
2021010403015516,NTC,6,45,47,1291.0,60677.0
2021010403015512,NTC,6,48,154,1291.0,198814.0
2021010403015511,NTC,38,48,31,1291.0,40021.0
2021010403015510,NTC,38,48,100,1291.0,129100.0
2021010403015509,NTC,51,48,100,1292.0,129200.0
2021010403015542,NTC,42,45,100,1291.0,129100.0
2021010403015529,NTC,21,45,10,1291.0,12910.0
2021010403015528,NTC,48,57,75,1290.0,96750.0
2021010403015527,NTC,7,57,10,1290.0,12900.0
2021010403015526,NTC,22,57,135,1290.0,174150.0
2021010403015525,NTC,51,57,20,1290.0,25800.0
2021010403015581,NTC,50,3,100,1289.0,128900.0
2021010403015575,NTC,6,50,753,1290.0,971370.0
2021010403015550,NTC,21,50,20,1290.0,25800.0
2021010403015549,NTC,8,50,110,1291.0,142010.0
2021010403015545,NTC,8,48,300,1291.0,387300.0
2021010403015544,NTC,8,45,343,1291.0,442813.0
2021010403015633,NTC,10,35,200,1285.0,257000.0
2021010403015632,NTC,34,35,100,1285.0,128500.0
2021010403015630,NTC,56,50,200,1290.0,258000.0
2021010403015615,NTC,46,50,45,1290.0,58050.0
2021010403015587,NTC,4,50,100,1290.0,129000.0
2021010403015586,NTC,4,3,400,1289.0,515600.0
2021010403015752,NTC,58,50,10,1290.0,12900.0
2021010403015721,NTC,44,17,50,1285.0,64250.0
2021010403015718,NTC,56,50,200,1290.0,258000.0
2021010403015672,NTC,54,50,70,1290.0,90300.0
2021010403015671,NTC,54,17,30,1285.0,38550.0
2021010403015667,NTC,25,17,200,1285.0,257000.0
2021010403015409,OHL,33,45,50,472.0,23600.0
2021010403015408,OHL,35,45,200,473.0,94600.0
2021010403015450,PFL,17,25,27,171.0,4617.0
2021010403015563,PLIC,43,38,420,774.0,325080.0
2021010403015562,PLIC,1,38,80,775.0,62000.0
2021010403015422,PLIC,35,6,10,773.0,7730.0
2021010403015382,PLIC,32,6,27,775.0,20925.0
2021010403015381,PLIC,47,6,20,775.0,15500.0
2021010403015380,PLIC,47,6,20,775.0,15500.0
2021010403015379,PLIC,40,6,150,775.0,116250.0
2021010403015378,PLIC,37,6,73,775.0,56575.0
2021010403015559,RLFL,45,58,50,167.0,8350.0
2021010403015518,RLFL,22,38,18,169.0,3042.0
2021010403015784,RLI,42,34,15,612.0,9180.0
2021010403015757,RLI,34,35,10,611.0,6110.0
2021010403015749,RLI,34,38,10,611.0,6110.0
2021010403015723,RLI,4,55,10,610.0,6100.0
2021010403015719,RLI,4,35,10,610.0,6100.0
2021010403015648,RLI,4,1,10,610.0,6100.0
2021010403015387,RLI,39,34,40,612.0,24480.0
2021010403015386,RLI,39,51,10,612.0,6120.0
2021010403015352,RLI,5,29,10,610.0,6100.0
2021010403015336,RLI,5,49,10,610.0,6100.0
2021010403015298,RLI,5,35,10,610.0,6100.0
2021010403015612,RLI,4,38,10,610.0,6100.0
2021010403015583,RLI,4,48,10,610.0,6100.0
2021010403015558,RLI,4,26,10,610.0,6100.0
2021010403015475,RLI,4,41,100,610.0,61000.0
2021010403015400,RLI,4,6,90,610.0,54900.0
2021010403015399,RLI,5,6,110,610.0,67100.0
2021010403015778,RMDC,11,58,365,1174.0,428510.0
2021010403015777,RMDC,39,58,15,1175.0,17625.0
2021010403015776,RMDC,7,58,100,1175.0,117500.0
2021010403015775,RMDC,42,58,20,1176.0,23520.0
2021010403015741,RMDC,29,58,100,1180.0,118000.0
2021010403015740,RMDC,39,58,500,1181.0,590500.0
2021010403015425,RMDC,34,58,10,1185.0,11850.0
2021010403015424,RMDC,38,58,100,1185.0,118500.0
2021010403015739,RMDC,39,58,500,1182.0,591000.0
2021010403015738,RMDC,10,58,200,1183.0,236600.0
2021010403015737,RMDC,39,58,149,1183.0,176267.0
2021010403015736,RMDC,28,58,10,1184.0,11840.0
2021010403015735,RMDC,39,58,20,1185.0,23700.0
2021010403015426,RMDC,28,58,390,1184.0,461760.0
2021010403015620,RSDC,45,58,30,580.0,17400.0
2021010403015619,RSDC,36,58,20,584.0,11680.0
2021010403015531,RSDC,58,56,80,589.0,47120.0
2021010403015477,RSDC,54,56,12,590.0,7080.0
2021010403015473,RSDC,19,56,35,590.0,20650.0
2021010403015445,RSDC,19,4,35,590.0,20650.0
2021010403015780,SABSL,44,38,11,1050.0,11550.0
2021010403015657,SDLBSL,40,38,10,1005.0,10050.0
2021010403015605,SFCL,42,6,980,130.0,127400.0
2021010403015631,SHINE,29,47,500,237.0,118500.0
2021010403015614,SHINE,49,47,"1,500",238.0,357000.0
2021010403015797,SINDU,6,52,50,151.0,7550.0
2021010403015678,SLBBL,20,32,83,1100.0,91300.0
2021010403015677,SLBBL,58,32,15,1100.0,16500.0
2021010403015652,SLBBL,17,6,100,1105.0,110500.0
2021010403015431,SLBBL,29,38,75,1115.0,83625.0
2021010403015430,SLBBL,29,39,100,1115.0,111500.0
2021010403015507,SLICL,41,26,25,699.0,17475.0
2021010403015301,SLICL,25,6,400,694.0,277600.0
2021010403015300,SLICL,44,6,99,694.0,68706.0
2021010403015639,SMB,26,46,11,1082.0,11902.0
2021010403015613,SMB,26,49,11,1082.0,11902.0
2021010403015539,SMB,34,4,50,1085.0,54250.0
2021010403015439,SMB,34,45,50,1085.0,54250.0
2021010403015621,SNLB,45,52,10,976.0,9760.0
2021010403015557,SNLB,34,52,50,976.0,48800.0
2021010403015681,SWBBL,53,33,300,1660.0,498000.0
2021010403015680,SWBBL,14,33,50,1661.0,83050.0
2021010403015745,UFL,22,10,70,249.0,17430.0
2021010403015744,UFL,22,1,130,248.0,32240.0
2021010403015530,UFL,22,1,20,248.0,4960.0
2021010403015420,UFL,13,1,50,248.0,12400.0
2021010403015666,USLB,44,38,10,1333.0,13330.0
2021010403014889,ALBSL,49,34,10,1100.0,11000.0
2021010403014817,ALBSL,49,13,90,1100.0,99000.0
2021010403015267,ALICL,5,59,50,951.0,47550.0
2021010403015161,ALICL,19,55,50,951.0,47550.0
2021010403015080,ALICL,34,33,"1,500",950.0,1425000.0
2021010403015037,ALICL,34,29,70,950.0,66500.0
2021010403015036,ALICL,38,29,30,950.0,28500.0
2021010403014983,ALICL,44,29,150,952.0,142800.0
2021010403014922,ALICL,45,29,100,952.0,95200.0
2021010403015221,CBBL,45,34,50,1200.0,60000.0
2021010403015078,CBBL,45,34,485,1200.0,582000.0
2021010403015077,CBBL,45,4,30,1200.0,36000.0
2021010403015076,CBBL,45,21,40,1200.0,48000.0
2021010403015075,CBBL,45,22,200,1200.0,240000.0
2021010403015074,CBBL,45,56,50,1199.0,59950.0
2021010403014946,CBBL,49,56,50,1199.0,59950.0
2021010403015055,CFCL,39,41,172,169.0,29068.0
2021010403014890,CFCL,49,41,78,169.0,13182.0
2021010403014887,CFCL,49,59,163,169.0,27547.0
2021010403015178,CIT,45,26,20,3420.0,68400.0
2021010403015070,CIT,41,16,2,3405.0,6810.0
2021010403015056,CIT,26,58,10,3415.0,34150.0
2021010403015029,CIT,35,57,60,3411.0,204660.0
2021010403015014,CIT,13,14,10,3405.0,34050.0
2021010403015013,CIT,22,14,20,3405.0,68100.0
2021010403014906,CIT,38,57,50,3410.0,170500.0
2021010403014905,CIT,38,26,10,3410.0,34100.0
2021010403014876,CIT,38,57,20,3409.0,68180.0
2021010403014864,CIT,41,16,20,3405.0,68100.0
2021010403015012,CIT,41,14,22,3405.0,74910.0
2021010403015011,CIT,22,14,20,3406.0,68120.0
2021010403015010,CIT,51,14,20,3406.0,68120.0
2021010403015009,CIT,55,14,22,3406.0,74932.0
2021010403015008,CIT,6,14,20,3409.0,68180.0
2021010403014907,CIT,38,45,32,3410.0,109120.0
2021010403015289,DDBL,43,44,10,1410.0,14100.0
2021010403015253,DDBL,32,44,30,1410.0,42300.0
2021010403015133,DDBL,41,44,20,1410.0,28200.0
2021010403015082,DDBL,8,44,40,1410.0,56400.0
2021010403015041,DDBL,37,44,100,1410.0,141000.0
2021010403014942,DDBL,45,57,15,1410.0,21150.0
2021010403014915,DDBL,13,32,20,1409.0,28180.0
2021010403014914,DDBL,13,56,53,1409.0,74677.0
2021010403014802,DDBL,25,32,30,1409.0,42270.0
2021010403015288,FMDBL,21,29,30,590.0,17700.0
2021010403015147,FMDBL,57,29,10,590.0,5900.0
2021010403015081,FMDBL,42,29,100,590.0,59000.0
2021010403014982,FMDBL,58,29,10,590.0,5900.0
2021010403014962,GBBL,13,59,23,312.0,7176.0
2021010403014898,GBBL,38,49,200,313.0,62600.0
2021010403014985,GBLBS,25,47,15,589.0,8835.0
2021010403014934,GBLBS,25,49,25,589.0,14725.0
2021010403014801,GBLBS,6,49,100,589.0,58900.0
2021010403015005,GFCL,32,41,335,195.0,65325.0
2021010403015259,GILB,35,38,19,1367.0,25973.0
2021010403015258,GILB,7,38,11,1367.0,15037.0
2021010403014944,GLBSL,25,37,100,870.0,87000.0
2021010403014943,GLBSL,14,37,100,871.0,87100.0
2021010403015207,GLICL,34,54,171,625.0,106875.0
2021010403014957,GLICL,50,54,29,625.0,18125.0
2021010403014956,GLICL,50,6,10,625.0,6250.0
2021010403014955,GLICL,50,38,157,625.0,98125.0
2021010403014803,GLICL,36,38,43,625.0,26875.0
2021010403015282,GMFBS,16,33,10,1016.0,10160.0
2021010403014834,GMFBS,10,48,10,1020.0,10200.0
2021010403015208,GMFIL,38,35,10,209.0,2090.0
2021010403015189,GMFIL,52,35,200,209.0,41800.0
2021010403014980,GMFIL,56,35,670,209.0,140030.0
2021010403014979,GMFIL,56,33,100,209.0,20900.0
2021010403014978,GMFIL,56,45,30,209.0,6270.0
2021010403014977,GMFIL,56,56,200,208.0,41600.0
2021010403014965,GMFIL,45,41,50,207.0,10350.0
2021010403014824,GMFIL,44,14,50,206.0,10300.0
2021010403014912,GRDBL,43,42,50,149.0,7450.0
2021010403014911,GRDBL,43,41,100,149.0,14900.0
2021010403015236,GUFL,5,43,200,205.0,41000.0
2021010403015130,GUFL,5,56,627,205.0,128535.0
2021010403015219,HIDCL,29,5,38,264.0,10032.0
2021010403015218,HIDCL,7,5,212,264.0,55968.0
2021010403015202,HIDCL,7,8,100,264.0,26400.0
2021010403015188,HIDCL,7,35,50,264.0,13200.0
2021010403015184,HIDCL,59,51,70,265.0,18550.0
2021010403015048,HIDCL,7,51,100,264.0,26400.0
2021010403014882,HIDCL,25,5,61,263.0,16043.0
2021010403015047,HIDCL,7,28,88,264.0,23232.0
2021010403015046,HIDCL,7,14,100,264.0,26400.0
2021010403015043,HIDCL,25,4,61,263.0,16043.0
2021010403014988,HIDCL,51,14,91,264.0,24024.0
2021010403014958,HIDCL,25,49,18,263.0,4734.0
2021010403014939,HIDCL,25,16,61,263.0,16043.0
2021010403015216,ILBS,22,52,11,1053.0,11583.0
2021010403015069,ILBS,22,29,22,1053.0,23166.0
2021010403015068,ILBS,39,29,28,1055.0,29540.0
2021010403015067,ILBS,51,29,50,1056.0,52800.0
2021010403014933,ILBS,39,49,11,1055.0,11605.0
2021010403015287,JBBL,16,14,30,229.0,6870.0
2021010403015245,JBBL,52,14,100,229.0,22900.0
2021010403015244,JBBL,45,14,50,229.0,11450.0
2021010403015243,JBBL,45,14,11,229.0,2519.0
2021010403015240,JBBL,45,34,350,230.0,80500.0
2021010403015142,JBBL,45,39,70,229.0,16030.0
2021010403014807,JBBL,59,50,390,230.0,89700.0
2021010403014806,JBBL,59,39,339,230.0,77970.0
2021010403015015,JBBL,46,16,39,229.0,8931.0
2021010403014973,JBBL,44,50,200,230.0,46000.0
2021010403014863,JBBL,58,50,73,230.0,16790.0
2021010403014856,JBBL,45,50,50,230.0,11500.0
2021010403014809,JBBL,59,50,171,230.0,39330.0
2021010403014808,JBBL,59,21,100,230.0,23000.0
2021010403015126,JBBL,45,16,19,229.0,4351.0
2021010403015122,JBBL,4,34,294,230.0,67620.0
2021010403015121,JBBL,4,57,200,230.0,46000.0
2021010403015120,JBBL,4,50,506,230.0,116380.0
2021010403015017,JBBL,41,16,943,229.0,215947.0
2021010403015016,JBBL,18,16,10,229.0,2290.0
2021010403015296,JFL,4,58,10,254.0,2540.0
2021010403015226,JFL,4,26,"1,000",254.0,254000.0
2021010403015140,JFL,4,35,120,254.0,30480.0
2021010403015053,JFL,4,58,"1,000",254.0,254000.0
2021010403015183,KLBSL,38,39,39,1182.0,46098.0
2021010403015170,KLBSL,45,42,100,1180.0,118000.0
2021010403015169,KLBSL,56,42,50,1180.0,59000.0
2021010403015168,KLBSL,54,42,40,1180.0,47200.0
2021010403015167,KLBSL,38,42,10,1181.0,11810.0
2021010403015166,KLBSL,6,42,50,1182.0,59100.0
2021010403015019,KLBSL,55,39,200,1183.0,236600.0
2021010403015018,KLBSL,45,39,11,1183.0,13013.0
2021010403014854,KLBSL,45,42,30,1183.0,35490.0
2021010403015039,KLBSL,38,4,80,1183.0,94640.0
2021010403015028,KLBSL,44,4,200,1183.0,236600.0
2021010403015021,KLBSL,47,39,50,1183.0,59150.0
2021010403015020,KLBSL,47,39,100,1183.0,118300.0
2021010403015297,KMCDB,22,47,50,880.0,44000.0
2021010403015172,KMCDB,13,13,8,884.0,7072.0
2021010403015143,KMCDB,25,35,10,884.0,8840.0
2021010403015007,KMCDB,22,49,10,880.0,8800.0
2021010403014948,KMCDB,22,38,10,880.0,8800.0
2021010403014935,KMCDB,22,59,20,880.0,17600.0
2021010403014954,KRBL,50,34,170,136.0,23120.0
2021010403014928,KRBL,50,57,158,135.0,21330.0
2021010403015206,KSBBL,51,22,100,219.0,21900.0
2021010403015023,KSBBL,51,49,550,219.0,120450.0
2021010403014937,LBBL,44,35,50,208.0,10400.0
2021010403014936,LBBL,44,1,50,208.0,10400.0
2021010403014929,LBBL,11,22,60,207.0,12420.0
2021010403015066,LICN,43,58,669,1990.0,1331310.0
2021010403015065,LICN,43,3,200,1989.0,397800.0
2021010403015064,LICN,43,47,100,1985.0,198500.0
2021010403014920,LICN,34,29,29,1983.0,57507.0
2021010403015173,LLBS,26,35,100,1325.0,132500.0
2021010403015117,MDB,32,22,50,329.0,16450.0
2021010403015116,MDB,35,22,64,329.0,21056.0
2021010403015079,MDB,47,37,30,331.0,9930.0
2021010403015215,MERO,6,34,99,899.0,89001.0
2021010403015214,MERO,45,53,50,898.0,44900.0
2021010403015146,MERO,48,34,50,899.0,44950.0
2021010403014970,MERO,38,34,100,899.0,89900.0
2021010403015254,MFIL,34,50,50,325.0,16250.0
2021010403015090,MLBBL,3,52,50,1230.0,61500.0
2021010403015038,MLBBL,13,13,1,1230.0,1230.0
2021010403014894,MLBL,56,16,82,238.0,19516.0
2021010403015286,MMFDB,20,38,300,1110.0,333000.0
2021010403015285,MMFDB,20,38,150,1110.0,166500.0
2021010403014877,MMFDB,41,44,69,1115.0,76935.0
2021010403014903,MNBBL,38,59,180,346.0,62280.0
2021010403014902,MNBBL,46,59,100,346.0,34600.0
2021010403014901,MNBBL,57,59,20,346.0,6920.0
2021010403014798,MNBBL,28,59,50,345.0,17250.0
2021010403015174,MSMBS,33,49,10,862.0,8620.0
2021010403014966,NABBC,58,52,10,476.0,4760.0
2021010403015186,NFS,42,32,50,215.0,10750.0
2021010403015248,NLBBL,35,52,"1,000",1140.0,1140000.0
2021010403015182,NLBBL,35,57,50,1140.0,57000.0
2021010403015150,NLBBL,35,46,32,1142.0,36544.0
2021010403015061,NLBBL,35,39,50,1140.0,57000.0
2021010403015060,NLBBL,35,22,100,1140.0,114000.0
2021010403015059,NLBBL,35,35,19,1140.0,21660.0
2021010403015058,NLBBL,35,38,165,1140.0,188100.0
2021010403015057,NLBBL,35,41,232,1139.0,264248.0
2021010403014799,NLBBL,56,58,100,1130.0,113000.0
2021010403015273,NLIC,58,54,50,2405.0,120250.0
2021010403015272,NLIC,33,54,60,2405.0,144300.0
2021010403015271,NLIC,45,54,100,2408.0,240800.0
2021010403015257,NLIC,45,58,200,2410.0,482000.0
2021010403015256,NLIC,32,58,132,2410.0,318120.0
2021010403015255,NLIC,32,48,100,2410.0,241000.0
2021010403014841,NLIC,25,41,68,2423.0,164764.0
2021010403014840,NLIC,25,1,85,2423.0,205955.0
2021010403014839,NLIC,25,52,200,2420.0,484000.0
2021010403014831,NLIC,50,21,100,2420.0,242000.0
2021010403014826,NLIC,50,49,22,2420.0,53240.0
2021010403014893,NLIC,57,11,50,2423.0,121150.0
2021010403014892,NLIC,50,11,200,2423.0,484600.0
2021010403014891,NLIC,39,11,50,2423.0,121150.0
2021010403014875,NLIC,32,49,100,2424.0,242400.0
2021010403014858,NLIC,50,45,12,2420.0,29040.0
2021010403014842,NLIC,25,49,647,2424.0,1568328.0
2021010403014952,NLIC,57,45,10,2420.0,24200.0
2021010403014951,NLIC,50,45,66,2420.0,159720.0
2021010403014941,NLIC,33,11,40,2423.0,96920.0
2021010403014916,NLIC,38,34,40,2422.0,96880.0
2021010403014900,NLIC,38,11,500,2423.0,1211500.0
2021010403014897,NLIC,45,11,100,2423.0,242300.0
2021010403014989,NLIC,8,58,20,2421.0,48420.0
2021010403014976,NLIC,50,11,20,2420.0,48400.0
2021010403014975,NLIC,47,11,10,2420.0,24200.0
2021010403014974,NLIC,38,11,20,2420.0,48400.0
2021010403014969,NLIC,29,11,10,2423.0,24230.0
2021010403014953,NLIC,26,45,49,2420.0,118580.0
2021010403015042,NLIC,47,47,10,2422.0,24220.0
2021010403014995,NLIC,42,11,471,2423.0,1141233.0
2021010403014994,NLIC,42,35,169,2417.0,408473.0
2021010403014992,NLIC,44,35,200,2417.0,483400.0
2021010403014991,NLIC,50,35,56,2420.0,135520.0
2021010403014990,NLIC,50,58,24,2420.0,58080.0
2021010403015089,NLIC,29,6,30,2410.0,72300.0
2021010403015088,NLIC,45,6,40,2411.0,96440.0
2021010403015087,NLIC,49,6,20,2411.0,48220.0
2021010403015086,NLIC,47,6,10,2411.0,24110.0
2021010403015054,NLIC,25,35,300,2412.0,723600.0
2021010403015049,NLIC,25,48,200,2412.0,482400.0
2021010403015132,NLIC,49,26,10,2410.0,24100.0
2021010403015131,NLIC,49,38,100,2410.0,241000.0
2021010403015124,NLIC,35,48,23,2416.0,55568.0
2021010403015123,NLIC,49,49,100,2410.0,241000.0
2021010403015110,NLIC,49,10,984,2410.0,2371440.0
2021010403015109,NLIC,29,10,16,2410.0,38560.0
2021010403015187,NLIC,38,57,100,2411.0,241100.0
2021010403015179,NLIC,49,34,100,2410.0,241000.0
2021010403015154,NLIC,49,45,202,2410.0,486820.0
2021010403015152,NLIC,49,53,300,2410.0,723000.0
2021010403015149,NLIC,49,50,450,2410.0,1084500.0
2021010403015148,NLIC,14,50,50,2411.0,120550.0
2021010403015247,NLIC,32,19,768,2410.0,1850880.0
2021010403015246,NLIC,49,19,232,2410.0,559120.0
2021010403015227,NLIC,49,58,200,2410.0,482000.0
2021010403015201,NLIC,49,28,250,2410.0,602500.0
2021010403015200,NLIC,49,49,22,2410.0,53020.0
2021010403015190,NLIC,49,25,50,2410.0,120500.0
2021010403015127,NLICL,22,20,120,1152.0,138240.0
2021010403015071,NLICL,49,49,"30,000",1152.0,34560000.0
2021010403015044,NLICL,39,7,400,1151.0,460400.0
2021010403015035,NLICL,47,20,20,1154.0,23080.0
2021010403014993,NLICL,39,20,100,1155.0,115500.0
2021010403014972,NLICL,39,26,22,1155.0,25410.0
2021010403014910,NLICL,28,26,100,1155.0,115500.0
2021010403014833,NLICL,58,26,78,1155.0,90090.0
2021010403014828,NLICL,39,13,60,1160.0,69600.0
2021010403015294,NMBMF,26,45,200,995.0,199000.0
2021010403015195,NMBMF,47,44,15,993.0,14895.0
2021010403015194,NMBMF,47,44,15,993.0,14895.0
2021010403015193,NMBMF,47,44,30,993.0,29790.0
2021010403015192,NMBMF,47,44,12,993.0,11916.0
2021010403015191,NMBMF,47,44,20,993.0,19860.0
2021010403015284,NMFBS,34,26,15,2290.0,34350.0
2021010403015283,NMFBS,34,45,70,2285.0,159950.0
2021010403015185,NMFBS,6,26,20,2290.0,45800.0
2021010403015164,NMFBS,43,26,10,2290.0,22900.0
2021010403015105,NMFBS,34,33,5,2290.0,11450.0
2021010403015104,NMFBS,55,33,75,2290.0,171750.0
2021010403014861,NMFBS,46,36,21,2293.0,48153.0
2021010403014805,NMFBS,22,39,21,2293.0,48153.0
2021010403015103,NMFBS,1,33,50,2290.0,114500.0
2021010403015102,NMFBS,58,33,150,2290.0,343500.0
2021010403015101,NMFBS,55,33,20,2291.0,45820.0
2021010403015100,NMFBS,41,33,79,2291.0,180989.0
2021010403015099,NMFBS,28,33,21,2291.0,48111.0
2021010403014938,NMFBS,28,36,79,2291.0,180989.0
2021010403015292,NRIC,50,16,100,1530.0,153000.0
2021010403015291,NRIC,50,39,300,1530.0,459000.0
2021010403015281,NRIC,50,57,420,1530.0,642600.0
2021010403015280,NRIC,51,57,40,1530.0,61200.0
2021010403015279,NRIC,8,57,10,1530.0,15300.0
2021010403015278,NRIC,49,57,30,1530.0,45900.0
2021010403014818,NRIC,17,40,100,1542.0,154200.0
2021010403014800,NRIC,58,26,100,1546.0,154600.0
2021010403014845,NRIC,10,7,252,1548.0,390096.0
2021010403014844,NRIC,10,58,23,1546.0,35558.0
2021010403014843,NRIC,10,40,25,1540.0,38500.0
2021010403014832,NRIC,11,40,50,1540.0,77000.0
2021010403014820,NRIC,38,40,25,1540.0,38500.0
2021010403014819,NRIC,54,40,300,1540.0,462000.0
2021010403014879,NRIC,43,21,50,1536.0,76800.0
2021010403014878,NRIC,41,21,50,1536.0,76800.0
2021010403014853,NRIC,29,40,141,1535.0,216435.0
2021010403014852,NRIC,56,40,150,1535.0,230250.0
2021010403014851,NRIC,58,40,109,1535.0,167315.0
2021010403014847,NRIC,26,4,100,1536.0,153600.0
2021010403014886,NRIC,51,32,91,1535.0,139685.0
2021010403014885,NRIC,29,32,359,1535.0,551065.0
2021010403014884,NRIC,43,32,50,1540.0,77000.0
2021010403014883,NRIC,59,7,20,1548.0,30960.0
2021010403014881,NRIC,39,7,460,1548.0,712080.0
2021010403014880,NRIC,39,5,40,1546.0,61840.0
2021010403014924,NRIC,43,6,50,1548.0,77400.0
2021010403014909,NRIC,45,6,50,1548.0,77400.0
2021010403014908,NRIC,45,32,42,1548.0,65016.0
2021010403014904,NRIC,32,8,50,1549.0,77450.0
2021010403014896,NRIC,45,7,58,1548.0,89784.0
2021010403014895,NRIC,29,7,250,1548.0,387000.0
2021010403015006,NRIC,29,28,200,1540.0,308000.0
2021010403015003,NRIC,43,8,170,1549.0,263330.0
2021010403015002,NRIC,43,7,300,1548.0,464400.0
2021010403015001,NRIC,43,13,30,1547.0,46410.0
2021010403014926,NRIC,43,8,200,1549.0,309800.0
2021010403014925,NRIC,43,49,50,1548.0,77400.0
2021010403015119,NRIC,51,22,30,1542.0,46260.0
2021010403015115,NRIC,51,47,20,1542.0,30840.0
2021010403015114,NRIC,25,47,10,1543.0,15430.0
2021010403015111,NRIC,1,10,100,1545.0,154500.0
2021010403015050,NRIC,55,58,40,1546.0,61840.0
2021010403015045,NRIC,55,51,10,1546.0,15460.0
2021010403015145,NRIC,56,42,80,1542.0,123360.0
2021010403015144,NRIC,56,22,20,1542.0,30840.0
2021010403015137,NRIC,51,53,20,1535.0,30700.0
2021010403015136,NRIC,29,53,10,1536.0,15360.0
2021010403015135,NRIC,8,53,10,1540.0,15400.0
2021010403015134,NRIC,8,53,10,1541.0,15410.0
2021010403015203,NRIC,36,45,10,1531.0,15310.0
2021010403015181,NRIC,39,45,50,1531.0,76550.0
2021010403015165,NRIC,8,53,10,1535.0,15350.0
2021010403015163,NRIC,45,10,20,1540.0,30800.0
2021010403015162,NRIC,45,33,100,1535.0,153500.0
2021010403015151,NRIC,51,4,30,1535.0,46050.0
2021010403015223,NRIC,39,41,50,1531.0,76550.0
2021010403015222,NRIC,51,41,120,1531.0,183720.0
2021010403015217,NRIC,51,26,10,1531.0,15310.0
2021010403015210,NRIC,51,38,70,1531.0,107170.0
2021010403015209,NRIC,19,38,30,1531.0,45930.0
2021010403015204,NRIC,19,45,20,1531.0,30620.0
2021010403015238,NRIC,42,48,515,1530.0,787950.0
2021010403015237,NRIC,52,48,400,1531.0,612400.0
2021010403015235,NRIC,55,21,10,1534.0,15340.0
2021010403015234,NRIC,52,4,100,1531.0,153100.0
2021010403015225,NRIC,42,41,730,1530.0,1116900.0
2021010403015224,NRIC,41,41,100,1531.0,153100.0
2021010403015268,NRIC,14,22,90,1530.0,137700.0
2021010403015261,NRIC,14,10,380,1530.0,581400.0
2021010403015252,NRIC,14,48,30,1530.0,45900.0
2021010403015251,NRIC,22,48,755,1530.0,1155150.0
2021010403015250,NRIC,54,48,215,1530.0,328950.0
2021010403015239,NRIC,54,48,85,1530.0,130050.0
2021010403015277,NRIC,38,16,20,1535.0,30700.0
2021010403015276,NRIC,38,21,90,1534.0,138060.0
2021010403015275,NRIC,38,38,100,1533.0,153300.0
2021010403015274,NRIC,38,51,40,1531.0,61240.0
2021010403015270,NRIC,53,22,195,1530.0,298350.0
2021010403015269,NRIC,5,22,50,1530.0,76500.0
2021010403015241,NRN,44,49,10,353.0,3530.0
2021010403015232,NRN,32,13,100,354.0,35400.0
2021010403015231,NRN,38,13,50,354.0,17700.0
2021010403015230,NRN,7,13,40,354.0,14160.0
2021010403015229,NRN,1,13,200,354.0,70800.0
2021010403015228,NRN,49,13,480,354.0,169920.0
2021010403014940,NRN,49,22,810,354.0,286740.0
2021010403014932,NRN,29,32,75,355.0,26625.0
2021010403014931,NRN,49,45,10,354.0,3540.0
2021010403014917,NRN,49,38,10,354.0,3540.0
2021010403014913,NRN,49,22,"1,000",354.0,354000.0
2021010403015096,NRN,45,49,10,355.0,3550.0
2021010403015095,NRN,45,29,10,355.0,3550.0
2021010403015094,NRN,45,42,10,355.0,3550.0
2021010403015093,NRN,45,49,10,355.0,3550.0
2021010403015092,NRN,45,32,425,355.0,150875.0
2021010403014967,NRN,49,51,10,354.0,3540.0
2021010403015160,NRN,49,38,10,354.0,3540.0
2021010403015141,NRN,49,58,10,354.0,3540.0
2021010403015112,NRN,49,39,160,354.0,56640.0
2021010403015106,NRN,49,45,10,354.0,3540.0
2021010403015098,NRN,45,58,10,355.0,3550.0
2021010403015097,NRN,45,50,550,355.0,195250.0
2021010403015290,NTC,53,57,400,1291.0,516400.0
2021010403015176,NTC,49,58,40,1290.0,51600.0
2021010403015175,NTC,6,58,960,1291.0,1239360.0
2021010403015156,NTC,6,58,410,1291.0,529310.0
2021010403015155,NTC,38,58,300,1292.0,387600.0
2021010403015139,NTC,6,49,230,1291.0,296930.0
2021010403014835,NTC,44,41,100,1305.0,130500.0
2021010403014830,NTC,40,41,50,1305.0,65250.0
2021010403014829,NTC,40,43,50,1304.0,65200.0
2021010403014825,NTC,26,41,100,1305.0,130500.0
2021010403014804,NTC,40,54,10,1304.0,13040.0
2021010403014862,NTC,25,41,171,1305.0,223155.0
2021010403014855,NTC,40,41,100,1305.0,130500.0
2021010403014848,NTC,33,16,90,1304.0,117360.0
2021010403014846,NTC,40,16,10,1304.0,13040.0
2021010403014838,NTC,57,41,200,1305.0,261000.0
2021010403014837,NTC,49,41,200,1305.0,261000.0
2021010403014963,NTC,38,25,100,1303.0,130300.0
2021010403014950,NTC,42,52,100,1304.0,130400.0
2021010403014927,NTC,3,52,110,1304.0,143440.0
2021010403014923,NTC,37,41,50,1305.0,65250.0
2021010403014919,NTC,3,18,90,1304.0,117360.0
2021010403014918,NTC,33,18,10,1304.0,13040.0
2021010403015000,NTC,41,3,115,1300.0,149500.0
2021010403014999,NTC,42,3,200,1300.0,260000.0
2021010403014998,NTC,40,3,15,1300.0,19500.0
2021010403014997,NTC,17,3,20,1301.0,26020.0
2021010403014996,NTC,33,3,150,1302.0,195300.0
2021010403014968,NTC,38,35,20,1303.0,26060.0
2021010403015031,NTC,41,3,65,1300.0,84500.0
2021010403015030,NTC,34,58,20,1302.0,26040.0
2021010403015025,NTC,41,58,270,1303.0,351810.0
2021010403015024,NTC,41,48,100,1303.0,130300.0
2021010403015022,NTC,41,49,100,1303.0,130300.0
2021010403015004,NTC,41,25,20,1300.0,26000.0
2021010403015138,NTC,34,49,50,1299.0,64950.0
2021010403015113,NTC,34,3,100,1299.0,129900.0
2021010403015051,NTC,26,48,65,1300.0,84500.0
2021010403015034,NTC,26,3,235,1300.0,305500.0
2021010403015033,NTC,3,3,100,1300.0,130000.0
2021010403015032,NTC,48,3,100,1300.0,130000.0
2021010403015205,NUBL,33,57,100,1321.0,132100.0
2021010403015153,NUBL,48,16,20,1330.0,26600.0
2021010403015063,NUBL,33,58,50,1321.0,66050.0
2021010403014987,NUBL,16,35,25,1320.0,33000.0
2021010403014866,NUBL,16,6,16,1320.0,21120.0
2021010403014865,NUBL,49,6,184,1325.0,243800.0
2021010403014823,NUBL,49,35,"1,000",1325.0,1325000.0
2021010403014822,NUBL,49,38,16,1325.0,21200.0
2021010403014821,NUBL,49,47,800,1320.0,1056000.0
2021010403015091,OHL,33,34,290,476.0,138040.0
2021010403015260,PFL,17,49,12,171.0,2052.0
2021010403015171,PFL,33,42,27,173.0,4671.0
2021010403014899,PFL,33,39,12,173.0,2076.0
2021010403014816,PFL,17,26,82,171.0,14022.0
2021010403014815,PFL,42,26,"1,000",172.0,172000.0
2021010403014814,PFL,28,26,80,172.0,13760.0
2021010403014813,PFL,52,26,16,172.0,2752.0
2021010403015177,PROFL,58,45,50,127.0,6350.0
2021010403014945,RLFL,22,35,23,169.0,3887.0
2021010403014850,RLFL,49,41,50,170.0,8500.0
2021010403014849,RLFL,49,57,50,170.0,8500.0
2021010403015295,RLI,5,21,10,610.0,6100.0
2021010403015293,RLI,5,47,10,610.0,6100.0
2021010403015265,RLI,5,21,140,610.0,85400.0
2021010403015264,RLI,36,21,50,610.0,30500.0
2021010403015263,RLI,29,21,100,611.0,61100.0
2021010403015262,RLI,41,21,20,611.0,12220.0
2021010403014930,RLI,43,44,10,611.0,6110.0
2021010403014860,RLI,36,57,10,610.0,6100.0
2021010403014859,RLI,36,21,440,610.0,268400.0
2021010403014857,RLI,45,48,10,609.0,6090.0
2021010403014812,RLI,45,43,10,609.0,6090.0
2021010403015062,RLI,43,42,10,611.0,6110.0
2021010403015052,RLI,43,48,10,611.0,6110.0
2021010403014986,RLI,43,58,30,611.0,18330.0
2021010403014981,RLI,43,52,20,611.0,12220.0
2021010403014964,RLI,43,38,10,611.0,6110.0
2021010403014947,RLI,43,42,10,611.0,6110.0
2021010403015249,RLI,41,42,10,611.0,6110.0
2021010403015220,RLI,41,38,10,611.0,6110.0
2021010403015180,RLI,41,39,10,611.0,6110.0
2021010403015129,RLI,45,29,10,611.0,6110.0
2021010403015128,RLI,43,29,90,611.0,54990.0
2021010403015072,RLI,43,42,10,611.0,6110.0
2021010403014872,RMDC,36,40,30,1200.0,36000.0
2021010403014871,RMDC,36,14,100,1200.0,120000.0
2021010403014870,RMDC,36,43,500,1200.0,600000.0
2021010403014869,RMDC,36,3,110,1199.0,131890.0
2021010403014868,RMDC,36,55,60,1195.0,71700.0
2021010403014867,RMDC,36,29,200,1195.0,239000.0
2021010403014811,RSDC,19,42,30,590.0,17700.0
2021010403014810,RSDC,19,41,10,590.0,5900.0
2021010403015107,RSDC,13,13,1,590.0,590.0
2021010403015040,RSDC,19,42,10,590.0,5900.0
2021010403015213,SABSL,21,57,11,1051.0,11561.0
2021010403015212,SABSL,21,38,11,1051.0,11561.0
2021010403015211,SABSL,21,48,11,1051.0,11561.0
2021010403015085,SABSL,44,58,50,1050.0,52500.0
2021010403015108,SADBL,39,50,112,175.0,19600.0
2021010403014984,SADBL,39,59,22,175.0,3850.0
2021010403014961,SAPDBL,6,35,109,144.0,15696.0
2021010403014960,SAPDBL,6,19,11,144.0,1584.0
2021010403015118,SDLBSL,40,57,15,1005.0,15075.0
2021010403014959,SFCL,42,49,20,130.0,2600.0
2021010403015199,SHINE,57,45,300,238.0,71400.0
2021010403015198,SHINE,57,57,100,238.0,23800.0
2021010403015197,SHINE,57,26,600,238.0,142800.0
2021010403015196,SHINE,57,50,500,238.0,119000.0
2021010403014836,SHINE,32,57,305,237.0,72285.0
2021010403015073,SIFC,33,6,100,182.0,18200.0
2021010403014971,SIFC,52,6,30,182.0,5460.0
2021010403014949,SKBBL,36,45,260,1458.0,379080.0
2021010403015266,SLBBL,58,29,100,1100.0,110000.0
2021010403015242,SLBBL,58,59,85,1100.0,93500.0
2021010403015125,SLBBL,58,59,100,1100.0,110000.0
2021010403015084,SLBBL,49,59,200,1100.0,220000.0
2021010403015083,SLBBL,20,59,145,1100.0,159500.0
2021010403015027,SLICL,25,16,500,699.0,349500.0
2021010403015026,SLICL,25,6,100,698.0,69800.0
2021010403014921,SLICL,44,6,200,695.0,139000.0
2021010403014888,SLICL,25,7,600,698.0,418800.0
2021010403015159,SNLB,28,52,200,975.0,195000.0
2021010403015158,SNLB,28,52,100,975.0,97500.0
2021010403015157,SNLB,41,52,200,976.0,195200.0
2021010403015233,SWBBL,14,55,100,1662.0,166200.0
2021010403014874,SWBBL,32,32,50,1670.0,83500.0
2021010403014873,SWBBL,33,32,50,1670.0,83500.0
2021010403014827,SWBBL,33,50,50,1670.0,83500.0
2021010403014765,ALBSL,59,17,33,1095.0,36135.0
2021010403014515,ALBSL,59,42,22,1095.0,24090.0
2021010403014514,ALBSL,59,42,89,1100.0,97900.0
2021010403014513,ALBSL,59,42,89,1110.0,98790.0
2021010403014467,ALBSL,59,36,11,1110.0,12210.0
2021010403014375,ALBSL,59,49,11,1110.0,12210.0
2021010403014361,ALBSL,59,26,11,1100.0,12100.0
2021010403014331,ALBSL,59,21,100,1110.0,111000.0
2021010403014330,ALBSL,59,43,11,1110.0,12210.0
2021010403014698,ALICL,38,33,453,950.0,430350.0
2021010403014664,ALICL,38,33,795,950.0,755250.0
2021010403014663,ALICL,38,42,665,950.0,631750.0
2021010403014662,ALICL,38,33,700,948.0,663600.0
2021010403014661,ALICL,38,33,687,946.0,649902.0
2021010403014660,ALICL,38,26,153,945.0,144585.0
2021010403014659,ALICL,47,26,25,945.0,23625.0
2021010403014464,ALICL,44,35,50,945.0,47250.0
2021010403014410,ALICL,35,33,200,940.0,188000.0
2021010403014684,BFC,38,48,50,141.0,7050.0
2021010403014623,BFC,38,35,98,141.0,13818.0
2021010403014622,BFC,38,41,52,141.0,7332.0
2021010403014621,BFC,38,48,500,141.0,70500.0
2021010403014620,BFC,38,56,100,141.0,14100.0
2021010403014619,BFC,38,41,150,141.0,21150.0
2021010403014511,BFC,38,47,277,140.0,38780.0
2021010403014785,CBBL,14,25,210,1195.0,250950.0
2021010403014697,CBBL,47,25,100,1195.0,119500.0
2021010403014329,CBBL,38,25,100,1198.0,119800.0
2021010403014624,CFCL,49,38,85,169.0,14365.0
2021010403014760,CIT,45,57,80,3409.0,272720.0
2021010403014608,CIT,10,42,17,3400.0,57800.0
2021010403014607,CIT,8,42,100,3400.0,340000.0
2021010403014606,CIT,34,42,10,3400.0,34000.0
2021010403014605,CIT,47,42,50,3400.0,170000.0
2021010403014604,CIT,19,42,17,3400.0,57800.0
2021010403014478,CIT,59,21,30,3403.0,102090.0
2021010403014451,CIT,42,6,14,3405.0,47670.0
2021010403014392,CIT,11,6,30,3405.0,102150.0
2021010403014575,CIT,35,13,10,3405.0,34050.0
2021010403014574,CIT,35,6,22,3405.0,74910.0
2021010403014573,CIT,35,55,40,3402.0,136080.0
2021010403014524,CIT,13,55,50,3402.0,170100.0
2021010403014523,CIT,36,55,10,3402.0,34020.0
2021010403014521,CIT,59,38,15,3403.0,51045.0
2021010403014502,CLBSL,59,14,100,800.0,80000.0
2021010403014387,CORBL,19,41,10,211.0,2110.0
2021010403014670,DDBL,16,32,50,1409.0,70450.0
2021010403014629,DDBL,56,48,79,1408.0,111232.0
2021010403014581,DDBL,6,51,30,1405.0,42150.0
2021010403014572,DDBL,17,48,10,1408.0,14080.0
2021010403014412,DDBL,45,4,100,1405.0,140500.0
2021010403014769,FMDBL,1,57,125,586.0,73250.0
2021010403014768,FMDBL,1,57,73,586.0,42778.0
2021010403014479,FMDBL,44,57,100,586.0,58600.0
2021010403014350,FMDBL,44,57,100,586.0,58600.0
2021010403014778,FOWAD,49,42,36,2295.0,82620.0
2021010403014777,FOWAD,7,42,50,2295.0,114750.0
2021010403014776,FOWAD,11,42,30,2295.0,68850.0
2021010403014775,FOWAD,58,42,84,2295.0,192780.0
2021010403014774,FOWAD,47,42,15,2295.0,34425.0
2021010403014773,FOWAD,47,42,10,2295.0,22950.0
2021010403014741,FOWAD,58,53,16,2295.0,36720.0
2021010403014385,FOWAD,16,52,20,2295.0,45900.0
2021010403014530,GBBL,4,29,100,313.0,31300.0
2021010403014475,GBBL,14,14,207,310.0,64170.0
2021010403014430,GBBL,45,14,250,310.0,77500.0
2021010403014312,GBBL,17,14,310,310.0,96100.0
2021010403014311,GBBL,32,14,200,310.0,62000.0
2021010403014310,GBBL,3,14,500,310.0,155000.0
2021010403014309,GBBL,5,14,200,310.0,62000.0
2021010403014308,GBBL,26,14,200,310.0,62000.0
2021010403014307,GBBL,7,14,500,310.0,155000.0
2021010403014306,GBBL,38,14,834,310.0,258540.0
2021010403014305,GBBL,42,14,49,311.0,15239.0
2021010403014304,GBBL,41,14,50,311.0,15550.0
2021010403014396,GBLBS,16,38,45,585.0,26325.0
2021010403014395,GBLBS,36,38,100,586.0,58600.0
2021010403014394,GBLBS,58,38,55,586.0,32230.0
2021010403014321,GBLBS,58,33,15,586.0,8790.0
2021010403014438,GFCL,45,41,30,195.0,5850.0
2021010403014423,GFCL,43,21,500,194.0,97000.0
2021010403014381,GFCL,43,38,"1,000",194.0,194000.0
2021010403014339,GILB,45,56,20,1360.0,27200.0
2021010403014610,GLBSL,25,43,10,870.0,8700.0
2021010403014784,GLICL,58,38,100,625.0,62500.0
2021010403014452,GMFBS,26,3,100,1029.0,102900.0
2021010403014568,GRDBL,58,58,90,148.0,13320.0
2021010403014658,HIDCL,26,14,409,264.0,107976.0
2021010403014657,HIDCL,26,41,41,264.0,10824.0
2021010403014656,HIDCL,26,45,50,264.0,13200.0
2021010403014625,HIDCL,1,57,61,262.0,15982.0
2021010403014532,HIDCL,1,16,61,262.0,15982.0
2021010403014482,HIDCL,1,58,483,262.0,126546.0
2021010403014481,HIDCL,28,58,17,262.0,4454.0
2021010403014386,HIDCL,28,19,61,262.0,15982.0
2021010403014328,HIDCL,28,44,61,262.0,15982.0
2021010403014322,HIDCL,39,45,200,264.0,52800.0
2021010403014590,ILBS,39,44,11,1055.0,11605.0
2021010403014458,ILBS,39,45,11,1055.0,11605.0
2021010403014373,ILBS,39,54,28,1055.0,29540.0
2021010403014372,ILBS,16,54,22,1055.0,23210.0
2021010403014758,JBBL,19,50,110,230.0,25300.0
2021010403014757,JBBL,19,34,200,230.0,46000.0
2021010403014756,JBBL,19,13,190,230.0,43700.0
2021010403014704,JBBL,46,39,261,229.0,59769.0
2021010403014703,JBBL,41,39,"1,229",229.0,281441.0
2021010403014559,JBBL,41,47,771,229.0,176559.0
2021010403014558,JBBL,43,47,229,229.0,52441.0
2021010403014480,JBBL,43,42,131,229.0,29999.0
2021010403014477,JBBL,43,14,600,229.0,137400.0
2021010403014476,JBBL,43,34,40,229.0,9160.0
2021010403014408,JBBL,57,34,10,229.0,2290.0
2021010403014323,JBBL,58,21,300,228.0,68400.0
2021010403014699,JFL,4,17,200,254.0,50800.0
2021010403014433,JFL,4,42,"1,000",254.0,254000.0
2021010403014377,JSLBB,45,19,40,1801.0,72040.0
2021010403014766,KLBSL,45,25,59,1183.0,69797.0
2021010403014468,KLBSL,5,47,50,1183.0,59150.0
2021010403014313,KLBSL,53,1,10,1182.0,11820.0
2021010403014421,KLBSL,54,1,10,1180.0,11800.0
2021010403014726,KMCDB,22,39,10,880.0,8800.0
2021010403014696,KMCDB,25,57,10,874.0,8740.0
2021010403014636,KMCDB,16,49,10,875.0,8750.0
2021010403014635,KMCDB,16,46,76,875.0,66500.0
2021010403014488,KMCDB,58,36,10,873.0,8730.0
2021010403014333,KMCDB,58,28,10,873.0,8730.0
2021010403014384,KSBBL,42,19,101,218.0,22018.0
2021010403014383,KSBBL,42,45,508,218.0,110744.0
2021010403014382,KSBBL,46,45,100,219.0,21900.0
2021010403014466,LBBL,36,41,10,205.0,2050.0
2021010403014465,LBBL,19,41,12,206.0,2472.0
2021010403014712,LICN,29,29,20,1983.0,39660.0
2021010403014644,MDB,11,37,50,331.0,16550.0
2021010403014643,MDB,47,37,30,331.0,9930.0
2021010403014642,MDB,42,37,100,331.0,33100.0
2021010403014554,MLBL,17,45,108,237.0,25596.0
2021010403014611,MMFDB,20,11,50,1095.0,54750.0
2021010403014317,MMFDB,58,16,50,1100.0,55000.0
2021010403014316,MMFDB,58,58,115,1100.0,126500.0
2021010403014315,MMFDB,58,5,501,1100.0,551100.0
2021010403014797,MNBBL,33,59,50,345.0,17250.0
2021010403014796,MNBBL,42,59,300,347.0,104100.0
2021010403014539,MNBBL,39,41,38,345.0,13110.0
2021010403014538,MNBBL,45,41,50,345.0,17250.0
2021010403014537,MNBBL,45,41,50,345.0,17250.0
2021010403014536,MNBBL,14,41,500,345.0,172500.0
2021010403014449,MNBBL,57,59,50,349.0,17450.0
2021010403014535,MNBBL,22,41,28,345.0,9660.0
2021010403014534,MNBBL,32,41,14,346.0,4844.0
2021010403014533,MNBBL,42,41,20,346.0,6920.0
2021010403014505,MNBBL,17,59,91,347.0,31577.0
2021010403014504,MNBBL,45,59,40,347.0,13880.0
2021010403014503,MNBBL,38,59,119,347.0,41293.0
2021010403014783,MSMBS,5,5,11,863.0,9493.0
