Transact. No.,Symbol,Buyer,Seller,Quantity,Rate,Amount
2021010503012624,ALBSL,48,48,1,1150.0,1150.0
2021010503012292,ALBSL,34,43,59,1155.0,68145.0
2021010503012291,ALBSL,34,58,11,1155.0,12705.0
2021010503012290,ALBSL,34,57,30,1144.0,34320.0
2021010503012636,ALICL,49,29,"2,841",950.0,2698950.0
2021010503012635,ALICL,49,19,50,950.0,47500.0
2021010503012634,ALICL,49,49,100,950.0,95000.0
2021010503012633,ALICL,49,45,10,950.0,9500.0
2021010503012632,ALICL,49,46,100,949.0,94900.0
2021010503012631,ALICL,49,54,"1,000",949.0,949000.0
2021010503012630,ALICL,49,3,50,946.0,47300.0
2021010503012450,ALICL,58,49,450,944.0,424800.0
2021010503012669,BFC,38,49,"1,860",138.0,256680.0
2021010503012485,BFC,38,6,140,138.0,19320.0
2021010503012484,BFC,40,6,860,138.0,118680.0
2021010503012407,BFC,40,16,100,138.0,13800.0
2021010503012335,BFC,40,6,"1,000",138.0,138000.0
2021010503012705,CBBL,44,1,210,1190.0,249900.0
2021010503012626,CBBL,11,26,23,1185.0,27255.0
2021010503012625,CBBL,32,26,10,1186.0,11860.0
2021010503012614,CBBL,43,45,196,1186.0,232456.0
2021010503012548,CBBL,43,25,104,1186.0,123344.0
2021010503012474,CBBL,11,42,27,1185.0,31995.0
2021010503012471,CBBL,43,25,237,1186.0,281082.0
2021010503012701,CIT,21,26,15,3383.0,50745.0
2021010503012699,CIT,40,49,16,3384.0,54144.0
2021010503012694,CIT,21,57,25,3383.0,84575.0
2021010503012638,CIT,21,5,20,3382.0,67640.0
2021010503012609,CIT,47,37,30,3381.0,101430.0
2021010503012608,CIT,21,37,20,3381.0,67620.0
2021010503012317,CIT,55,45,10,3383.0,33830.0
2021010503012316,CIT,21,45,10,3383.0,33830.0
2021010503012301,CIT,54,49,34,3384.0,115056.0
2021010503012300,CIT,54,34,16,3384.0,54144.0
2021010503012532,CIT,35,45,10,3383.0,33830.0
2021010503012478,CIT,21,45,20,3383.0,67660.0
2021010503012459,CIT,21,59,10,3382.0,33820.0
2021010503012458,CIT,26,59,10,3382.0,33820.0
2021010503012457,CIT,32,59,10,3382.0,33820.0
2021010503012322,CIT,49,45,50,3383.0,169150.0
2021010503012595,CIT,42,38,40,3382.0,135280.0
2021010503012570,CIT,42,38,10,3382.0,33820.0
2021010503012558,CIT,10,38,50,3383.0,169150.0
2021010503012554,CIT,21,6,30,3383.0,101490.0
2021010503012546,CIT,57,59,10,3382.0,33820.0
2021010503012533,CIT,35,6,20,3383.0,67660.0
2021010503012722,CLBSL,34,1,11,838.0,9218.0
2021010503012721,CLBSL,34,19,10,836.0,8360.0
2021010503012720,CLBSL,34,52,100,836.0,83600.0
2021010503012719,CLBSL,34,34,60,835.0,50100.0
2021010503012718,CLBSL,34,57,100,835.0,83500.0
2021010503012717,CLBSL,34,14,219,834.0,182646.0
2021010503012646,CLBSL,34,45,23,830.0,19090.0
2021010503012645,CLBSL,34,57,98,829.0,81242.0
2021010503012559,CLBSL,39,19,100,825.0,82500.0
2021010503012461,CLBSL,18,55,200,830.0,166000.0
2021010503012345,CLBSL,39,21,100,830.0,83000.0
2021010503012344,CLBSL,39,33,91,830.0,75530.0
2021010503012652,CLBSL,34,14,31,834.0,25854.0
2021010503012651,CLBSL,34,6,13,834.0,10842.0
2021010503012650,CLBSL,34,19,34,834.0,28356.0
2021010503012649,CLBSL,34,57,200,833.0,166600.0
2021010503012648,CLBSL,34,20,51,833.0,42483.0
2021010503012647,CLBSL,34,11,50,832.0,41600.0
2021010503012700,DDBL,56,59,50,1414.0,70700.0
2021010503012668,DDBL,45,50,150,1415.0,212250.0
2021010503012571,DDBL,22,50,100,1415.0,141500.0
2021010503012552,DDBL,41,50,200,1415.0,283000.0
2021010503012386,DDBL,48,50,19,1415.0,26885.0
2021010503012312,DDBL,48,57,50,1414.0,70700.0
2021010503012270,DDBL,48,53,31,1413.0,43803.0
2021010503012751,EDBL,39,56,230,352.0,80960.0
2021010503012716,EDBL,21,19,30,353.0,10590.0
2021010503012525,EDBL,39,6,150,352.0,52800.0
2021010503012524,EDBL,39,56,500,352.0,176000.0
2021010503012523,EDBL,39,1,100,351.0,35100.0
2021010503012333,EDBL,21,1,50,351.0,17550.0
2021010503012749,FMDBL,57,26,10,587.0,5870.0
2021010503012573,FMDBL,34,50,200,582.0,116400.0
2021010503012506,FMDBL,34,45,70,582.0,40740.0
2021010503012505,FMDBL,18,45,10,582.0,5820.0
2021010503012504,FMDBL,56,45,20,583.0,11660.0
2021010503012665,FOWAD,55,41,20,2290.0,45800.0
2021010503012643,FOWAD,41,17,100,2294.0,229400.0
2021010503012494,GBBL,16,17,50,312.0,15600.0
2021010503012427,GBBL,32,17,250,311.0,77750.0
2021010503012555,GBLBS,21,10,200,583.0,116600.0
2021010503012536,GBLBS,21,19,150,583.0,87450.0
2021010503012336,GBLBS,45,46,125,582.0,72750.0
2021010503012279,GBLBS,38,46,10,582.0,5820.0
2021010503012745,GILB,45,16,50,1360.0,68000.0
2021010503012359,GILB,13,16,30,1360.0,40800.0
2021010503012358,GILB,17,16,50,1360.0,68000.0
2021010503012436,GLBSL,22,58,10,878.0,8780.0
2021010503012739,GLICL,49,44,77,616.0,47432.0
2021010503012738,GLICL,45,44,20,616.0,12320.0
2021010503012737,GLICL,14,44,92,616.0,56672.0
2021010503012736,GLICL,34,44,20,616.0,12320.0
2021010503012735,GLICL,51,44,10,617.0,6170.0
2021010503012734,GLICL,21,44,100,617.0,61700.0
2021010503012271,GLICL,10,45,150,618.0,92700.0
2021010503012639,GLICL,44,39,200,620.0,124000.0
2021010503012553,GLICL,16,21,20,618.0,12360.0
2021010503012482,GLICL,52,39,100,620.0,62000.0
2021010503012379,GLICL,39,39,21,617.0,12957.0
2021010503012378,GLICL,58,39,29,617.0,17893.0
2021010503012377,GLICL,58,39,50,618.0,30900.0
2021010503012733,GLICL,47,44,50,617.0,30850.0
2021010503012732,GLICL,39,44,29,617.0,17893.0
2021010503012731,GLICL,49,44,20,618.0,12360.0
2021010503012730,GLICL,16,44,27,618.0,16686.0
2021010503012707,GLICL,34,39,100,620.0,62000.0
2021010503012698,GLICL,16,45,162,618.0,100116.0
2021010503012761,GMFBS,25,56,10,1112.0,11120.0
2021010503012534,GMFBS,44,34,10,1113.0,11130.0
2021010503012302,GMFBS,51,49,10,1101.0,11010.0
2021010503012315,GRDBL,14,35,150,146.0,21900.0
2021010503012272,GRDBL,14,42,50,146.0,7300.0
2021010503012314,GUFL,43,6,100,204.0,20400.0
2021010503012753,HIDCL,58,45,50,266.0,13300.0
2021010503012746,HIDCL,58,25,"1,000",266.0,266000.0
2021010503012693,HIDCL,22,5,50,266.0,13300.0
2021010503012692,HIDCL,57,5,500,266.0,133000.0
2021010503012691,HIDCL,11,5,50,266.0,13300.0
2021010503012690,HIDCL,40,5,"2,500",266.0,665000.0
2021010503012689,HIDCL,40,5,"1,580",266.0,420280.0
2021010503012618,HIDCL,16,5,500,267.0,133500.0
2021010503012615,HIDCL,57,45,100,268.0,26800.0
2021010503012594,HIDCL,22,45,50,268.0,13400.0
2021010503012380,HIDCL,38,45,219,268.0,58692.0
2021010503012265,HIDCL,21,5,"1,000",267.0,267000.0
2021010503012531,ICFC,14,53,494,261.0,128934.0
2021010503012530,ICFC,25,53,200,261.0,52200.0
2021010503012529,ICFC,16,53,100,261.0,26100.0
2021010503012528,ICFC,41,53,70,261.0,18270.0
2021010503012527,ICFC,39,53,50,261.0,13050.0
2021010503012327,ICFC,51,53,100,262.0,26200.0
2021010503012326,ICFC,38,53,70,262.0,18340.0
2021010503012325,ICFC,56,53,50,262.0,13100.0
2021010503012324,ICFC,32,53,50,262.0,13100.0
2021010503012323,ICFC,44,53,66,262.0,17292.0
2021010503012403,ILBS,55,39,11,1037.0,11407.0
2021010503012747,JBBL,7,34,500,230.0,115000.0
2021010503012654,JBBL,1,19,500,231.0,115500.0
2021010503012653,JBBL,13,19,145,231.0,33495.0
2021010503012572,JBBL,1,19,"1,000",231.0,231000.0
2021010503012476,JBBL,25,19,15,231.0,3465.0
2021010503012285,JBBL,55,19,500,231.0,115500.0
2021010503012284,JBBL,19,19,40,231.0,9240.0
2021010503012283,JBBL,42,19,126,231.0,29106.0
2021010503012709,JFL,42,17,318,259.0,82362.0
2021010503012708,JFL,42,45,302,259.0,78218.0
2021010503012616,JFL,16,45,30,259.0,7770.0
2021010503012453,JFL,42,18,80,256.0,20480.0
2021010503012310,JFL,54,18,20,256.0,5120.0
2021010503012309,JFL,57,18,200,256.0,51200.0
2021010503012455,JSLBB,58,39,100,1981.0,198100.0
2021010503012446,JSLBB,58,26,30,1981.0,59430.0
2021010503012313,JSLBB,58,19,40,1981.0,79240.0
2021010503012758,KLBSL,55,34,10,1195.0,11950.0
2021010503012663,KLBSL,17,55,101,1184.0,119584.0
2021010503012662,KLBSL,25,55,200,1187.0,237400.0
2021010503012661,KLBSL,38,55,19,1190.0,22610.0
2021010503012748,KMCDB,46,34,146,880.0,128480.0
2021010503012590,KMCDB,46,38,150,880.0,132000.0
2021010503012406,KMCDB,46,55,39,880.0,34320.0
2021010503012405,KMCDB,46,13,365,880.0,321200.0
2021010503012404,KMCDB,46,55,300,878.0,263400.0
2021010503012374,KMCDB,51,52,10,873.0,8730.0
2021010503012347,KMCDB,51,48,10,873.0,8730.0
2021010503012727,KSBBL,34,47,20,218.0,4360.0
2021010503012750,LBBL,52,6,278,207.0,57546.0
2021010503012385,LBBL,52,48,22,206.0,4532.0
2021010503012666,LICN,43,34,75,1985.0,148875.0
2021010503012289,LLBS,18,50,10,1325.0,13250.0
2021010503012676,LUK,1,54,300,9.35,2805.0
2021010503012510,MERO,49,5,10,900.0,9000.0
2021010503012509,MERO,49,39,43,900.0,38700.0
2021010503012508,MERO,49,41,40,900.0,36000.0
2021010503012507,MERO,49,25,30,899.0,26970.0
2021010503012500,MERO,34,52,96,898.0,86208.0
2021010503012499,MERO,34,19,100,898.0,89800.0
2021010503012498,MERO,34,53,70,898.0,62860.0
2021010503012497,MERO,34,58,100,898.0,89800.0
2021010503012496,MERO,34,41,19,898.0,17062.0
2021010503012320,MERO,17,41,100,898.0,89800.0
2021010503012545,MFIL,4,34,200,324.0,64800.0
2021010503012741,MLBBL,17,17,32,1211.0,38752.0
2021010503012617,MLBBL,36,17,10,1215.0,12150.0
2021010503012759,MLBL,33,1,500,240.0,120000.0
2021010503012664,MLBL,48,1,20,241.0,4820.0
2021010503012287,MLBL,33,26,124,240.0,29760.0
2021010503012685,MMFDB,48,55,25,1113.0,27825.0
2021010503012448,MMFDB,47,6,50,1111.0,55550.0
2021010503012755,MNBBL,28,22,10,346.0,3460.0
2021010503012684,MNBBL,48,47,130,345.0,44850.0
2021010503012623,MNBBL,59,22,20,346.0,6920.0
2021010503012610,MNBBL,18,22,300,346.0,103800.0
2021010503012503,MNBBL,1,48,200,346.0,69200.0
2021010503012361,MNBBL,42,47,20,347.0,6940.0
2021010503012346,MNBBL,41,48,500,346.0,173000.0
2021010503012740,MSLB,1,45,10,1550.0,15500.0
2021010503012715,NABBC,58,52,100,523.0,52300.0
2021010503012644,NABBC,58,52,500,523.0,261500.0
2021010503012481,NABBC,58,42,10,523.0,5230.0
2021010503012278,NEF,17,45,"30,806",10.1,311140.6
2021010503012277,NEF,5,45,"10,000",10.1,101000.0
2021010503012276,NEF,22,45,"10,000",10.14,101400.0
2021010503012275,NEF,3,45,"3,276",10.16,33284.16
2021010503012274,NEF,58,45,"2,241",10.16,22768.56
2021010503012677,NFS,40,41,50,216.0,10800.0
2021010503012520,NIBLPF,17,17,"2,500",10.61,26525.0
2021010503012367,NICGF,26,13,750,10.5,7875.0
2021010503012366,NICGF,26,36,"1,000",10.5,10500.0
2021010503012365,NICGF,26,58,250,10.45,2612.5
2021010503012680,NLBBL,38,32,207,1119.0,231633.0
2021010503012744,NLIC,45,48,20,2388.0,47760.0
2021010503012726,NLIC,45,14,230,2388.0,549240.0
2021010503012725,NLIC,25,14,20,2388.0,47760.0
2021010503012724,NLIC,46,14,50,2388.0,119400.0
2021010503012642,NLIC,26,53,31,2386.0,73966.0
2021010503012641,NLIC,42,8,200,2389.0,477800.0
2021010503012376,NLIC,3,8,50,2389.0,119450.0
2021010503012375,NLIC,3,40,100,2388.0,238800.0
2021010503012351,NLIC,40,8,200,2389.0,477800.0
2021010503012349,NLIC,44,57,10,2387.0,23870.0
2021010503012282,NLIC,44,38,31,2386.0,73966.0
2021010503012266,NLIC,16,38,100,2386.0,238600.0
2021010503012489,NLIC,33,44,100,2386.0,238600.0
2021010503012488,NLIC,42,44,73,2386.0,174178.0
2021010503012437,NLIC,55,8,20,2389.0,47780.0
2021010503012395,NLIC,42,57,127,2386.0,303022.0
2021010503012394,NLIC,58,57,10,2386.0,23860.0
2021010503012393,NLIC,44,57,59,2387.0,140833.0
2021010503012629,NLIC,35,45,100,2387.0,238700.0
2021010503012628,NLIC,21,45,100,2387.0,238700.0
2021010503012627,NLIC,1,45,50,2388.0,119400.0
2021010503012535,NLIC,26,58,25,2386.0,59650.0
2021010503012526,NLIC,5,45,100,2387.0,238700.0
2021010503012490,NLIC,26,44,21,2386.0,50106.0
2021010503012704,NLICL,34,50,100,1135.0,113500.0
2021010503012703,NLICL,54,43,500,1135.0,567500.0
2021010503012581,NLICL,54,39,253,1130.0,285890.0
2021010503012580,NLICL,36,39,100,1130.0,113000.0
2021010503012579,NLICL,38,39,162,1130.0,183060.0
2021010503012578,NLICL,38,39,50,1131.0,56550.0
2021010503012372,NLICL,45,14,135,1135.0,153225.0
2021010503012342,NLICL,45,32,50,1135.0,56750.0
2021010503012267,NLICL,45,57,15,1135.0,17025.0
2021010503012414,NLICL,38,39,77,1132.0,87164.0
2021010503012413,NLICL,40,39,300,1133.0,339900.0
2021010503012412,NLICL,55,39,100,1133.0,113300.0
2021010503012411,NLICL,48,39,18,1134.0,20412.0
2021010503012410,NLICL,41,39,35,1135.0,39725.0
2021010503012382,NLICL,41,14,65,1135.0,73775.0
2021010503012420,NLICL,5,39,200,1131.0,226200.0
2021010503012419,NLICL,49,39,884,1131.0,999804.0
2021010503012418,NLICL,7,39,500,1132.0,566000.0
2021010503012417,NLICL,6,39,130,1132.0,147160.0
2021010503012416,NLICL,52,39,100,1132.0,113200.0
2021010503012415,NLICL,51,39,108,1132.0,122256.0
2021010503012511,NLICL,22,50,77,1136.0,87472.0
2021010503012425,NLICL,38,39,838,1130.0,946940.0
2021010503012424,NLICL,8,39,150,1130.0,169500.0
2021010503012423,NLICL,25,39,200,1130.0,226000.0
2021010503012422,NLICL,20,39,100,1130.0,113000.0
2021010503012421,NLICL,29,39,760,1130.0,858800.0
2021010503012577,NLICL,16,39,10,1131.0,11310.0
2021010503012576,NLICL,32,39,200,1131.0,226200.0
2021010503012575,NLICL,22,39,75,1132.0,84900.0
2021010503012574,NLICL,49,39,710,1132.0,803720.0
2021010503012550,NLICL,49,20,"1,290",1132.0,1460280.0
2021010503012513,NLICL,38,20,10,1135.0,11350.0
2021010503012675,NMBHF1,38,45,"4,032",9.98,40239.36
2021010503012674,NMBHF1,58,45,"2,504",9.98,24989.92
2021010503012340,NMBHF1,17,45,"26,845",10.0,268450.0
2021010503012339,NMBHF1,22,45,"5,954",10.01,59599.54
2021010503012338,NMBHF1,4,45,100,10.02,1002.0
2021010503012637,NMBMF,1,21,300,975.0,292500.0
2021010503012371,NMBMF,53,21,100,975.0,97500.0
2021010503012328,NMBMF,14,21,100,975.0,97500.0
2021010503012318,NMBMF,45,21,125,975.0,121875.0
2021010503012723,NMFBS,14,17,15,2231.0,33465.0
2021010503012543,NMFBS,14,26,24,2231.0,53544.0
2021010503012542,NMFBS,14,53,11,2230.0,24530.0
2021010503012392,NMFBS,38,26,10,2218.0,22180.0
2021010503012391,NMFBS,38,26,20,2218.0,44360.0
2021010503012390,NMFBS,13,26,10,2218.0,22180.0
2021010503012389,NMFBS,43,26,10,2219.0,22190.0
2021010503012298,NMFBS,41,22,13,2219.0,28847.0
2021010503012743,NRIC,52,45,40,1535.0,61400.0
2021010503012714,NRIC,53,55,28,1536.0,43008.0
2021010503012681,NRIC,53,34,50,1536.0,76800.0
2021010503012667,NRIC,45,5,34,1537.0,52258.0
2021010503012657,NRIC,45,39,100,1537.0,153700.0
2021010503012607,NRIC,55,39,20,1534.0,30680.0
2021010503012286,NRIC,3,45,20,1534.0,30680.0
2021010503012269,NRIC,3,39,40,1534.0,61360.0
2021010503012305,NRIC,48,55,50,1534.0,76700.0
2021010503012304,NRIC,34,55,205,1534.0,314470.0
2021010503012303,NRIC,3,55,10,1534.0,15340.0
2021010503012295,NRIC,56,57,10,1535.0,15350.0
2021010503012294,NRIC,56,13,10,1535.0,15350.0
2021010503012293,NRIC,56,19,20,1535.0,30700.0
2021010503012341,NRIC,16,55,10,1535.0,15350.0
2021010503012319,NRIC,16,34,10,1535.0,15350.0
2021010503012311,NRIC,16,36,30,1535.0,46050.0
2021010503012308,NRIC,16,13,10,1535.0,15350.0
2021010503012307,NRIC,16,57,40,1535.0,61400.0
2021010503012306,NRIC,42,55,15,1534.0,23010.0
2021010503012472,NRIC,57,45,22,1536.0,33792.0
2021010503012466,NRIC,50,39,40,1534.0,61360.0
2021010503012451,NRIC,38,55,40,1535.0,61400.0
2021010503012433,NRIC,25,55,140,1535.0,214900.0
2021010503012432,NRIC,38,13,10,1535.0,15350.0
2021010503012388,NRIC,39,55,76,1536.0,116736.0
2021010503012521,NRIC,3,22,40,1535.0,61400.0
2021010503012493,NRIC,59,58,50,1535.0,76750.0
2021010503012492,NRIC,6,58,50,1535.0,76750.0
2021010503012480,NRIC,25,45,50,1536.0,76800.0
2021010503012479,NRIC,25,10,50,1535.0,76750.0
2021010503012473,NRIC,50,22,40,1534.0,61360.0
2021010503012569,NRIC,47,55,110,1535.0,168850.0
2021010503012568,NRIC,54,43,22,1538.0,33836.0
2021010503012567,NRIC,54,50,50,1536.0,76800.0
2021010503012566,NRIC,54,45,28,1536.0,43008.0
2021010503012541,NRIC,47,34,80,1535.0,122800.0
2021010503012522,NRIC,47,22,10,1535.0,15350.0
2021010503012606,NRIC,1,39,20,1534.0,30680.0
2021010503012605,NRIC,17,43,28,1538.0,43064.0
2021010503012604,NRIC,17,56,40,1536.0,61440.0
2021010503012603,NRIC,17,36,30,1535.0,46050.0
2021010503012597,NRIC,1,1,80,1534.0,122720.0
2021010503012596,NRIC,50,1,20,1534.0,30680.0
2021010503012754,NRN,40,41,160,363.0,58080.0
2021010503012612,NRN,40,58,10,363.0,3630.0
2021010503012611,NRN,40,41,10,363.0,3630.0
2021010503012593,NRN,50,32,180,364.0,65520.0
2021010503012592,NRN,50,57,10,364.0,3640.0
2021010503012591,NRN,50,59,10,364.0,3640.0
2021010503012355,NRN,40,6,10,363.0,3630.0
2021010503012354,NRN,40,35,10,363.0,3630.0
2021010503012353,NRN,40,13,10,363.0,3630.0
2021010503012352,NRN,40,38,10,362.0,3620.0
2021010503012583,NRN,40,52,10,363.0,3630.0
2021010503012495,NRN,40,38,10,363.0,3630.0
2021010503012387,NRN,40,48,10,363.0,3630.0
2021010503012373,NRN,40,6,10,363.0,3630.0
2021010503012357,NRN,40,42,10,363.0,3630.0
2021010503012356,NRN,40,58,230,363.0,83490.0
2021010503012757,NTC,51,25,170,1275.0,216750.0
2021010503012756,NTC,52,25,30,1280.0,38400.0
2021010503012752,NTC,52,48,20,1280.0,25600.0
2021010503012742,NTC,53,48,10,1280.0,12800.0
2021010503012729,NTC,51,25,100,1275.0,127500.0
2021010503012728,NTC,5,25,200,1276.0,255200.0
2021010503012360,NTC,17,58,100,1275.0,127500.0
2021010503012348,NTC,57,58,10,1275.0,12750.0
2021010503012321,NTC,53,58,50,1275.0,63750.0
2021010503012273,NTC,45,58,500,1275.0,637500.0
2021010503012462,NTC,51,45,181,1275.0,230775.0
2021010503012434,NTC,51,45,319,1275.0,406725.0
2021010503012381,NTC,29,45,100,1275.0,127500.0
2021010503012368,NTC,48,45,50,1275.0,63750.0
2021010503012364,NTC,50,45,31,1275.0,39525.0
2021010503012363,NTC,50,58,169,1275.0,215475.0
2021010503012540,NTC,58,40,100,1274.0,127400.0
2021010503012539,NTC,29,40,50,1275.0,63750.0
2021010503012538,NTC,29,40,50,1275.0,63750.0
2021010503012465,NTC,4,45,100,1274.0,127400.0
2021010503012464,NTC,47,45,200,1275.0,255000.0
2021010503012463,NTC,57,45,10,1275.0,12750.0
2021010503012712,NTC,51,38,20,1275.0,25500.0
2021010503012697,NTC,49,48,35,1280.0,44800.0
2021010503012683,NTC,1,48,85,1280.0,108800.0
2021010503012682,NTC,1,45,15,1280.0,19200.0
2021010503012671,NTC,34,45,20,1280.0,25600.0
2021010503012613,NTC,45,43,50,1276.0,63800.0
2021010503012659,NUBL,38,57,30,1338.0,40140.0
2021010503012602,NUBL,46,34,100,1338.0,133800.0
2021010503012601,NUBL,46,28,40,1338.0,53520.0
2021010503012600,NUBL,46,17,10,1338.0,13380.0
2021010503012512,NUBL,34,17,10,1338.0,13380.0
2021010503012475,NUBL,22,33,100,1338.0,133800.0
2021010503012369,NUBL,16,25,40,1337.0,53480.0
2021010503012280,NUBL,40,40,5,1325.0,6625.0
2021010504000003,PLI,26,50,10,158.0,1580.0
2021010504000002,PLI,49,11,10,155.0,1550.0
2021010504000001,PLI,48,26,10,152.0,1520.0
2021010503012702,PLIC,58,17,500,775.0,387500.0
2021010503012501,PLIC,58,44,150,773.0,115950.0
2021010503012299,PLIC,32,44,50,773.0,38650.0
2021010503012760,PROFL,34,8,10,129.0,1290.0
2021010503012551,PROFL,41,58,20,128.0,2560.0
2021010503012673,RLFL,45,16,800,168.0,134400.0
2021010503012672,RLFL,47,16,200,168.0,33600.0
2021010503012706,RLI,38,52,10,608.0,6080.0
2021010503012688,RLI,38,48,10,608.0,6080.0
2021010503012687,RLI,38,38,10,608.0,6080.0
2021010503012686,RLI,38,36,10,608.0,6080.0
2021010503012679,RLI,34,55,195,608.0,118560.0
2021010503012640,RLI,55,39,10,607.0,6070.0
2021010503012370,RLI,55,18,10,607.0,6070.0
2021010503012343,RLI,56,36,10,607.0,6070.0
2021010503012297,RLI,56,35,10,607.0,6070.0
2021010503012296,RLI,56,18,10,607.0,6070.0
2021010503012288,RLI,56,39,10,607.0,6070.0
2021010503012483,RLI,36,39,10,608.0,6080.0
2021010503012456,RLI,36,18,10,608.0,6080.0
2021010503012452,RLI,36,3,50,608.0,30400.0
2021010503012435,RLI,36,45,10,608.0,6080.0
2021010503012409,RLI,36,48,10,608.0,6080.0
2021010503012408,RLI,36,35,10,608.0,6080.0
2021010503012563,RLI,45,34,10,609.0,6090.0
2021010503012562,RLI,45,25,10,609.0,6090.0
2021010503012561,RLI,45,8,10,609.0,6090.0
2021010503012549,RLI,36,48,10,608.0,6080.0
2021010503012547,RLI,36,26,10,608.0,6080.0
2021010503012502,RLI,36,38,10,608.0,6080.0
2021010503012622,RLI,55,38,10,607.0,6070.0
2021010503012589,RLI,19,55,15,608.0,9120.0
2021010503012588,RLI,10,55,20,608.0,12160.0
2021010503012587,RLI,36,55,70,608.0,42560.0
2021010503012565,RLI,45,41,10,609.0,6090.0
2021010503012564,RLI,45,35,10,609.0,6090.0
2021010503012670,RMDC,25,4,400,1160.0,464000.0
2021010503012332,RMDC,25,14,262,1160.0,303920.0
2021010503012331,RMDC,39,14,100,1160.0,116000.0
2021010503012330,RMDC,25,14,280,1160.0,324800.0
2021010503012329,RMDC,35,14,450,1161.0,522450.0
2021010503012660,RSDC,37,34,200,586.0,117200.0
2021010503012362,RSDC,58,34,55,586.0,32230.0
2021010503012477,SABSL,44,46,20,1093.0,21860.0
2021010503012431,SABSL,44,47,89,1090.0,97010.0
2021010503012430,SABSL,44,56,11,1090.0,11990.0
2021010503012429,SABSL,44,54,100,1090.0,109000.0
2021010503012428,SABSL,44,48,30,1089.0,32670.0
2021010503012401,SADBL,34,51,13,179.0,2327.0
2021010503012400,SADBL,34,29,112,178.0,19936.0
2021010503012399,SADBL,34,55,80,178.0,14240.0
2021010503012398,SADBL,34,58,20,178.0,3560.0
2021010503012397,SADBL,34,34,25,178.0,4450.0
2021010503012396,SADBL,34,29,50,177.0,8850.0
2021010503012281,SAEF,57,45,"1,000",11.5,11500.0
2021010503012426,SDLBSL,47,38,10,1022.0,10220.0
2021010503012402,SDLBSL,47,35,12,1022.0,12264.0
2021010503012384,SDLBSL,42,35,13,1022.0,13286.0
2021010503012544,SEF,40,47,"29,600",10.55,312280.0
2021010503012447,SFCL,22,16,440,129.0,56760.0
2021010503012350,SFCL,22,56,500,129.0,64500.0
2021010503012658,SHINE,28,1,12,241.0,2892.0
2021010503012586,SHINE,8,1,96,239.0,22944.0
2021010503012585,SHINE,33,1,49,239.0,11711.0
2021010503012449,SHINE,33,45,100,239.0,23900.0
2021010503012656,SHL,51,10,"1,547",192.0,297024.0
2021010503012655,SHL,57,10,150,193.0,28950.0
2021010503012598,SHL,58,25,100,193.0,19300.0
2021010503012519,SHL,42,25,100,193.0,19300.0
2021010503012518,SHL,33,25,100,193.0,19300.0
2021010503012517,SHL,58,25,100,193.0,19300.0
2021010503012516,SHL,54,25,200,193.0,38600.0
2021010503012515,SHL,39,25,200,193.0,38600.0
2021010503012514,SHL,38,25,150,193.0,28950.0
2021010503012556,SIFC,53,54,10,184.0,1840.0
2021010503012337,SIFC,41,54,10,184.0,1840.0
2021010503012268,SINDU,46,37,138,150.0,20700.0
2021010503012713,SLBBL,58,19,204,1098.0,223992.0
2021010503012599,SLBBL,54,57,100,1100.0,110000.0
2021010503012557,SLBBL,47,57,50,1104.0,55200.0
2021010503012537,SLBSL,55,42,13,947.0,12311.0
2021010503012438,SLBSL,55,39,13,947.0,12311.0
2021010503012560,SLICL,4,11,10,691.0,6910.0
2021010503012696,SMB,8,45,39,1080.0,42120.0
2021010503012695,SMB,8,8,11,1076.0,11836.0
2021010503012460,SMFDB,45,16,10,945.0,9450.0
2021010503012334,SNLB,46,22,100,989.0,98900.0
2021010503012584,STC,46,5,11,6470.0,71170.0
2021010503012582,STC,46,25,19,6470.0,122930.0
2021010503012491,STC,53,33,10,6500.0,65000.0
2021010503012711,SWBBL,49,39,575,1670.0,960250.0
2021010503012710,SWBBL,49,33,500,1669.0,834500.0
2021010503012621,SWBBL,49,18,166,1660.0,275560.0
2021010503012620,SWBBL,1,18,10,1661.0,16610.0
2021010503012619,SWBBL,26,18,24,1663.0,39912.0
2021010503012454,SWBBL,4,39,140,1670.0,233800.0
2021010503012487,TRH,11,48,140,298.0,41720.0
2021010503012486,TRH,11,21,50,298.0,14900.0
2021010503012383,TRH,11,20,10,297.0,2970.0
2021010503012445,UFL,16,28,883,244.0,215452.0
2021010503012444,UFL,37,28,500,244.0,122000.0
2021010503012443,UFL,51,28,200,244.0,48800.0
2021010503012442,UFL,26,28,400,244.0,97600.0
2021010503012441,UFL,49,28,200,245.0,49000.0
2021010503012440,UFL,16,28,717,245.0,175665.0
2021010503012439,UFL,49,28,100,246.0,24600.0
2021010503012678,USLB,32,44,10,1320.0,13200.0
2021010503012470,USLB,32,34,16,1298.0,20768.0
2021010503012469,USLB,51,34,31,1299.0,40269.0
2021010503012468,USLB,36,34,50,1299.0,64950.0
2021010503012467,USLB,42,34,184,1310.0,241040.0
2021010503012096,ALBSL,59,32,100,1140.0,114000.0
2021010503012053,ALBSL,59,6,100,1150.0,115000.0
2021010503012052,ALBSL,59,59,50,1150.0,57500.0
2021010503012051,ALBSL,59,35,11,1150.0,12650.0
2021010503012050,ALBSL,59,14,300,1147.0,344100.0
2021010503012049,ALBSL,59,28,16,1145.0,18320.0
2021010503011945,ALBSL,59,26,11,1135.0,12485.0
2021010503011944,ALBSL,59,38,11,1130.0,12430.0
2021010503011880,ALBSL,47,36,99,1120.0,110880.0
2021010503011976,ALBSL,59,28,11,1144.0,12584.0
2021010503011975,ALBSL,59,34,11,1144.0,12584.0
2021010503011949,ALBSL,59,46,25,1140.0,28500.0
2021010503011948,ALBSL,59,51,11,1140.0,12540.0
2021010503011947,ALBSL,59,11,50,1140.0,57000.0
2021010503011946,ALBSL,59,57,11,1139.0,12529.0
2021010503012048,ALBSL,59,58,10,1145.0,11450.0
2021010503012047,ALBSL,59,34,11,1145.0,12595.0
2021010503012046,ALBSL,59,47,200,1145.0,229000.0
2021010503011979,ALBSL,59,38,200,1144.0,228800.0
2021010503011978,ALBSL,59,26,20,1144.0,22880.0
2021010503011977,ALBSL,59,34,11,1144.0,12584.0
2021010503012242,ALICL,34,5,612,945.0,578340.0
2021010503012126,ALICL,58,5,25,945.0,23625.0
2021010503012120,ALICL,45,5,363,945.0,343035.0
2021010503012119,ALICL,45,33,137,945.0,129465.0
2021010503012019,ALICL,45,33,100,945.0,94500.0
2021010503011839,ALICL,50,33,63,945.0,59535.0
2021010503011817,ALICL,50,22,207,945.0,195615.0
2021010503011816,ALICL,53,22,30,945.0,28350.0
2021010503011815,ALICL,57,22,383,945.0,361935.0
2021010503012069,CBBL,43,47,20,1185.0,23700.0
2021010503012028,CBBL,43,54,106,1185.0,125610.0
2021010503011974,CBBL,43,4,181,1185.0,214485.0
2021010503011973,CBBL,32,4,19,1185.0,22515.0
2021010503011969,CBBL,32,55,100,1185.0,118500.0
2021010503011814,CBBL,55,25,20,1186.0,23720.0
2021010503012224,CFCL,28,4,"2,000",169.0,338000.0
2021010503012223,CFCL,26,4,284,169.0,47996.0
2021010503012029,CFCL,28,49,"1,770",170.0,300900.0
2021010503012248,CIT,26,34,30,3384.0,101520.0
2021010503012220,CIT,21,53,25,3383.0,84575.0
2021010503012168,CIT,33,53,10,3383.0,33830.0
2021010503012155,CIT,45,53,10,3383.0,33830.0
2021010503012144,CIT,32,53,30,3383.0,101490.0
2021010503012127,CIT,50,6,10,3382.0,33820.0
2021010503011981,CIT,32,49,50,3381.0,169050.0
2021010503011980,CIT,22,49,30,3382.0,101460.0
2021010503011963,CIT,49,42,10,3383.0,33830.0
2021010503011890,CIT,32,59,100,3382.0,338200.0
2021010503011862,CIT,32,38,50,3382.0,169100.0
2021010503012123,CIT,58,53,25,3383.0,84575.0
2021010503012102,CIT,50,59,40,3382.0,135280.0
2021010503012078,CIT,6,42,51,3380.0,172380.0
2021010503012017,CIT,42,42,10,3383.0,33830.0
2021010503011983,CIT,16,49,48,3380.0,162240.0
2021010503011982,CIT,45,49,22,3380.0,74360.0
2021010503012068,CLBSL,18,55,500,830.0,415000.0
2021010503012044,CMF1,11,58,750,9.91,7432.5
2021010503012225,DDBL,48,10,110,1412.0,155320.0
2021010503012101,DDBL,45,8,150,1410.0,211500.0
2021010503012100,DDBL,45,49,10,1410.0,14100.0
2021010503011789,DDBL,6,17,50,1408.0,70400.0
2021010503011788,DDBL,37,17,100,1408.0,140800.0
2021010503012055,FMDBL,18,20,90,582.0,52380.0
2021010503012184,GBBL,1,17,255,312.0,79560.0
2021010503012183,GBBL,1,57,20,312.0,6240.0
2021010503012182,GBBL,1,58,725,312.0,226200.0
2021010503012064,GBBL,16,58,200,312.0,62400.0
2021010503012091,GBLBS,39,46,100,582.0,58200.0
2021010503012090,GBLBS,34,46,50,582.0,29100.0
2021010503012089,GBLBS,39,46,25,582.0,14550.0
2021010503012088,GBLBS,35,46,190,583.0,110770.0
2021010503011799,GBLBS,35,39,15,583.0,8745.0
2021010503011798,GBLBS,35,34,395,583.0,230285.0
2021010503011797,GBLBS,18,34,100,583.0,58300.0
2021010503011796,GBLBS,26,34,10,583.0,5830.0
2021010503011953,GFCL,44,51,25,193.0,4825.0
2021010503012257,GILB,17,34,50,1360.0,68000.0
2021010503011790,GILB,44,28,14,1358.0,19012.0
2021010503011825,GIMES1,7,10,"3,000",11.51,34530.0
2021010503011824,GIMES1,55,10,"2,000",11.51,23020.0
2021010503012121,GLBSL,22,7,30,878.0,26340.0
2021010503011859,GLBSL,17,7,100,878.0,87800.0
2021010503012116,GLICL,58,42,15,617.0,9255.0
2021010503012073,GLICL,58,20,17,617.0,10489.0
2021010503012041,GLICL,5,45,100,618.0,61800.0
2021010503012040,GLICL,39,45,50,618.0,30900.0
2021010503011889,GLICL,39,36,50,618.0,30900.0
2021010503012015,GMFBS,49,14,20,1110.0,22200.0
2021010503012014,GMFBS,49,22,10,1110.0,11100.0
2021010503011968,GUFL,43,34,30,204.0,6120.0
2021010503012264,HIDCL,17,5,50,267.0,13350.0
2021010503012263,HIDCL,26,5,"2,000",267.0,534000.0
2021010503012176,HIDCL,17,45,25,268.0,6700.0
2021010503012170,HIDCL,22,45,500,268.0,134000.0
2021010503012010,HIDCL,45,57,20,268.0,5360.0
2021010503011993,HIDCL,45,39,31,268.0,8308.0
2021010503011846,HIDCL,46,50,17,269.0,4573.0
2021010503011992,HIDCL,45,40,35,267.0,9345.0
2021010503011991,HIDCL,45,39,61,267.0,16287.0
2021010503011985,HIDCL,7,40,31,267.0,8277.0
2021010503011984,HIDCL,7,40,17,267.0,4539.0
2021010503011848,HIDCL,38,26,31,267.0,8277.0
2021010503011847,HIDCL,7,50,13,267.0,3471.0
2021010503012169,ICFC,25,58,100,264.0,26400.0
2021010503012065,ILBS,54,21,11,1036.0,11396.0
2021010503011960,ILBS,39,39,11,1035.0,11385.0
2021010503012181,JBBL,16,32,150,232.0,34800.0
2021010503012045,JBBL,42,41,200,231.0,46200.0
2021010503012004,JBBL,42,21,150,231.0,34650.0
2021010503011834,JBBL,55,41,500,231.0,115500.0
2021010503011833,JBBL,55,34,100,231.0,23100.0
2021010503011832,JBBL,55,42,200,231.0,46200.0
2021010503011831,JBBL,55,35,152,231.0,35112.0
2021010503011830,JBBL,55,17,200,231.0,46200.0
2021010503011829,JBBL,55,57,100,231.0,23100.0
2021010503011828,JBBL,55,36,300,231.0,69300.0
2021010503011827,JBBL,55,45,75,231.0,17325.0
2021010503011826,JBBL,55,36,79,231.0,18249.0
2021010503012125,JSLBB,58,41,50,1981.0,99050.0
2021010503012113,JSLBB,58,22,45,1981.0,89145.0
2021010503011964,JSLBB,58,6,50,1981.0,99050.0
2021010503011822,JSLBB,58,41,32,1981.0,63392.0
2021010503011821,JSLBB,58,11,40,1981.0,79240.0
2021010503011820,JSLBB,58,32,50,1980.0,99000.0
2021010503011776,JSLBB,58,42,30,1960.0,58800.0
2021010503012036,KLBSL,38,19,11,1190.0,13090.0
2021010503012035,KLBSL,50,19,39,1190.0,46410.0
2021010503012024,KMCDB,51,57,10,873.0,8730.0
2021010503011857,KMCDB,51,25,50,873.0,43650.0
2021010503012241,KSBBL,45,45,"3,818",216.0,824688.0
2021010503012240,KSBBL,50,45,382,216.0,82512.0
2021010503012239,KSBBL,32,45,"1,000",217.0,217000.0
2021010503012238,KSBBL,34,45,"1,000",217.0,217000.0
2021010503012237,KSBBL,33,45,"1,000",217.0,217000.0
2021010503012236,KSBBL,48,45,400,217.0,86800.0
2021010503012009,KSBBL,55,47,135,218.0,29430.0
2021010503012008,KSBBL,55,34,200,218.0,43600.0
2021010503012007,KSBBL,55,39,116,218.0,25288.0
2021010503012006,KSBBL,55,25,275,218.0,59950.0
2021010503012005,KSBBL,55,34,451,218.0,98318.0
2021010503011887,KSBBL,48,38,100,217.0,21700.0
2021010503011775,LICN,49,58,253,1978.0,500434.0
2021010503011774,LICN,43,58,407,1979.0,805453.0
2021010503012117,MERO,34,42,100,896.0,89600.0
2021010503012103,MERO,34,34,30,896.0,26880.0
2021010503012016,MERO,34,58,15,896.0,13440.0
2021010503011803,MFIL,11,34,50,324.0,16200.0
2021010503011894,MLBBL,17,6,190,1211.0,230090.0
2021010503011893,MLBBL,49,6,200,1212.0,242400.0
2021010503011892,MLBBL,57,6,100,1213.0,121300.0
2021010503011891,MLBBL,17,6,10,1213.0,12130.0
2021010503012260,MLBL,33,22,700,240.0,168000.0
2021010503012259,MLBL,33,14,266,240.0,63840.0
2021010503012162,MLBL,49,14,200,240.0,48000.0
2021010503012112,MLBL,49,14,"1,000",240.0,240000.0
2021010503012111,MLBL,32,14,631,240.0,151440.0
2021010503012081,MLBL,32,55,69,240.0,16560.0
2021010503012080,MLBL,17,55,397,240.0,95280.0
2021010503012056,MLBL,49,38,95,241.0,22895.0
2021010503011809,MLBL,17,1,23,240.0,5520.0
2021010503012139,MMFDB,25,47,21,1112.0,23352.0
2021010503012115,MNBBL,49,40,200,346.0,69200.0
2021010503011836,MSLB,38,28,50,1536.0,76800.0
2021010503012227,NEF,58,19,"2,414",10.16,24526.24
2021010503012018,NEF,26,11,"2,000",10.18,20360.0
2021010503011988,NEF,26,11,"2,000",10.18,20360.0
2021010503012228,NFS,57,46,50,214.0,10700.0
2021010503012175,NLBBL,38,38,212,1117.0,236804.0
2021010503012174,NLBBL,38,49,100,1116.0,111600.0
2021010503012034,NLBBL,58,42,25,1115.0,27875.0
2021010503012033,NLBBL,16,42,25,1115.0,27875.0
2021010503011928,NLBBL,16,52,30,1115.0,33450.0
2021010503011926,NLBBL,16,6,45,1115.0,50175.0
2021010503011925,NLBBL,44,6,50,1115.0,55750.0
2021010503011850,NLBBL,44,1,150,1115.0,167250.0
2021010503012258,NLIC,21,38,169,2386.0,403234.0
2021010503012251,NLIC,21,38,131,2386.0,312566.0
2021010503012235,NLIC,3,4,30,2387.0,71610.0
2021010503012233,NLIC,18,57,100,2386.0,238600.0
2021010503012232,NLIC,35,57,100,2386.0,238600.0
2021010503012173,NLIC,58,4,64,2387.0,152768.0
2021010503011772,NLIC,35,17,20,2388.0,47760.0
2021010503011795,NLIC,38,26,30,2386.0,71580.0
2021010503011794,NLIC,26,26,30,2386.0,71580.0
2021010503011793,NLIC,58,26,200,2387.0,477400.0
2021010503011792,NLIC,22,26,40,2387.0,95480.0
2021010503011785,NLIC,22,5,10,2387.0,23870.0
2021010503011784,NLIC,58,5,20,2387.0,47740.0
2021010503011811,NLIC,21,19,50,2386.0,119300.0
2021010503011808,NLIC,21,33,150,2386.0,357900.0
2021010503011807,NLIC,25,17,100,2388.0,238800.0
2021010503011806,NLIC,21,42,100,2386.0,238600.0
2021010503011805,NLIC,18,42,50,2386.0,119300.0
2021010503011804,NLIC,38,42,50,2386.0,119300.0
2021010503011868,NLIC,47,17,50,2385.0,119250.0
2021010503011867,NLIC,47,17,10,2385.0,23850.0
2021010503011866,NLIC,41,17,56,2385.0,133560.0
2021010503011860,NLIC,3,19,15,2386.0,35790.0
2021010503011838,NLIC,50,19,200,2386.0,477200.0
2021010503011812,NLIC,26,19,100,2386.0,238600.0
2021010503011881,NLIC,49,19,125,2385.0,298125.0
2021010503011873,NLIC,49,17,"1,544",2385.0,3682440.0
2021010503011872,NLIC,28,17,20,2385.0,47700.0
2021010503011871,NLIC,41,17,10,2385.0,23850.0
2021010503011870,NLIC,54,17,50,2385.0,119250.0
2021010503011869,NLIC,7,17,21,2385.0,50085.0
2021010503011951,NLIC,49,49,100,2385.0,238500.0
2021010503011921,NLIC,49,10,50,2385.0,119250.0
2021010503011920,NLIC,6,10,150,2386.0,357900.0
2021010503011919,NLIC,6,58,50,2386.0,119300.0
2021010503011904,NLIC,49,33,100,2385.0,238500.0
2021010503011886,NLIC,3,58,50,2386.0,119300.0
2021010503012026,NLIC,6,53,100,2389.0,238900.0
2021010503012021,NLIC,6,52,50,2389.0,119450.0
2021010503011972,NLIC,49,58,675,2385.0,1609875.0
2021010503011971,NLIC,35,58,10,2389.0,23890.0
2021010503011970,NLIC,35,58,15,2389.0,35835.0
2021010503011962,NLIC,35,44,20,2389.0,47780.0
2021010503012077,NLIC,6,59,171,2390.0,408690.0
2021010503012070,NLIC,6,40,91,2389.0,217399.0
2021010503012067,NLIC,6,58,22,2389.0,52558.0
2021010503012066,NLIC,48,59,10,2390.0,23900.0
2021010503012043,NLIC,57,59,12,2390.0,28680.0
2021010503012042,NLIC,57,50,88,2390.0,210320.0
2021010503012172,NLIC,58,57,36,2387.0,85932.0
2021010503012163,NLIC,49,57,100,2387.0,238700.0
2021010503012105,NLIC,6,57,159,2389.0,379851.0
2021010503012099,NLIC,1,44,10,2390.0,23900.0
2021010503012098,NLIC,1,47,40,2390.0,95600.0
2021010503012087,NLIC,6,26,23,2389.0,54947.0
2021010503012130,NLICL,48,50,550,1136.0,624800.0
2021010503012129,NLICL,48,50,300,1136.0,340800.0
2021010503012128,NLICL,48,10,150,1135.0,170250.0
2021010503012108,NLICL,19,10,50,1135.0,56750.0
2021010503012060,NLICL,19,6,200,1135.0,227000.0
2021010503012037,NLICL,19,52,50,1135.0,56750.0
2021010503011787,NLICL,48,21,150,1134.0,170100.0
2021010503012106,NMB50,26,22,"2,000",10.4,20800.0
2021010503012063,NMB50,26,22,"2,000",10.4,20800.0
2021010503012118,NMBMF,42,21,35,975.0,34125.0
2021010503012244,NMFBS,38,22,10,2219.0,22190.0
2021010503012165,NMFBS,38,59,90,2219.0,199710.0
2021010503012164,NMFBS,6,59,10,2219.0,22190.0
2021010503011998,NMFBS,13,46,196,2218.0,434728.0
2021010503011987,NMFBS,38,46,10,2218.0,22180.0
2021010503011927,NMFBS,38,46,24,2218.0,53232.0
2021010503011912,NMFBS,49,46,30,2225.0,66750.0
2021010503011911,NMFBS,37,46,17,2225.0,37825.0
2021010503011910,NMFBS,22,46,14,2225.0,31150.0
2021010503011909,NMFBS,34,46,65,2230.0,144950.0
2021010503011908,NMFBS,38,46,10,2230.0,22300.0
2021010503011907,NMFBS,49,46,69,2230.0,153870.0
2021010503011918,NMFBS,8,46,100,2219.0,221900.0
2021010503011917,NMFBS,14,46,14,2219.0,31066.0
2021010503011916,NMFBS,36,46,50,2219.0,110950.0
2021010503011915,NMFBS,52,46,50,2220.0,111000.0
2021010503011914,NMFBS,29,46,20,2220.0,44400.0
2021010503011913,NMFBS,47,46,20,2220.0,44400.0
2021010503012255,NRIC,3,40,800,1534.0,1227200.0
2021010503012250,NRIC,20,19,10,1535.0,15350.0
2021010503012249,NRIC,1,19,100,1535.0,153500.0
2021010503012219,NRIC,50,19,10,1535.0,15350.0
2021010503012167,NRIC,42,55,190,1535.0,291650.0
2021010503012160,NRIC,42,13,10,1535.0,15350.0
2021010503011801,NRIC,3,55,952,1535.0,1461320.0
2021010503011783,NRIC,3,54,48,1535.0,73680.0
2021010503011782,NRIC,49,55,80,1534.0,122720.0
2021010503011781,NRIC,16,55,600,1534.0,920400.0
2021010503011935,NRIC,16,55,40,1534.0,61360.0
2021010503011879,NRIC,1,55,70,1534.0,107380.0
2021010503011864,NRIC,1,57,30,1534.0,46020.0
2021010503011863,NRIC,25,57,10,1534.0,15340.0
2021010503011861,NRIC,25,42,10,1535.0,15350.0
2021010503011849,NRIC,54,42,360,1535.0,552600.0
2021010503011959,NRIC,14,4,10,1535.0,15350.0
2021010503011950,NRIC,14,52,70,1535.0,107450.0
2021010503011941,NRIC,14,42,100,1535.0,153500.0
2021010503011940,NRIC,14,39,40,1534.0,61360.0
2021010503011937,NRIC,16,42,30,1535.0,46050.0
2021010503011936,NRIC,16,44,30,1534.0,46020.0
2021010503012011,NRIC,42,55,15,1535.0,23025.0
2021010503012002,NRIC,42,57,10,1535.0,15350.0
2021010503012001,NRIC,1,57,10,1535.0,15350.0
2021010503011997,NRIC,17,55,40,1535.0,61400.0
2021010503011966,NRIC,17,55,10,1535.0,15350.0
2021010503011965,NRIC,14,55,280,1535.0,429800.0
2021010503012030,NRIC,44,6,10,1534.0,15340.0
2021010503012025,NRIC,42,5,50,1539.0,76950.0
2021010503012023,NRIC,29,5,10,1539.0,15390.0
2021010503012022,NRIC,29,52,40,1535.0,61400.0
2021010503012013,NRIC,36,5,50,1539.0,76950.0
2021010503012012,NRIC,36,39,50,1539.0,76950.0
2021010503012079,NRIC,3,47,100,1534.0,153400.0
2021010503012062,NRIC,50,55,20,1535.0,30700.0
2021010503012061,NRIC,33,55,500,1535.0,767500.0
2021010503012057,NRIC,20,51,50,1535.0,76750.0
2021010503012054,NRIC,20,8,50,1535.0,76750.0
2021010503012031,NRIC,3,6,30,1534.0,46020.0
2021010503012143,NRIC,3,55,135,1535.0,207225.0
2021010503012133,NRIC,34,55,10,1535.0,15350.0
2021010503012132,NRIC,54,55,100,1535.0,153500.0
2021010503012131,NRIC,58,55,20,1535.0,30700.0
2021010503012122,NRIC,58,13,10,1535.0,15350.0
2021010503012114,NRIC,58,13,10,1535.0,15350.0
2021010503012110,NRN,26,49,80,361.0,28880.0
2021010503012109,NRN,47,49,20,361.0,7220.0
2021010503012027,NRN,47,32,10,361.0,3610.0
2021010503011906,NRN,47,57,10,361.0,3610.0
2021010503011800,NRN,47,58,10,361.0,3610.0
2021010503012247,NTC,52,58,50,1275.0,63750.0
2021010503012218,NTC,21,58,20,1275.0,25500.0
2021010503012217,NTC,41,58,300,1275.0,382500.0
2021010503012216,NTC,38,58,50,1275.0,63750.0
2021010503012215,NTC,49,58,200,1275.0,255000.0
2021010503012214,NTC,25,58,200,1275.0,255000.0
2021010503011835,NTC,49,3,18,1278.0,23004.0
2021010503011813,NTC,21,48,20,1279.0,25580.0
2021010503011777,NTC,49,3,200,1278.0,255600.0
2021010503011855,NTC,49,59,100,1280.0,128000.0
2021010503011854,NTC,49,57,50,1280.0,64000.0
2021010503011853,NTC,49,33,"1,780",1280.0,2278400.0
2021010503011852,NTC,49,42,200,1279.0,255800.0
2021010503011851,NTC,49,48,380,1279.0,486020.0
2021010503011845,NTC,48,3,182,1278.0,232596.0
2021010503011898,NTC,10,45,100,1284.0,128400.0
2021010503011897,NTC,10,21,140,1284.0,179760.0
2021010503011896,NTC,10,45,100,1284.0,128400.0
2021010503011895,NTC,10,3,100,1283.0,128300.0
2021010503011858,NTC,49,37,100,1280.0,128000.0
2021010503011856,NTC,49,33,55,1280.0,70400.0
2021010503011905,NTC,10,40,18,1285.0,23130.0
2021010503011903,NTC,10,58,"1,000",1285.0,1285000.0
2021010503011902,NTC,10,6,42,1285.0,53970.0
2021010503011901,NTC,10,26,100,1285.0,128500.0
2021010503011900,NTC,10,41,150,1284.0,192600.0
2021010503011899,NTC,10,45,50,1284.0,64200.0
2021010503012071,NTC,38,59,100,1282.0,128200.0
2021010503012059,NTC,49,53,30,1280.0,38400.0
2021010503012032,NTC,49,10,100,1280.0,128000.0
2021010503012003,NTC,21,48,100,1281.0,128100.0
2021010503012000,NTC,21,22,100,1281.0,128100.0
2021010503011999,NTC,4,22,500,1282.0,641000.0
2021010503012140,NTC,22,45,50,1280.0,64000.0
2021010503012137,NTC,3,45,100,1280.0,128000.0
2021010503012136,NTC,57,45,20,1280.0,25600.0
2021010503012135,NTC,49,45,"1,755",1280.0,2246400.0
2021010503012104,NTC,49,40,50,1280.0,64000.0
2021010503012072,NTC,49,59,400,1280.0,512000.0
2021010503012189,NTC,39,58,100,1277.0,127700.0
2021010503012188,NTC,44,58,106,1277.0,135362.0
2021010503012187,NTC,55,58,200,1278.0,255600.0
2021010503012186,NTC,58,58,200,1278.0,255600.0
2021010503012185,NTC,38,58,100,1278.0,127800.0
2021010503012161,NTC,58,45,40,1280.0,51200.0
2021010503012195,NTC,4,58,100,1276.0,127600.0
2021010503012194,NTC,38,58,100,1276.0,127600.0
2021010503012193,NTC,3,58,100,1277.0,127700.0
2021010503012192,NTC,51,58,"2,000",1277.0,2554000.0
2021010503012191,NTC,52,58,50,1277.0,63850.0
2021010503012190,NTC,40,58,50,1277.0,63850.0
2021010503012201,NTC,21,58,10,1275.0,12750.0
2021010503012200,NTC,25,58,40,1275.0,51000.0
2021010503012199,NTC,57,58,200,1275.0,255000.0
2021010503012198,NTC,49,58,"5,000",1276.0,6380000.0
2021010503012197,NTC,21,58,100,1276.0,127600.0
2021010503012196,NTC,34,58,20,1276.0,25520.0
2021010503012207,NTC,49,58,"2,000",1275.0,2550000.0
2021010503012206,NTC,22,58,50,1275.0,63750.0
2021010503012205,NTC,35,58,100,1275.0,127500.0
2021010503012204,NTC,51,58,15,1275.0,19125.0
2021010503012203,NTC,29,58,100,1275.0,127500.0
2021010503012202,NTC,44,58,100,1275.0,127500.0
2021010503012213,NTC,42,58,200,1275.0,255000.0
2021010503012212,NTC,53,58,10,1275.0,12750.0
2021010503012211,NTC,33,58,"1,000",1275.0,1275000.0
2021010503012210,NTC,17,58,100,1275.0,127500.0
2021010503012209,NTC,22,58,200,1275.0,255000.0
2021010503012208,NTC,53,58,"1,000",1275.0,1275000.0
2021010503012234,NUBL,14,17,20,1335.0,26700.0
2021010503011952,OHL,16,20,10,476.0,4760.0
2021010503011882,OHL,10,3,10,471.0,4710.0
2021010503012179,PLIC,58,5,25,774.0,19350.0
2021010503011961,PLIC,29,16,198,772.0,152856.0
2021010503011878,PLIC,7,52,129,771.0,99459.0
2021010503011877,PLIC,33,52,100,771.0,77100.0
2021010503011876,PLIC,32,52,60,771.0,46260.0
2021010503011875,PLIC,47,52,100,771.0,77100.0
2021010503011874,PLIC,22,52,111,771.0,85581.0
2021010503011778,PLIC,22,17,10,771.0,7710.0
2021010503011924,PROFL,57,34,"3,000",128.0,384000.0
2021010503011923,PROFL,57,59,"1,510",128.0,193280.0
2021010503011922,PROFL,57,45,34,128.0,4352.0
2021010503012256,RLI,56,45,10,607.0,6070.0
2021010503012246,RLI,56,18,10,607.0,6070.0
2021010503012245,RLI,56,48,10,607.0,6070.0
2021010503012229,RLI,56,45,10,607.0,6070.0
2021010503012221,RLI,56,11,10,607.0,6070.0
2021010503012180,RLI,56,18,10,607.0,6070.0
2021010503011773,RLI,56,56,10,606.0,6060.0
2021010503011771,RLI,56,48,19,606.0,11514.0
2021010503011888,RLI,56,21,10,606.0,6060.0
2021010503011840,RLI,56,56,10,606.0,6060.0
2021010503011823,RLI,56,38,10,606.0,6060.0
2021010503011819,RLI,56,21,10,606.0,6060.0
2021010503011802,RLI,56,56,10,606.0,6060.0
2021010503011791,RLI,56,38,10,606.0,6060.0
2021010503012020,RLI,32,41,10,606.0,6060.0
2021010503011990,RLI,32,18,10,606.0,6060.0
2021010503011942,RLI,32,38,10,606.0,6060.0
2021010503011939,RLI,32,39,10,606.0,6060.0
2021010503011938,RLI,56,57,10,606.0,6060.0
2021010503011930,RLI,22,11,10,607.0,6070.0
2021010503012086,RLI,56,58,10,608.0,6080.0
2021010503012085,RLI,56,35,10,608.0,6080.0
2021010503012084,RLI,56,42,10,608.0,6080.0
2021010503012083,RLI,56,35,10,608.0,6080.0
2021010503012082,RLI,56,35,10,608.0,6080.0
2021010503012058,RLI,47,34,10,607.0,6070.0
2021010503012166,RLI,47,11,10,607.0,6070.0
2021010503012142,RLI,56,18,10,608.0,6080.0
2021010503012134,RLI,56,38,10,608.0,6080.0
2021010503012124,RLI,56,18,10,608.0,6080.0
2021010503012097,RLI,56,18,10,608.0,6080.0
2021010503012092,RLI,56,20,10,608.0,6080.0
2021010503012226,RMDC,35,41,50,1161.0,58050.0
2021010503012141,RMDC,10,36,50,1161.0,58050.0
2021010503012076,RMDC,58,48,40,1165.0,46600.0
2021010503011967,RMDC,53,48,10,1165.0,11650.0
2021010503011956,RSDC,42,34,100,586.0,58600.0
2021010503012262,SABSL,44,46,12,1093.0,13116.0
2021010503012261,SABSL,44,43,33,1092.0,36036.0
2021010503012243,SABSL,44,56,11,1090.0,11990.0
2021010503012230,SABSL,44,39,11,1090.0,11990.0
2021010503012222,SABSL,44,57,50,1086.0,54300.0
2021010503012154,SABSL,44,33,11,1085.0,11935.0
2021010503011843,SABSL,44,39,50,1070.0,53500.0
2021010503011842,SABSL,44,56,11,1070.0,11770.0
2021010503011841,SABSL,44,56,11,1070.0,11770.0
2021010503012147,SABSL,44,41,11,1073.0,11803.0
2021010503012146,SABSL,44,48,11,1073.0,11803.0
2021010503012145,SABSL,44,59,20,1073.0,21460.0
2021010503011996,SABSL,44,47,50,1072.0,53600.0
2021010503011995,SABSL,44,58,30,1072.0,32160.0
2021010503011844,SABSL,44,56,11,1070.0,11770.0
2021010503012153,SABSL,44,25,185,1080.0,199800.0
2021010503012152,SABSL,44,3,11,1080.0,11880.0
2021010503012151,SABSL,44,50,11,1075.0,11825.0
2021010503012150,SABSL,44,4,11,1074.0,11814.0
2021010503012149,SABSL,44,16,90,1073.0,96570.0
2021010503012148,SABSL,44,45,22,1073.0,23606.0
2021010503011933,SAPDBL,10,38,"1,668",145.0,241860.0
2021010503011932,SAPDBL,25,38,35,145.0,5075.0
2021010503011931,SAPDBL,50,38,297,145.0,43065.0
2021010503012231,SDLBSL,47,38,10,1021.0,10210.0
2021010503012107,SDLBSL,28,38,10,1016.0,10160.0
2021010503011929,SEF,40,42,400,10.55,4220.0
2021010503012159,SHINE,42,1,423,241.0,101943.0
2021010503012158,SHINE,42,37,150,241.0,36150.0
2021010503012157,SHINE,42,57,376,241.0,90616.0
2021010503012156,SHINE,42,1,51,240.0,12240.0
2021010503011943,SHINE,37,1,100,240.0,24000.0
2021010503011934,SHINE,33,39,241,239.0,57599.0
2021010503011837,SHINE,33,50,50,239.0,11950.0
2021010503011994,SIFC,41,22,500,181.0,90500.0
2021010503011958,SINDU,58,37,62,150.0,9300.0
2021010503011957,SINDU,58,34,238,150.0,35700.0
2021010503011865,SINDU,42,34,50,150.0,7500.0
2021010503012038,SKBBL,21,47,13,1438.0,18694.0
2021010503011884,SKBBL,21,53,174,1438.0,250212.0
2021010503011883,SKBBL,1,53,226,1438.0,324988.0
2021010503011810,SKBBL,1,58,74,1438.0,106412.0
2021010503011770,SKBBL,43,58,10,1440.0,14400.0
2021010503011769,SKBBL,10,58,10,1440.0,14400.0
2021010503011768,SKBBL,47,58,30,1440.0,43200.0
2021010503011767,SKBBL,1,58,20,1440.0,28800.0
2021010503011766,SKBBL,18,58,46,1441.0,66286.0
2021010503011765,SKBBL,1,58,10,1442.0,14420.0
2021010503011885,SLBBL,58,55,100,1098.0,109800.0
2021010503012075,SLBSL,39,42,37,953.0,35261.0
2021010503012074,SLBSL,39,29,13,953.0,12389.0
2021010503012138,SLICL,41,34,100,689.0,68900.0
2021010503011955,SLICL,38,58,"2,246",690.0,1549740.0
2021010503011954,SLICL,38,41,190,690.0,131100.0
2021010503011786,SLICL,38,48,745,689.0,513305.0
2021010503011818,SMB,45,39,11,1075.0,11825.0
2021010503012178,SMFDB,14,45,10,938.0,9380.0
2021010503012177,SMFDB,34,45,30,938.0,28140.0
2021010503012171,SMFDB,45,16,13,945.0,12285.0
2021010503012254,STC,55,45,15,6500.0,97500.0
2021010503012253,STC,41,45,15,6500.0,97500.0
2021010503012252,STC,59,45,10,6502.0,65020.0
2021010503012095,STC,56,45,14,6535.0,91490.0
2021010503012094,STC,26,45,20,6535.0,130700.0
2021010503012093,STC,48,45,20,6537.0,130740.0
2021010503011989,SWBBL,33,33,435,1669.0,726015.0
2021010503011780,UFL,16,49,283,245.0,69335.0
2021010503011779,UFL,34,49,28,246.0,6888.0
2021010503012039,USLB,51,54,22,1315.0,28930.0
2021010503011986,USLB,42,28,22,1310.0,28820.0
2021010503011740,ALBSL,34,36,12,1120.0,13440.0
2021010503011567,ALBSL,34,39,10,1120.0,11200.0
2021010503011702,ALICL,57,42,86,945.0,81270.0
2021010503011685,ALICL,13,49,500,946.0,473000.0
2021010503011639,ALICL,20,49,50,946.0,47300.0
2021010503011605,ALICL,13,49,100,946.0,94600.0
2021010503011604,ALICL,13,42,100,946.0,94600.0
2021010503011365,ALICL,57,46,31,945.0,29295.0
2021010503011315,ALICL,49,54,"1,000",945.0,945000.0
2021010503011314,ALICL,33,54,100,945.0,94500.0
2021010503011313,ALICL,48,54,369,945.0,348705.0
2021010503011364,ALICL,55,46,69,945.0,65205.0
2021010503011323,ALICL,55,50,331,945.0,312795.0
2021010503011322,ALICL,54,50,169,945.0,159705.0
2021010503011318,ALICL,54,54,131,945.0,123795.0
2021010503011317,ALICL,55,54,200,945.0,189000.0
2021010503011316,ALICL,36,54,200,945.0,189000.0
2021010503011599,BFC,38,53,338,139.0,46982.0
2021010503011290,BFC,40,57,20,138.0,2760.0
2021010503011508,CBBL,44,4,200,1188.0,237600.0
2021010503011353,CFCL,13,21,100,170.0,17000.0
2021010503011311,CFCL,26,37,260,169.0,43940.0
2021010503011287,CFCL,26,21,25,169.0,4225.0
2021010503011719,CIT,45,38,28,3380.0,94640.0
2021010503011718,CIT,11,38,10,3380.0,33800.0
2021010503011717,CIT,59,38,100,3380.0,338000.0
2021010503011716,CIT,21,38,20,3380.0,67600.0
2021010503011715,CIT,6,38,20,3380.0,67600.0
2021010503011714,CIT,46,38,50,3381.0,169050.0
2021010503011275,CIT,6,59,40,3385.0,135400.0
2021010503011505,CIT,26,34,20,3384.0,67680.0
2021010503011439,CIT,6,59,17,3385.0,57545.0
2021010503011438,CIT,38,52,10,3383.0,33830.0
2021010503011385,CIT,35,59,69,3385.0,233565.0
2021010503011382,CIT,11,52,11,3384.0,37224.0
2021010503011381,CIT,34,52,20,3384.0,67680.0
2021010503011618,CIT,26,38,20,3382.0,67640.0
2021010503011613,CIT,47,38,50,3382.0,169100.0
2021010503011612,CIT,6,38,10,3382.0,33820.0
2021010503011611,CIT,50,38,50,3382.0,169100.0
2021010503011553,CIT,49,42,10,3383.0,33830.0
2021010503011539,CIT,38,42,10,3383.0,33830.0
2021010503011712,CIT,46,38,50,3381.0,169050.0
2021010503011711,CIT,17,38,10,3381.0,33810.0
2021010503011710,CIT,25,38,10,3381.0,33810.0
2021010503011682,CIT,14,22,12,3381.0,40572.0
2021010503011677,CIT,22,38,30,3382.0,101460.0
2021010503011669,CIT,25,38,20,3382.0,67640.0
2021010503011403,CLBSL,28,19,26,834.0,21684.0
2021010503011402,CLBSL,28,20,10,833.0,8330.0
2021010503011401,CLBSL,28,25,14,830.0,11620.0
2021010503011379,CLBSL,39,25,180,830.0,149400.0
2021010503011378,CLBSL,39,6,129,830.0,107070.0
2021010503011377,CLBSL,39,3,100,829.0,82900.0
2021010503011376,CLBSL,39,11,70,825.0,57750.0
2021010503011375,CLBSL,39,57,281,825.0,231825.0
2021010503011374,CLBSL,39,35,140,824.0,115360.0
2021010503011301,CLBSL,20,35,24,817.0,19608.0
2021010503011488,CMF1,42,49,300,9.9,2970.0
2021010503011400,CMF1,42,21,200,9.9,1980.0
2021010503011312,CMF2,19,36,200,9.95,1990.0
2021010503011742,DDBL,46,58,150,1411.0,211650.0
2021010503011638,FMDBL,41,28,200,583.0,116600.0
2021010503011637,FMDBL,54,28,90,583.0,52470.0
2021010503011762,FOWAD,36,26,13,2285.0,29705.0
2021010503011476,FOWAD,36,35,14,2285.0,31990.0
2021010503011510,GBBL,32,50,11,311.0,3421.0
2021010503011509,GBBL,50,50,132,311.0,41052.0
2021010503011733,GBLBS,26,11,15,583.0,8745.0
2021010503011623,GBLBS,26,39,15,583.0,8745.0
2021010503011552,GBLBS,26,48,25,583.0,14575.0
2021010503011462,GBLBS,26,39,15,583.0,8745.0
2021010503011734,GIMES1,11,10,"2,500",11.55,28875.0
2021010503011696,GIMES1,53,10,"7,500",11.57,86775.0
2021010503011661,GIMES1,43,26,"5,000",11.73,58650.0
2021010503011660,GIMES1,43,47,500,11.72,5860.0
2021010503011659,GIMES1,43,26,"5,000",11.7,58500.0
2021010503011681,GLICL,58,39,11,617.0,6787.0
2021010503011550,GLICL,35,39,10,618.0,6180.0
2021010503011549,GLICL,51,39,50,618.0,30900.0
2021010503011548,GLICL,29,39,200,618.0,123600.0
2021010503011547,GLICL,46,39,100,618.0,61800.0
2021010503011546,GLICL,47,39,100,618.0,61800.0
2021010503011320,GLICL,57,6,100,618.0,61800.0
2021010503011319,GLICL,8,6,200,618.0,123600.0
2021010503011283,GLICL,17,35,337,618.0,208266.0
2021010503011545,GLICL,52,39,20,619.0,12380.0
2021010503011544,GLICL,58,39,10,619.0,6190.0
2021010503011543,GLICL,16,39,25,619.0,15475.0
2021010503011506,GLICL,16,26,15,619.0,9285.0
2021010503011396,GLICL,16,47,169,619.0,104611.0
2021010503011321,GLICL,52,6,50,618.0,30900.0
2021010503011735,GMFBS,44,21,40,1100.0,44000.0
2021010503011654,GMFBS,44,35,10,1100.0,11000.0
2021010503011617,GMFBS,44,21,10,1096.0,10960.0
2021010503011299,GMFBS,11,35,10,1100.0,11000.0
2021010503011307,GRDBL,14,34,545,147.0,80115.0
2021010503011663,GUFL,42,6,100,205.0,20500.0
2021010503011471,GUFL,43,43,431,204.0,87924.0
2021010503011470,GUFL,42,43,69,204.0,14076.0
2021010503011689,HIDCL,40,44,31,266.0,8246.0
2021010503011630,HIDCL,14,34,100,268.0,26800.0
2021010503011629,HIDCL,14,39,61,268.0,16348.0
2021010503011405,HIDCL,11,34,50,270.0,13500.0
2021010503011380,HIDCL,39,34,300,270.0,81000.0
2021010503011359,HIDCL,55,25,99,269.0,26631.0
2021010503011358,HIDCL,54,25,401,269.0,107869.0
2021010503011356,HIDCL,54,50,20,269.0,5380.0
2021010503011274,HIDCL,54,39,31,269.0,8339.0
2021010503011693,ICFC,44,42,34,262.0,8908.0
2021010503011692,ICFC,49,42,"1,949",262.0,510638.0
2021010503011691,ICFC,25,42,17,263.0,4471.0
2021010503011722,ILBS,3,39,11,1036.0,11396.0
2021010503011372,ILBS,3,21,11,1034.0,11374.0
2021010503011291,ILBS,3,33,11,1035.0,11385.0
2021010503011728,JBBL,13,51,105,230.0,24150.0
2021010503011727,JBBL,52,51,100,230.0,23000.0
2021010503011726,JBBL,6,51,100,230.0,23000.0
2021010503011725,JBBL,22,51,50,230.0,11500.0
2021010503011724,JBBL,55,51,145,230.0,33350.0
2021010503011684,JBBL,55,35,10,230.0,2300.0
2021010503011475,JBBL,49,36,50,231.0,11550.0
2021010503011437,JBBL,55,50,34,230.0,7820.0
2021010503011384,JBBL,49,36,500,231.0,115500.0
2021010503011346,JBBL,55,4,311,230.0,71530.0
2021010503011345,JBBL,1,4,129,230.0,29670.0
2021010503011276,JBBL,1,1,100,230.0,23000.0
2021010503011398,JFL,6,18,100,258.0,25800.0
2021010503011397,JFL,6,5,50,258.0,12900.0
2021010503011764,JSLBB,49,42,100,1960.0,196000.0
2021010503011652,JSLBB,3,49,20,1981.0,39620.0
2021010503011651,JSLBB,3,8,10,1981.0,19810.0
2021010503011650,JSLBB,3,40,40,1981.0,79240.0
2021010503011649,JSLBB,3,58,50,1981.0,99050.0
2021010503011648,JSLBB,3,28,80,1981.0,158480.0
2021010503011512,JSLBB,26,21,50,1948.0,97400.0
2021010503011511,JSLBB,26,43,20,1940.0,38800.0
2021010503011571,JSLBB,58,29,100,1954.0,195400.0
2021010503011570,JSLBB,58,55,10,1950.0,19500.0
2021010503011569,JSLBB,58,25,160,1950.0,312000.0
2021010503011568,JSLBB,58,13,16,1949.0,31184.0
2021010503011514,JSLBB,26,13,100,1949.0,194900.0
2021010503011513,JSLBB,26,53,50,1949.0,97450.0
2021010503011577,JSLBB,58,44,100,1970.0,197000.0
2021010503011576,JSLBB,58,49,100,1965.0,196500.0
2021010503011575,JSLBB,58,49,100,1965.0,196500.0
2021010503011574,JSLBB,58,25,10,1960.0,19600.0
2021010503011573,JSLBB,58,49,50,1958.0,97900.0
2021010503011572,JSLBB,58,53,30,1955.0,58650.0
2021010503011583,JSLBB,58,34,40,1976.0,79040.0
2021010503011582,JSLBB,58,7,100,1976.0,197600.0
2021010503011581,JSLBB,58,3,75,1976.0,148200.0
2021010503011580,JSLBB,58,49,175,1975.0,345625.0
2021010503011579,JSLBB,58,41,122,1975.0,240950.0
2021010503011578,JSLBB,58,26,22,1970.0,43340.0
2021010503011589,JSLBB,58,28,20,1981.0,39620.0
2021010503011588,JSLBB,58,34,30,1981.0,59430.0
2021010503011587,JSLBB,58,7,100,1980.0,198000.0
2021010503011586,JSLBB,58,11,20,1980.0,39600.0
2021010503011585,JSLBB,58,26,10,1980.0,19800.0
2021010503011584,JSLBB,58,25,10,1977.0,19770.0
2021010503011695,KMCDB,51,41,100,873.0,87300.0
2021010503011449,KMCDB,51,38,10,873.0,8730.0
2021010503011344,KMCDB,58,38,10,872.0,8720.0
2021010503011492,KSBBL,50,50,37,216.0,7992.0
2021010503011666,LBBL,34,17,444,205.0,91020.0
2021010503011665,LBBL,42,17,128,205.0,26240.0
2021010503011664,LBBL,6,17,28,206.0,5768.0
2021010503011487,LBBL,37,28,184,206.0,37904.0
2021010503011422,LBBL,37,5,100,206.0,20600.0
2021010503011703,LEMF,17,35,"28,000",9.95,278600.0
2021010503011688,LICN,43,47,50,1979.0,98950.0
2021010503011687,LICN,6,47,50,1980.0,99000.0
2021010503011556,LICN,6,40,50,1988.0,99400.0
2021010503011500,LUK,1,49,300,9.35,2805.0
2021010503011498,LUK,49,54,100,9.4,940.0
2021010503011522,MLBL,17,50,23,240.0,5520.0
2021010503011504,MLBL,17,16,23,240.0,5520.0
2021010503011503,MLBL,17,51,500,240.0,120000.0
2021010503011502,MLBL,17,59,34,240.0,8160.0
2021010503011411,MLBL,54,11,94,239.0,22466.0
2021010503011739,MMFDB,45,38,854,1112.0,949648.0
2021010503011413,MMFDB,45,38,146,1112.0,162352.0
2021010503011412,MMFDB,45,38,640,1112.0,711680.0
2021010503011348,MNBBL,48,17,43,345.0,14835.0
2021010503011347,MNBBL,51,17,10,347.0,3470.0
2021010503011743,MSLB,1,28,100,1535.0,153500.0
2021010503011440,NEF,58,21,"1,448",10.16,14711.68
2021010503011373,NEF,58,19,483,10.16,4907.28
2021010503011501,NFS,51,34,60,215.0,12900.0
2021010503011303,NFS,51,46,40,215.0,8600.0
2021010503011302,NFS,7,46,60,216.0,12960.0
2021010503011524,NICGF,10,21,200,10.41,2082.0
2021010503011686,NLBBL,40,48,30,1115.0,33450.0
2021010503011352,NLBBL,40,38,13,1115.0,14495.0
2021010503011749,NLIC,1,17,10,2388.0,23880.0
2021010503011748,NLIC,41,17,10,2388.0,23880.0
2021010503011747,NLIC,6,17,500,2388.0,1194000.0
2021010503011746,NLIC,42,17,"2,206",2388.0,5267928.0
2021010503011745,NLIC,49,17,100,2389.0,238900.0
2021010503011744,NLIC,55,17,293,2389.0,699977.0
2021010503011391,NLIC,35,58,64,2392.0,153088.0
2021010503011349,NLIC,35,43,36,2392.0,86112.0
2021010503011333,NLIC,35,39,22,2392.0,52624.0
2021010503011430,NLIC,42,36,33,2392.0,78936.0
2021010503011408,NLIC,21,42,75,2391.0,179325.0
2021010503011406,NLIC,21,58,20,2391.0,47820.0
2021010503011394,NLIC,45,58,6,2391.0,14346.0
2021010503011393,NLIC,57,58,30,2391.0,71730.0
2021010503011392,NLIC,6,58,100,2391.0,239100.0
2021010503011436,NLIC,28,36,10,2390.0,23900.0
2021010503011435,NLIC,43,36,20,2390.0,47800.0
2021010503011434,NLIC,50,36,100,2390.0,239000.0
2021010503011433,NLIC,53,36,22,2390.0,52580.0
2021010503011432,NLIC,21,36,205,2391.0,490155.0
2021010503011431,NLIC,58,36,10,2392.0,23920.0
2021010503011458,NLIC,25,34,22,2390.0,52580.0
2021010503011457,NLIC,52,34,25,2390.0,59750.0
2021010503011456,NLIC,57,34,60,2390.0,143400.0
2021010503011455,NLIC,6,34,10,2390.0,23900.0
2021010503011454,NLIC,32,34,100,2390.0,239000.0
2021010503011453,NLIC,28,34,50,2390.0,119500.0
2021010503011521,NLIC,11,56,303,2389.0,723867.0
2021010503011478,NLIC,13,34,100,2390.0,239000.0
2021010503011464,NLIC,35,34,500,2390.0,1195000.0
2021010503011461,NLIC,58,34,40,2390.0,95600.0
2021010503011460,NLIC,14,34,11,2390.0,26290.0
2021010503011459,NLIC,43,34,50,2390.0,119500.0
2021010503011636,NLIC,8,17,50,2389.0,119450.0
2021010503011627,NLIC,42,19,280,2388.0,668640.0
2021010503011603,NLIC,42,26,400,2388.0,955200.0
2021010503011565,NLIC,51,17,205,2389.0,489745.0
2021010503011564,NLIC,51,10,95,2389.0,226955.0
2021010503011523,NLIC,11,10,197,2389.0,470633.0
2021010503011730,NLIC,55,5,30,2389.0,71670.0
2021010503011707,NLIC,55,34,32,2389.0,76448.0
2021010503011698,NLIC,55,17,145,2389.0,346405.0
2021010503011697,NLIC,21,17,300,2389.0,716700.0
2021010503011678,NLIC,42,50,40,2388.0,95520.0
2021010503011655,NLIC,42,39,22,2388.0,52536.0
2021010503011738,NLICL,48,42,832,1134.0,943488.0
2021010503011737,NLICL,46,42,100,1134.0,113400.0
2021010503011736,NLICL,33,42,68,1134.0,77112.0
2021010503011732,NLICL,58,57,226,1135.0,256510.0
2021010503011731,NLICL,58,47,20,1135.0,22700.0
2021010503011628,NLICL,6,47,200,1135.0,227000.0
2021010503011366,NLICL,16,47,80,1135.0,90800.0
2021010503011343,NLICL,33,22,50,1134.0,56700.0
2021010503011341,NLICL,33,16,32,1134.0,36288.0
2021010503011310,NLICL,7,16,18,1134.0,20412.0
2021010503011309,NLICL,7,33,32,1133.0,36256.0
2021010503011351,NMB50,53,50,"1,500",10.36,15540.0
2021010503011350,NMB50,53,43,200,10.36,2072.0
2021010503011602,NMBMF,26,42,59,968.0,57112.0
2021010503011601,NMBMF,1,42,10,969.0,9690.0
2021010503011600,NMBMF,35,42,81,969.0,78489.0
2021010503011467,NMBMF,17,21,20,973.0,19460.0
2021010503011421,NMBMF,26,21,41,970.0,39770.0
2021010503011420,NMBMF,21,21,50,970.0,48500.0
2021010503011331,NMBMF,13,14,425,973.0,413525.0
2021010503011330,NMBMF,1,14,575,975.0,560625.0
2021010503011419,NMBMF,33,21,20,970.0,19400.0
2021010503011418,NMBMF,43,21,100,970.0,97000.0
2021010503011417,NMBMF,39,21,18,971.0,17478.0
2021010503011416,NMBMF,39,21,18,971.0,17478.0
2021010503011415,NMBMF,6,21,78,972.0,75816.0
2021010503011414,NMBMF,13,21,75,973.0,72975.0
2021010503011708,NMFBS,33,26,100,2231.0,223100.0
2021010503011694,NMFBS,47,22,24,2231.0,53544.0
2021010503011761,NRIC,22,55,10,1533.0,15330.0
2021010503011760,NRIC,22,55,10,1533.0,15330.0
2021010503011759,NRIC,25,55,20,1533.0,30660.0
2021010503011758,NRIC,1,55,200,1533.0,306600.0
2021010503011757,NRIC,46,55,330,1533.0,505890.0
2021010503011751,NRIC,34,39,40,1534.0,61360.0
2021010503011295,NRIC,11,57,35,1536.0,53760.0
2021010503011294,NRIC,37,57,15,1536.0,23040.0
2021010503011284,NRIC,22,3,200,1540.0,308000.0
2021010503011339,NRIC,17,55,90,1536.0,138240.0
2021010503011338,NRIC,4,55,130,1536.0,199680.0
2021010503011337,NRIC,11,55,445,1536.0,683520.0
2021010503011336,NRIC,25,55,250,1536.0,384000.0
2021010503011297,NRIC,11,59,10,1536.0,15360.0
2021010503011296,NRIC,11,8,40,1536.0,61440.0
2021010503011410,NRIC,52,57,30,1536.0,46080.0
2021010503011409,NRIC,42,57,10,1537.0,15370.0
2021010503011370,NRIC,34,55,30,1537.0,46110.0
2021010503011369,NRIC,34,49,30,1537.0,46110.0
2021010503011362,NRIC,34,21,40,1537.0,61480.0
2021010503011340,NRIC,5,56,40,1540.0,61600.0
2021010503011428,NRIC,36,3,239,1535.0,366865.0
2021010503011427,NRIC,26,3,30,1536.0,46080.0
2021010503011426,NRIC,57,3,10,1536.0,15360.0
2021010503011425,NRIC,50,3,300,1536.0,460800.0
2021010503011424,NRIC,46,3,200,1536.0,307200.0
2021010503011423,NRIC,52,3,70,1536.0,107520.0
2021010503011445,NRIC,55,54,20,1535.0,30700.0
2021010503011444,NRIC,21,54,100,1535.0,153500.0
2021010503011443,NRIC,13,54,100,1535.0,153500.0
2021010503011442,NRIC,21,54,20,1535.0,30700.0
2021010503011441,NRIC,38,54,107,1535.0,164245.0
2021010503011429,NRIC,38,3,293,1535.0,449755.0
2021010503011495,NRIC,34,54,40,1535.0,61400.0
2021010503011494,NRIC,34,11,10,1534.0,15340.0
2021010503011481,NRIC,1,55,990,1534.0,1518660.0
2021010503011448,NRIC,50,54,300,1535.0,460500.0
2021010503011447,NRIC,34,54,100,1535.0,153500.0
2021010503011446,NRIC,34,54,50,1535.0,76750.0
2021010503011540,NRIC,59,54,100,1535.0,153500.0
2021010503011538,NRIC,42,54,200,1535.0,307000.0
2021010503011534,NRIC,34,36,50,1534.0,76700.0
2021010503011517,NRIC,34,39,50,1534.0,76700.0
2021010503011499,NRIC,46,21,30,1533.0,45990.0
2021010503011496,NRIC,46,57,40,1533.0,61320.0
2021010503011676,NRIC,38,55,400,1534.0,613600.0
2021010503011662,NRIC,34,54,25,1535.0,38375.0
2021010503011656,NRIC,16,54,100,1535.0,153500.0
2021010503011641,NRIC,11,55,50,1534.0,76700.0
2021010503011620,NRIC,51,55,30,1534.0,46020.0
2021010503011563,NRIC,17,58,40,1534.0,61360.0
2021010503011750,NRIC,34,11,40,1534.0,61360.0
2021010503011721,NRIC,46,40,50,1533.0,76650.0
2021010503011720,NRIC,46,57,40,1533.0,61320.0
2021010503011690,NRIC,46,11,10,1533.0,15330.0
2021010503011683,NRIC,34,54,50,1535.0,76750.0
2021010503011680,NRIC,34,54,50,1535.0,76750.0
2021010503011668,NRN,47,38,10,361.0,3610.0
2021010503011616,NRN,13,38,10,362.0,3620.0
2021010503011615,NRN,13,59,10,362.0,3620.0
2021010503011614,NRN,13,52,10,362.0,3620.0
2021010503011541,NRN,47,19,10,361.0,3610.0
2021010503011516,NRN,47,36,10,361.0,3610.0
2021010503011282,NRN,6,3,10,361.0,3610.0
2021010503011304,NRN,47,57,10,361.0,3610.0
2021010503011300,NRN,47,57,10,361.0,3610.0
2021010503011298,NRN,47,49,10,361.0,3610.0
2021010503011289,NRN,47,21,30,361.0,10830.0
2021010503011288,NRN,6,21,20,361.0,7220.0
2021010503011286,NRN,6,19,10,361.0,3610.0
2021010503011515,NRN,47,32,10,361.0,3610.0
2021010503011485,NRN,47,58,10,361.0,3610.0
2021010503011395,NRN,47,19,10,361.0,3610.0
2021010503011389,NRN,47,49,10,361.0,3610.0
2021010503011363,NRN,47,36,10,361.0,3610.0
2021010503011305,NRN,47,59,10,361.0,3610.0
2021010503011755,NTC,49,48,10,1278.0,12780.0
2021010503011754,NTC,49,48,272,1278.0,347616.0
2021010503011741,NTC,42,48,10,1278.0,12780.0
2021010503011709,NTC,52,48,100,1278.0,127800.0
2021010503011674,NTC,52,48,50,1278.0,63900.0
2021010503011658,NTC,43,48,11,1278.0,14058.0
2021010503011474,NTC,13,33,100,1280.0,128000.0
2021010503011473,NTC,38,33,20,1280.0,25600.0
2021010503011452,NTC,38,40,80,1280.0,102400.0
2021010503011451,NTC,38,40,200,1281.0,256200.0
2021010503011450,NTC,50,40,20,1281.0,25620.0
2021010503011335,NTC,57,3,200,1283.0,256600.0
2021010503011624,NTC,38,58,48,1279.0,61392.0
2021010503011598,NTC,5,33,200,1280.0,256000.0
2021010503011593,NTC,38,54,145,1279.0,185455.0
2021010503011592,NTC,49,54,100,1279.0,127900.0
2021010503011591,NTC,57,54,230,1279.0,294170.0
2021010503011590,NTC,49,54,25,1279.0,31975.0
2021010503011647,NTC,25,48,100,1278.0,127800.0
2021010503011646,NTC,25,48,50,1278.0,63900.0
2021010503011645,NTC,38,48,50,1278.0,63900.0
2021010503011644,NTC,37,48,"1,000",1278.0,1278000.0
2021010503011643,NTC,38,48,50,1279.0,63950.0
2021010503011642,NTC,38,48,307,1279.0,392653.0
2021010503011566,NUBL,36,45,50,1335.0,66750.0
2021010503011354,NUBL,47,17,20,1336.0,26720.0
2021010503011469,PLIC,22,43,79,771.0,60909.0
2021010503011468,PLIC,38,43,421,772.0,325012.0
2021010503011387,PLIC,38,43,79,772.0,60988.0
2021010503011386,PLIC,38,43,219,772.0,169068.0
2021010503011673,RLFL,35,16,200,168.0,33600.0
2021010503011672,RLFL,36,16,20,168.0,3360.0
2021010503011671,RLFL,48,16,162,168.0,27216.0
2021010503011535,RLFL,48,1,44,168.0,7392.0
2021010503011292,RLFL,48,39,23,168.0,3864.0
2021010503011729,RLI,37,38,10,608.0,6080.0
2021010503011723,RLI,37,59,10,608.0,6080.0
2021010503011713,RLI,37,56,10,608.0,6080.0
2021010503011704,RLI,37,39,10,608.0,6080.0
2021010503011679,RLI,37,56,10,608.0,6080.0
2021010503011667,RLI,37,35,10,608.0,6080.0
2021010503011332,RLI,11,49,10,608.0,6080.0
2021010503011329,RLI,11,49,10,608.0,6080.0
2021010503011324,RLI,11,56,10,608.0,6080.0
2021010503011308,RLI,11,6,10,608.0,6080.0
2021010503011306,RLI,56,56,10,609.0,6090.0
2021010503011293,RLI,11,35,10,608.0,6080.0
2021010503011383,RLI,11,39,10,608.0,6080.0
2021010503011367,RLI,11,56,10,608.0,6080.0
2021010503011360,RLI,11,59,10,608.0,6080.0
2021010503011357,RLI,11,3,10,608.0,6080.0
2021010503011342,RLI,11,56,10,608.0,6080.0
2021010503011334,RLI,11,57,10,608.0,6080.0
2021010503011480,RLI,11,38,10,608.0,6080.0
2021010503011463,RLI,11,51,10,608.0,6080.0
2021010503011404,RLI,11,38,10,608.0,6080.0
2021010503011399,RLI,11,36,10,608.0,6080.0
2021010503011390,RLI,11,56,10,608.0,6080.0
2021010503011388,RLI,11,35,10,608.0,6080.0
2021010503011526,RLI,17,56,10,609.0,6090.0
2021010503011525,RLI,17,25,10,609.0,6090.0
2021010503011520,RLI,11,57,10,608.0,6080.0
2021010503011507,RLI,11,38,10,608.0,6080.0
2021010503011497,RLI,11,39,10,608.0,6080.0
2021010503011486,RLI,11,57,10,608.0,6080.0
2021010503011532,RLI,17,56,10,609.0,6090.0
2021010503011531,RLI,17,44,10,609.0,6090.0
2021010503011530,RLI,17,56,10,609.0,6090.0
2021010503011529,RLI,17,36,10,609.0,6090.0
2021010503011528,RLI,17,35,10,609.0,6090.0
2021010503011527,RLI,17,56,10,609.0,6090.0
2021010503011558,RLI,42,36,10,609.0,6090.0
2021010503011557,RLI,42,58,80,609.0,48720.0
2021010503011555,RLI,11,38,10,608.0,6080.0
2021010503011551,RLI,11,35,10,608.0,6080.0
2021010503011542,RLI,11,56,10,608.0,6080.0
2021010503011533,RLI,17,58,20,609.0,12180.0
2021010503011597,RLI,11,38,10,608.0,6080.0
2021010503011594,RLI,11,56,10,608.0,6080.0
2021010503011562,RLI,42,4,90,610.0,54900.0
2021010503011561,RLI,42,41,10,610.0,6100.0
2021010503011560,RLI,42,41,10,610.0,6100.0
2021010503011559,RLI,42,34,300,610.0,183000.0
2021010503011621,RLI,37,57,80,608.0,48640.0
2021010503011610,RLI,38,57,10,608.0,6080.0
2021010503011609,RLI,57,57,40,608.0,24320.0
2021010503011608,RLI,59,57,40,608.0,24320.0
2021010503011607,RLI,34,57,180,608.0,109440.0
2021010503011606,RLI,11,57,50,608.0,30400.0
2021010503011657,RLI,37,38,10,608.0,6080.0
2021010503011653,RLI,37,59,10,608.0,6080.0
2021010503011640,RLI,37,56,10,608.0,6080.0
2021010503011632,RLI,37,58,10,608.0,6080.0
2021010503011631,RLI,37,57,10,608.0,6080.0
2021010503011622,RLI,37,35,10,608.0,6080.0
2021010503011706,RMDC,10,7,45,1161.0,52245.0
2021010503011705,RMDC,25,7,55,1161.0,63855.0
2021010503011273,RMDC,25,14,720,1160.0,835200.0
2021010503011272,RMDC,55,14,20,1160.0,23200.0
2021010503011271,RMDC,47,14,100,1160.0,116000.0
2021010503011270,RMDC,21,14,100,1160.0,116000.0
2021010503011269,RMDC,26,14,100,1162.0,116200.0
2021010503011268,RMDC,49,14,200,1162.0,232400.0
2021010503011267,RMDC,26,14,30,1163.0,34890.0
2021010503011266,RMDC,39,14,100,1165.0,116500.0
2021010503011265,RMDC,17,14,100,1165.0,116500.0
2021010503011670,RSDC,16,50,67,581.0,38927.0
2021010503011635,RSDC,16,18,100,581.0,58100.0
2021010503011490,RSDC,16,42,17,581.0,9877.0
2021010503011489,RSDC,29,42,50,582.0,29100.0
2021010503011355,RSDC,58,49,17,582.0,9894.0
2021010503011519,SABSL,44,58,11,1065.0,11715.0
2021010503011518,SABSL,44,39,11,1065.0,11715.0
2021010503011491,SABSL,1,44,11,1051.0,11561.0
2021010503011466,SAPDBL,35,39,14,146.0,2044.0
2021010503011465,SAPDBL,45,39,29,146.0,4234.0
2021010503011477,SDLBSL,28,58,10,1016.0,10160.0
2021010503011407,SDLBSL,28,36,10,1016.0,10160.0
2021010503011371,SDLBSL,28,38,10,1016.0,10160.0
2021010503011537,SFCL,39,35,187,130.0,24310.0
2021010503011536,SFCL,39,8,113,130.0,14690.0
2021010503011479,SFCL,22,44,100,129.0,12900.0
2021010503011701,SHINE,33,1,60,239.0,14340.0
2021010503011700,SHINE,33,1,500,239.0,119500.0
2021010503011699,SHINE,47,1,"1,500",240.0,360000.0
2021010503011361,SHINE,57,6,25,240.0,6000.0
2021010503011484,SKBBL,1,47,50,1445.0,72250.0
2021010503011483,SKBBL,22,47,40,1445.0,57800.0
2021010503011482,SKBBL,42,47,488,1445.0,705160.0
2021010503011634,SLBBL,58,7,29,1098.0,31842.0
2021010503011633,SLBBL,34,7,71,1098.0,77958.0
2021010503011596,SLBBL,49,10,200,1099.0,219800.0
2021010503011595,SLBBL,36,10,112,1099.0,123088.0
2021010503011626,SLBS,40,13,16,1305.0,20880.0
2021010503011625,SLBS,17,13,12,1306.0,15672.0
2021010503011554,SLBSL,7,8,13,945.0,12285.0
2021010503011472,SLICL,41,16,500,688.0,344000.0
2021010503011493,SMFDB,54,10,100,940.0,94000.0
2021010503011285,SMFDB,47,41,32,940.0,30080.0
2021010503011368,SNLB,35,1,100,990.0,99000.0
2021010503011328,SNLB,21,22,44,992.0,43648.0
2021010503011327,SNLB,21,44,20,990.0,19800.0
2021010503011326,SNLB,21,45,16,990.0,15840.0
2021010503011325,SNLB,21,42,20,985.0,19700.0
2021010503011756,SWBBL,32,33,65,1669.0,108485.0
2021010503011619,SWBBL,40,16,500,1665.0,832500.0
2021010503011763,TRH,38,49,10,293.0,2930.0
2021010503011675,UFL,34,8,412,246.0,101352.0
2021010503011281,USLB,21,34,20,1300.0,26000.0
2021010503011280,USLB,38,34,100,1300.0,130000.0
2021010503011279,USLB,47,34,66,1301.0,85866.0
2021010503011278,USLB,48,34,16,1302.0,20832.0
2021010503011277,USLB,38,34,22,1303.0,28666.0
2021010503011753,VLBS,21,29,88,1056.0,92928.0
2021010503011752,VLBS,17,29,12,1057.0,12684.0
2021010503011165,ALBSL,21,25,10,1142.0,11420.0
2021010503011164,ALBSL,21,25,11,1142.0,12562.0
2021010503011163,ALBSL,21,1,11,1142.0,12562.0
2021010503011162,ALBSL,21,48,32,1142.0,36544.0
2021010503011161,ALBSL,21,38,194,1142.0,221548.0
2021010503011160,ALBSL,21,38,40,1141.0,45640.0
2021010503011096,ALBSL,21,57,12,1134.0,13608.0
2021010503010864,ALBSL,47,29,25,1123.0,28075.0
2021010503010798,ALBSL,34,21,11,1120.0,12320.0
2021010503011102,ALBSL,21,29,11,1137.0,12507.0
2021010503011101,ALBSL,21,54,10,1136.0,11360.0
2021010503011100,ALBSL,21,54,10,1136.0,11360.0
2021010503011099,ALBSL,21,32,11,1135.0,12485.0
2021010503011098,ALBSL,21,41,11,1135.0,12485.0
2021010503011097,ALBSL,21,19,11,1135.0,12485.0
2021010503011153,ALBSL,21,1,11,1140.0,12540.0
2021010503011152,ALBSL,21,56,50,1140.0,57000.0
2021010503011151,ALBSL,21,49,11,1140.0,12540.0
2021010503011110,ALBSL,21,42,11,1139.0,12529.0
2021010503011104,ALBSL,21,55,50,1139.0,56950.0
2021010503011103,ALBSL,21,46,22,1139.0,25058.0
2021010503011159,ALBSL,21,48,11,1140.0,12540.0
2021010503011158,ALBSL,21,43,10,1140.0,11400.0
2021010503011157,ALBSL,21,44,34,1140.0,38760.0
2021010503011156,ALBSL,21,35,10,1140.0,11400.0
2021010503011155,ALBSL,21,39,50,1140.0,57000.0
2021010503011154,ALBSL,21,4,11,1140.0,12540.0
2021010503010993,ALICL,48,49,66,945.0,62370.0
2021010503011253,BFC,40,21,20,138.0,2760.0
2021010503011252,BFC,59,21,10,138.0,1380.0
2021010503011251,BFC,46,21,20,138.0,2760.0
2021010503010945,CBBL,21,1,190,1190.0,226100.0
2021010503010944,CBBL,21,47,200,1190.0,238000.0
2021010503010943,CBBL,21,21,200,1189.0,237800.0
2021010503010942,CBBL,21,49,10,1188.0,11880.0
2021010503010873,CBBL,32,13,181,1185.0,214485.0
2021010503010872,CBBL,52,13,10,1185.0,11850.0
2021010503010871,CBBL,53,13,100,1185.0,118500.0
2021010503010870,CBBL,33,13,50,1185.0,59250.0
2021010503010869,CBBL,22,13,89,1185.0,105465.0
2021010503010812,CBBL,22,51,211,1185.0,250035.0
2021010503010811,CBBL,37,51,30,1185.0,35550.0
2021010503010810,CBBL,41,51,40,1186.0,47440.0
2021010503011236,CIT,26,13,50,3384.0,169200.0
2021010503010937,CIT,6,7,12,3386.0,40632.0
2021010503010916,CIT,26,7,10,3386.0,33860.0
2021010503010895,CIT,6,38,17,3385.0,57545.0
2021010503010887,CIT,49,38,10,3383.0,33830.0
2021010503010886,CIT,16,38,25,3383.0,84575.0
2021010503010790,CIT,6,7,10,3386.0,33860.0
2021010503010789,CIT,47,7,18,3386.0,60948.0
2021010503010788,CIT,37,7,10,3386.0,33860.0
2021010503010787,CIT,21,7,40,3386.0,135440.0
2021010503010836,CIT,43,38,20,3385.0,67700.0
2021010503010835,CIT,16,38,58,3385.0,196330.0
2021010503010834,CIT,33,38,10,3385.0,33850.0
2021010503010833,CIT,41,38,10,3385.0,33850.0
2021010503010832,CIT,29,38,50,3385.0,169250.0
2021010503010831,CIT,45,38,50,3385.0,169250.0
2021010503010885,CIT,4,38,20,3383.0,67660.0
2021010503010884,CIT,4,49,10,3383.0,33830.0
2021010503010883,CIT,35,49,50,3383.0,169150.0
2021010503010882,CIT,39,49,10,3383.0,33830.0
2021010503010881,CIT,33,49,10,3383.0,33830.0
2021010503010837,CIT,6,38,25,3385.0,84625.0
2021010503011124,CLBSL,49,35,10,817.0,8170.0
2021010503010935,CLBSL,17,35,60,818.0,49080.0
2021010503010849,CLBSL,17,21,40,818.0,32720.0
2021010503011167,CMF1,42,49,300,9.9,2970.0
2021010503010907,CMF1,42,49,300,9.9,2970.0
2021010503010984,CMF2,19,57,100,9.95,995.0
2021010503011023,DDBL,33,10,60,1406.0,84360.0
2021010503010786,DDBL,51,19,25,1404.0,35100.0
2021010503010785,DDBL,25,19,20,1404.0,28080.0
2021010503010784,DDBL,50,19,15,1405.0,21075.0
2021010503010783,DDBL,51,19,45,1405.0,63225.0
2021010503010782,DDBL,49,19,100,1405.0,140500.0
2021010503010781,DDBL,34,19,50,1405.0,70250.0
2021010503010780,DDBL,38,19,25,1406.0,35150.0
2021010503010779,DDBL,33,19,50,1407.0,70350.0
2021010503010778,DDBL,18,19,120,1407.0,168840.0
2021010503010777,DDBL,51,19,50,1410.0,70500.0
2021010503011244,EDBL,21,17,100,351.0,35100.0
2021010503011000,EDBL,56,36,250,345.0,86250.0
2021010503011217,FMDBL,54,13,310,583.0,180730.0
2021010503011216,FMDBL,29,13,90,583.0,52470.0
2021010503011189,FMDBL,29,55,110,583.0,64130.0
2021010503011188,FMDBL,42,55,23,583.0,13409.0
2021010503011187,FMDBL,5,55,27,583.0,15741.0
2021010503010997,FMDBL,5,51,173,583.0,100859.0
2021010503010996,FMDBL,51,51,100,583.0,58300.0
2021010503010995,FMDBL,20,51,20,584.0,11680.0
2021010503010994,FMDBL,37,51,76,584.0,44384.0
2021010503010840,FOWAD,56,29,39,2280.0,88920.0
2021010503010839,FOWAD,7,29,27,2282.0,61614.0
2021010503010799,FOWAD,47,29,10,2285.0,22850.0
2021010503011212,GBBL,50,35,18,311.0,5598.0
2021010503010951,GBBL,50,6,50,311.0,15550.0
2021010503010912,GBBL,39,39,"1,000",311.0,311000.0
2021010503010804,GBBL,34,11,395,310.0,122450.0
2021010503011129,GBLBS,47,10,10,586.0,5860.0
2021010503011043,GBLBS,26,13,120,583.0,69960.0
2021010503011015,GBLBS,1,26,100,585.0,58500.0
2021010503011014,GBLBS,1,57,10,585.0,5850.0
2021010503011179,GFCL,13,38,220,192.0,42240.0
2021010503010920,GFCL,13,41,54,192.0,10368.0
2021010503010919,GFCL,11,41,100,192.0,19200.0
2021010503010918,GFCL,44,41,300,192.0,57600.0
2021010503010917,GFCL,41,41,300,192.0,57600.0
2021010503011088,GILB,45,10,35,1355.0,47425.0
2021010503011087,GILB,26,10,60,1355.0,81300.0
2021010503011001,GILB,13,16,30,1356.0,40680.0
2021010503010971,GILB,55,16,10,1356.0,13560.0
2021010503010923,GILB,26,44,40,1355.0,54200.0
2021010503010922,GILB,28,44,10,1355.0,13550.0
2021010503010800,GILB,29,16,60,1356.0,81360.0
2021010503011069,GIMES1,53,10,"2,500",11.57,28925.0
2021010503011203,GLBSL,57,7,15,880.0,13200.0
2021010503011068,GLBSL,7,7,100,880.0,88000.0
2021010503010978,GLICL,1,47,800,620.0,496000.0
2021010503010977,GLICL,1,48,103,620.0,63860.0
2021010503010972,GLICL,55,50,100,619.0,61900.0
2021010503010960,GMFBS,11,36,10,1100.0,11000.0
2021010503011227,HIDCL,54,33,31,268.0,8308.0
2021010503011226,HIDCL,54,47,17,268.0,4556.0
2021010503011026,HIDCL,7,36,60,267.0,16020.0
2021010503010852,HIDCL,40,47,889,266.0,236474.0
2021010503010851,HIDCL,44,47,172,266.0,45752.0
2021010503010850,HIDCL,1,47,"5,000",267.0,1335000.0
2021010503010938,ILBS,16,11,11,1033.0,11363.0
2021010503010830,ILBS,3,28,11,1034.0,11374.0
2021010503011235,JBBL,1,49,160,230.0,36800.0
2021010503011108,JBBL,1,38,128,230.0,29440.0
2021010503010915,JBBL,1,14,483,230.0,111090.0
2021010503010914,JBBL,42,14,17,230.0,3910.0
2021010503010868,JFL,42,41,11,256.0,2816.0
2021010503010867,JFL,34,41,34,258.0,8772.0
2021010503010844,JFL,34,41,66,258.0,17028.0
2021010503011254,JSLBB,26,49,50,1938.0,96900.0
2021010503011067,KSBBL,50,38,81,216.0,17496.0
2021010503011066,KSBBL,42,38,100,217.0,21700.0
2021010503011065,KSBBL,3,38,319,217.0,69223.0
2021010503010794,KSBBL,3,39,87,217.0,18879.0
2021010503010773,KSBBL,57,34,100,218.0,21800.0
2021010503010766,KSBBL,3,38,269,217.0,58373.0
2021010503010959,LBBL,42,4,14,205.0,2870.0
2021010503010892,LEMF,17,49,"4,000",9.95,39800.0
2021010503011112,LICN,43,40,650,1988.0,1292200.0
2021010503010902,LICN,49,54,"1,300",1988.0,2584400.0
2021010503010853,LICN,49,54,700,1988.0,1391600.0
2021010503011042,LLBS,58,50,50,1325.0,66250.0
2021010503011041,LLBS,49,50,20,1326.0,26520.0
2021010503011040,LLBS,18,50,200,1326.0,265200.0
2021010503011039,LLBS,16,50,150,1326.0,198900.0
2021010503010934,MERO,34,39,43,896.0,38528.0
2021010503010865,MERO,25,25,14,899.0,12586.0
2021010503010841,MERO,34,39,155,896.0,138880.0
2021010503011230,MFIL,55,34,"1,000",323.0,323000.0
2021010503011229,MFIL,16,34,910,323.0,293930.0
2021010503011228,MFIL,43,34,20,324.0,6480.0
2021010503010939,MFIL,52,52,"1,000",325.0,325000.0
2021010503011115,MLBBL,17,42,40,1213.0,48520.0
2021010503010894,MLBL,54,5,300,239.0,71700.0
2021010503010768,MLBL,41,59,100,240.0,24000.0
2021010503010767,MLBL,17,59,397,240.0,95280.0
2021010503011084,MMFDB,45,26,10,1112.0,11120.0
2021010503011053,MMFDB,47,34,35,1119.0,39165.0
2021010503010933,MMFDB,11,34,65,1120.0,72800.0
2021010503010911,MMFDB,11,41,10,1120.0,11200.0
2021010503010908,MMFDB,11,25,25,1115.0,27875.0
2021010503010906,MMFDB,45,16,350,1112.0,389200.0
2021010503010905,MMFDB,38,16,50,1112.0,55600.0
2021010503010980,MNBBL,51,56,190,347.0,65930.0
2021010503010958,MNBBL,48,47,415,345.0,143175.0
2021010503010824,MNBBL,48,19,425,345.0,146625.0
2021010503011122,MSLB,1,59,27,1531.0,41337.0
2021010503011191,MSMBS,51,44,22,875.0,19250.0
2021010503011190,MSMBS,51,38,22,875.0,19250.0
2021010503011219,NIBSF1,26,5,"16,434",11.6,190634.4
2021010503011204,NIBSF1,26,5,"10,000",11.6,116000.0
2021010503011195,NIBSF1,26,5,"3,044",11.6,35310.4
2021010503011194,NIBSF1,26,42,"1,956",11.6,22689.6
2021010503011259,NLBBL,33,38,87,1116.0,97092.0
2021010503011258,NLBBL,33,49,493,1116.0,550188.0
2021010503011215,NLBBL,25,38,10,1117.0,11170.0
2021010503011214,NLBBL,4,38,150,1117.0,167550.0
2021010503011240,NLIC,35,20,22,2392.0,52624.0
2021010503011239,NLIC,35,50,50,2392.0,119600.0
2021010503011224,NLIC,6,32,30,2391.0,71730.0
2021010503011206,NLIC,53,50,28,2390.0,66920.0
2021010503011200,NLIC,14,32,70,2391.0,167370.0
2021010503011199,NLIC,14,50,30,2391.0,71730.0
2021010503010976,NLIC,36,38,22,2392.0,52624.0
2021010503010946,NLIC,3,19,10,2393.0,23930.0
2021010503011029,NLIC,21,41,167,2390.0,399130.0
2021010503010999,NLIC,21,47,40,2390.0,95600.0
2021010503010998,NLIC,41,47,10,2391.0,23910.0
2021010503010983,NLIC,21,19,299,2391.0,714909.0
2021010503010982,NLIC,32,19,20,2391.0,47820.0
2021010503010981,NLIC,32,19,10,2391.0,23910.0
2021010503011048,NLIC,39,47,10,2390.0,23900.0
2021010503011047,NLIC,34,47,59,2390.0,141010.0
2021010503011046,NLIC,34,36,41,2390.0,97990.0
2021010503011045,NLIC,47,36,10,2390.0,23900.0
2021010503011044,NLIC,36,36,37,2390.0,88430.0
2021010503011030,NLIC,36,41,263,2390.0,628570.0
2021010503011093,NLIC,4,57,151,2390.0,360890.0
2021010503011079,NLIC,4,52,48,2390.0,114720.0
2021010503011052,NLIC,4,47,201,2390.0,480390.0
2021010503011051,NLIC,54,47,10,2390.0,23900.0
2021010503011050,NLIC,35,47,10,2390.0,23900.0
2021010503011049,NLIC,26,47,10,2390.0,23900.0
2021010503011181,NLIC,33,50,200,2391.0,478200.0
2021010503011172,NLIC,33,50,170,2391.0,406470.0
2021010503011166,NLIC,33,57,10,2391.0,23910.0
2021010503011116,NLIC,33,50,20,2391.0,47820.0
2021010503011095,NLIC,25,57,65,2390.0,155350.0
2021010503011094,NLIC,35,57,10,2390.0,23900.0
2021010503011234,NLICL,38,36,33,1132.0,37356.0
2021010503011233,NLICL,38,47,50,1132.0,56600.0
2021010503011232,NLICL,49,47,25,1132.0,28300.0
2021010503011131,NLICL,42,26,12,1132.0,13584.0
2021010503011091,NLICL,42,26,38,1132.0,43016.0
2021010503011090,NLICL,26,26,62,1132.0,70184.0
2021010503011074,NLICL,26,44,138,1132.0,156216.0
2021010503011073,NLICL,55,44,200,1132.0,226400.0
2021010503011072,NLICL,42,44,282,1132.0,319224.0
2021010503011071,NLICL,13,44,500,1133.0,566500.0
2021010503011070,NLICL,38,44,80,1133.0,90640.0
2021010503011028,NLICL,38,57,50,1133.0,56650.0
2021010503010987,NMB50,56,43,100,10.36,1036.0
2021010503010913,NMB50,56,28,400,10.35,4140.0
2021010503011120,NMFBS,49,26,23,2230.0,51290.0
2021010503011218,NRIC,41,3,50,1540.0,77000.0
2021010503011211,NRIC,37,6,285,1536.0,437760.0
2021010503011210,NRIC,16,6,15,1536.0,23040.0
2021010503011180,NRIC,16,56,40,1536.0,61440.0
2021010503011174,NRIC,51,3,108,1540.0,166320.0
2021010503011173,NRIC,51,59,10,1540.0,15400.0
2021010503010856,NRIC,52,4,200,1540.0,308000.0
2021010503010803,NRIC,52,44,40,1540.0,61600.0
2021010503010796,NRIC,55,49,100,1543.0,154300.0
2021010503010795,NRIC,55,51,10,1543.0,15430.0
2021010503010776,NRIC,55,21,10,1541.0,15410.0
2021010503010771,NRIC,55,57,100,1540.0,154000.0
2021010503010900,NRIC,52,33,100,1540.0,154000.0
2021010503010891,NRIC,51,28,200,1544.0,308800.0
2021010503010889,NRIC,52,28,50,1540.0,77000.0
2021010503010879,NRIC,52,11,30,1540.0,46200.0
2021010503010878,NRIC,1,11,10,1541.0,15410.0
2021010503010857,NRIC,55,28,100,1544.0,154400.0
2021010503010962,NRIC,55,32,40,1534.0,61360.0
2021010503010957,NRIC,55,38,30,1534.0,46020.0
2021010503010956,NRIC,16,38,10,1535.0,15350.0
2021010503010955,NRIC,55,47,40,1543.0,61720.0
2021010503010941,NRIC,16,32,40,1535.0,61400.0
2021010503010925,NRIC,52,44,80,1540.0,123200.0
2021010503011004,NRIC,51,8,40,1540.0,61600.0
2021010503010990,NRIC,1,38,10,1534.0,15340.0
2021010503010989,NRIC,55,38,30,1534.0,46020.0
2021010503010986,NRIC,6,32,40,1540.0,61600.0
2021010503010974,NRIC,55,28,200,1544.0,308800.0
2021010503010973,NRIC,6,57,30,1540.0,46200.0
2021010503011078,NRIC,36,39,20,1535.0,30700.0
2021010503011077,NRIC,36,32,22,1535.0,33770.0
2021010503011076,NRIC,49,32,18,1538.0,27684.0
2021010503011037,NRIC,32,55,"5,000",1536.0,7680000.0
2021010503011006,NRIC,51,38,120,1544.0,185280.0
2021010503011005,NRIC,51,38,40,1543.0,61720.0
2021010503011132,NRIC,51,47,25,1540.0,38500.0
2021010503011119,NRIC,55,5,10,1543.0,15430.0
2021010503011114,NRIC,51,50,97,1540.0,149380.0
2021010503011113,NRIC,40,50,40,1540.0,61600.0
2021010503011085,NRIC,55,32,40,1540.0,61600.0
2021010503011080,NRIC,36,41,10,1535.0,15350.0
2021010503011208,NRN,6,7,10,361.0,3610.0
2021010503011207,NRN,36,32,10,361.0,3610.0
2021010503011196,NRN,36,34,10,361.0,3610.0
2021010503011192,NRN,36,49,10,361.0,3610.0
2021010503011177,NRN,36,3,10,361.0,3610.0
2021010503011175,NRN,36,8,10,361.0,3610.0
2021010503010899,NRN,36,42,10,361.0,3610.0
2021010503010890,NRN,36,57,10,361.0,3610.0
2021010503010809,NRN,36,32,10,361.0,3610.0
2021010503010992,NRN,36,38,10,361.0,3610.0
2021010503010953,NRN,36,32,10,361.0,3610.0
2021010503010952,NRN,36,26,10,361.0,3610.0
2021010503010949,NRN,36,57,10,361.0,3610.0
2021010503010924,NRN,36,32,10,361.0,3610.0
2021010503010904,NRN,36,32,10,361.0,3610.0
2021010503011130,NRN,36,57,10,361.0,3610.0
2021010503011111,NRN,36,49,10,361.0,3610.0
2021010503011086,NRN,36,39,10,361.0,3610.0
2021010503011027,NRN,36,36,10,361.0,3610.0
2021010503011012,NRN,36,51,10,361.0,3610.0
2021010503011002,NRN,36,57,10,361.0,3610.0
2021010503011257,NTC,54,3,295,1283.0,378485.0
2021010503011256,NTC,54,50,100,1282.0,128200.0
2021010503011255,NTC,54,42,605,1280.0,774400.0
2021010503011247,NTC,50,42,50,1280.0,64000.0
2021010503011246,NTC,49,42,500,1280.0,640000.0
2021010503011245,NTC,19,42,40,1280.0,51200.0
2021010503010842,NTC,10,50,100,1283.0,128300.0
2021010503010862,NTC,49,38,980,1280.0,1254400.0
2021010503010861,NTC,32,38,60,1281.0,76860.0
2021010503010860,NTC,35,38,300,1281.0,384300.0
2021010503010859,NTC,17,38,100,1282.0,128200.0
2021010503010858,NTC,45,38,60,1282.0,76920.0
2021010503010843,NTC,10,10,200,1283.0,256600.0
2021010503010966,NTC,49,42,"3,060",1280.0,3916800.0
2021010503010965,NTC,34,42,"1,000",1281.0,1281000.0
2021010503010964,NTC,52,42,100,1281.0,128100.0
2021010503010963,NTC,49,42,500,1281.0,640500.0
2021010503010877,NTC,49,25,200,1280.0,256000.0
2021010503010866,NTC,49,25,300,1280.0,384000.0
2021010503011008,NTC,53,42,855,1279.0,1093545.0
2021010503010975,NTC,53,47,60,1279.0,76740.0
2021010503010970,NTC,1,42,10,1280.0,12800.0
2021010503010969,NTC,3,42,100,1280.0,128000.0
2021010503010968,NTC,57,42,100,1280.0,128000.0
2021010503010967,NTC,57,42,"2,000",1280.0,2560000.0
2021010503011064,NTC,11,21,100,1281.0,128100.0
2021010503011022,NTC,10,34,30,1280.0,38400.0
2021010503011016,NTC,10,38,19,1280.0,24320.0
2021010503011011,NTC,49,42,175,1279.0,223825.0
2021010503011010,NTC,51,42,50,1279.0,63950.0
2021010503011009,NTC,26,42,50,1279.0,63950.0
2021010503011223,NTC,19,17,60,1280.0,76800.0
2021010503011222,NTC,14,17,100,1280.0,128000.0
2021010503011221,NTC,38,17,100,1280.0,128000.0
2021010503011220,NTC,10,17,940,1280.0,1203200.0
2021010503011193,NTC,10,56,100,1280.0,128000.0
2021010503011150,NTC,10,17,60,1280.0,76800.0
2021010503011107,OHL,32,59,22,462.0,10164.0
2021010503011184,PFL,25,28,42,172.0,7224.0
2021010503011183,PFL,25,51,27,172.0,4644.0
2021010503011013,PFL,14,38,36,170.0,6120.0
2021010503011136,PLIC,38,41,281,772.0,216932.0
2021010503011135,PLIC,44,41,50,772.0,38600.0
2021010503011134,PLIC,26,41,100,772.0,77200.0
2021010503011133,PLIC,13,41,70,773.0,54110.0
2021010503011148,PROFL,32,45,300,128.0,38400.0
2021010503010979,PROFL,34,45,20,128.0,2560.0
2021010503010826,RLFL,48,36,271,168.0,45528.0
2021010503010825,RLFL,14,36,129,168.0,21672.0
2021010503011243,RLI,11,35,10,608.0,6080.0
2021010503011242,RLI,11,39,10,608.0,6080.0
2021010503011241,RLI,11,38,10,608.0,6080.0
2021010503011231,RLI,11,7,10,608.0,6080.0
2021010503011213,RLI,11,35,10,608.0,6080.0
2021010503011209,RLI,11,49,10,608.0,6080.0
2021010503010772,RLI,11,42,10,608.0,6080.0
2021010503010770,RLI,11,18,10,608.0,6080.0
2021010503010769,RLI,11,6,10,608.0,6080.0
2021010503010765,RLI,11,17,10,608.0,6080.0
2021010503010847,RLI,5,35,10,609.0,6090.0
2021010503010846,RLI,5,17,10,609.0,6090.0
2021010503010845,RLI,5,56,10,609.0,6090.0
2021010503010838,RLI,11,54,10,608.0,6080.0
2021010503010802,RLI,11,54,10,608.0,6080.0
2021010503010797,RLI,11,18,10,608.0,6080.0
2021010503010880,RLI,11,14,10,608.0,6080.0
2021010503010876,RLI,11,57,10,608.0,6080.0
2021010503010863,RLI,11,52,10,608.0,6080.0
2021010503010855,RLI,11,45,150,608.0,91200.0
2021010503010854,RLI,5,45,160,609.0,97440.0
2021010503010848,RLI,5,38,10,609.0,6090.0
2021010503010932,RLI,11,35,10,608.0,6080.0
2021010503010921,RLI,11,38,10,608.0,6080.0
2021010503010910,RLI,11,54,10,608.0,6080.0
2021010503010909,RLI,11,35,10,608.0,6080.0
2021010503010901,RLI,11,38,10,608.0,6080.0
2021010503010888,RLI,11,54,10,608.0,6080.0
2021010503010991,RLI,11,35,10,608.0,6080.0
2021010503010985,RLI,11,21,10,608.0,6080.0
2021010503010961,RLI,11,35,10,608.0,6080.0
2021010503010950,RLI,11,32,10,608.0,6080.0
2021010503010940,RLI,11,54,10,608.0,6080.0
2021010503010936,RLI,11,32,10,608.0,6080.0
2021010503011056,RLI,17,8,10,609.0,6090.0
2021010503011055,RLI,17,26,10,609.0,6090.0
2021010503011054,RLI,17,57,10,609.0,6090.0
2021010503011019,RLI,11,38,10,608.0,6080.0
2021010503011018,RLI,11,35,10,608.0,6080.0
2021010503011017,RLI,11,38,10,608.0,6080.0
2021010503011062,RLI,17,38,10,609.0,6090.0
2021010503011061,RLI,17,54,10,609.0,6090.0
2021010503011060,RLI,17,34,10,609.0,6090.0
2021010503011059,RLI,17,8,10,609.0,6090.0
2021010503011058,RLI,17,32,10,609.0,6090.0
2021010503011057,RLI,17,57,10,609.0,6090.0
2021010503011121,RLI,11,49,10,608.0,6080.0
2021010503011118,RLI,11,8,10,608.0,6080.0
2021010503011109,RLI,11,35,10,608.0,6080.0
2021010503011092,RLI,11,32,10,608.0,6080.0
2021010503011075,RLI,11,36,10,608.0,6080.0
2021010503011063,RLI,17,32,10,609.0,6090.0
2021010503011147,RLI,11,57,10,608.0,6080.0
2021010503011140,RLI,47,42,10,609.0,6090.0
2021010503011139,RLI,47,35,10,609.0,6090.0
2021010503011138,RLI,11,35,10,608.0,6080.0
2021010503011137,RLI,11,28,10,608.0,6080.0
2021010503011123,RLI,11,38,10,608.0,6080.0
2021010503011201,RLI,11,38,10,608.0,6080.0
2021010503011186,RLI,11,35,10,608.0,6080.0
2021010503011185,RLI,11,32,10,608.0,6080.0
2021010503011182,RLI,11,38,10,608.0,6080.0
2021010503011176,RLI,17,53,10,609.0,6090.0
2021010503011169,RLI,11,38,10,608.0,6080.0
2021010503011264,RMDC,55,14,20,1165.0,23300.0
2021010503011263,RMDC,41,14,400,1165.0,466000.0
2021010503011262,RMDC,5,14,10,1165.0,11650.0
2021010503011261,RMDC,10,14,100,1166.0,116600.0
2021010503011036,RMDC,5,19,40,1165.0,46600.0
2021010503011035,RMDC,38,19,10,1166.0,11660.0
2021010503010897,RMDC,10,41,100,1169.0,116900.0
2021010503010896,RMDC,39,41,21,1169.0,24549.0
2021010503011034,RMDC,39,19,100,1167.0,116700.0
2021010503011033,RMDC,39,19,200,1167.0,233400.0
2021010503011032,RMDC,54,19,50,1167.0,58350.0
2021010503011031,RMDC,39,19,100,1168.0,116800.0
2021010503010988,RMDC,49,4,80,1168.0,93440.0
2021010503010898,RMDC,49,41,30,1168.0,35040.0
2021010503011237,RSDC,58,6,26,582.0,15132.0
2021010503011205,RSDC,37,6,393,583.0,229119.0
2021010503011168,RSDC,29,49,20,584.0,11680.0
2021010503011128,SABSL,44,47,11,1072.0,11792.0
2021010503011127,SABSL,44,14,11,1070.0,11770.0
2021010503011126,SABSL,44,36,11,1068.0,11748.0
2021010503011125,SABSL,44,16,11,1065.0,11715.0
2021010503011106,SABSL,44,41,11,1063.0,11693.0
2021010503011105,SABSL,44,49,11,1050.0,11550.0
2021010503011020,SABSL,44,36,11,1043.0,11473.0
2021010503011003,SABSL,44,57,11,1043.0,11473.0
2021010503011145,SAEF,57,34,"300,000",11.57,3471000.0
2021010503011144,SAEF,57,45,"1,900",11.57,21983.0
2021010503011143,SAEF,57,14,500,11.57,5785.0
2021010503011142,SAEF,57,26,100,11.55,1155.0
2021010503011141,SAEF,57,7,200,11.55,2310.0
2021010503011250,SAPDBL,39,45,193,148.0,28564.0
2021010503011249,SAPDBL,39,1,300,148.0,44400.0
2021010503011248,SAPDBL,39,14,163,148.0,24124.0
2021010503011038,SAPDBL,39,1,500,147.0,73500.0
2021010503010875,SAPDBL,39,59,751,147.0,110397.0
2021010503011260,SDLBSL,28,6,10,1016.0,10160.0
2021010503011225,SDLBSL,32,6,50,1017.0,50850.0
2021010503011007,SDLBSL,36,8,10,1017.0,10170.0
2021010503010954,SDLBSL,36,38,10,1017.0,10170.0
2021010503010801,SDLBSL,36,38,10,1017.0,10170.0
2021010503010775,SDLBSL,56,6,20,1018.0,20360.0
2021010503010774,SDLBSL,1,6,180,1018.0,183240.0
2021010503011149,SEF,40,42,100,10.55,1055.0
2021010503011083,SEF,40,59,500,10.55,5275.0
2021010503011082,SEF,40,22,"10,000",10.55,105500.0
2021010503011081,SEF,40,22,900,10.55,9495.0
2021010503010948,SEF,40,46,"6,000",10.54,63240.0
2021010503010874,SEF,14,49,500,10.52,5260.0
2021010503011171,SHINE,32,26,360,240.0,86400.0
2021010503011170,SHINE,32,51,40,240.0,9600.0
2021010503010947,SHINE,47,51,10,240.0,2400.0
2021010503010808,SHINE,47,39,440,240.0,105600.0
2021010503010807,SHINE,14,39,10,240.0,2400.0
2021010503010793,SHL,51,17,"2,565",192.0,492480.0
2021010503010792,SHL,6,17,"1,348",192.0,258816.0
2021010503010931,SINDU,25,55,137,148.0,20276.0
2021010503010930,SINDU,17,55,"1,000",148.0,148000.0
2021010503010929,SINDU,58,55,340,148.0,50320.0
2021010503010928,SINDU,25,55,500,149.0,74500.0
2021010503010927,SINDU,14,55,200,149.0,29800.0
2021010503010926,SINDU,8,55,300,149.0,44700.0
2021010503010829,SINDU,8,14,700,149.0,104300.0
2021010503010828,SINDU,45,14,100,149.0,14900.0
2021010503010827,SINDU,29,14,200,149.0,29800.0
2021010503010791,SINDU,29,25,200,149.0,29800.0
2021010503011198,SKBBL,42,47,12,1445.0,17340.0
2021010503011197,SKBBL,1,47,58,1446.0,83868.0
2021010503011021,SKBBL,1,50,20,1446.0,28920.0
2021010503010903,SKBBL,1,21,10,1446.0,14460.0
2021010503010893,SKBBL,22,21,40,1447.0,57880.0
2021010503011146,SLBBL,36,42,70,1099.0,76930.0
2021010503011178,SLBSL,7,28,13,945.0,12285.0
2021010503011238,SLICL,38,41,10,690.0,6900.0
2021010503010823,SLICL,13,6,110,685.0,75350.0
2021010503010822,SLICL,34,6,15,686.0,10290.0
2021010503010821,SLICL,57,6,30,686.0,20580.0
2021010503010820,SLICL,4,6,200,686.0,137200.0
2021010503010819,SLICL,49,6,250,686.0,171500.0
2021010503010806,SLICL,44,49,58,687.0,39846.0
2021010503010805,SLICL,11,49,20,689.0,13780.0
2021010503010818,SLICL,14,6,10,686.0,6860.0
2021010503010817,SLICL,21,6,43,686.0,29498.0
2021010503010816,SLICL,49,6,300,686.0,205800.0
2021010503010815,SLICL,4,6,200,687.0,137400.0
2021010503010814,SLICL,42,6,300,687.0,206100.0
2021010503010813,SLICL,44,6,42,687.0,28854.0
2021010503011089,SMFDB,42,41,20,940.0,18800.0
2021010503011202,SNLB,52,34,100,989.0,98900.0
2021010503011117,SNLB,56,34,100,989.0,98900.0
2021010503011025,SNLB,52,34,60,989.0,59340.0
2021010503011024,SNLB,52,25,40,988.0,39520.0
2021010503010566,ALBSL,34,25,11,1120.0,12320.0
2021010503010452,ALBSL,34,45,11,1120.0,12320.0
2021010503010373,ALBSL,34,52,28,1120.0,31360.0
2021010503010372,ALBSL,34,52,33,1120.0,36960.0
2021010503010371,ALBSL,16,52,39,1121.0,43719.0
2021010503010333,ALBSL,16,43,11,1121.0,12331.0
2021010503010268,ALBSL,34,39,11,1120.0,12320.0
2021010503010364,ALICL,44,49,200,946.0,189200.0
2021010503010326,ALICL,48,59,100,945.0,94500.0
2021010503010558,CBBL,41,11,10,1186.0,11860.0
2021010503010582,CIT,21,5,10,3386.0,33860.0
2021010503010516,CIT,19,5,50,3387.0,169350.0
2021010503010515,CIT,49,5,25,3387.0,84675.0
2021010503010506,CIT,21,59,30,3390.0,101700.0
2021010503010453,CIT,25,59,20,3390.0,67800.0
2021010503010448,CIT,52,59,30,3390.0,101700.0
2021010503010266,CIT,45,22,30,3389.0,101670.0
2021010503010265,CIT,6,59,10,3390.0,33900.0
2021010503010440,CIT,49,7,25,3387.0,84675.0
2021010503010439,CIT,26,7,50,3387.0,169350.0
2021010503010438,CIT,34,7,15,3388.0,50820.0
2021010503010437,CIT,19,7,10,3388.0,33880.0
2021010503010336,CIT,47,34,20,3389.0,67780.0
2021010503010267,CIT,47,22,20,3389.0,67780.0
2021010503010434,CLBSL,49,21,10,833.0,8330.0
2021010503010626,CMF1,42,6,500,9.9,4950.0
2021010503010604,EDBL,56,25,200,345.0,69000.0
2021010503010603,EDBL,1,25,100,345.0,34500.0
2021010503010602,EDBL,21,25,500,345.0,172500.0
2021010503010601,EDBL,40,25,500,345.0,172500.0
2021010503010600,EDBL,40,25,500,346.0,173000.0
2021010503010599,EDBL,56,25,"1,000",346.0,346000.0
2021010503010598,EDBL,44,25,150,347.0,52050.0
2021010503010663,FMDBL,49,57,18,588.0,10584.0
2021010503010662,FMDBL,49,58,32,587.0,18784.0
2021010503010431,FMDBL,37,35,424,584.0,247616.0
2021010503010430,FMDBL,26,35,76,584.0,44384.0
2021010503010409,FMDBL,26,28,23,584.0,13432.0
2021010503010462,FOWAD,32,6,22,2285.0,50270.0
2021010503010420,FOWAD,45,6,11,2285.0,25135.0
2021010503010419,FOWAD,45,41,19,2285.0,43415.0
2021010503010764,GBBL,6,6,260,311.0,80860.0
2021010503010725,GBBL,3,6,50,311.0,15550.0
2021010503010700,GBBL,3,6,490,311.0,152390.0
2021010503010699,GBBL,3,14,110,311.0,34210.0
2021010503010729,GBLBS,39,57,50,585.0,29250.0
2021010503010728,GBLBS,39,51,200,585.0,117000.0
2021010503010727,GBLBS,39,59,250,585.0,146250.0
2021010503010342,GFCL,54,41,220,193.0,42460.0
2021010503010341,GFCL,56,41,26,193.0,5018.0
2021010503010661,GILB,29,21,40,1356.0,54240.0
2021010503010548,GILB,51,16,41,1360.0,55760.0
2021010503010539,GIMES1,6,10,"39,000",11.56,450840.0
2021010503010476,GLBSL,58,39,10,877.0,8770.0
2021010503010616,GLICL,41,49,90,619.0,55710.0
2021010503010522,GLICL,5,49,77,619.0,47663.0
2021010503010521,GLICL,16,49,133,619.0,82327.0
2021010503010505,GLICL,5,39,73,619.0,45187.0
2021010503010504,GLICL,57,39,17,619.0,10523.0
2021010503010305,GLICL,58,48,50,620.0,31000.0
2021010503010279,GLICL,57,47,83,619.0,51377.0
2021010503010278,GLICL,1,47,20,619.0,12380.0
2021010503010277,GLICL,22,47,50,619.0,30950.0
2021010503010276,GLICL,26,47,35,619.0,21665.0
2021010503010535,GMFBS,11,39,10,1100.0,11000.0
2021010503010507,GMFBS,11,28,10,1100.0,11000.0
2021010503010492,GMFBS,11,43,10,1100.0,11000.0
2021010503010375,GMFBS,38,43,20,1101.0,22020.0
2021010503010354,GMFBS,44,17,10,1110.0,11100.0
2021010503010352,GMFBS,38,8,10,1101.0,11010.0
2021010503010750,GMFIL,45,57,20,191.0,3820.0
2021010503010445,GMFIL,45,21,55,191.0,10505.0
2021010503010444,GMFIL,29,21,30,192.0,5760.0
2021010503010443,GMFIL,52,21,15,192.0,2880.0
2021010503010273,GMFIL,32,57,300,193.0,57900.0
2021010503010272,GMFIL,28,57,100,193.0,19300.0
2021010503010690,HIDCL,44,38,90,266.0,23940.0
2021010503010672,HIDCL,44,19,191,266.0,50806.0
2021010503010550,HIDCL,44,39,61,266.0,16226.0
2021010503010389,HIDCL,44,47,526,266.0,139916.0
2021010503010388,HIDCL,26,47,359,266.0,95494.0
2021010503010379,HIDCL,26,32,31,266.0,8246.0
2021010503010367,HIDCL,5,47,57,267.0,15219.0
2021010503010366,HIDCL,59,47,"1,000",267.0,267000.0
2021010503010365,HIDCL,41,47,150,267.0,40050.0
2021010503010350,HIDCL,13,47,908,268.0,243344.0
2021010503010301,HIDCL,13,47,31,268.0,8308.0
2021010503010274,HIDCL,45,5,"1,000",270.0,270000.0
2021010503010275,ILBS,3,36,11,1033.0,11363.0
2021010503010722,JBBL,42,28,50,230.0,11500.0
2021010503010658,JBBL,42,39,88,230.0,20240.0
2021010503010299,JBBL,42,41,335,230.0,77050.0
2021010503010298,JBBL,6,41,100,230.0,23000.0
2021010503010297,JBBL,44,41,265,230.0,60950.0
2021010503010753,JSLBB,58,38,10,1938.0,19380.0
2021010503010704,KMCDB,58,39,10,872.0,8720.0
2021010503010577,KMCDB,58,38,10,872.0,8720.0
2021010503010451,KMCDB,58,47,34,872.0,29648.0
2021010503010408,KMCDB,58,32,63,872.0,54936.0
2021010503010407,KMCDB,40,32,10,873.0,8730.0
2021010503010406,KMCDB,40,32,100,873.0,87300.0
2021010503010405,KMCDB,40,32,117,874.0,102258.0
2021010503010404,KMCDB,25,32,10,875.0,8750.0
2021010503010668,KSBBL,3,49,325,217.0,70525.0
2021010503010667,KSBBL,38,49,50,217.0,10850.0
2021010503010666,KSBBL,57,49,500,217.0,108500.0
2021010503010665,KSBBL,34,49,125,217.0,27125.0
2021010503010574,KSBBL,34,53,375,217.0,81375.0
2021010503010573,KSBBL,40,53,500,217.0,108500.0
2021010503010572,KSBBL,58,53,13,217.0,2821.0
2021010503010571,KSBBL,32,53,31,217.0,6727.0
2021010503010570,KSBBL,17,53,81,217.0,17577.0
2021010503010545,KSBBL,58,39,87,217.0,18879.0
2021010503010754,LBBL,56,6,252,207.0,52164.0
2021010503010649,LBBL,34,56,500,206.0,103000.0
2021010503010610,LBBL,28,6,"1,000",207.0,207000.0
2021010503010609,LBBL,37,6,42,207.0,8694.0
2021010503010655,LBBL,43,56,500,205.0,102500.0
2021010503010654,LBBL,54,56,100,205.0,20500.0
2021010503010653,LBBL,36,56,300,205.0,61500.0
2021010503010652,LBBL,56,56,252,206.0,51912.0
2021010503010651,LBBL,20,56,200,206.0,41200.0
2021010503010650,LBBL,43,56,500,206.0,103000.0
2021010503010657,LBBL,42,56,158,205.0,32390.0
2021010503010656,LBBL,8,56,500,205.0,102500.0
2021010503010752,LICN,43,21,20,1977.0,39540.0
2021010503010720,LLBS,16,6,50,1326.0,66300.0
2021010503010546,MDB,35,40,100,332.0,33200.0
2021010503010608,MERO,49,51,500,895.0,447500.0
2021010503010581,MERO,49,51,500,895.0,447500.0
2021010503010563,MERO,49,51,500,895.0,447500.0
2021010503010557,MERO,36,25,100,899.0,89900.0
2021010503010556,MERO,36,43,300,898.0,269400.0
2021010503010536,MERO,49,17,20,895.0,17900.0
2021010503010612,MLBL,17,56,200,240.0,48000.0
2021010503010567,MLBL,17,21,50,240.0,12000.0
2021010503010422,MLBL,17,47,"1,330",240.0,319200.0
2021010503010316,MLBL,52,55,10,240.0,2400.0
2021010503010315,MLBL,52,6,990,240.0,237600.0
2021010503010502,MLBL,17,39,12,240.0,2880.0
2021010503010429,MLBL,17,17,341,240.0,81840.0
2021010503010424,MLBL,17,17,91,240.0,21840.0
2021010503010423,MLBL,17,55,579,240.0,138960.0
2021010503010751,MNBBL,48,17,100,345.0,34500.0
2021010503010719,MNBBL,48,51,"1,406",345.0,485070.0
2021010503010718,MNBBL,28,51,120,345.0,41400.0
2021010503010717,MNBBL,47,51,300,345.0,103500.0
2021010503010716,MNBBL,34,51,100,345.0,34500.0
2021010503010627,MNBBL,1,56,10,347.0,3470.0
2021010503010715,MNBBL,3,51,100,345.0,34500.0
2021010503010714,MNBBL,34,51,100,346.0,34600.0
2021010503010713,MNBBL,25,51,100,346.0,34600.0
2021010503010712,MNBBL,51,51,74,346.0,25604.0
2021010503010645,MSLB,36,34,41,1501.0,61541.0
2021010503010532,MSLB,1,34,140,1519.0,212660.0
2021010503010531,MSLB,59,34,100,1519.0,151900.0
2021010503010530,MSLB,48,34,30,1519.0,45570.0
2021010503010529,MSLB,50,34,10,1519.0,15190.0
2021010503010528,MSLB,35,34,100,1521.0,152100.0
2021010503010358,MSLB,1,34,100,1555.0,155500.0
2021010503010464,MSLB,35,34,30,1541.0,46230.0
2021010503010463,MSLB,7,34,19,1541.0,29279.0
2021010503010362,MSLB,25,34,41,1542.0,63222.0
2021010503010361,MSLB,1,34,50,1543.0,77150.0
2021010503010360,MSLB,58,34,89,1550.0,137950.0
2021010503010359,MSLB,38,34,20,1551.0,31020.0
2021010503010470,MSLB,45,34,100,1530.0,153000.0
2021010503010469,MSLB,5,34,50,1530.0,76500.0
