Transact. No.,Symbol,Buyer,Seller,Quantity,Rate,Amount
2021010703018355,ALBSL,34,41,11,1224.0,13464.0
2021010703018124,ALBSL,59,46,26,1215.0,31590.0
2021010703018046,ALBSL,59,41,11,1215.0,13365.0
2021010703018045,ALBSL,59,45,250,1215.0,303750.0
2021010703018323,ALICL,56,50,170,964.0,163880.0
2021010703018322,ALICL,28,50,200,964.0,192800.0
2021010703018317,ALICL,26,10,250,965.0,241250.0
2021010703018215,ALICL,38,10,100,965.0,96500.0
2021010703018058,ALICL,41,10,100,965.0,96500.0
2021010703018057,ALICL,33,10,20,965.0,19300.0
2021010703017962,ALICL,32,10,20,965.0,19300.0
2021010703017961,ALICL,59,10,966,965.0,932190.0
2021010703018161,BBC,6,36,10,2805.0,28050.0
2021010703017930,BBC,6,25,10,2800.0,28000.0
2021010703018382,BFC,47,40,20,140.0,2800.0
2021010703017975,BFC,59,57,20,138.0,2760.0
2021010703018073,CFCL,33,38,100,172.0,17200.0
2021010703018354,CIT,34,41,23,3400.0,78200.0
2021010703018348,CIT,45,41,20,3400.0,68000.0
2021010703018314,CIT,6,41,50,3400.0,170000.0
2021010703018122,CIT,6,45,20,3399.0,67980.0
2021010703018080,CIT,34,42,13,3398.0,44174.0
2021010703017942,CIT,58,41,50,3400.0,170000.0
2021010703017934,CIT,33,41,50,3400.0,170000.0
2021010703018380,CLBSL,28,34,30,903.0,27090.0
2021010703018252,CLBSL,28,34,150,903.0,135450.0
2021010703018251,CLBSL,28,34,20,903.0,18060.0
2021010703018175,CLBSL,28,29,180,903.0,162540.0
2021010703018174,CLBSL,52,29,20,904.0,18080.0
2021010703018043,CLBSL,21,54,113,905.0,102265.0
2021010703018042,CLBSL,21,34,50,905.0,45250.0
2021010703018041,CLBSL,21,53,18,905.0,16290.0
2021010703018040,CLBSL,21,33,19,905.0,17195.0
2021010703018264,CMF1,43,54,100,10.1,1010.0
2021010703018101,CMF2,43,26,100,10.0,1000.0
2021010703018100,CMF2,43,22,200,9.87,1974.0
2021010703018369,CORBL,13,13,10,234.0,2340.0
2021010703018178,DDBL,57,7,120,1458.0,174960.0
2021010703018152,DDBL,45,11,25,1457.0,36425.0
2021010703017940,DDBL,41,59,20,1455.0,29100.0
2021010703017939,DDBL,34,59,30,1456.0,43680.0
2021010703017917,DDBL,34,45,300,1456.0,436800.0
2021010703018200,FMDBL,41,35,200,602.0,120400.0
2021010703018191,FMDBL,49,35,355,598.0,212290.0
2021010703018190,FMDBL,22,35,100,598.0,59800.0
2021010703018189,FMDBL,53,35,20,598.0,11960.0
2021010703018188,FMDBL,53,35,20,598.0,11960.0
2021010703018187,FMDBL,53,35,30,598.0,17940.0
2021010703018132,FMDBL,49,48,200,600.0,120000.0
2021010703018131,FMDBL,49,35,25,600.0,15000.0
2021010703018093,FMDBL,37,35,100,600.0,60000.0
2021010703018186,FMDBL,44,35,400,598.0,239200.0
2021010703018185,FMDBL,48,35,300,598.0,179400.0
2021010703018184,FMDBL,58,35,100,599.0,59900.0
2021010703018183,FMDBL,26,35,200,599.0,119800.0
2021010703018182,FMDBL,57,35,50,599.0,29950.0
2021010703018181,FMDBL,49,35,425,600.0,255000.0
2021010703018134,FOWAD,41,41,20,2327.0,46540.0
2021010703018133,FOWAD,7,41,40,2328.0,93120.0
2021010703018123,FOWAD,7,6,10,2327.0,23270.0
2021010703018107,FOWAD,58,6,90,2327.0,209430.0
2021010703018060,FOWAD,58,22,10,2327.0,23270.0
2021010703018034,FOWAD,29,51,55,2327.0,127985.0
2021010703017941,FOWAD,29,7,40,2327.0,93080.0
2021010703018315,GBBL,4,58,"2,000",316.0,632000.0
2021010703018218,GBBL,49,19,100,317.0,31700.0
2021010703017923,GBBL,16,19,70,317.0,22190.0
2021010703018347,GBLBS,42,37,100,609.0,60900.0
2021010703018265,GBLBS,38,19,200,608.0,121600.0
2021010703018261,GBLBS,22,37,10,609.0,6090.0
2021010703018159,GBLBS,53,37,90,609.0,54810.0
2021010703018054,GBLBS,53,37,90,609.0,54810.0
2021010703017964,GBLBS,58,37,40,609.0,24360.0
2021010703017963,GBLBS,58,57,15,608.0,9120.0
2021010703018068,GFCL,42,22,150,195.0,29250.0
2021010703018176,GILB,38,42,14,1422.0,19908.0
2021010703018393,GMFBS,58,10,100,1170.0,117000.0
2021010703018392,GMFBS,28,10,500,1171.0,585500.0
2021010703018391,GMFBS,25,10,10,1175.0,11750.0
2021010703018390,GMFBS,59,10,50,1175.0,58750.0
2021010703018389,GMFBS,49,10,230,1175.0,270250.0
2021010703018388,GMFBS,49,10,90,1176.0,105840.0
2021010703018079,GRDBL,37,42,50,155.0,7750.0
2021010703018078,GRDBL,37,42,210,155.0,32550.0
2021010703018327,GUFL,37,32,249,226.0,56274.0
2021010703018326,GUFL,37,32,200,226.0,45200.0
2021010703018325,GUFL,37,45,39,226.0,8814.0
2021010703018324,GUFL,37,4,18,225.0,4050.0
2021010703018306,GUFL,20,57,300,225.0,67500.0
2021010703017992,GUFL,33,45,11,226.0,2486.0
2021010703017991,GUFL,33,53,23,226.0,5198.0
2021010703017990,GUFL,33,17,100,225.0,22500.0
2021010703017989,GUFL,33,38,66,225.0,14850.0
2021010703017938,GUFL,32,38,200,225.0,45000.0
2021010703018358,HIDCL,56,37,"1,800",267.0,480600.0
2021010703018357,HIDCL,56,56,200,266.0,53200.0
2021010703018356,HIDCL,56,41,"1,000",266.0,266000.0
2021010703018156,HIDCL,11,57,22,265.0,5830.0
2021010703018077,HIDCL,35,57,250,265.0,66250.0
2021010703018028,HIDCL,38,57,50,265.0,13250.0
2021010703018003,HIDCL,55,57,100,265.0,26500.0
2021010703018002,HIDCL,32,57,100,265.0,26500.0
2021010703018001,HIDCL,50,57,100,265.0,26500.0
2021010703018000,HIDCL,36,57,365,265.0,96725.0
2021010703018009,HIDCL,58,57,50,265.0,13250.0
2021010703018008,HIDCL,11,57,100,265.0,26500.0
2021010703018007,HIDCL,1,57,30,265.0,7950.0
2021010703018006,HIDCL,36,57,200,265.0,53000.0
2021010703018005,HIDCL,45,57,33,265.0,8745.0
2021010703018004,HIDCL,57,57,100,265.0,26500.0
2021010703018379,ILBS,10,19,10,1135.0,11350.0
2021010703018377,ILBS,34,36,11,1130.0,12430.0
2021010703018072,ILBS,34,41,14,1130.0,15820.0
2021010703017999,ILBS,34,41,11,1130.0,12430.0
2021010703017929,ILBS,34,41,10,1130.0,11300.0
2021010703017918,ILBS,34,41,44,1130.0,49720.0
2021010703018343,JBBL,34,38,995,230.0,228850.0
2021010703018342,JBBL,57,38,100,230.0,23000.0
2021010703018341,JBBL,4,38,200,230.0,46000.0
2021010703018340,JBBL,49,38,50,230.0,11500.0
2021010703018339,JBBL,21,38,20,230.0,4600.0
2021010703018338,JBBL,59,38,500,230.0,115000.0
2021010703018018,JBBL,34,45,20,232.0,4640.0
2021010703017919,JBBL,14,45,500,232.0,116000.0
2021010703018088,JBBL,16,34,200,231.0,46200.0
2021010703018087,JBBL,53,34,250,231.0,57750.0
2021010703018086,JBBL,34,34,500,231.0,115500.0
2021010703018085,JBBL,1,34,721,231.0,166551.0
2021010703018037,JBBL,55,45,"1,000",232.0,232000.0
2021010703018030,JBBL,49,45,150,232.0,34800.0
2021010703018260,JBBL,38,34,"4,029",231.0,930699.0
2021010703018136,JBBL,38,34,"1,000",231.0,231000.0
2021010703018092,JBBL,22,34,100,231.0,23100.0
2021010703018091,JBBL,34,34,550,231.0,127050.0
2021010703018090,JBBL,49,34,200,231.0,46200.0
2021010703018089,JBBL,38,34,500,231.0,115500.0
2021010703018337,JBBL,58,38,30,230.0,6900.0
2021010703018336,JBBL,50,38,30,230.0,6900.0
2021010703018335,JBBL,38,38,500,230.0,115000.0
2021010703018334,JBBL,38,38,400,230.0,92000.0
2021010703018333,JBBL,11,38,100,231.0,23100.0
2021010703018332,JBBL,34,38,75,231.0,17325.0
2021010703018302,JFL,51,39,500,251.0,125500.0
2021010703018301,JFL,13,39,50,251.0,12550.0
2021010703018300,JFL,45,39,500,251.0,125500.0
2021010703018299,JFL,35,39,500,251.0,125500.0
2021010703018298,JFL,26,39,50,252.0,12600.0
2021010703018297,JFL,14,39,100,252.0,25200.0
2021010703018149,JFL,44,54,50,256.0,12800.0
2021010703018148,JFL,44,49,20,256.0,5120.0
2021010703018147,JFL,44,8,911,256.0,233216.0
2021010703018296,JFL,29,39,190,252.0,47880.0
2021010703018295,JFL,54,39,200,252.0,50400.0
2021010703018294,JFL,59,39,590,252.0,148680.0
2021010703018293,JFL,45,39,300,253.0,75900.0
2021010703018292,JFL,36,39,400,253.0,101200.0
2021010703018291,JFL,4,39,293,253.0,74129.0
2021010703018385,JSLBB,58,56,10,2230.0,22300.0
2021010703018287,JSLBB,58,11,20,2226.0,44520.0
2021010703018286,JSLBB,58,11,20,2226.0,44520.0
2021010703018285,JSLBB,58,22,200,2225.0,445000.0
2021010703018284,JSLBB,58,32,100,2224.0,222400.0
2021010703018283,JSLBB,58,36,16,2222.0,35552.0
2021010703018114,JSLBB,58,57,226,2200.0,497200.0
2021010703018113,JSLBB,58,49,100,2190.0,219000.0
2021010703018108,JSLBB,41,8,10,2182.0,21820.0
2021010703018053,JSLBB,58,57,15,2200.0,33000.0
2021010703018052,JSLBB,58,16,53,2197.0,116441.0
2021010703018051,JSLBB,58,45,232,2195.0,509240.0
2021010703018167,JSLBB,58,58,40,2217.0,88680.0
2021010703018166,JSLBB,58,11,10,2210.0,22100.0
2021010703018165,JSLBB,58,29,200,2208.0,441600.0
2021010703018164,JSLBB,58,37,100,2205.0,220500.0
2021010703018163,JSLBB,58,11,326,2200.0,717200.0
2021010703018115,JSLBB,58,11,174,2200.0,382800.0
2021010703018282,JSLBB,58,48,20,2222.0,44440.0
2021010703018281,JSLBB,58,49,100,2220.0,222000.0
2021010703018280,JSLBB,58,25,76,2219.0,168644.0
2021010703018279,JSLBB,58,29,20,2218.0,44360.0
2021010703018278,JSLBB,58,21,420,2200.0,924000.0
2021010703018168,JSLBB,58,25,24,2219.0,53256.0
2021010703018192,KLBSL,55,11,10,1182.0,11820.0
2021010703018376,KMCDB,25,18,10,989.0,9890.0
2021010703018173,KMCDB,49,43,10,984.0,9840.0
2021010703018061,KMCDB,25,18,10,989.0,9890.0
2021010703018350,KRBL,34,57,10,136.0,1360.0
2021010703018375,KSBBL,48,8,200,219.0,43800.0
2021010703018331,KSBBL,42,8,320,219.0,70080.0
2021010703018011,KSBBL,42,22,180,219.0,39420.0
2021010703018010,KSBBL,4,22,20,220.0,4400.0
2021010703017969,KSBBL,4,39,30,220.0,6600.0
2021010703018151,LBBL,51,11,19,208.0,3952.0
2021010703018014,LICN,39,28,150,2000.0,300000.0
2021010703018013,LICN,39,6,100,2000.0,200000.0
2021010703018012,LICN,39,58,65,2000.0,130000.0
2021010703018383,LLBS,55,45,10,1350.0,13500.0
2021010703018387,MDB,1,41,108,330.0,35640.0
2021010703018106,MDB,1,51,17,330.0,5610.0
2021010703018105,MDB,42,51,50,330.0,16500.0
2021010703018104,MDB,33,51,200,330.0,66000.0
2021010703018103,MDB,42,51,33,330.0,10890.0
2021010703018244,MERO,49,20,"2,049",943.0,1932207.0
2021010703018243,MERO,49,34,54,942.0,50868.0
2021010703018242,MERO,49,57,51,942.0,48042.0
2021010703018241,MERO,49,22,20,942.0,18840.0
2021010703018222,MERO,49,41,100,939.0,93900.0
2021010703018228,MERO,49,3,410,940.0,385400.0
2021010703018227,MERO,49,55,100,940.0,94000.0
2021010703018226,MERO,49,41,13,940.0,12220.0
2021010703018225,MERO,49,6,22,940.0,20680.0
2021010703018224,MERO,49,29,965,939.0,906135.0
2021010703018223,MERO,49,48,200,939.0,187800.0
2021010703018234,MERO,49,38,65,941.0,61165.0
2021010703018233,MERO,49,51,10,940.0,9400.0
2021010703018232,MERO,49,49,55,940.0,51700.0
2021010703018231,MERO,49,48,25,940.0,23500.0
2021010703018230,MERO,49,42,100,940.0,94000.0
2021010703018229,MERO,49,13,43,940.0,40420.0
2021010703018240,MERO,49,11,95,942.0,89490.0
2021010703018239,MERO,49,49,400,942.0,376800.0
2021010703018238,MERO,49,42,50,941.0,47050.0
2021010703018237,MERO,49,42,13,941.0,12233.0
2021010703018236,MERO,49,7,100,941.0,94100.0
2021010703018235,MERO,49,28,60,941.0,56460.0
2021010703018406,MFIL,55,45,10,334.0,3340.0
2021010703018303,MFIL,55,6,10,335.0,3350.0
2021010703018221,MFIL,55,11,57,334.0,19038.0
2021010703018220,MFIL,55,7,207,330.0,68310.0
2021010703018219,MFIL,55,48,99,329.0,32571.0
2021010703018384,MLBL,34,21,50,255.0,12750.0
2021010703018316,MLBL,52,5,50,254.0,12700.0
2021010703017971,MLBL,44,42,500,255.0,127500.0
2021010703017970,MLBL,44,50,344,255.0,87720.0
2021010703017916,MLBL,52,21,500,254.0,127000.0
2021010703017977,MLBL,45,57,75,253.0,18975.0
2021010703017976,MLBL,52,57,425,254.0,107950.0
2021010703017974,MLBL,44,34,111,255.0,28305.0
2021010703017973,MLBL,44,44,999,255.0,254745.0
2021010703017972,MLBL,44,11,46,255.0,11730.0
2021010703018290,MMFDB,4,50,49,1241.0,60809.0
2021010703018289,MMFDB,45,50,20,1241.0,24820.0
2021010703018288,MMFDB,42,50,31,1241.0,38471.0
2021010703018155,MMFDB,42,29,20,1241.0,24820.0
2021010703017948,MMFDB,42,52,18,1241.0,22338.0
2021010703018386,MNBBL,28,52,10,353.0,3530.0
2021010703018076,MNBBL,6,42,192,352.0,67584.0
2021010703018075,MNBBL,49,42,100,352.0,35200.0
2021010703018074,MNBBL,49,42,208,352.0,73216.0
2021010703017996,MNBBL,14,52,280,353.0,98840.0
2021010703017960,MNBBL,49,26,330,352.0,116160.0
2021010703017959,MNBBL,39,26,170,352.0,59840.0
2021010703018345,MPFL,42,43,20,165.0,3300.0
2021010703018304,MPFL,45,43,50,165.0,8250.0
2021010703018320,MSMBS,20,14,20,935.0,18700.0
2021010703018319,MSMBS,20,6,22,935.0,20570.0
2021010703018318,MSMBS,20,38,11,934.0,10274.0
2021010703018063,MSMBS,36,5,98,930.0,91140.0
2021010703018035,MSMBS,36,51,11,930.0,10230.0
2021010703018096,NABBC,59,46,200,632.0,126400.0
2021010703018095,NABBC,8,46,300,632.0,189600.0
2021010703018022,NLBBL,6,34,597,1170.0,698490.0
2021010703018021,NLBBL,43,34,200,1170.0,234000.0
2021010703018020,NLBBL,6,34,103,1170.0,120510.0
2021010703018019,NLBBL,6,34,100,1171.0,117100.0
2021010703017957,NLBBL,33,55,100,1173.0,117300.0
2021010703018381,NLIC,56,4,100,2383.0,238300.0
2021010703018363,NLIC,10,45,455,2382.0,1083810.0
2021010703018362,NLIC,46,45,500,2382.0,1191000.0
2021010703018361,NLIC,49,45,100,2383.0,238300.0
2021010703018360,NLIC,56,45,55,2383.0,131065.0
2021010703018359,NLIC,50,45,40,2384.0,95360.0
2021010703017932,NLIC,54,26,30,2384.0,71520.0
2021010703017979,NLIC,44,4,300,2382.0,714600.0
2021010703017978,NLIC,19,4,10,2382.0,23820.0
2021010703017955,NLIC,58,19,30,2384.0,71520.0
2021010703017937,NLIC,19,39,90,2382.0,214380.0
2021010703017936,NLIC,8,39,10,2383.0,23830.0
2021010703017933,NLIC,54,19,70,2384.0,166880.0
2021010703018017,NLIC,56,19,100,2384.0,238400.0
2021010703018016,NLIC,56,59,100,2383.0,238300.0
2021010703017983,NLIC,55,4,30,2382.0,71460.0
2021010703017982,NLIC,14,4,20,2382.0,47640.0
2021010703017981,NLIC,29,4,100,2382.0,238200.0
2021010703017980,NLIC,6,4,40,2382.0,95280.0
2021010703018172,NLIC,56,45,45,2385.0,107325.0
2021010703018171,NLIC,56,59,30,2385.0,71550.0
2021010703018170,NLIC,56,38,10,2384.0,23840.0
2021010703018169,NLIC,56,53,115,2384.0,274160.0
2021010703018162,NLIC,14,51,15,2383.0,35745.0
2021010703018059,NLIC,34,53,35,2384.0,83440.0
2021010703018309,NLIC,28,57,120,2383.0,285960.0
2021010703018308,NLIC,14,57,35,2383.0,83405.0
2021010703018307,NLIC,39,57,50,2383.0,119150.0
2021010703018305,NLIC,54,45,10,2385.0,23850.0
2021010703018270,NLIC,16,45,380,2385.0,906300.0
2021010703018269,NLIC,16,59,20,2384.0,47680.0
2021010703018344,NLIC,45,45,200,2385.0,477000.0
2021010703018328,NLIC,57,45,250,2385.0,596250.0
2021010703018313,NLIC,56,57,45,2383.0,107235.0
2021010703018312,NLIC,59,57,30,2383.0,71490.0
2021010703018311,NLIC,49,57,200,2383.0,476600.0
2021010703018310,NLIC,55,57,20,2383.0,47660.0
2021010703018374,NLICL,58,46,29,1130.0,32770.0
2021010703018373,NLICL,58,33,150,1130.0,169500.0
2021010703018372,NLICL,58,38,200,1130.0,226000.0
2021010703018371,NLICL,58,53,121,1129.0,136609.0
2021010703018364,NLICL,44,10,100,1118.0,111800.0
2021010703018277,NLICL,50,36,359,1116.0,400644.0
2021010703018153,NLICL,33,36,"1,000",1116.0,1116000.0
2021010703018150,NLICL,33,45,100,1115.0,111500.0
2021010703018121,NLICL,40,36,200,1116.0,223200.0
2021010703018112,NLICL,20,36,500,1116.0,558000.0
2021010703018038,NLICL,33,45,90,1115.0,100350.0
2021010703017924,NLICL,7,36,500,1116.0,558000.0
2021010703018271,NLICL,44,36,200,1116.0,223200.0
2021010703018255,NLICL,38,36,50,1116.0,55800.0
2021010703018193,NLICL,41,22,90,1115.0,100350.0
2021010703018177,NLICL,25,22,20,1115.0,22300.0
2021010703018158,NLICL,59,22,80,1115.0,89200.0
2021010703018157,NLICL,33,22,810,1115.0,903150.0
2021010703018401,NMBMF,46,59,300,1021.0,306300.0
2021010703018094,NMBMF,33,59,887,1021.0,905627.0
2021010703018083,NMBMF,58,42,230,1025.0,235750.0
2021010703018082,NMBMF,58,45,20,1025.0,20500.0
2021010703018081,NMBMF,58,57,40,1025.0,41000.0
2021010703018026,NMBMF,32,59,110,1022.0,112420.0
2021010703018025,NMBMF,32,59,100,1022.0,102200.0
2021010703018024,NMBMF,7,59,10,1022.0,10220.0
2021010703018023,NMBMF,47,59,100,1022.0,102200.0
2021010703017958,NMBMF,5,59,200,1023.0,204600.0
2021010703017920,NMBMF,19,59,125,1024.0,128000.0
2021010703018329,NRIC,40,41,12,1547.0,18564.0
2021010703018321,NRIC,45,41,50,1547.0,77350.0
2021010703018263,NRIC,25,41,50,1547.0,77350.0
2021010703018262,NRIC,25,41,20,1547.0,30940.0
2021010703018259,NRIC,45,41,20,1547.0,30940.0
2021010703018247,NRIC,45,41,10,1547.0,15470.0
2021010703017914,NRIC,55,6,25,1546.0,38650.0
2021010703017913,NRIC,25,6,25,1546.0,38650.0
2021010703017995,NRIC,28,38,15,1546.0,23190.0
2021010703017994,NRIC,55,38,25,1546.0,38650.0
2021010703017968,NRIC,42,59,40,1547.0,61880.0
2021010703017966,NRIC,42,57,60,1547.0,92820.0
2021010703017956,NRIC,25,57,30,1547.0,46410.0
2021010703017951,NRIC,38,57,10,1547.0,15470.0
2021010703018062,NRIC,28,38,40,1546.0,61840.0
2021010703018050,NRIC,52,45,48,1548.0,74304.0
2021010703018049,NRIC,52,45,187,1548.0,289476.0
2021010703018048,NRIC,52,49,50,1547.0,77350.0
2021010703018047,NRIC,52,59,15,1547.0,23205.0
2021010703018015,NRIC,59,59,45,1547.0,69615.0
2021010703018217,NRIC,28,48,100,1546.0,154600.0
2021010703018137,NRIC,53,41,100,1547.0,154700.0
2021010703018130,NRIC,25,41,45,1547.0,69615.0
2021010703018111,NRIC,53,45,100,1548.0,154800.0
2021010703018099,NRIC,28,44,40,1546.0,61840.0
2021010703018098,NRIC,35,45,100,1548.0,154800.0
2021010703018071,NRN,32,41,50,359.0,17950.0
2021010703018070,NRN,45,41,169,359.0,60671.0
2021010703017950,NRN,45,58,10,359.0,3590.0
2021010703017947,NRN,45,14,10,359.0,3590.0
2021010703017931,NRN,45,6,10,359.0,3590.0
2021010703018258,NTC,34,13,23,1268.0,29164.0
2021010703018257,NTC,34,42,27,1267.0,34209.0
2021010703018254,NTC,46,42,75,1267.0,95025.0
2021010703018253,NTC,46,4,25,1267.0,31675.0
2021010703018138,NTC,6,45,40,1265.0,50600.0
2021010703018116,NTC,34,4,10,1267.0,12670.0
2021010703018110,NTC,11,4,65,1267.0,82355.0
2021010703018109,NTC,11,35,35,1267.0,44345.0
2021010703018029,NTC,46,35,65,1267.0,82355.0
2021010703017952,NTC,6,50,100,1265.0,126500.0
2021010703017922,NTC,6,56,90,1265.0,113850.0
2021010703017921,NTC,51,56,10,1267.0,12670.0
2021010703017949,NUBL,50,41,20,1370.0,27400.0
2021010703017928,NUBL,50,58,500,1362.0,681000.0
2021010703017927,NUBL,58,58,500,1362.0,681000.0
2021010703018208,PFL,13,41,669,187.0,125103.0
2021010703018207,PFL,13,39,32,186.0,5952.0
2021010703018206,PFL,13,42,593,186.0,110298.0
2021010703018205,PFL,13,33,409,185.0,75665.0
2021010703018204,PFL,13,52,86,185.0,15910.0
2021010703018203,PFL,13,40,42,185.0,7770.0
2021010703018202,PFL,13,28,200,184.0,36800.0
2021010703018201,PFL,13,54,400,184.0,73600.0
2021010703018139,PFL,13,54,50,184.0,9200.0
2021010704000006,PLI,34,41,10,190.0,1900.0
2021010704000005,PLI,47,32,10,188.0,1880.0
2021010704000004,PLI,3,35,10,185.0,1850.0
2021010704000003,PLI,48,33,10,182.0,1820.0
2021010704000002,PLI,48,41,10,179.0,1790.0
2021010704000001,PLI,32,48,10,176.0,1760.0
2021010703018135,PLIC,42,28,558,769.0,429102.0
2021010703017993,PLIC,35,28,52,769.0,39988.0
2021010703017953,PROFL,34,22,10,130.0,1300.0
2021010703018246,RLFL,44,25,10,173.0,1730.0
2021010703018368,RLI,55,58,50,617.0,30850.0
2021010703018367,RLI,7,58,10,617.0,6170.0
2021010703018366,RLI,22,58,20,617.0,12340.0
2021010703018346,RLI,22,51,10,617.0,6170.0
2021010703018330,RLI,22,42,20,617.0,12340.0
2021010703018268,RLI,22,41,50,617.0,30850.0
2021010703018267,RLI,22,41,100,617.0,61700.0
2021010703018266,RLI,58,41,50,617.0,30850.0
2021010703018146,RLI,58,36,10,617.0,6170.0
2021010703017954,RLI,58,11,10,617.0,6170.0
2021010703017926,RLI,58,10,50,617.0,30850.0
2021010703017988,RMDC,21,55,40,1199.0,47960.0
2021010703017987,RMDC,21,58,50,1199.0,59950.0
2021010703017986,RMDC,21,3,10,1199.0,11990.0
2021010703017985,RMDC,21,35,200,1197.0,239400.0
2021010703017984,RMDC,21,33,200,1196.0,239200.0
2021010703018365,RSDC,34,49,200,607.0,121400.0
2021010703018248,RSDC,14,50,10,609.0,6090.0
2021010703018216,RSDC,33,50,200,609.0,121800.0
2021010703018180,RSDC,34,14,100,607.0,60700.0
2021010703018179,RSDC,21,14,100,608.0,60800.0
2021010703018160,RSDC,44,50,15,609.0,9135.0
2021010703018084,RSDC,49,33,100,608.0,60800.0
2021010703018198,SABSL,44,11,11,1100.0,12100.0
2021010703018197,SABSL,44,54,11,1099.0,12089.0
2021010703018196,SABSL,44,37,11,1095.0,12045.0
2021010703018195,SABSL,44,6,11,1088.0,11968.0
2021010703018194,SABSL,44,21,11,1088.0,11968.0
2021010703018067,SABSL,44,38,11,1087.0,11957.0
2021010703018066,SABSL,44,26,33,1086.0,35838.0
2021010703018065,SABSL,44,10,10,1086.0,10860.0
2021010703018064,SABSL,44,47,11,1086.0,11946.0
2021010703018056,SABSL,57,17,1,1085.0,1085.0
2021010703018055,SABSL,57,34,11,1085.0,11935.0
2021010703017935,SADBL,57,52,45,183.0,8235.0
2021010703018213,SAPDBL,42,4,300,145.0,43500.0
2021010703018212,SAPDBL,56,4,100,145.0,14500.0
2021010703018211,SAPDBL,34,4,200,145.0,29000.0
2021010703018210,SAPDBL,42,4,300,145.0,43500.0
2021010703018209,SAPDBL,56,4,100,145.0,14500.0
2021010703017946,SAPDBL,45,48,50,146.0,7300.0
2021010703017945,SAPDBL,10,48,439,146.0,64094.0
2021010703017944,SAPDBL,51,48,100,146.0,14600.0
2021010703017943,SAPDBL,57,48,"1,000",146.0,146000.0
2021010703018404,SDLBSL,6,40,10,1115.0,11150.0
2021010703018403,SDLBSL,6,22,30,1115.0,33450.0
2021010703018402,SDLBSL,6,36,60,1115.0,66900.0
2021010703018145,SDLBSL,6,36,130,1115.0,144950.0
2021010703018144,SDLBSL,6,14,30,1112.0,33360.0
2021010703018143,SDLBSL,6,48,30,1108.0,33240.0
2021010703018142,SDLBSL,6,21,120,1108.0,132960.0
2021010703018141,SDLBSL,6,29,10,1108.0,11080.0
2021010703018140,SDLBSL,6,47,80,1107.0,88560.0
2021010703017967,SDLBSL,6,59,100,1100.0,110000.0
2021010703017965,SDLBSL,42,6,10,1084.0,10840.0
2021010703018154,SFCL,57,56,313,130.0,40690.0
2021010703018032,SFCL,20,56,100,130.0,13000.0
2021010703018276,SHINE,54,41,30,240.0,7200.0
2021010703018275,SHINE,19,41,50,240.0,12000.0
2021010703018274,SHINE,41,41,100,240.0,24000.0
2021010703018273,SHINE,1,41,100,240.0,24000.0
2021010703018272,SHINE,46,41,195,240.0,46800.0
2021010703018214,SHINE,4,8,200,241.0,48200.0
2021010703018120,SHINE,21,57,113,241.0,27233.0
2021010703018119,SHINE,21,26,130,241.0,31330.0
2021010703018199,SHL,37,52,200,194.0,38800.0
2021010703018102,SINDU,26,22,400,154.0,61600.0
2021010703018027,SINDU,47,58,20,153.0,3060.0
2021010703018349,SKBBL,26,53,100,1441.0,144100.0
2021010703018129,SKBBL,49,21,54,1440.0,77760.0
2021010703018128,SKBBL,18,21,52,1441.0,74932.0
2021010703018127,SKBBL,40,21,12,1441.0,17292.0
2021010703018126,SKBBL,47,21,50,1441.0,72050.0
2021010703018125,SKBBL,58,21,50,1441.0,72050.0
2021010703018069,SKBBL,34,45,25,1442.0,36050.0
2021010703018036,SKBBL,34,50,15,1442.0,21630.0
2021010703018039,SLBBL,26,32,100,1168.0,116800.0
2021010703018245,SLBS,13,42,28,1322.0,37016.0
2021010703018405,SLBSL,11,47,50,1018.0,50900.0
2021010703017915,SLBSL,21,47,30,1022.0,30660.0
2021010703018370,SLICL,4,38,10,700.0,7000.0
2021010703018044,SLICL,17,32,50,699.0,34950.0
2021010703017925,SMB,57,45,11,1221.0,13431.0
2021010703018400,SMFBS,6,41,12,1525.0,18300.0
2021010703018399,SMFBS,6,39,12,1525.0,18300.0
2021010703018398,SMFBS,6,59,10,1524.0,15240.0
2021010703018397,SMFBS,6,5,12,1520.0,18240.0
2021010703018396,SMFBS,6,26,68,1520.0,103360.0
2021010703018395,SMFBS,6,45,50,1520.0,76000.0
2021010703018394,SMFBS,6,56,103,1520.0,156560.0
2021010703018378,SMFBS,51,38,12,1501.0,18012.0
2021010703018256,SMFBS,34,56,10,1520.0,15200.0
2021010703018118,SMFBS,14,25,50,1519.0,75950.0
2021010703018117,SMFBS,14,56,46,1519.0,69874.0
2021010703018033,SMFBS,57,41,202,1500.0,303000.0
2021010703018250,SMFDB,45,21,10,1049.0,10490.0
2021010703018097,SMFDB,50,58,354,1030.0,364620.0
2021010703018031,SMFDB,52,57,100,1045.0,104500.0
2021010703018249,SWBBL,34,7,10,1682.0,16820.0
2021010703017998,SWBBL,47,41,50,1674.0,83700.0
2021010703017997,SWBBL,42,41,78,1674.0,130572.0
2021010703018353,TRH,39,38,40,295.0,11800.0
2021010703018352,TRH,57,38,300,295.0,88500.0
2021010703018351,TRH,52,38,160,295.0,47200.0
2021010703017513,ALBSL,28,45,50,1215.0,60750.0
2021010703017905,ALICL,59,34,"1,034",965.0,997810.0
2021010703017904,ALICL,56,34,500,965.0,482500.0
2021010703017903,ALICL,51,34,50,966.0,48300.0
2021010703017902,ALICL,44,34,200,966.0,193200.0
2021010703017901,ALICL,45,34,20,967.0,19340.0
2021010703017900,ALICL,40,34,50,967.0,48350.0
2021010703017841,ALICL,40,34,50,967.0,48350.0
2021010703017840,ALICL,42,34,130,967.0,125710.0
2021010703017703,ALICL,42,57,70,967.0,67690.0
2021010703017702,ALICL,54,57,100,967.0,96700.0
2021010703017701,ALICL,49,57,70,967.0,67690.0
2021010703017719,CBBL,45,33,50,1198.0,59900.0
2021010703017717,CBBL,1,1,211,1195.0,252145.0
2021010703017616,CBBL,16,1,50,1195.0,59750.0
2021010703017602,CBBL,47,1,60,1195.0,71700.0
2021010703017583,CBBL,22,1,50,1195.0,59750.0
2021010703017514,CBBL,42,1,32,1195.0,38240.0
2021010703017483,CBBL,29,1,10,1195.0,11950.0
2021010703017482,CBBL,42,1,17,1195.0,20315.0
2021010703017460,CBBL,36,1,20,1195.0,23900.0
2021010703017431,CBBL,35,1,100,1195.0,119500.0
2021010703017430,CBBL,48,1,50,1197.0,59850.0
2021010703017797,CIT,16,41,10,3400.0,34000.0
2021010703017748,CIT,37,41,50,3400.0,170000.0
2021010703017747,CIT,53,41,50,3400.0,170000.0
2021010703017746,CIT,37,41,50,3400.0,170000.0
2021010703017745,CIT,48,41,20,3400.0,68000.0
2021010703017656,CIT,6,40,44,3400.0,149600.0
2021010703017426,CIT,19,41,60,3401.0,204060.0
2021010703017655,CIT,45,40,56,3400.0,190400.0
2021010703017622,CIT,54,41,58,3401.0,197258.0
2021010703017605,CIT,45,56,90,3400.0,306000.0
2021010703017604,CIT,58,56,10,3400.0,34000.0
2021010703017544,CIT,35,41,50,3401.0,170050.0
2021010703017526,CIT,42,41,30,3401.0,102030.0
2021010703017819,CLBSL,28,46,15,900.0,13500.0
2021010703017818,CLBSL,40,46,51,900.0,45900.0
2021010703017817,CLBSL,44,46,34,901.0,30634.0
2021010703017788,CLBSL,58,33,35,905.0,31675.0
2021010703017599,CLBSL,25,33,46,905.0,41630.0
2021010703017598,CLBSL,25,34,14,905.0,12670.0
2021010703017597,CLBSL,25,33,40,903.0,36120.0
2021010703017587,CLBSL,11,11,1,885.0,885.0
2021010703017567,CLBSL,45,33,100,903.0,90300.0
2021010703017559,CLBSL,58,33,20,903.0,18060.0
2021010703017477,CLBSL,49,33,30,903.0,27090.0
2021010703017793,CORBL,51,44,375,230.0,86250.0
2021010703017738,CORBL,41,44,"1,000",230.0,230000.0
2021010703017737,CORBL,45,44,625,230.0,143750.0
2021010703017736,CORBL,45,49,25,230.0,5750.0
2021010703017735,CORBL,45,49,50,230.0,11500.0
2021010703017734,CORBL,45,14,200,230.0,46000.0
2021010703017424,CORBL,41,44,100,228.0,22800.0
2021010703017423,CORBL,41,34,780,228.0,177840.0
2021010703017637,CORBL,51,49,80,230.0,18400.0
2021010703017636,CORBL,51,29,40,230.0,9200.0
2021010703017506,CORBL,41,25,"1,000",229.0,229000.0
2021010703017505,CORBL,41,38,200,229.0,45800.0
2021010703017504,CORBL,41,42,110,229.0,25190.0
2021010703017503,CORBL,41,35,20,229.0,4580.0
2021010703017733,CORBL,45,6,100,230.0,23000.0
2021010703017642,CORBL,51,21,40,230.0,9200.0
2021010703017641,CORBL,51,45,30,230.0,6900.0
2021010703017640,CORBL,51,58,300,230.0,69000.0
2021010703017639,CORBL,51,51,100,230.0,23000.0
2021010703017638,CORBL,51,38,10,230.0,2300.0
2021010703017876,DDBL,49,45,10,1456.0,14560.0
2021010703017875,DDBL,19,45,10,1456.0,14560.0
2021010703017796,DDBL,41,32,80,1455.0,116400.0
2021010703017795,DDBL,16,32,50,1455.0,72750.0
2021010703017794,DDBL,19,32,50,1455.0,72750.0
2021010703017566,DDBL,46,45,70,1456.0,101920.0
2021010703017564,DDBL,22,45,100,1456.0,145600.0
2021010703017501,DDBL,7,45,100,1456.0,145600.0
2021010703017432,DDBL,42,45,20,1456.0,29120.0
2021010703017454,EDBL,58,14,285,352.0,100320.0
2021010703017453,EDBL,58,14,300,352.0,105600.0
2021010703017857,FMDBL,45,35,100,600.0,60000.0
2021010703017856,FMDBL,26,35,200,600.0,120000.0
2021010703017855,FMDBL,34,35,85,600.0,51000.0
2021010703017854,FMDBL,14,35,100,600.0,60000.0
2021010703017853,FMDBL,58,35,120,600.0,72000.0
2021010703017852,FMDBL,10,35,500,600.0,300000.0
2021010703017462,FMDBL,45,35,25,603.0,15075.0
2021010703017461,FMDBL,58,35,236,603.0,142308.0
2021010703017607,FMDBL,56,35,50,601.0,30050.0
2021010703017606,FMDBL,51,35,477,601.0,286677.0
2021010703017466,FMDBL,46,35,100,602.0,60200.0
2021010703017465,FMDBL,6,35,100,602.0,60200.0
2021010703017464,FMDBL,58,35,200,602.0,120400.0
2021010703017463,FMDBL,49,35,100,602.0,60200.0
2021010703017613,FMDBL,50,35,200,601.0,120200.0
2021010703017612,FMDBL,53,35,50,601.0,30050.0
2021010703017611,FMDBL,22,35,100,601.0,60100.0
2021010703017610,FMDBL,48,35,300,601.0,180300.0
2021010703017609,FMDBL,48,35,100,601.0,60100.0
2021010703017608,FMDBL,14,35,500,601.0,300500.0
2021010703017845,FMDBL,53,35,50,600.0,30000.0
2021010703017844,FMDBL,25,35,300,600.0,180000.0
2021010703017843,FMDBL,48,35,300,600.0,180000.0
2021010703017842,FMDBL,1,35,50,601.0,30050.0
2021010703017740,FMDBL,52,35,16,602.0,9632.0
2021010703017739,FMDBL,52,35,223,601.0,134023.0
2021010703017851,FMDBL,26,35,20,600.0,12000.0
2021010703017850,FMDBL,43,35,50,600.0,30000.0
2021010703017849,FMDBL,49,35,100,600.0,60000.0
2021010703017848,FMDBL,48,35,300,600.0,180000.0
2021010703017847,FMDBL,46,35,500,600.0,300000.0
2021010703017846,FMDBL,17,35,100,600.0,60000.0
2021010703017769,FOWAD,57,25,44,2331.0,102564.0
2021010703017768,FOWAD,57,41,15,2330.0,34950.0
2021010703017767,FOWAD,57,10,42,2330.0,97860.0
2021010703017766,FOWAD,57,14,64,2328.0,148992.0
2021010703017765,FOWAD,57,1,35,2328.0,81480.0
2021010703017456,FOWAD,42,1,80,2328.0,186240.0
2021010703017455,FOWAD,42,45,20,2327.0,46540.0
2021010703017595,GILB,6,11,20,1434.0,28680.0
2021010703017543,GILB,6,47,28,1430.0,40040.0
2021010703017542,GILB,6,44,49,1430.0,70070.0
2021010703017541,GILB,6,17,53,1429.0,75737.0
2021010703017421,GILB,6,17,45,1430.0,64350.0
2021010703017420,GILB,6,34,53,1428.0,75684.0
2021010703017419,GILB,6,21,19,1427.0,27113.0
2021010703017418,GILB,6,51,34,1426.0,48484.0
2021010703017417,GILB,6,56,25,1425.0,35625.0
2021010703017416,GILB,6,22,54,1425.0,76950.0
2021010703017415,GILB,6,42,40,1424.0,56960.0
2021010703017414,GILB,6,42,30,1422.0,42660.0
2021010703017478,GIMES1,21,10,"2,500",11.65,29125.0
2021010703017723,GLBSL,39,55,10,916.0,9160.0
2021010703017691,GLICL,7,34,58,630.0,36540.0
2021010703017690,GLICL,32,34,50,630.0,31500.0
2021010703017689,GLICL,4,34,500,630.0,315000.0
2021010703017688,GLICL,38,34,100,631.0,63100.0
2021010703017687,GLICL,19,34,200,631.0,126200.0
2021010703017686,GLICL,6,34,"1,482",631.0,935142.0
2021010703017570,GLICL,39,41,200,632.0,126400.0
2021010703017569,GLICL,39,52,185,632.0,116920.0
2021010703017429,GLICL,6,59,500,631.0,315500.0
2021010703017576,GLICL,39,25,10,633.0,6330.0
2021010703017575,GLICL,39,51,500,633.0,316500.0
2021010703017574,GLICL,39,46,207,633.0,131031.0
2021010703017573,GLICL,39,52,332,633.0,210156.0
2021010703017572,GLICL,39,22,143,633.0,90519.0
2021010703017571,GLICL,39,50,315,632.0,199080.0
2021010703017582,GLICL,39,48,179,634.0,113486.0
2021010703017581,GLICL,39,37,527,634.0,334118.0
2021010703017580,GLICL,39,57,63,634.0,39942.0
2021010703017579,GLICL,39,38,20,634.0,12680.0
2021010703017578,GLICL,39,49,130,634.0,82420.0
2021010703017577,GLICL,39,55,20,633.0,12660.0
2021010703017912,GMFBS,49,57,50,1175.0,58750.0
2021010703017911,GMFBS,49,39,10,1175.0,11750.0
2021010703017910,GMFBS,49,42,10,1175.0,11750.0
2021010703017877,GMFBS,58,14,10,1174.0,11740.0
2021010703017721,GMFBS,48,52,10,1174.0,11740.0
2021010703017720,GMFBS,48,14,10,1174.0,11740.0
2021010703017710,GMFBS,58,51,40,1173.0,46920.0
2021010703017709,GMFBS,48,51,10,1173.0,11730.0
2021010703017909,GMFIL,52,26,"1,000",186.0,186000.0
2021010703017744,GMFIL,46,26,627,184.0,115368.0
2021010703017743,GMFIL,14,26,163,184.0,29992.0
2021010703017632,GMFIL,28,26,448,185.0,82880.0
2021010703017540,GMFIL,43,26,500,186.0,93000.0
2021010703017742,GMFIL,52,26,10,185.0,1850.0
2021010703017741,GMFIL,21,26,200,186.0,37200.0
2021010703017635,GMFIL,14,26,37,184.0,6808.0
2021010703017634,GMFIL,7,26,275,185.0,50875.0
2021010703017633,GMFIL,52,26,240,185.0,44400.0
2021010703017889,GUFL,48,38,200,225.0,45000.0
2021010703017722,GUFL,4,38,18,225.0,4050.0
2021010703017726,HIDCL,36,14,605,265.0,160325.0
2021010703017725,HIDCL,14,14,10,266.0,2660.0
2021010703017623,HIDCL,14,57,362,266.0,96292.0
2021010703017479,HIDCL,7,57,10,266.0,2660.0
2021010703017434,HIDCL,56,57,28,266.0,7448.0
2021010703017646,ICFC,29,58,75,260.0,19500.0
2021010703017645,ICFC,29,8,100,259.0,25900.0
2021010703017644,ICFC,29,42,25,259.0,6475.0
2021010703017839,ILBS,34,25,11,1130.0,12430.0
2021010703017838,ILBS,34,39,11,1130.0,12430.0
2021010703017837,ILBS,34,21,11,1130.0,12430.0
2021010703017836,ILBS,34,14,20,1127.0,22540.0
2021010703017772,ILBS,39,52,10,1124.0,11240.0
2021010703017708,ILBS,39,22,13,1124.0,14612.0
2021010703017707,ILBS,10,22,78,1124.0,87672.0
2021010703017481,ILBS,39,58,200,1125.0,225000.0
2021010703017880,JBBL,41,45,50,232.0,11600.0
2021010703017716,JBBL,1,39,279,231.0,64449.0
2021010703017715,JBBL,46,39,250,231.0,57750.0
2021010703017714,JBBL,14,39,200,231.0,46200.0
2021010703017713,JBBL,44,39,471,231.0,108801.0
2021010703017433,JSLBB,58,22,40,2181.0,87240.0
2021010703017780,KMCDB,49,41,10,984.0,9840.0
2021010703017778,KMCDB,25,18,15,989.0,14835.0
2021010703017777,KMCDB,25,34,10,985.0,9850.0
2021010703017776,KMCDB,25,47,75,985.0,73875.0
2021010703017811,KRBL,56,56,692,134.0,92728.0
2021010703017810,KRBL,34,56,471,134.0,63114.0
2021010703017809,KRBL,34,56,100,135.0,13500.0
2021010703017808,KRBL,1,56,100,135.0,13500.0
2021010703017807,KRBL,42,56,50,135.0,6750.0
2021010703017806,KRBL,55,56,100,135.0,13500.0
2021010703017449,KSBBL,58,39,20,220.0,4400.0
2021010703017448,KSBBL,58,49,100,220.0,22000.0
2021010703017447,KSBBL,58,38,200,220.0,44000.0
2021010703017446,KSBBL,58,22,20,219.0,4380.0
2021010703017445,KSBBL,58,6,300,219.0,65700.0
2021010703017444,KSBBL,58,39,360,219.0,78840.0
2021010703017615,LBBL,43,34,187,209.0,39083.0
2021010703017507,LBBL,45,34,59,209.0,12331.0
2021010703017452,LBBL,54,34,78,209.0,16302.0
2021010703017888,LICN,47,58,13,2000.0,26000.0
2021010703017825,LICN,49,58,517,2000.0,1034000.0
2021010703017824,LICN,26,58,20,2002.0,40040.0
2021010703017620,LICN,25,22,10,2002.0,20020.0
2021010703017619,LICN,25,8,10,2001.0,20010.0
2021010703017523,LICN,49,25,200,2000.0,400000.0
2021010703017724,LICN,26,22,190,2002.0,380380.0
2021010703017835,MDB,58,26,70,331.0,23170.0
2021010703017755,MERO,34,6,21,940.0,19740.0
2021010703017489,MERO,34,7,300,930.0,279000.0
2021010703017488,MERO,34,1,20,930.0,18600.0
2021010703017487,MERO,34,45,600,925.0,555000.0
2021010703017486,MERO,34,28,100,925.0,92500.0
2021010703017485,MERO,34,8,258,925.0,238650.0
2021010703017658,MERO,34,25,15,925.0,13875.0
2021010703017490,MERO,34,40,22,936.0,20592.0
2021010703017754,MERO,34,43,20,938.0,18760.0
2021010703017753,MERO,34,39,43,936.0,40248.0
2021010703017752,MERO,34,40,36,936.0,33696.0
2021010703017661,MERO,34,40,42,936.0,39312.0
2021010703017660,MERO,34,25,50,935.0,46750.0
2021010703017659,MERO,34,6,93,930.0,86490.0
2021010703017866,MFIL,38,57,175,328.0,57400.0
2021010703017908,MLBL,52,51,75,254.0,19050.0
2021010703017823,MLBL,52,55,80,254.0,20320.0
2021010703017822,MLBL,52,42,83,254.0,21082.0
2021010703017821,MLBL,52,44,500,254.0,127000.0
2021010703017785,MLBL,45,34,"3,000",253.0,759000.0
2021010703017443,MLBL,34,42,50,254.0,12700.0
2021010703017586,MLBL,45,42,807,253.0,204171.0
2021010703017585,MLBL,22,42,193,253.0,48829.0
2021010703017525,MLBL,22,56,807,253.0,204171.0
2021010703017524,MLBL,52,56,193,253.0,48829.0
2021010703017509,MNBBL,39,57,530,352.0,186560.0
2021010703017698,MPFL,4,45,190,165.0,31350.0
2021010703017697,MPFL,4,58,260,165.0,42900.0
2021010703017696,MPFL,4,25,50,165.0,8250.0
2021010703017522,MPFL,4,11,30,165.0,4950.0
2021010703017521,MPFL,4,20,500,165.0,82500.0
2021010703017520,MPFL,4,16,"1,000",165.0,165000.0
2021010703017519,MPFL,4,8,100,165.0,16500.0
2021010703017518,MPFL,4,39,530,165.0,87450.0
2021010703017517,MPFL,4,34,169,164.0,27716.0
2021010703017516,MPFL,4,17,963,163.0,156969.0
2021010703017515,MPFL,4,49,100,162.0,16200.0
2021010703017427,MPFL,45,20,10,162.0,1620.0
2021010703017860,NEF,32,11,"5,000",10.2,51000.0
2021010703017718,NEF,17,59,483,10.18,4916.94
2021010703017428,NIBLPF,11,59,505,10.39,5246.95
2021010703017872,NICGF,13,53,"5,000",10.6,53000.0
2021010703017871,NICGF,13,56,"1,000",10.6,10600.0
2021010703017870,NICGF,13,56,"1,000",10.6,10600.0
2021010703017869,NICGF,13,56,"1,000",10.6,10600.0
2021010703017868,NICGF,13,56,"1,000",10.6,10600.0
2021010703017867,NICGF,13,41,500,10.6,5300.0
2021010703017706,NLBBL,6,50,200,1170.0,234000.0
2021010703017653,NLBBL,6,50,97,1170.0,113490.0
2021010703017652,NLBBL,32,50,15,1170.0,17550.0
2021010703017651,NLBBL,57,50,100,1170.0,117000.0
2021010703017650,NLBBL,13,50,288,1170.0,336960.0
2021010703017887,NLIC,50,21,15,2383.0,35745.0
2021010703017791,NLIC,34,21,50,2383.0,119150.0
2021010703017790,NLIC,20,21,10,2383.0,23830.0
2021010703017789,NLIC,14,21,20,2383.0,47660.0
2021010703017695,NLIC,6,26,20,2384.0,47680.0
2021010703017694,NLIC,6,13,100,2384.0,238400.0
2021010703017565,NLIC,28,46,200,2383.0,476600.0
2021010703017484,NLIC,28,58,120,2383.0,285960.0
2021010703017596,NLIC,19,13,26,2384.0,61984.0
2021010703017593,NLIC,54,56,20,2383.0,47660.0
2021010703017592,NLIC,38,56,40,2383.0,95320.0
2021010703017591,NLIC,8,56,20,2383.0,47660.0
2021010703017590,NLIC,34,56,100,2383.0,238300.0
2021010703017589,NLIC,28,56,20,2383.0,47660.0
2021010703017684,NLIC,14,39,30,2383.0,71490.0
2021010703017683,NLIC,52,39,100,2383.0,238300.0
2021010703017682,NLIC,54,39,180,2383.0,428940.0
2021010703017681,NLIC,57,39,140,2383.0,333620.0
2021010703017680,NLIC,46,39,50,2384.0,119200.0
2021010703017618,NLIC,45,13,500,2384.0,1192000.0
2021010703017874,NLICL,52,34,421,1114.0,468994.0
2021010703017873,NLICL,45,34,79,1115.0,88085.0
2021010703017865,NLICL,26,36,100,1116.0,111600.0
2021010703017862,NLICL,20,36,500,1116.0,558000.0
2021010703017834,NLICL,45,45,121,1115.0,134915.0
2021010703017833,NLICL,55,45,179,1115.0,199585.0
2021010703017502,NLICL,33,45,100,1119.0,111900.0
2021010703017498,NLICL,20,45,10,1119.0,11190.0
2021010703017497,NLICL,20,41,300,1118.0,335400.0
2021010703017469,NLICL,13,41,100,1118.0,111800.0
2021010703017550,NLICL,4,36,200,1117.0,223400.0
2021010703017549,NLICL,58,36,500,1117.0,558500.0
2021010703017548,NLICL,43,36,50,1117.0,55850.0
2021010703017547,NLICL,57,36,11,1117.0,12287.0
2021010703017532,NLICL,47,57,10,1119.0,11190.0
2021010703017531,NLICL,47,45,40,1119.0,44760.0
2021010703017556,NLICL,28,36,100,1116.0,111600.0
2021010703017555,NLICL,17,36,800,1116.0,892800.0
2021010703017554,NLICL,38,36,30,1116.0,33480.0
2021010703017553,NLICL,41,36,300,1116.0,334800.0
2021010703017552,NLICL,19,36,300,1116.0,334800.0
2021010703017551,NLICL,39,36,100,1116.0,111600.0
2021010703017728,NLICL,51,36,100,1116.0,111600.0
2021010703017692,NLICL,22,14,500,1115.0,557500.0
2021010703017677,NLICL,22,4,400,1115.0,446000.0
2021010703017654,NLICL,22,20,300,1115.0,334500.0
2021010703017614,NLICL,22,50,500,1115.0,557500.0
2021010703017557,NLICL,52,36,100,1116.0,111600.0
2021010703017761,NLICL,39,57,300,1115.0,334500.0
2021010703017760,NLICL,53,57,100,1115.0,111500.0
2021010703017759,NLICL,51,57,500,1115.0,557500.0
2021010703017758,NLICL,7,57,100,1115.0,111500.0
2021010703017757,NLICL,13,57,40,1115.0,44600.0
2021010703017756,NLICL,22,57,300,1115.0,334500.0
2021010703017830,NLICL,55,57,150,1115.0,167250.0
2021010703017792,NLICL,55,4,11,1115.0,12265.0
2021010703017773,NLICL,55,47,50,1115.0,55750.0
2021010703017764,NLICL,55,57,110,1115.0,122650.0
2021010703017763,NLICL,42,57,100,1115.0,111500.0
2021010703017762,NLICL,45,57,50,1115.0,55750.0
2021010703017774,NMBMF,43,57,14,1025.0,14350.0
2021010703017751,NMBMF,19,37,25,1024.0,25600.0
2021010703017750,NMBMF,14,37,35,1024.0,35840.0
2021010703017749,NMBMF,33,37,50,1024.0,51200.0
2021010703017451,NMBMF,47,57,136,1025.0,139400.0
2021010703017450,NMBMF,47,28,114,1025.0,116850.0
2021010703017732,NMFBS,33,34,10,2300.0,23000.0
2021010703017731,NMFBS,33,58,10,2299.0,22990.0
2021010703017539,NMFBS,33,58,10,2298.0,22980.0
2021010703017538,NMFBS,33,10,10,2295.0,22950.0
2021010703017537,NMFBS,33,5,109,2289.0,249501.0
2021010703017536,NMFBS,33,42,48,2280.0,109440.0
2021010703017535,NMFBS,33,17,18,2280.0,41040.0
2021010703017891,NRIC,29,45,30,1547.0,46410.0
2021010703017890,NRIC,29,45,15,1547.0,23205.0
2021010703017879,NRIC,25,38,25,1546.0,38650.0
2021010703017878,NRIC,59,38,15,1546.0,23190.0
2021010703017864,NRIC,28,45,220,1548.0,340560.0
2021010703017863,NRIC,28,57,30,1547.0,46410.0
2021010703017425,NRIC,51,57,50,1548.0,77400.0
2021010703017558,NRIC,32,28,40,1547.0,61880.0
2021010703017545,NRIC,32,57,45,1547.0,69615.0
2021010703017499,NRIC,21,57,33,1548.0,51084.0
2021010703017493,NRIC,32,36,40,1547.0,61880.0
2021010703017492,NRIC,25,36,50,1547.0,77350.0
2021010703017491,NRIC,43,36,30,1547.0,46410.0
2021010703017617,NRIC,43,45,60,1547.0,92820.0
2021010703017584,NRIC,29,45,50,1547.0,77350.0
2021010703017563,NRIC,26,45,50,1547.0,77350.0
2021010703017562,NRIC,45,45,60,1547.0,92820.0
2021010703017561,NRIC,26,45,10,1547.0,15470.0
2021010703017560,NRIC,32,45,75,1547.0,116025.0
2021010703017700,NRIC,49,45,33,1548.0,51084.0
2021010703017699,NRIC,49,57,17,1548.0,26316.0
2021010703017676,NRIC,6,45,6,1547.0,9282.0
2021010703017675,NRIC,50,45,10,1547.0,15470.0
2021010703017657,NRIC,36,45,50,1547.0,77350.0
2021010703017631,NRIC,19,38,40,1546.0,61840.0
2021010703017802,NRIC,10,45,60,1548.0,92880.0
2021010703017801,NRIC,10,56,200,1548.0,309600.0
2021010703017800,NRIC,10,40,40,1547.0,61880.0
2021010703017727,NRIC,26,55,500,1547.0,773500.0
2021010703017712,NRIC,25,21,40,1546.0,61840.0
2021010703017711,NRIC,19,21,10,1546.0,15460.0
2021010703017861,NRIC,6,57,90,1547.0,139230.0
2021010703017859,NRIC,59,26,30,1546.0,46380.0
2021010703017858,NRIC,25,26,10,1546.0,15460.0
2021010703017829,NRIC,52,54,5,1547.0,7735.0
2021010703017828,NRIC,52,59,10,1547.0,15470.0
2021010703017820,NRIC,52,3,35,1547.0,54145.0
2021010703017805,NRN,45,32,51,359.0,18309.0
2021010703017804,NRN,38,32,359,359.0,128881.0
2021010703017803,NRN,52,32,90,359.0,32310.0
2021010703017594,NRN,52,22,10,359.0,3590.0
2021010703017546,NRN,52,39,10,359.0,3590.0
2021010703017906,NTC,6,6,50,1265.0,63250.0
2021010703017886,NTC,6,6,70,1265.0,88550.0
2021010703017832,NTC,45,13,10,1268.0,12680.0
2021010703017784,NTC,33,1,52,1265.0,65780.0
2021010703017783,NTC,46,1,18,1265.0,22770.0
2021010703017782,NTC,50,1,30,1266.0,37980.0
2021010703017473,NTC,38,1,10,1265.0,12650.0
2021010703017472,NTC,21,1,15,1265.0,18975.0
2021010703017471,NTC,38,1,100,1266.0,126600.0
2021010703017470,NTC,3,1,100,1266.0,126600.0
2021010703017647,NTC,35,1,200,1267.0,253400.0
2021010703017621,NTC,26,25,100,1268.0,126800.0
2021010703017568,NTC,49,25,50,1268.0,63400.0
2021010703017476,NTC,48,1,20,1265.0,25300.0
2021010703017475,NTC,58,1,25,1265.0,31625.0
2021010703017474,NTC,38,1,30,1265.0,37950.0
2021010703017781,NTC,38,1,200,1266.0,253200.0
2021010703017771,NTC,36,13,100,1268.0,126800.0
2021010703017705,NTC,38,13,80,1268.0,101440.0
2021010703017704,NTC,38,25,70,1268.0,88760.0
2021010703017649,NTC,46,1,82,1265.0,103730.0
2021010703017648,NTC,38,1,18,1266.0,22788.0
2021010703017770,NUBL,49,41,45,1370.0,61650.0
2021010703017500,NUBL,47,38,47,1370.0,64390.0
2021010703017827,PFL,13,54,50,184.0,9200.0
2021010703017601,PFL,5,54,300,184.0,55200.0
2021010703017600,PFL,5,54,200,184.0,36800.0
2021010703017512,PFL,13,52,14,185.0,2590.0
2021010703017511,PFL,13,4,14,185.0,2590.0
2021010703017510,PFL,13,41,22,185.0,4070.0
2021010703017799,PLIC,35,49,48,769.0,36912.0
2021010703017673,PROFL,7,6,40,128.0,5120.0
2021010703017672,PROFL,49,6,500,128.0,64000.0
2021010703017671,PROFL,36,6,200,128.0,25600.0
2021010703017670,PROFL,57,6,"1,000",128.0,128000.0
2021010703017669,PROFL,35,6,500,128.0,64000.0
2021010703017668,PROFL,45,6,"1,000",128.0,128000.0
2021010703017529,PROFL,57,6,"1,000",129.0,129000.0
2021010703017528,PROFL,13,6,250,129.0,32250.0
2021010703017527,PROFL,53,6,990,129.0,127710.0
2021010703017667,PROFL,10,6,"1,667",128.0,213376.0
2021010703017666,PROFL,45,6,"2,000",128.0,256000.0
2021010703017665,PROFL,58,6,500,128.0,64000.0
2021010703017664,PROFL,57,6,"1,000",128.0,128000.0
2021010703017663,PROFL,34,6,200,128.0,25600.0
2021010703017530,PROFL,42,6,200,129.0,25800.0
2021010703017884,RLI,58,37,10,617.0,6170.0
2021010703017831,RLI,58,21,10,617.0,6170.0
2021010703017798,RLI,58,51,20,617.0,12340.0
2021010703017679,RLI,5,42,25,618.0,15450.0
2021010703017678,RLI,19,42,30,618.0,18540.0
2021010703017674,RLI,19,49,10,618.0,6180.0
2021010703017440,RLI,51,4,10,618.0,6180.0
2021010703017439,RLI,51,1,10,618.0,6180.0
2021010703017438,RLI,51,57,210,618.0,129780.0
2021010703017437,RLI,51,57,10,618.0,6180.0
2021010703017436,RLI,51,32,10,618.0,6180.0
2021010703017435,RLI,51,39,10,618.0,6180.0
2021010703017643,RLI,19,42,10,618.0,6180.0
2021010703017480,RLI,58,58,10,617.0,6170.0
2021010703017458,RLI,58,53,30,617.0,18510.0
2021010703017457,RLI,55,53,20,617.0,12340.0
2021010703017442,RLI,51,38,140,619.0,86660.0
2021010703017441,RLI,51,45,50,618.0,30900.0
2021010703017882,RMDC,21,47,100,1195.0,119500.0
2021010703017881,RMDC,21,25,100,1195.0,119500.0
2021010703017467,RMDC,4,49,200,1193.0,238600.0
2021010703017662,RSDC,34,1,198,607.0,120186.0
2021010703017588,SABSL,57,26,77,1085.0,83545.0
2021010703017907,SDLBSL,42,6,38,1084.0,41192.0
2021010703017826,SDLBSL,36,54,25,1087.0,27175.0
2021010703017534,SDLBSL,36,34,100,1087.0,108700.0
2021010703017533,SDLBSL,22,34,30,1088.0,32640.0
2021010703017508,SDLBSL,22,56,10,1088.0,10880.0
2021010703017779,SEF,13,45,"1,000",10.55,10550.0
2021010703017775,SEF,13,22,"50,000",10.55,527500.0
2021010703017468,SFCL,6,56,329,130.0,42770.0
2021010703017883,SHL,39,52,100,194.0,19400.0
2021010703017787,SHL,41,45,150,193.0,28950.0
2021010703017786,SHL,25,45,"1,000",193.0,193000.0
2021010703017899,SINDU,47,3,59,153.0,9027.0
2021010703017898,SINDU,8,3,100,153.0,15300.0
2021010703017897,SINDU,56,3,252,153.0,38556.0
2021010703017896,SINDU,28,3,89,153.0,13617.0
2021010703017422,SKBBL,54,50,10,1442.0,14420.0
2021010703017413,SKBBL,36,50,20,1442.0,28840.0
2021010703017630,SLBBL,34,34,18,1170.0,21060.0
2021010703017629,SLBBL,34,47,182,1169.0,212758.0
2021010703017459,SLBBL,46,47,10,1169.0,11690.0
2021010703017885,SLBS,1,36,100,1323.0,132300.0
2021010703017685,SLBSL,38,59,13,1017.0,13221.0
2021010703017603,SLBSL,21,47,60,1024.0,61440.0
2021010703017895,SLICL,17,45,800,699.0,559200.0
2021010703017894,SLICL,42,45,200,699.0,139800.0
2021010703017693,SLICL,1,38,27,700.0,18900.0
2021010703017893,SMFBS,56,53,25,1502.0,37550.0
2021010703017892,SMFBS,51,53,75,1510.0,113250.0
2021010703017730,SMFBS,51,11,25,1510.0,37750.0
2021010703017729,SMFBS,56,11,75,1511.0,113325.0
2021010703017628,SMFDB,8,58,500,1030.0,515000.0
2021010703017627,SMFDB,50,58,200,1030.0,206000.0
2021010703017626,SMFDB,41,58,113,1030.0,116390.0
2021010703017625,SMFDB,21,58,100,1032.0,103200.0
2021010703017624,SMFDB,48,58,50,1035.0,51750.0
2021010703017496,STC,39,38,10,6740.0,67400.0
2021010703017495,STC,39,6,100,6730.0,673000.0
2021010703017494,STC,39,57,60,6730.0,403800.0
2021010703017816,SWBBL,33,42,100,1680.0,168000.0
2021010703017815,SWBBL,33,47,250,1676.0,419000.0
2021010703017814,SWBBL,33,47,250,1675.0,418750.0
2021010703017813,SWBBL,33,47,200,1675.0,335000.0
2021010703017812,SWBBL,33,16,200,1674.0,334800.0
2021010703017399,ALBSL,28,46,11,1215.0,13365.0
2021010703017353,ALBSL,28,43,11,1215.0,13365.0
2021010703017187,ALBSL,16,46,200,1217.0,243400.0
2021010703017186,ALBSL,35,46,100,1217.0,121700.0
2021010703017185,ALBSL,35,46,245,1217.0,298165.0
2021010703017009,ALBSL,28,46,23,1225.0,28175.0
2021010703016956,ALBSL,28,11,11,1225.0,13475.0
2021010703017086,ALICL,11,28,117,968.0,113256.0
2021010703017073,ALICL,49,57,10,967.0,9670.0
2021010703016976,ALICL,35,28,250,968.0,242000.0
2021010703017382,BBC,58,39,10,2775.0,27750.0
2021010703017141,BFC,51,57,89,138.0,12282.0
2021010703017140,BFC,51,39,11,138.0,1518.0
2021010703017329,CBBL,1,1,140,1197.0,167580.0
2021010703017328,CBBL,1,33,10,1196.0,11960.0
2021010703017410,CIT,6,41,10,3401.0,34010.0
2021010703017398,CIT,34,41,500,3401.0,1700500.0
2021010703017397,CIT,37,41,100,3401.0,340100.0
2021010703017396,CIT,51,41,20,3403.0,68060.0
2021010703017395,CIT,37,41,50,3404.0,170200.0
2021010703017394,CIT,58,41,10,3405.0,34050.0
2021010703016934,CIT,34,38,55,3403.0,187165.0
2021010703017194,CIT,40,42,10,3405.0,34050.0
2021010703017190,CIT,6,40,35,3405.0,119175.0
2021010703017061,CIT,42,40,15,3405.0,51075.0
2021010703017044,CIT,22,22,20,3406.0,68120.0
2021010703016968,CIT,34,28,50,3405.0,170250.0
2021010703016967,CIT,34,8,41,3405.0,139605.0
2021010703017308,CIT,34,39,17,3408.0,57936.0
2021010703017307,CIT,34,3,15,3408.0,51120.0
2021010703017306,CIT,34,50,20,3408.0,68160.0
2021010703017220,CIT,19,38,10,3406.0,34060.0
2021010703017219,CIT,19,16,50,3406.0,170300.0
2021010703017218,CIT,19,22,30,3406.0,102180.0
2021010703017393,CIT,16,41,27,3405.0,91935.0
2021010703017392,CIT,58,41,10,3405.0,34050.0
2021010703017391,CIT,40,41,10,3405.0,34050.0
2021010703017390,CIT,21,41,10,3407.0,34070.0
2021010703017386,CIT,58,39,10,3408.0,34080.0
2021010703017383,CIT,48,49,15,3407.0,51105.0
2021010703017377,CLBSL,46,33,10,903.0,9030.0
2021010703017337,CLBSL,26,34,11,905.0,9955.0
2021010703017336,CLBSL,26,34,30,905.0,27150.0
2021010703017335,CLBSL,26,1,45,905.0,40725.0
2021010703017334,CLBSL,26,49,65,905.0,58825.0
2021010703017333,CLBSL,26,34,50,905.0,45250.0
2021010703017028,CLBSL,22,17,30,904.0,27120.0
2021010703017027,CLBSL,22,57,200,904.0,180800.0
2021010703016990,CLBSL,46,6,40,903.0,36120.0
2021010703017153,CLBSL,48,41,26,904.0,23504.0
2021010703017124,CLBSL,11,11,1,886.0,886.0
2021010703017095,CLBSL,48,6,10,904.0,9040.0
2021010703017031,CLBSL,22,29,151,905.0,136655.0
2021010703017030,CLBSL,22,54,50,905.0,45250.0
2021010703017029,CLBSL,22,57,69,905.0,62445.0
2021010703017332,CLBSL,26,1,60,905.0,54300.0
2021010703017331,CLBSL,26,29,149,905.0,134845.0
2021010703017330,CLBSL,26,53,90,904.0,81360.0
2021010703017243,CLBSL,44,11,16,901.0,14416.0
2021010703017166,CLBSL,48,53,64,904.0,57856.0
2021010703017154,CLBSL,48,29,100,905.0,90500.0
2021010703017189,CMF1,19,4,100,9.94,994.0
2021010703017198,CMF2,38,38,"1,750",9.9,17325.0
2021010703017341,CORBL,45,17,30,227.0,6810.0
2021010703017340,CORBL,45,57,450,227.0,102150.0
2021010703017339,CORBL,45,45,303,227.0,68781.0
2021010703017227,CORBL,45,49,100,226.0,22600.0
2021010703017389,DDBL,32,45,150,1456.0,218400.0
2021010703017321,DDBL,34,45,50,1456.0,72800.0
2021010703017267,DDBL,14,45,100,1456.0,145600.0
2021010703017246,DDBL,50,45,90,1456.0,131040.0
2021010703017184,DDBL,42,7,80,1458.0,116640.0
2021010703017183,DDBL,42,42,120,1458.0,174960.0
2021010703017170,DDBL,50,5,10,1456.0,14560.0
2021010703017097,DDBL,40,5,30,1456.0,43680.0
2021010703017048,DDBL,29,5,50,1456.0,72800.0
2021010703017020,DDBL,29,59,40,1456.0,58240.0
2021010703016978,DDBL,29,48,10,1456.0,14560.0
2021010703016918,DDBL,11,48,60,1456.0,87360.0
2021010703017303,FMDBL,58,33,64,603.0,38592.0
2021010703017378,FOWAD,42,1,50,2328.0,116400.0
2021010703017064,FOWAD,1,1,20,2328.0,46560.0
2021010703017388,GBBL,34,19,"1,000",317.0,317000.0
2021010703017387,GBBL,50,19,200,317.0,63400.0
2021010703017351,GBBL,45,52,100,318.0,31800.0
2021010703017006,GBBL,4,25,428,316.0,135248.0
2021010703017005,GBBL,38,25,900,317.0,285300.0
2021010703017379,GBLBS,45,33,15,605.0,9075.0
2021010703017206,GBLBS,34,59,30,608.0,18240.0
2021010703017135,GBLBS,45,56,31,605.0,18755.0
2021010703017134,GBLBS,6,56,200,605.0,121000.0
2021010703017133,GBLBS,54,56,50,605.0,30250.0
2021010703017132,GBLBS,14,56,300,605.0,181500.0
2021010703017038,GBLBS,6,59,70,608.0,42560.0
2021010703017035,GBLBS,6,56,220,608.0,133760.0
2021010703016982,GBLBS,6,26,10,608.0,6080.0
2021010703017131,GBLBS,17,56,100,605.0,60500.0
2021010703017130,GBLBS,11,56,80,606.0,48480.0
2021010703017129,GBLBS,6,56,10,606.0,6060.0
2021010703017128,GBLBS,5,56,100,606.0,60600.0
2021010703017127,GBLBS,39,56,90,607.0,54630.0
2021010703017126,GBLBS,34,56,40,607.0,24280.0
2021010703017180,GILB,14,42,17,1422.0,24174.0
2021010703017179,GILB,14,35,53,1420.0,75260.0
2021010703017178,GILB,14,44,500,1420.0,710000.0
2021010703017177,GILB,14,52,30,1420.0,42600.0
2021010703017176,GILB,14,40,63,1419.0,89397.0
2021010703017175,GILB,14,41,40,1418.0,56720.0
2021010703017174,GILB,14,17,47,1418.0,66646.0
2021010703017117,GILB,26,4,53,1415.0,74995.0
2021010703017101,GIMES1,47,10,"2,500",11.65,29125.0
2021010703017100,GIMES1,47,25,"1,000",11.64,11640.0
2021010703017372,GLICL,52,52,115,632.0,72680.0
2021010703017371,GLICL,52,48,264,632.0,166848.0
2021010703017370,GLICL,52,45,100,632.0,63200.0
2021010703017369,GLICL,52,43,171,632.0,108072.0
2021010703017368,GLICL,52,57,50,632.0,31600.0
2021010703017365,GLICL,6,59,500,631.0,315500.0
2021010703017116,GLICL,41,14,50,632.0,31600.0
2021010703017346,GLICL,6,6,50,631.0,31550.0
2021010703017345,GLICL,29,6,50,631.0,31550.0
2021010703017320,GLICL,7,57,550,632.0,347600.0
2021010703017319,GLICL,7,14,150,632.0,94800.0
2021010703017297,GLICL,1,14,100,632.0,63200.0
2021010703017212,GLICL,54,14,100,632.0,63200.0
2021010703016991,GMFBS,48,25,10,1173.0,11730.0
2021010703016985,GMFBS,48,44,10,1173.0,11730.0
2021010703017261,GUFL,33,38,16,225.0,3600.0
2021010703017260,GUFL,33,49,"1,000",225.0,225000.0
2021010703017259,GUFL,33,4,344,225.0,77400.0
2021010703017233,GUFL,33,26,100,224.0,22400.0
2021010703017232,GUFL,33,4,500,224.0,112000.0
2021010703017231,GUFL,33,42,40,223.0,8920.0
2021010703017202,GUFL,49,45,200,220.0,44000.0
2021010703017201,GUFL,48,45,300,222.0,66600.0
2021010703017012,GUFL,34,42,50,223.0,11150.0
2021010703017011,GUFL,34,34,50,223.0,11150.0
2021010703017010,GUFL,34,34,100,223.0,22300.0
2021010703016964,GUFL,48,38,200,222.0,44400.0
2021010703017409,HIDCL,56,57,20,266.0,5320.0
2021010703017265,HIDCL,56,34,200,266.0,53200.0
2021010703017264,HIDCL,56,1,249,266.0,66234.0
2021010703017263,HIDCL,1,1,100,266.0,26600.0
2021010703017262,HIDCL,29,1,20,266.0,5320.0
2021010703017083,HIDCL,45,57,100,266.0,26600.0
2021010703017266,ICFC,20,8,200,256.0,51200.0
2021010703017118,ICFC,20,29,500,256.0,128000.0
2021010703017023,ICFC,20,33,160,256.0,40960.0
2021010703016944,ICFC,51,33,340,257.0,87380.0
2021010703017247,ILBS,10,34,11,1124.0,12364.0
2021010703017229,ILBS,10,42,11,1124.0,12364.0
2021010703017024,ILBS,28,56,11,1123.0,12353.0
2021010703017019,ILBS,28,38,11,1123.0,12353.0
2021010703017003,ILBS,28,11,71,1122.0,79662.0
2021010703017363,JBBL,1,45,500,232.0,116000.0
2021010703017342,JBBL,50,45,100,232.0,23200.0
2021010703017309,JBBL,34,45,40,232.0,9280.0
2021010703016941,JBBL,44,39,"2,984",231.0,689304.0
2021010703017325,JSLBB,58,57,50,2181.0,109050.0
2021010703017364,KMCDB,6,47,50,985.0,49250.0
2021010703017299,KMCDB,49,6,127,983.0,124841.0
2021010703017270,KMCDB,19,6,73,983.0,71759.0
2021010703017000,KRBL,8,57,730,136.0,99280.0
2021010703016999,KRBL,8,35,20,136.0,2720.0
2021010703017182,LBBL,50,33,"1,000",209.0,209000.0
2021010703017105,LBBL,25,49,12,210.0,2520.0
2021010703017074,LBBL,49,49,200,210.0,42000.0
2021010703017013,LBBL,45,54,54,209.0,11286.0
2021010703016953,LBBL,45,57,37,209.0,7733.0
2021010703017062,LEMF,46,4,500,10.0,5000.0
2021010703017338,LICN,49,50,200,2000.0,400000.0
2021010703017230,LICN,49,50,200,2000.0,400000.0
2021010703017205,LICN,49,28,13,2000.0,26000.0
2021010703017195,LICN,49,6,60,2000.0,120000.0
2021010703017138,LICN,49,25,90,2000.0,180000.0
2021010703017039,LICN,49,42,20,2000.0,40000.0
2021010703016940,LICN,49,53,200,2000.0,400000.0
2021010703017197,LLBS,1,50,138,1342.0,185196.0
2021010703017045,LLBS,18,50,200,1342.0,268400.0
2021010703017207,MERO,54,26,43,921.0,39603.0
2021010703016981,MERO,54,8,20,925.0,18500.0
2021010703016980,MERO,39,8,111,925.0,102675.0
2021010703017181,MFIL,32,57,50,329.0,16450.0
2021010703016998,MFIL,55,57,275,329.0,90475.0
2021010703016933,MLBBL,28,4,50,1298.0,64900.0
2021010703017242,MLBL,52,21,255,253.0,64515.0
2021010703017070,MLBL,37,42,100,254.0,25400.0
2021010703017002,MLBL,52,41,50,253.0,12650.0
2021010703017322,MMFDB,42,56,31,1241.0,38471.0
2021010703017169,MMFDB,7,56,105,1241.0,130305.0
2021010703017094,MMFDB,20,56,164,1241.0,203524.0
2021010703017069,MMFDB,20,49,136,1241.0,168776.0
2021010703017120,MNBBL,39,53,100,352.0,35200.0
2021010703017065,MNBBL,39,51,538,352.0,189376.0
2021010703016972,MNBBL,41,51,148,352.0,52096.0
2021010703016971,MNBBL,41,22,100,352.0,35200.0
2021010703016970,MNBBL,41,42,100,352.0,35200.0
2021010703016969,MNBBL,41,48,152,352.0,53504.0
2021010703016913,MNBBL,54,33,500,351.0,175500.0
2021010703017300,MPFL,4,17,37,165.0,6105.0
2021010703017237,MPFL,4,20,50,165.0,8250.0
2021010703017236,MPFL,4,25,913,165.0,150645.0
2021010703017235,MPFL,4,45,500,164.0,82000.0
2021010703017196,MPFL,4,25,37,165.0,6105.0
2021010703017193,MPFL,4,45,70,165.0,11550.0
2021010703016986,MPFL,4,34,83,163.0,13529.0
2021010703017053,MPFL,4,25,400,165.0,66000.0
2021010703017043,MPFL,4,48,100,165.0,16500.0
2021010703017042,MPFL,4,59,300,165.0,49500.0
2021010703017041,MPFL,4,1,46,165.0,7590.0
2021010703016988,MPFL,4,1,17,165.0,2805.0
2021010703016987,MPFL,4,39,100,165.0,16500.0
2021010703017192,MPFL,4,58,500,165.0,82500.0
2021010703017191,MPFL,4,33,400,165.0,66000.0
2021010703017108,MPFL,4,8,100,165.0,16500.0
2021010703017107,MPFL,4,59,593,165.0,97845.0
2021010703017106,MPFL,4,16,"1,000",162.0,162000.0
2021010703017068,MPFL,4,59,207,165.0,34155.0
2021010703017082,MSLB,1,5,21,1632.0,34272.0
2021010703017081,MSLB,25,5,100,1634.0,163400.0
2021010703017080,MSLB,1,5,30,1635.0,49050.0
2021010703017079,MSLB,1,5,130,1635.0,212550.0
2021010703017188,NABBC,8,38,200,632.0,126400.0
2021010703017248,NBF2,19,22,"1,000",9.83,9830.0
2021010703017327,NFS,14,33,39,230.0,8970.0
2021010703017315,NFS,14,48,402,228.0,91656.0
2021010703017314,NFS,45,48,40,228.0,9120.0
2021010703017313,NFS,54,48,100,230.0,23000.0
2021010703017137,NFS,49,33,30,230.0,6900.0
2021010703016943,NFS,14,34,"1,500",231.0,346500.0
2021010703017016,NLBBL,13,5,197,1170.0,230490.0
2021010703017004,NLBBL,13,8,15,1170.0,17550.0
2021010703017385,NLIC,45,13,112,2384.0,267008.0
2021010703017384,NLIC,28,58,10,2383.0,23830.0
2021010703017367,NLIC,28,3,100,2383.0,238300.0
2021010703017366,NLIC,28,4,50,2383.0,119150.0
2021010703017343,NLIC,4,4,100,2383.0,238300.0
2021010703017317,NLIC,22,4,90,2383.0,214470.0
2021010703016920,NLIC,48,48,10,2385.0,23850.0
2021010703016974,NLIC,52,48,30,2385.0,71550.0
2021010703016973,NLIC,52,42,100,2384.0,238400.0
2021010703016951,NLIC,49,48,10,2385.0,23850.0
2021010703016950,NLIC,34,25,35,2384.0,83440.0
2021010703016925,NLIC,34,26,30,2384.0,71520.0
2021010703016924,NLIC,47,26,20,2384.0,47680.0
2021010703017051,NLIC,8,28,70,2384.0,166880.0
2021010703017050,NLIC,40,28,30,2384.0,71520.0
2021010703016995,NLIC,40,50,100,2384.0,238400.0
2021010703016994,NLIC,33,50,30,2384.0,71520.0
2021010703016993,NLIC,34,50,35,2384.0,83440.0
2021010703016975,NLIC,52,59,70,2385.0,166950.0
2021010703017122,NLIC,51,4,100,2383.0,238300.0
2021010703017121,NLIC,57,4,178,2383.0,424174.0
2021010703017115,NLIC,11,4,26,2384.0,61984.0
2021010703017102,NLIC,42,4,10,2384.0,23840.0
2021010703017075,NLIC,57,13,22,2383.0,52426.0
2021010703017059,NLIC,8,4,30,2384.0,71520.0
2021010703017215,NLIC,54,26,100,2384.0,238400.0
2021010703017214,NLIC,54,4,24,2384.0,57216.0
2021010703017203,NLIC,45,59,90,2383.0,214470.0
2021010703017199,NLIC,34,59,10,2383.0,23830.0
2021010703017167,NLIC,3,59,100,2383.0,238300.0
2021010703017123,NLIC,22,4,40,2384.0,95360.0
2021010703017254,NLIC,45,10,10,2383.0,23830.0
2021010703017253,NLIC,54,13,88,2384.0,209792.0
2021010703017252,NLIC,54,35,40,2384.0,95360.0
2021010703017251,NLIC,54,26,72,2384.0,171648.0
2021010703017217,NLIC,54,26,66,2384.0,157344.0
2021010703017216,NLIC,54,8,10,2384.0,23840.0
2021010703017316,NLIC,16,4,560,2383.0,1334480.0
2021010703017312,NLIC,5,13,30,2384.0,71520.0
2021010703017305,NLIC,52,13,200,2384.0,476800.0
2021010703017298,NLIC,35,13,110,2384.0,262240.0
2021010703017271,NLIC,16,48,150,2383.0,357450.0
2021010703017255,NLIC,16,10,290,2383.0,691070.0
2021010703017380,NLICL,33,45,50,1119.0,55950.0
2021010703017376,NLICL,42,47,100,1118.0,111800.0
2021010703017310,NLICL,20,34,496,1119.0,555024.0
2021010703017250,NLICL,20,34,150,1119.0,167850.0
2021010703017249,NLICL,20,59,350,1119.0,391650.0
2021010703017238,NLICL,50,59,300,1119.0,335700.0
2021010703016938,NLICL,47,22,200,1117.0,223400.0
2021010703016937,NLICL,4,22,80,1118.0,89440.0
2021010703016936,NLICL,32,22,100,1118.0,111800.0
2021010703017096,NLICL,50,57,11,1120.0,12320.0
2021010703017093,NLICL,43,57,500,1120.0,560000.0
2021010703017092,NLICL,25,57,200,1121.0,224200.0
2021010703017018,NLICL,20,4,200,1120.0,224000.0
2021010703016979,NLICL,19,58,368,1120.0,412160.0
2021010703016939,NLICL,4,22,120,1117.0,134040.0
2021010703017234,NLICL,59,59,100,1119.0,111900.0
2021010703017208,NLICL,48,59,550,1119.0,615450.0
2021010703017173,NLICL,48,47,250,1119.0,279750.0
2021010703017142,NLICL,48,50,200,1119.0,223800.0
2021010703017139,NLICL,32,47,50,1121.0,56050.0
2021010703017119,NLICL,20,57,89,1120.0,99680.0
2021010703017156,NMBMF,47,40,100,1025.0,102500.0
2021010703017155,NMBMF,47,40,12,1025.0,12300.0
2021010703017037,NMBMF,54,52,19,1025.0,19475.0
2021010703016989,NMBMF,54,17,33,1025.0,33825.0
2021010703016983,NMBMF,54,50,122,1025.0,125050.0
2021010703017408,NMFBS,33,17,32,2280.0,72960.0
2021010703017407,NMFBS,33,51,21,2279.0,47859.0
2021010703017406,NMFBS,33,57,100,2274.0,227400.0
2021010703017405,NMFBS,33,21,50,2273.0,113650.0
2021010703017404,NMFBS,33,49,30,2273.0,68190.0
2021010703017403,NMFBS,33,32,36,2273.0,81828.0
2021010703017402,NMFBS,33,13,21,2270.0,47670.0
2021010703017401,NMFBS,33,19,60,2261.0,135660.0
2021010703017400,NMFBS,33,4,50,2261.0,113050.0
2021010703017323,NMFBS,45,26,50,2258.0,112900.0
2021010703017373,NRIC,43,1,30,1547.0,46410.0
2021010703017362,NRIC,52,17,10,1548.0,15480.0
2021010703017361,NRIC,52,39,40,1548.0,61920.0
2021010703017360,NRIC,52,45,100,1548.0,154800.0
2021010703017359,NRIC,52,49,50,1548.0,77400.0
2021010703017358,NRIC,52,38,16,1547.0,24752.0
2021010703016977,NRIC,16,55,10,1546.0,15460.0
2021010703016957,NRIC,16,34,40,1546.0,61840.0
2021010703016949,NRIC,16,39,20,1546.0,30920.0
2021010703016948,NRIC,29,39,20,1548.0,30960.0
2021010703016928,NRIC,29,42,40,1548.0,61920.0
2021010703016927,NRIC,29,17,40,1548.0,61920.0
2021010703017112,NRIC,58,42,50,1547.0,77350.0
2021010703017111,NRIC,21,42,320,1547.0,495040.0
2021010703017110,NRIC,21,42,26,1547.0,40222.0
2021010703017066,NRIC,21,58,74,1547.0,114478.0
2021010703017008,NRIC,22,3,200,1547.0,309400.0
2021010703017007,NRIC,16,38,50,1546.0,77300.0
2021010703017210,NRIC,28,51,90,1547.0,139230.0
2021010703017209,NRIC,28,22,60,1547.0,92820.0
2021010703017172,NRIC,6,34,50,1547.0,77350.0
2021010703017171,NRIC,6,42,44,1547.0,68068.0
2021010703017114,NRIC,58,42,20,1547.0,30940.0
2021010703017113,NRIC,45,42,20,1547.0,30940.0
2021010703017256,NRIC,16,42,40,1546.0,61840.0
2021010703017245,NRIC,41,8,225,1547.0,348075.0
2021010703017241,NRIC,41,48,75,1547.0,116025.0
2021010703017240,NRIC,29,48,50,1547.0,77350.0
2021010703017239,NRIC,6,48,75,1547.0,116025.0
2021010703017211,NRIC,6,51,25,1547.0,38675.0
2021010703017276,NRIC,45,17,75,1546.0,115950.0
2021010703017275,NRIC,43,17,100,1546.0,154600.0
2021010703017274,NRIC,33,17,30,1546.0,46380.0
2021010703017273,NRIC,16,17,16,1546.0,24736.0
2021010703017269,NRIC,1,8,100,1547.0,154700.0
2021010703017268,NRIC,34,8,100,1547.0,154700.0
2021010703017282,NRIC,47,17,100,1546.0,154600.0
2021010703017281,NRIC,46,17,100,1546.0,154600.0
2021010703017280,NRIC,38,17,100,1546.0,154600.0
2021010703017279,NRIC,42,17,100,1546.0,154600.0
2021010703017278,NRIC,57,17,50,1546.0,77300.0
2021010703017277,NRIC,51,17,50,1546.0,77300.0
2021010703017288,NRIC,38,17,100,1545.0,154500.0
2021010703017287,NRIC,25,17,100,1545.0,154500.0
2021010703017286,NRIC,26,17,60,1545.0,92700.0
2021010703017285,NRIC,37,17,40,1545.0,61800.0
2021010703017284,NRIC,20,17,20,1546.0,30920.0
2021010703017283,NRIC,32,17,100,1546.0,154600.0
2021010703017294,NRIC,51,17,20,1545.0,30900.0
2021010703017293,NRIC,26,17,100,1545.0,154500.0
2021010703017292,NRIC,13,17,10,1545.0,15450.0
2021010703017291,NRIC,11,17,100,1545.0,154500.0
2021010703017290,NRIC,57,17,15,1545.0,23175.0
2021010703017289,NRIC,10,17,100,1545.0,154500.0
2021010703017357,NRIC,52,4,50,1547.0,77350.0
2021010703017356,NRIC,52,8,25,1547.0,38675.0
2021010703017354,NRIC,51,42,20,1545.0,30900.0
2021010703017304,NRIC,22,8,50,1547.0,77350.0
2021010703017296,NRIC,22,17,10,1545.0,15450.0
2021010703017295,NRIC,39,17,100,1545.0,154500.0
2021010703017355,NRN,52,3,10,359.0,3590.0
2021010703017072,NRN,52,42,180,359.0,64620.0
2021010703017071,NRN,45,42,120,359.0,43080.0
2021010703017063,NRN,45,3,10,359.0,3590.0
2021010703017049,NRN,45,58,10,359.0,3590.0
2021010703016984,NRN,45,34,10,359.0,3590.0
2021010703016919,NRN,45,45,10,359.0,3590.0
2021010703017375,NTC,40,43,100,1269.0,126900.0
2021010703017350,NTC,11,43,99,1269.0,125631.0
2021010703017349,NTC,11,13,51,1266.0,64566.0
2021010703017348,NTC,45,13,100,1266.0,126600.0
2021010703017347,NTC,16,13,49,1268.0,62132.0
2021010703017326,NTC,16,50,60,1268.0,76080.0
2021010703016954,NTC,51,38,470,1270.0,596900.0
2021010703016923,NTC,11,38,30,1270.0,38100.0
2021010703016914,NTC,46,38,100,1270.0,127000.0
2021010703016962,NTC,51,38,48,1269.0,60912.0
2021010703016961,NTC,38,38,32,1270.0,40640.0
2021010703016960,NTC,38,38,200,1270.0,254000.0
2021010703016959,NTC,38,4,70,1270.0,88900.0
2021010703016958,NTC,38,39,198,1270.0,251460.0
2021010703016955,NTC,51,4,30,1270.0,38100.0
2021010703017091,NTC,38,52,100,1268.0,126800.0
2021010703017056,NTC,33,43,100,1269.0,126900.0
2021010703017055,NTC,16,43,109,1269.0,138321.0
2021010703017054,NTC,51,43,452,1269.0,573588.0
2021010703017022,NTC,38,50,40,1271.0,50840.0
2021010703017021,NTC,38,50,60,1270.0,76200.0
2021010703017318,NTC,56,43,40,1269.0,50760.0
2021010703017272,NTC,50,43,200,1269.0,253800.0
2021010703017244,NTC,59,43,30,1269.0,38070.0
2021010703017221,NTC,34,43,200,1269.0,253800.0
2021010703017168,NTC,38,1,50,1268.0,63400.0
2021010703017136,NTC,51,43,100,1269.0,126900.0
2021010703017374,OHL,49,58,400,471.0,188400.0
2021010703017078,PFL,5,55,200,184.0,36800.0
2021010703017077,PFL,17,55,300,184.0,55200.0
2021010703017076,PFL,5,55,150,184.0,27600.0
2021010703017344,PLIC,1,51,48,770.0,36960.0
2021010703017052,PLIC,21,43,200,768.0,153600.0
2021010703017036,PLIC,6,52,100,767.0,76700.0
2021010703016952,PLIC,18,7,300,768.0,230400.0
2021010703017311,RLI,55,42,10,617.0,6170.0
2021010703017302,RLI,1,22,10,618.0,6180.0
2021010703017301,RLI,1,58,10,618.0,6180.0
2021010703017257,RLI,55,3,10,617.0,6170.0
2021010703017228,RLI,55,48,10,617.0,6170.0
2021010703017200,RLI,55,34,10,617.0,6170.0
2021010703016922,RLI,59,17,10,616.0,6160.0
2021010703016921,RLI,59,48,10,616.0,6160.0
2021010703017046,RLI,55,3,10,617.0,6170.0
2021010703017040,RLI,55,51,10,617.0,6170.0
2021010703017026,RLI,55,58,10,617.0,6170.0
2021010703017025,RLI,55,48,10,617.0,6170.0
2021010703017001,RLI,59,48,10,616.0,6160.0
2021010703016963,RLI,59,57,10,616.0,6160.0
2021010703017164,RLI,55,45,10,617.0,6170.0
2021010703017163,RLI,55,39,150,617.0,92550.0
2021010703017109,RLI,55,51,10,617.0,6170.0
2021010703017103,RLI,55,16,10,617.0,6170.0
2021010703017090,RLI,55,32,10,617.0,6170.0
2021010703017060,RLI,55,56,10,617.0,6170.0
2021010703017099,RMDC,4,38,10,1195.0,11950.0
2021010703017017,RMDC,4,19,50,1195.0,59750.0
2021010703017324,RSDC,34,49,216,607.0,131112.0
2021010703017258,RSDC,34,50,99,607.0,60093.0
2021010703016926,RSDC,17,39,100,608.0,60800.0
2021010703017165,SABSL,57,54,11,1085.0,11935.0
2021010703017033,SABSL,34,48,10,1085.0,10850.0
2021010703017032,SABSL,34,10,10,1085.0,10850.0
2021010703017085,SAEF,47,45,"3,600",11.75,42300.0
2021010703017084,SAEF,47,29,400,11.7,4680.0
2021010703017162,SAPDBL,10,48,97,147.0,14259.0
2021010703017161,SAPDBL,51,48,100,147.0,14700.0
2021010703017160,SAPDBL,35,48,278,147.0,40866.0
2021010703017159,SAPDBL,36,48,204,147.0,29988.0
2021010703017158,SAPDBL,1,48,10,147.0,1470.0
2021010703017157,SAPDBL,6,48,564,147.0,82908.0
2021010703016996,SAPDBL,29,35,148,148.0,21904.0
2021010703017381,SDLBSL,22,3,10,1088.0,10880.0
2021010703017204,SEF,13,45,"4,000",10.5,42000.0
2021010703017067,SEF,13,29,"1,000",10.5,10500.0
2021010703017224,SFCL,45,18,650,129.0,83850.0
2021010703017223,SFCL,44,18,50,129.0,6450.0
2021010703017089,SFCL,20,56,50,130.0,6500.0
2021010703017088,SFCL,8,56,50,130.0,6500.0
2021010703017087,SFCL,38,56,158,130.0,20540.0
2021010703017098,SHINE,38,26,170,241.0,40970.0
2021010703017014,SIFC,42,17,16,179.0,2864.0
2021010703016917,SINDU,43,50,44,155.0,6820.0
2021010703016916,SINDU,43,52,87,155.0,13485.0
2021010703016915,SINDU,43,6,69,154.0,10626.0
2021010703017412,SKBBL,35,50,55,1442.0,79310.0
2021010703017411,SKBBL,35,10,45,1442.0,64890.0
2021010703017034,SKBBL,1,10,250,1444.0,361000.0
2021010703017015,SKBBL,1,10,50,1444.0,72200.0
2021010703017143,SLBBL,17,42,56,1160.0,64960.0
2021010703017222,SLBS,10,58,37,1326.0,49062.0
2021010703016942,SLBS,34,48,100,1320.0,132000.0
2021010703017352,SLBSL,19,19,50,1018.0,50900.0
2021010703017226,SLBSL,34,19,50,1018.0,50900.0
2021010703016997,SLBSL,42,32,200,1021.0,204200.0
2021010703016935,SLBSL,22,47,300,1021.0,306300.0
2021010703017225,SLICL,1,14,73,700.0,51100.0
2021010703017058,SLICL,25,14,100,700.0,70000.0
2021010703017057,SLICL,54,14,27,700.0,18900.0
2021010703016966,SLICL,54,33,50,700.0,35000.0
2021010703016965,SLICL,32,33,50,701.0,35050.0
2021010703016945,SLICL,32,44,20,702.0,14040.0
2021010703017152,SMB,57,42,200,1221.0,244200.0
2021010703017151,SMB,57,3,60,1220.0,73200.0
2021010703017150,SMB,57,48,11,1220.0,13420.0
2021010703017149,SMB,57,43,26,1220.0,31720.0
2021010703017148,SMB,57,40,22,1220.0,26840.0
2021010703017147,SMB,57,42,11,1220.0,13420.0
2021010703017146,SMB,57,34,80,1218.0,97440.0
2021010703017145,SMB,57,34,11,1210.0,13310.0
2021010703017144,SMB,57,28,10,1205.0,12050.0
2021010703017104,SMB,10,10,11,1204.0,13244.0
2021010703017047,SMB,25,28,20,1205.0,24100.0
2021010703017125,SMFBS,34,52,10,1519.0,15190.0
2021010703016932,SMFDB,41,56,87,1030.0,89610.0
2021010703016931,SMFDB,38,56,34,1031.0,35054.0
2021010703016930,SMFDB,38,56,50,1032.0,51600.0
2021010703016929,SMFDB,38,56,50,1039.0,51950.0
2021010703017213,STC,33,38,10,6720.0,67200.0
2021010703016992,TRH,49,49,200,300.0,60000.0
2021010703016947,UFL,22,22,91,243.0,22113.0
2021010703016946,UFL,36,22,50,243.0,12150.0
2021010703016752,ALBSL,3,42,56,1230.0,68880.0
2021010703016751,ALBSL,3,14,11,1230.0,13530.0
2021010703016750,ALBSL,3,43,11,1228.0,13508.0
2021010703016683,ALBSL,26,45,10,1226.0,12260.0
2021010703016657,ALBSL,28,34,150,1225.0,183750.0
2021010703016656,ALBSL,28,14,12,1225.0,14700.0
2021010703016624,ALBSL,35,39,11,1217.0,13387.0
2021010703016467,ALBSL,35,17,11,1217.0,13387.0
2021010703016735,ALICL,35,7,150,968.0,145200.0
2021010703016421,ALICL,35,25,100,968.0,96800.0
2021010703016690,BFC,59,57,10,138.0,1380.0
2021010703016810,CBBL,29,33,10,1195.0,11950.0
2021010703016631,CBBL,43,33,10,1195.0,11950.0
2021010703016630,CBBL,52,33,21,1195.0,25095.0
2021010703016564,CBBL,4,1,100,1197.0,119700.0
2021010703016660,CFCL,10,14,"1,350",173.0,233550.0
2021010703016833,CIT,34,13,50,3403.0,170150.0
2021010703016777,CIT,34,45,190,3403.0,646570.0
2021010703016766,CIT,58,56,40,3400.0,136000.0
2021010703016765,CIT,6,56,10,3401.0,34010.0
2021010703016764,CIT,33,56,20,3401.0,68020.0
2021010703016763,CIT,6,56,30,3401.0,102030.0
2021010703016504,CIT,34,40,63,3401.0,214263.0
2021010703016503,CIT,34,16,90,3401.0,306090.0
2021010703016502,CIT,57,40,14,3401.0,47614.0
2021010703016637,CIT,55,45,190,3403.0,646570.0
2021010703016636,CIT,55,25,10,3402.0,34020.0
2021010703016617,CIT,50,45,20,3403.0,68060.0
2021010703016581,CIT,6,59,70,3401.0,238070.0
2021010703016554,CIT,22,28,30,3403.0,102090.0
2021010703016516,CIT,28,38,8,3401.0,27208.0
2021010703016762,CLBSL,11,11,1,887.0,887.0
2021010703016688,CLBSL,11,11,1,887.0,887.0
2021010703016463,CLBSL,22,57,119,905.0,107695.0
2021010703016462,CLBSL,22,13,23,905.0,20815.0
2021010703016438,CLBSL,39,57,12,905.0,10860.0
2021010703016437,CLBSL,39,4,50,905.0,45250.0
2021010703016430,CLBSL,39,59,10,902.0,9020.0
2021010703016429,CLBSL,39,59,50,902.0,45100.0
2021010703016428,CLBSL,39,43,100,902.0,90200.0
2021010703016427,CLBSL,39,59,50,901.0,45050.0
2021010703016422,CLBSL,11,11,1,882.0,882.0
2021010703016417,CLBSL,40,54,23,900.0,20700.0
2021010703016436,CLBSL,39,17,500,904.0,452000.0
2021010703016435,CLBSL,39,58,35,904.0,31640.0
2021010703016434,CLBSL,39,42,100,904.0,90400.0
2021010703016433,CLBSL,39,29,23,904.0,20792.0
2021010703016432,CLBSL,39,21,13,904.0,11752.0
2021010703016431,CLBSL,39,34,57,903.0,51471.0
2021010703016890,CMF1,19,35,"1,000",9.94,9940.0
2021010703016845,DDBL,19,48,30,1456.0,43680.0
2021010703016844,DDBL,19,41,10,1456.0,14560.0
2021010703016781,DDBL,37,42,100,1458.0,145800.0
2021010703016729,DDBL,38,42,120,1458.0,174960.0
2021010703016628,DDBL,14,42,60,1458.0,87480.0
2021010703016627,DDBL,22,42,100,1458.0,145800.0
2021010703016570,DDBL,22,14,200,1458.0,291600.0
2021010703016569,DDBL,56,14,80,1458.0,116640.0
2021010703016568,DDBL,34,14,70,1458.0,102060.0
2021010703016493,DDBL,34,49,25,1458.0,36450.0
2021010703016483,DDBL,34,22,20,1458.0,29160.0
2021010703016566,FMDBL,58,52,40,605.0,24200.0
2021010703016486,FMDBL,58,57,100,604.0,60400.0
2021010703016485,FMDBL,58,47,100,604.0,60400.0
2021010703016869,FOWAD,33,41,22,2325.0,51150.0
2021010703016832,FOWAD,33,58,21,2323.0,48783.0
2021010703016775,FOWAD,34,58,25,2324.0,58100.0
2021010703016774,FOWAD,20,58,34,2324.0,79016.0
2021010703016773,FOWAD,48,58,10,2325.0,23250.0
2021010703016772,FOWAD,38,58,10,2325.0,23250.0
2021010703016737,FOWAD,42,1,10,2328.0,23280.0
2021010703016714,FOWAD,44,1,19,2328.0,44232.0
2021010703016889,GBBL,38,49,100,317.0,31700.0
2021010703016662,GBBL,4,17,100,316.0,31600.0
2021010703016518,GBBL,4,53,12,316.0,3792.0
2021010703016711,GBLBS,52,39,15,610.0,9150.0
2021010703016710,GBLBS,52,57,65,610.0,39650.0
2021010703016709,GBLBS,52,53,15,609.0,9135.0
2021010703016895,GFCL,43,21,248,196.0,48608.0
2021010703016894,GFCL,43,38,500,196.0,98000.0
2021010703016893,GFCL,43,26,60,196.0,11760.0
2021010703016892,GFCL,43,45,483,195.0,94185.0
2021010703016457,GFCL,29,45,200,195.0,39000.0
2021010703016456,GFCL,46,45,100,195.0,19500.0
2021010703016523,GLBSL,39,48,20,916.0,18320.0
2021010703016860,GLICL,10,14,100,632.0,63200.0
2021010703016679,GLICL,26,22,17,633.0,10761.0
2021010703016459,GMFBS,25,48,30,1170.0,35100.0
2021010703016887,GRDBL,17,28,155,153.0,23715.0
2021010703016555,GRDBL,36,28,10,156.0,1560.0
2021010703016734,GUFL,43,1,100,220.0,22000.0
2021010703016733,GUFL,43,52,300,220.0,66000.0
2021010703016732,GUFL,43,59,"1,000",220.0,220000.0
2021010703016731,GUFL,43,49,20,220.0,4400.0
2021010703016641,GUFL,45,1,310,219.0,67890.0
2021010703016640,GUFL,28,1,200,219.0,43800.0
2021010703016639,GUFL,34,1,90,219.0,19710.0
2021010703016575,GUFL,34,7,300,219.0,65700.0
2021010703016413,GUFL,34,29,100,219.0,21900.0
2021010703016623,HIDCL,36,16,13,265.0,3445.0
2021010703016484,HIDCL,36,36,17,265.0,4505.0
2021010703016697,ILBS,28,56,62,1122.0,69564.0
2021010703016696,ILBS,26,56,50,1125.0,56250.0
2021010703016695,ILBS,16,56,40,1125.0,45000.0
2021010703016694,ILBS,34,56,48,1125.0,54000.0
2021010703016505,ILBS,34,34,11,1125.0,12375.0
2021010703016478,ILBS,34,48,30,1125.0,33750.0
2021010703016896,JBBL,54,45,103,232.0,23896.0
2021010703016850,JBBL,44,1,500,231.0,115500.0
2021010703016838,JBBL,44,35,615,231.0,142065.0
2021010703016791,JBBL,44,56,430,231.0,99330.0
2021010703016790,JBBL,34,56,"1,846",231.0,426426.0
2021010703016789,JBBL,33,56,"2,000",231.0,462000.0
2021010703016742,JBBL,55,45,50,232.0,11600.0
2021010703016638,JBBL,25,45,200,232.0,46400.0
2021010703016547,JBBL,41,45,102,232.0,23664.0
2021010703016522,JBBL,34,39,"1,520",232.0,352640.0
2021010703016756,JSLBB,58,45,72,2181.0,157032.0
2021010703016563,KLBSL,42,45,10,1171.0,11710.0
2021010703016562,KLBSL,53,45,20,1172.0,23440.0
2021010703016905,KMCDB,19,5,27,983.0,26541.0
2021010703016904,KMCDB,29,5,64,984.0,62976.0
2021010703016903,KMCDB,59,5,37,986.0,36482.0
2021010703016875,KMCDB,59,11,43,986.0,42398.0
2021010703016736,KMCDB,59,48,10,986.0,9860.0
2021010703016557,KMCDB,59,48,10,986.0,9860.0
2021010703016480,KMCDB,25,39,12,990.0,11880.0
2021010703016911,KRBL,55,55,300,135.0,40500.0
2021010703016909,KRBL,55,16,100,135.0,13500.0
2021010703016908,KRBL,55,56,500,135.0,67500.0
2021010703016533,KRBL,34,36,29,134.0,3886.0
2021010703016873,KSBBL,53,32,217,218.0,47306.0
2021010703016863,LBBL,45,48,54,208.0,11232.0
2021010703016856,LBBL,36,57,153,209.0,31977.0
2021010703016855,LBBL,36,42,47,209.0,9823.0
2021010703016689,LEMF,46,35,"1,000",10.0,10000.0
2021010703016536,LICN,26,45,150,2000.0,300000.0
2021010703016535,LICN,26,57,40,2000.0,80000.0
2021010703016494,LICN,50,6,50,1996.0,99800.0
2021010703016720,MERO,39,45,85,925.0,78625.0
2021010703016635,MERO,39,45,83,925.0,76775.0
2021010703016626,MERO,19,45,120,927.0,111240.0
2021010703016556,MERO,39,45,200,925.0,185000.0
2021010703016454,MERO,39,42,21,925.0,19425.0
2021010703016712,MLBBL,42,45,30,1309.0,39270.0
2021010703016545,MLBBL,28,34,10,1308.0,13080.0
2021010703016520,MLBBL,28,42,20,1308.0,26160.0
2021010703016449,MLBL,52,44,23,253.0,5819.0
2021010703016836,MMFDB,20,49,50,1241.0,62050.0
2021010703016788,MMFDB,20,58,31,1241.0,38471.0
2021010703016787,MMFDB,20,28,100,1241.0,124100.0
2021010703016786,MMFDB,20,42,720,1241.0,893520.0
2021010703016785,MMFDB,20,35,13,1241.0,16133.0
2021010703016784,MMFDB,20,34,500,1241.0,620500.0
2021010703016675,MMFDB,20,14,20,1240.0,24800.0
2021010703016674,MMFDB,20,41,94,1240.0,116560.0
2021010703016673,MMFDB,20,5,21,1240.0,26040.0
2021010703016664,MMFDB,26,49,10,1235.0,12350.0
2021010703016783,MMFDB,20,26,251,1241.0,311491.0
2021010703016782,MMFDB,20,20,33,1240.0,40920.0
2021010703016707,MMFDB,7,20,200,1240.0,248000.0
2021010703016678,MMFDB,20,26,35,1241.0,43435.0
2021010703016677,MMFDB,20,28,20,1241.0,24820.0
2021010703016676,MMFDB,20,6,10,1241.0,12410.0
2021010703016907,MNBBL,58,42,200,352.0,70400.0
2021010703016872,MNBBL,54,49,500,351.0,175500.0
2021010703016871,MNBBL,44,49,500,351.0,175500.0
2021010703016870,MNBBL,57,49,80,351.0,28080.0
2021010703016859,MNBBL,56,42,500,352.0,176000.0
2021010703016469,MNBBL,38,48,348,352.0,122496.0
2021010703016451,MNBBL,38,48,56,352.0,19712.0
2021010703016910,MPFL,4,34,417,163.0,67971.0
2021010703016898,MPFL,4,52,100,163.0,16300.0
2021010703016868,MPFL,4,8,100,163.0,16300.0
2021010703016867,MPFL,4,1,100,163.0,16300.0
2021010703016866,MPFL,4,59,100,163.0,16300.0
2021010703016865,MPFL,4,58,100,163.0,16300.0
2021010703016490,MPFL,4,45,500,160.0,80000.0
2021010703016489,MPFL,4,59,100,160.0,16000.0
2021010703016488,MPFL,4,25,500,160.0,80000.0
2021010703016487,MPFL,4,39,73,157.0,11461.0
2021010703016864,MPFL,4,13,83,161.0,13363.0
2021010703016858,MPFL,47,13,117,161.0,18837.0
2021010703016857,MPFL,47,8,83,160.0,13280.0
2021010703016706,MPFL,4,8,17,160.0,2720.0
2021010703016532,MPFL,4,45,10,160.0,1600.0
2021010703016491,MPFL,4,58,100,160.0,16000.0
2021010703016861,MSLB,22,34,30,1640.0,49200.0
2021010703016757,MSLB,17,34,49,1640.0,80360.0
2021010703016479,MSLB,46,34,100,1650.0,165000.0
2021010703016778,MSMBS,32,21,22,932.0,20504.0
2021010703016529,MSMBS,20,44,22,930.0,20460.0
2021010703016528,MSMBS,20,17,11,930.0,10230.0
2021010703016527,MSMBS,20,45,11,930.0,10230.0
2021010703016526,MSMBS,20,39,10,928.0,9280.0
2021010703016525,MSMBS,20,13,15,927.0,13905.0
2021010703016513,MSMBS,20,53,11,926.0,10186.0
2021010703016721,NLBBL,57,49,100,1170.0,117000.0
2021010703016419,NLBBL,56,44,10,1177.0,11770.0
2021010703016754,NLIC,47,28,30,2384.0,71520.0
2021010703016753,NLIC,42,28,70,2385.0,166950.0
2021010703016747,NLIC,42,4,30,2385.0,71550.0
2021010703016691,NLIC,14,4,70,2385.0,166950.0
2021010703016658,NLIC,14,28,30,2385.0,71550.0
2021010703016597,NLIC,49,25,29,2381.0,69049.0
2021010703016446,NLIC,22,45,11,2388.0,26268.0
2021010703016426,NLIC,35,46,4,2386.0,9544.0
2021010703016498,NLIC,17,32,10,2384.0,23840.0
2021010703016497,NLIC,29,32,136,2384.0,324224.0
2021010703016496,NLIC,36,32,40,2385.0,95400.0
2021010703016495,NLIC,26,32,83,2386.0,198038.0
2021010703016477,NLIC,4,57,100,2389.0,238900.0
2021010703016447,NLIC,22,52,20,2388.0,47760.0
2021010703016590,NLIC,26,25,185,2383.0,440855.0
2021010703016589,NLIC,19,25,100,2383.0,238300.0
2021010703016588,NLIC,48,25,30,2384.0,71520.0
2021010703016587,NLIC,28,25,46,2384.0,109664.0
2021010703016500,NLIC,16,32,20,2384.0,47680.0
2021010703016499,NLIC,41,32,77,2384.0,183568.0
2021010703016596,NLIC,54,25,200,2381.0,476200.0
2021010703016595,NLIC,17,25,50,2381.0,119050.0
2021010703016594,NLIC,44,25,200,2382.0,476400.0
2021010703016593,NLIC,56,25,50,2382.0,119100.0
2021010703016592,NLIC,34,25,10,2382.0,23820.0
2021010703016591,NLIC,51,25,100,2382.0,238200.0
2021010703016900,NLICL,58,58,300,1120.0,336000.0
2021010703016827,NLICL,56,58,20,1120.0,22400.0
2021010703016826,NLICL,58,58,500,1120.0,560000.0
2021010703016825,NLICL,37,58,10,1120.0,11200.0
2021010703016824,NLICL,38,58,200,1120.0,224000.0
2021010703016823,NLICL,25,58,100,1120.0,112000.0
2021010703016537,NLICL,35,47,10,1125.0,11250.0
2021010703016534,NLICL,50,50,500,1126.0,563000.0
2021010703016704,NLICL,42,47,40,1122.0,44880.0
2021010703016703,NLICL,52,47,15,1122.0,16830.0
2021010703016702,NLICL,41,47,270,1122.0,302940.0
2021010703016701,NLICL,58,47,100,1123.0,112300.0
2021010703016700,NLICL,26,47,50,1123.0,56150.0
2021010703016621,NLICL,50,47,40,1123.0,44920.0
2021010703016800,NLICL,49,47,11,1122.0,12342.0
2021010703016799,NLICL,44,47,14,1122.0,15708.0
2021010703016741,NLICL,44,4,86,1122.0,96492.0
2021010703016740,NLICL,25,4,20,1122.0,22440.0
2021010703016739,NLICL,49,4,20,1122.0,22440.0
2021010703016738,NLICL,42,4,10,1122.0,11220.0
2021010703016816,NLICL,44,58,100,1121.0,112100.0
2021010703016815,NLICL,49,58,500,1121.0,560500.0
2021010703016814,NLICL,38,58,830,1121.0,930430.0
2021010703016813,NLICL,58,58,50,1121.0,56050.0
2021010703016812,NLICL,51,4,300,1122.0,336600.0
2021010703016811,NLICL,49,4,89,1122.0,99858.0
2021010703016822,NLICL,25,58,50,1120.0,56000.0
2021010703016821,NLICL,7,58,100,1120.0,112000.0
2021010703016820,NLICL,26,58,300,1120.0,336000.0
2021010703016819,NLICL,41,58,300,1120.0,336000.0
2021010703016818,NLICL,6,58,50,1120.0,56000.0
2021010703016817,NLICL,29,58,500,1120.0,560000.0
2021010703016548,NMFBS,33,43,50,2261.0,113050.0
2021010703016899,NRIC,16,38,40,1546.0,61840.0
2021010703016897,NRIC,16,38,40,1546.0,61840.0
2021010703016888,NRIC,43,21,40,1548.0,61920.0
2021010703016841,NRIC,16,21,14,1546.0,21644.0
2021010703016840,NRIC,5,21,26,1547.0,40222.0
2021010703016835,NRIC,43,28,40,1548.0,61920.0
2021010703016514,NRIC,57,18,35,1546.0,54110.0
2021010703016460,NRIC,28,42,11,1547.0,17017.0
2021010703016458,NRIC,28,26,40,1547.0,61880.0
2021010703016440,NRIC,16,10,100,1546.0,154600.0
2021010703016420,NRIC,16,21,50,1546.0,77300.0
2021010703016552,NRIC,40,44,10,1548.0,15480.0
2021010703016551,NRIC,42,4,35,1547.0,54145.0
2021010703016539,NRIC,57,4,15,1547.0,23205.0
2021010703016538,NRIC,57,42,14,1547.0,21658.0
2021010703016524,NRIC,16,21,40,1546.0,61840.0
2021010703016515,NRIC,57,42,15,1547.0,23205.0
2021010703016598,NRIC,32,38,40,1550.0,62000.0
2021010703016580,NRIC,42,21,20,1547.0,30940.0
2021010703016579,NRIC,36,21,20,1549.0,30980.0
2021010703016559,NRIC,36,57,30,1549.0,46470.0
2021010703016558,NRIC,40,57,20,1549.0,30980.0
2021010703016553,NRIC,40,57,20,1549.0,30980.0
2021010703016633,NRIC,40,58,10,1550.0,15500.0
2021010703016603,NRIC,32,29,40,1550.0,62000.0
2021010703016602,NRIC,32,39,10,1550.0,15500.0
2021010703016601,NRIC,32,29,50,1550.0,77500.0
2021010703016600,NRIC,32,43,20,1550.0,31000.0
2021010703016599,NRIC,32,25,40,1550.0,62000.0
2021010703016653,NRIC,43,49,20,1547.0,30940.0
2021010703016652,NRIC,48,49,35,1547.0,54145.0
2021010703016651,NRIC,29,49,50,1547.0,77350.0
2021010703016650,NRIC,42,49,25,1547.0,38675.0
2021010703016649,NRIC,16,49,500,1547.0,773500.0
2021010703016634,NRIC,40,58,30,1550.0,46500.0
2021010703016745,NRIC,16,51,176,1547.0,272272.0
2021010703016744,NRIC,16,42,40,1547.0,61880.0
2021010703016730,NRIC,16,28,40,1547.0,61880.0
2021010703016681,NRIC,16,42,10,1547.0,15470.0
2021010703016680,NRIC,45,42,30,1548.0,46440.0
2021010703016654,NRIC,16,49,234,1547.0,361998.0
2021010703016796,NRIC,5,37,74,1547.0,114478.0
2021010703016780,NRIC,38,37,26,1547.0,40222.0
2021010703016755,NRIC,38,6,50,1547.0,77350.0
2021010703016749,NRIC,38,3,24,1547.0,37128.0
2021010703016748,NRIC,34,3,76,1547.0,117572.0
2021010703016746,NRIC,34,51,24,1547.0,37128.0
2021010703016779,NRN,45,32,10,359.0,3590.0
2021010703016722,NRN,45,32,10,359.0,3590.0
2021010703016632,NRN,45,59,10,359.0,3590.0
2021010703016614,NRN,45,58,10,359.0,3590.0
2021010703016613,NRN,45,39,10,359.0,3590.0
2021010703016612,NRN,45,59,10,359.0,3590.0
2021010703016475,NRN,46,36,10,358.0,3580.0
2021010703016414,NRN,46,36,10,358.0,3580.0
2021010703016611,NRN,45,44,10,359.0,3590.0
2021010703016610,NRN,45,32,20,359.0,7180.0
2021010703016586,NRN,46,48,10,358.0,3580.0
2021010703016571,NRN,46,49,10,358.0,3580.0
2021010703016561,NRN,46,49,10,358.0,3580.0
2021010703016550,NRN,35,32,100,359.0,35900.0
2021010703016912,NTC,43,22,49,1269.0,62181.0
2021010703016874,NTC,43,41,320,1269.0,406080.0
2021010703016830,NTC,57,41,100,1269.0,126900.0
2021010703016829,NTC,42,41,50,1269.0,63450.0
2021010703016828,NTC,56,41,30,1269.0,38070.0
2021010703016668,NTC,56,58,20,1269.0,25380.0
2021010703016444,NTC,25,38,400,1270.0,508000.0
2021010703016443,NTC,25,50,51,1268.0,64668.0
2021010703016425,NTC,52,50,49,1268.0,62132.0
2021010703016424,NTC,52,4,100,1268.0,126800.0
2021010703016423,NTC,52,4,51,1268.0,64668.0
2021010703016572,NTC,6,52,101,1270.0,128270.0
2021010703016492,NTC,25,52,99,1270.0,125730.0
2021010703016471,NTC,25,45,990,1272.0,1259280.0
2021010703016470,NTC,25,4,10,1272.0,12720.0
2021010703016461,NTC,25,41,100,1270.0,127000.0
2021010703016445,NTC,25,4,100,1270.0,127000.0
2021010703016667,NTC,38,58,80,1269.0,101520.0
2021010703016666,NTC,33,38,100,1270.0,127000.0
2021010703016665,NTC,26,38,100,1270.0,127000.0
2021010703016661,NTC,26,40,100,1270.0,127000.0
2021010703016574,NTC,38,45,20,1269.0,25380.0
2021010703016573,NTC,6,14,200,1270.0,254000.0
2021010703016648,NUBL,56,38,45,1370.0,61650.0
2021010703016647,NUBL,56,34,20,1370.0,27400.0
2021010703016646,NUBL,56,49,125,1370.0,171250.0
2021010703016645,NUBL,56,40,20,1370.0,27400.0
2021010703016644,NUBL,56,57,250,1369.0,342250.0
2021010703016643,NUBL,56,40,200,1368.0,273600.0
2021010703016642,NUBL,56,26,40,1362.0,54480.0
2021010703016466,NUBL,29,26,50,1362.0,68100.0
2021010703016465,NUBL,58,26,310,1362.0,422220.0
2021010703016455,OHL,14,22,210,470.0,98700.0
2021010703016728,PLIC,6,52,559,767.0,428753.0
2021010703016727,PLIC,32,52,27,768.0,20736.0
2021010703016726,PLIC,36,52,100,768.0,76800.0
2021010703016725,PLIC,49,52,50,768.0,38400.0
2021010703016724,PLIC,52,52,70,768.0,53760.0
2021010703016723,PLIC,46,52,20,768.0,15360.0
2021010703016682,PLIC,25,8,250,769.0,192250.0
2021010703016906,RLFL,44,41,91,171.0,15561.0
2021010703016891,RLI,59,45,10,616.0,6160.0
2021010703016876,RLI,55,17,10,617.0,6170.0
2021010703016843,RLI,26,32,10,617.0,6170.0
2021010703016842,RLI,26,41,10,617.0,6170.0
2021010703016831,RLI,26,10,10,617.0,6170.0
2021010703016792,RLI,26,32,10,617.0,6170.0
2021010703016452,RLI,59,36,10,616.0,6160.0
2021010703016450,RLI,59,4,10,616.0,6160.0
2021010703016442,RLI,59,40,10,616.0,6160.0
2021010703016521,RLI,59,36,10,616.0,6160.0
2021010703016517,RLI,59,17,10,616.0,6160.0
2021010703016482,RLI,59,4,10,616.0,6160.0
2021010703016481,RLI,59,10,10,616.0,6160.0
2021010703016476,RLI,59,17,10,616.0,6160.0
2021010703016453,RLI,59,17,10,616.0,6160.0
2021010703016565,RLI,26,10,10,617.0,6170.0
2021010703016549,RLI,59,48,10,616.0,6160.0
2021010703016546,RLI,59,49,10,616.0,6160.0
2021010703016542,RLI,59,20,10,616.0,6160.0
2021010703016541,RLI,26,1,300,617.0,185100.0
2021010703016540,RLI,26,42,10,617.0,6170.0
2021010703016625,RLI,26,20,10,617.0,6170.0
2021010703016622,RLI,26,59,10,617.0,6170.0
2021010703016615,RLI,26,40,10,617.0,6170.0
2021010703016604,RLI,26,17,10,617.0,6170.0
2021010703016585,RLI,26,56,10,617.0,6170.0
2021010703016567,RLI,26,20,10,617.0,6170.0
2021010703016708,RLI,26,39,10,617.0,6170.0
2021010703016705,RLI,26,17,10,617.0,6170.0
2021010703016692,RLI,26,48,10,617.0,6170.0
2021010703016669,RLI,26,20,10,617.0,6170.0
2021010703016663,RLI,26,17,10,617.0,6170.0
2021010703016629,RLI,26,17,10,617.0,6170.0
2021010703016776,RLI,26,36,10,617.0,6170.0
2021010703016771,RLI,26,48,10,617.0,6170.0
2021010703016719,RLI,26,20,10,617.0,6170.0
2021010703016718,RLI,14,56,20,618.0,12360.0
2021010703016717,RLI,14,46,10,618.0,6180.0
2021010703016716,RLI,14,41,60,618.0,37080.0
2021010703016854,RMDC,4,8,200,1195.0,239000.0
2021010703016853,RMDC,4,58,50,1195.0,59750.0
2021010703016852,RMDC,4,36,18,1195.0,21510.0
2021010703016851,RMDC,4,55,100,1194.0,119400.0
2021010703016793,RMDC,4,56,100,1193.0,119300.0
2021010703016743,RMDC,4,57,129,1193.0,153897.0
2021010703016441,RMDC,4,48,200,1193.0,238600.0
2021010703016886,RSDC,13,39,290,610.0,176900.0
2021010703016885,RSDC,13,17,20,610.0,12200.0
2021010703016884,RSDC,13,11,100,610.0,61000.0
2021010703016883,RSDC,13,6,90,610.0,54900.0
2021010703016882,RSDC,13,16,100,610.0,61000.0
2021010703016881,RSDC,13,35,55,610.0,33550.0
2021010703016530,RSDC,33,17,50,609.0,30450.0
2021010703016578,RSDC,34,45,22,608.0,13376.0
2021010703016577,RSDC,42,45,100,608.0,60800.0
2021010703016576,RSDC,34,45,28,608.0,17024.0
2021010703016531,RSDC,33,45,150,609.0,91350.0
2021010703016880,RSDC,13,34,95,609.0,57855.0
2021010703016879,RSDC,13,57,250,609.0,152250.0
2021010703016715,RSDC,34,52,100,607.0,60700.0
2021010703016655,RSDC,44,17,81,608.0,49248.0
2021010703016620,RSDC,34,17,758,608.0,460864.0
2021010703016609,RSDC,34,48,220,608.0,133760.0
2021010703016416,SABSL,57,47,20,1086.0,21720.0
2021010703016415,SABSL,57,26,11,1085.0,11935.0
2021010703016770,SADBL,34,57,631,181.0,114211.0
2021010703016769,SADBL,21,57,100,181.0,18100.0
2021010703016768,SADBL,50,57,269,181.0,48689.0
2021010703016519,SAPDBL,58,35,43,148.0,6364.0
2021010703016767,SDLBSL,36,39,10,1087.0,10870.0
2021010703016560,SDLBSL,22,22,30,1088.0,32640.0
2021010703016543,SDLBSL,22,19,70,1088.0,76160.0
2021010703016798,SFCL,38,47,142,130.0,18460.0
2021010703016797,SFCL,55,47,258,130.0,33540.0
2021010703016418,SFCL,48,41,50,131.0,6550.0
2021010703016862,SHINE,38,13,30,241.0,7230.0
2021010703016713,SHINE,57,57,226,241.0,54466.0
2021010703016839,SINDU,28,52,711,153.0,108783.0
2021010703016464,SINDU,28,6,100,153.0,15300.0
2021010703016801,SKBBL,29,45,10,1444.0,14440.0
2021010703016687,SKBBL,7,45,10,1442.0,14420.0
2021010703016686,SKBBL,42,45,20,1442.0,28840.0
2021010703016685,SKBBL,5,45,60,1442.0,86520.0
2021010703016659,SKBBL,47,34,210,1443.0,303030.0
2021010703016616,SKBBL,29,53,10,1445.0,14450.0
2021010703016795,SLBBL,28,42,144,1160.0,167040.0
2021010703016794,SLBBL,1,42,100,1160.0,116000.0
2021010703016448,SLBBL,28,38,58,1166.0,67628.0
2021010703016439,SLBBL,28,37,200,1166.0,233200.0
2021010703016619,SLBS,45,42,250,1319.0,329750.0
2021010703016618,SLBS,57,42,50,1320.0,66000.0
2021010703016584,SLBSL,34,47,50,1025.0,51250.0
2021010703016583,SLBSL,37,47,30,1025.0,30750.0
2021010703016582,SLBSL,37,47,70,1025.0,71750.0
2021010703016468,SLBSL,58,48,37,1030.0,38110.0
2021010703016837,SLICL,32,33,250,701.0,175250.0
2021010703016834,SMFBS,56,39,12,1502.0,18024.0
2021010703016693,SMFBS,47,34,12,1510.0,18120.0
2021010703016684,SMFBS,56,48,37,1502.0,55574.0
2021010703016544,SMFDB,49,35,85,1040.0,88400.0
2021010703016512,SMFDB,50,35,400,1040.0,416000.0
2021010703016511,SMFDB,50,35,400,1040.0,416000.0
2021010703016510,SMFDB,1,35,60,1040.0,62400.0
2021010703016509,SMFDB,26,35,100,1040.0,104000.0
2021010703016508,SMFDB,46,35,50,1040.0,52000.0
2021010703016507,SMFDB,43,35,122,1049.0,127978.0
2021010703016506,SMFDB,46,35,100,1050.0,105000.0
2021010703016608,SNLB,16,56,406,1066.0,432796.0
2021010703016607,SNLB,45,56,100,1070.0,107000.0
2021010703016606,SNLB,39,56,50,1072.0,53600.0
2021010703016605,SNLB,17,56,45,1072.0,48240.0
2021010703016501,STC,33,45,11,6670.0,73370.0
2021010703016473,STC,52,45,10,6670.0,66700.0
2021010703016472,STC,13,45,10,6671.0,66710.0
2021010703016902,SWBBL,42,47,22,1674.0,36828.0
2021010703016901,SWBBL,35,47,228,1674.0,381672.0
2021010703016878,SWBBL,35,33,272,1674.0,455328.0
2021010703016877,SWBBL,50,33,128,1674.0,214272.0
2021010703016761,SWBBL,50,47,72,1674.0,120528.0
2021010703016760,SWBBL,50,47,100,1674.0,167400.0
2021010703016759,SWBBL,38,47,56,1674.0,93744.0
2021010703016758,SWBBL,41,47,22,1675.0,36850.0
2021010703016698,TRH,52,22,10,295.0,2950.0
2021010703016849,UFL,39,28,500,244.0,122000.0
2021010703016848,UFL,46,28,200,244.0,48800.0
2021010703016847,UFL,25,28,200,244.0,48800.0
2021010703016846,UFL,10,28,100,244.0,24400.0
2021010703016809,UFL,28,28,"2,000",245.0,490000.0
2021010703016808,UFL,6,28,500,245.0,122500.0
2021010703016807,UFL,7,28,300,245.0,73500.0
2021010703016806,UFL,35,28,50,246.0,12300.0
2021010703016805,UFL,52,28,"2,000",246.0,492000.0
2021010703016804,UFL,17,28,100,247.0,24700.0
2021010703016803,UFL,55,28,150,247.0,37050.0
2021010703016802,UFL,55,28,150,248.0,37200.0
2021010703016474,USLB,17,21,100,1402.0,140200.0
2021010703016699,VLBS,52,26,50,1095.0,54750.0
2021010703016672,VLBS,51,21,24,1091.0,26184.0
2021010703016671,VLBS,58,21,50,1092.0,54600.0
2021010703016670,VLBS,58,21,11,1092.0,12012.0
2021010703016401,ALBSL,45,58,10,1224.0,12240.0
2021010703016400,ALBSL,45,58,10,1222.0,12220.0
2021010703016383,ALBSL,35,58,11,1217.0,13387.0
2021010703016342,ALICL,49,44,30,967.0,29010.0
2021010703016268,ALICL,49,7,28,967.0,27076.0
2021010703016261,ALICL,33,45,110,966.0,106260.0
2021010703016168,ALICL,33,54,150,966.0,144900.0
2021010703016024,ALICL,33,14,36,966.0,34776.0
2021010703016023,ALICL,34,14,14,966.0,13524.0
2021010703016022,ALICL,34,14,50,966.0,48300.0
2021010703016369,CIT,37,38,22,3401.0,74822.0
2021010703016349,CIT,37,17,26,3401.0,88426.0
2021010703016325,CIT,37,13,52,3401.0,176852.0
2021010703016300,CIT,6,35,30,3401.0,102030.0
2021010703016299,CIT,22,35,35,3401.0,119035.0
2021010703016276,CIT,53,16,25,3401.0,85025.0
2021010703016272,CIT,45,16,10,3401.0,34010.0
2021010703016224,CIT,25,16,15,3401.0,51015.0
2021010703016217,CIT,57,55,100,3401.0,340100.0
2021010703016393,CLBSL,40,7,226,900.0,203400.0
2021010703016392,CLBSL,28,7,27,900.0,24300.0
2021010703016191,CLBSL,28,7,23,900.0,20700.0
2021010703016028,CLBSL,7,1,45,900.0,40500.0
2021010703016027,CLBSL,7,21,100,900.0,90000.0
2021010703016026,CLBSL,7,21,100,900.0,90000.0
2021010703016025,CLBSL,7,46,80,900.0,72000.0
2021010703015927,CLBSL,42,46,10,900.0,9000.0
2021010703015955,CORBL,55,38,240,225.0,54000.0
2021010703016319,DDBL,34,48,35,1458.0,51030.0
2021010703016318,DDBL,50,48,65,1459.0,94835.0
2021010703016295,DDBL,50,55,135,1459.0,196965.0
2021010703016279,DDBL,34,44,50,1458.0,72900.0
2021010703016167,DDBL,45,55,15,1459.0,21885.0
2021010703016166,DDBL,45,44,35,1459.0,51065.0
2021010703016116,DDBL,41,44,50,1459.0,72950.0
2021010703016115,DDBL,1,44,415,1459.0,605485.0
2021010703016113,DDBL,18,22,100,1460.0,146000.0
2021010703016358,FOWAD,38,58,50,2330.0,116500.0
2021010703016265,FOWAD,57,58,100,2330.0,233000.0
2021010703016239,FOWAD,57,45,100,2330.0,233000.0
2021010703016100,FOWAD,39,22,19,2328.0,44232.0
2021010703016412,GBBL,56,33,141,319.0,44979.0
2021010703016411,GBBL,56,22,550,319.0,175450.0
2021010703016410,GBBL,56,41,300,319.0,95700.0
2021010703016409,GBBL,56,6,"1,000",319.0,319000.0
2021010703016408,GBBL,56,48,150,319.0,47850.0
2021010703016407,GBBL,56,40,50,319.0,15950.0
2021010703016087,GBBL,58,4,160,318.0,50880.0
2021010703016086,GBBL,58,57,50,318.0,15900.0
2021010703016085,GBBL,58,59,90,318.0,28620.0
2021010703016058,GBBL,6,26,900,317.0,285300.0
2021010703016406,GBBL,56,42,"1,188",319.0,378972.0
2021010703016405,GBBL,56,42,100,318.0,31800.0
2021010703016404,GBBL,56,4,690,318.0,219420.0
2021010703016403,GBBL,56,4,431,318.0,137058.0
2021010703016402,GBBL,56,1,400,317.0,126800.0
2021010703016266,GBBL,6,1,600,317.0,190200.0
2021010703016292,GBLBS,6,56,20,606.0,12120.0
2021010703016291,GBLBS,33,56,980,606.0,593880.0
2021010703015957,GBLBS,6,52,75,607.0,45525.0
2021010703015956,GBLBS,41,52,25,607.0,15175.0
2021010703016073,GILB,42,40,30,1419.0,42570.0
2021010703016029,GLICL,39,22,500,633.0,316500.0
2021010703015972,GLICL,39,22,340,633.0,215220.0
2021010703015971,GLICL,39,57,30,633.0,18990.0
2021010703015970,GLICL,39,6,200,633.0,126600.0
2021010703015969,GLICL,39,45,45,633.0,28485.0
2021010703015968,GLICL,39,47,200,633.0,126600.0
2021010703015967,GLICL,39,42,24,633.0,15192.0
2021010703015966,GLICL,39,42,10,633.0,6330.0
2021010703015965,GLICL,39,32,105,633.0,66465.0
2021010703015964,GLICL,39,50,500,633.0,316500.0
2021010703015963,GLICL,39,34,46,633.0,29118.0
2021010703015948,GMFBS,25,44,170,1170.0,198900.0
2021010703015947,GMFBS,18,44,130,1170.0,152100.0
2021010703016238,GMFIL,34,26,500,186.0,93000.0
2021010703016198,GMFIL,28,26,52,185.0,9620.0
2021010703016197,GMFIL,47,26,100,185.0,18500.0
2021010703016164,GMFIL,16,26,500,186.0,93000.0
2021010703016163,GMFIL,46,26,348,187.0,65076.0
2021010703016320,GUFL,34,25,10,219.0,2190.0
2021010703016281,GUFL,1,1,100,220.0,22000.0
2021010703016219,GUFL,45,1,400,220.0,88000.0
2021010703016177,GUFL,45,28,100,220.0,22000.0
2021010703016170,GUFL,28,28,100,220.0,22000.0
2021010703015952,GUFL,49,21,75,220.0,16500.0
2021010703015951,GUFL,34,21,25,220.0,5500.0
2021010703015950,GUFL,3,21,400,221.0,88400.0
2021010703015949,GUFL,34,21,500,221.0,110500.0
2021010703016389,HIDCL,59,49,"2,863",264.0,755832.0
2021010703016388,HIDCL,41,49,100,265.0,26500.0
2021010703016387,HIDCL,6,49,50,265.0,13250.0
2021010703016386,HIDCL,42,49,227,265.0,60155.0
2021010703016293,HIDCL,42,39,61,265.0,16165.0
2021010703016255,HIDCL,42,18,50,265.0,13250.0
2021010703016254,HIDCL,18,36,33,266.0,8778.0
2021010703016216,HIDCL,18,21,59,266.0,15694.0
2021010703016179,HIDCL,42,22,30,265.0,7950.0
2021010703016162,HIDCL,35,21,20,266.0,5320.0
2021010703016051,HIDCL,42,26,12,265.0,3180.0
2021010703016039,HIDCL,59,22,61,264.0,16104.0
2021010703016367,ILBS,57,32,39,1126.0,43914.0
2021010703016081,ILBS,57,58,11,1126.0,12386.0
2021010703016379,JBBL,34,39,500,232.0,116000.0
2021010703016298,JBBL,34,6,50,231.0,11550.0
2021010703016277,JBBL,34,45,124,231.0,28644.0
2021010703016218,JBBL,38,44,100,230.0,23000.0
2021010703016160,JBBL,55,39,"1,000",231.0,231000.0
2021010703016159,JBBL,40,39,300,231.0,69300.0
2021010703016128,JBBL,1,39,"2,000",232.0,464000.0
2021010703016127,JBBL,35,39,500,232.0,116000.0
2021010703016126,JBBL,45,39,210,232.0,48720.0
2021010703016102,JBBL,42,55,100,233.0,23300.0
2021010703016046,JBBL,45,42,500,232.0,116000.0
2021010703016134,JBBL,55,39,"1,000",232.0,232000.0
2021010703016133,JBBL,38,39,"2,000",232.0,464000.0
2021010703016132,JBBL,34,39,30,232.0,6960.0
2021010703016131,JBBL,55,39,"1,000",232.0,232000.0
2021010703016130,JBBL,29,39,150,232.0,34800.0
2021010703016129,JBBL,55,39,500,232.0,116000.0
2021010703016140,JBBL,21,39,170,231.0,39270.0
2021010703016139,JBBL,58,39,500,231.0,115500.0
2021010703016138,JBBL,51,39,340,231.0,78540.0
2021010703016137,JBBL,38,39,"1,000",231.0,231000.0
2021010703016136,JBBL,35,39,"4,130",231.0,954030.0
2021010703016135,JBBL,49,39,"1,000",232.0,232000.0
2021010703016146,JBBL,58,39,"1,000",231.0,231000.0
2021010703016145,JBBL,59,39,100,231.0,23100.0
2021010703016144,JBBL,21,39,200,231.0,46200.0
2021010703016143,JBBL,41,39,200,231.0,46200.0
2021010703016142,JBBL,55,39,500,231.0,115500.0
2021010703016141,JBBL,17,39,150,231.0,34650.0
2021010703016152,JBBL,34,39,"1,000",231.0,231000.0
2021010703016151,JBBL,38,39,500,231.0,115500.0
2021010703016150,JBBL,57,39,30,231.0,6930.0
2021010703016149,JBBL,26,39,"1,000",231.0,231000.0
2021010703016148,JBBL,34,39,"2,000",231.0,462000.0
2021010703016147,JBBL,55,39,500,231.0,115500.0
2021010703016158,JBBL,42,39,80,231.0,18480.0
2021010703016157,JBBL,21,39,500,231.0,115500.0
2021010703016156,JBBL,38,39,200,231.0,46200.0
2021010703016155,JBBL,26,39,500,231.0,115500.0
2021010703016154,JBBL,34,39,30,231.0,6930.0
2021010703016153,JBBL,8,39,215,231.0,49665.0
2021010703016185,JFL,51,45,80,254.0,20320.0
2021010703016184,JFL,34,45,50,254.0,12700.0
2021010703016183,JFL,19,45,500,254.0,127000.0
2021010703016182,JFL,33,45,200,254.0,50800.0
2021010703016372,KMCDB,6,34,80,988.0,79040.0
2021010703016371,KMCDB,6,34,70,988.0,69160.0
2021010703016323,KMCDB,25,34,20,988.0,19760.0
2021010703016176,KMCDB,42,47,10,985.0,9850.0
2021010703016172,KMCDB,25,34,10,988.0,9880.0
2021010703016171,KMCDB,25,38,60,987.0,59220.0
2021010703016053,KMCDB,42,49,10,985.0,9850.0
2021010703016290,KSBBL,53,47,420,218.0,91560.0
2021010703016302,LBBL,22,42,20,209.0,4180.0
2021010703016020,LBBL,17,42,27,209.0,5643.0
2021010703016399,LICN,45,57,280,2000.0,560000.0
2021010703016273,LICN,25,25,10,2002.0,20020.0
