Transact. No.,Symbol,Buyer,Seller,Quantity,Rate,Amount
2021011803023191,ALICL,50,49,200,1115.0,223000.0
2021011803023161,ALICL,34,37,10,1116.0,11160.0
2021011803023132,ALICL,16,37,150,1116.0,167400.0
2021011803022957,ALICL,54,50,177,1110.0,196470.0
2021011803022956,ALICL,54,35,50,1110.0,55500.0
2021011803023313,BFC,57,40,900,155.0,139500.0
2021011803023312,BFC,57,22,100,155.0,15500.0
2021011803023114,BFC,48,40,75,155.0,11625.0
2021011803023113,BFC,48,26,25,155.0,3875.0
2021011803022980,BFC,48,35,100,154.0,15400.0
2021011803023400,CBBL,10,49,50,1387.0,69350.0
2021011803023325,CBBL,10,29,250,1387.0,346750.0
2021011803023265,CBBL,10,20,100,1387.0,138700.0
2021011803023262,CBBL,10,55,30,1387.0,41610.0
2021011803023224,CBBL,10,49,450,1387.0,624150.0
2021011803023223,CBBL,39,49,50,1387.0,69350.0
2021011803023137,CBBL,49,49,100,1388.0,138800.0
2021011803023136,CBBL,43,49,37,1388.0,51356.0
2021011803023135,CBBL,38,49,369,1388.0,512172.0
2021011803023396,CIT,54,56,10,3483.0,34830.0
2021011803023282,CIT,47,56,10,3483.0,34830.0
2021011803023183,CIT,5,22,20,3482.0,69640.0
2021011803023182,CIT,5,44,100,3482.0,348200.0
2021011803023181,CIT,5,58,40,3482.0,139280.0
2021011803023180,CIT,5,22,20,3482.0,69640.0
2021011803023104,CIT,39,35,30,3480.0,104400.0
2021011803022953,CIT,45,35,70,3480.0,243600.0
2021011803022952,CIT,45,14,30,3479.0,104370.0
2021011803023179,CIT,5,3,82,3481.0,285442.0
2021011803023178,CIT,5,28,10,3480.0,34800.0
2021011803023177,CIT,5,50,50,3480.0,174000.0
2021011803023176,CIT,5,6,172,3480.0,598560.0
2021011803023175,CIT,57,6,28,3480.0,97440.0
2021011803023162,CIT,3,35,30,3480.0,104400.0
2021011803023367,CORBL,47,21,250,412.0,103000.0
2021011803023370,DDBL,13,26,10,1680.0,16800.0
2021011803023369,DDBL,13,41,200,1680.0,336000.0
2021011803023368,DDBL,13,1,40,1680.0,67200.0
2021011803023359,DDBL,49,1,10,1680.0,16800.0
2021011803023358,DDBL,49,42,100,1680.0,168000.0
2021011803023357,DDBL,49,37,50,1680.0,84000.0
2021011803023054,DDBL,42,45,25,1679.0,41975.0
2021011803023053,DDBL,8,45,130,1679.0,218270.0
2021011803023023,DDBL,8,43,50,1679.0,83950.0
2021011803023010,DDBL,8,48,20,1679.0,33580.0
2021011803023009,DDBL,19,48,200,1679.0,335800.0
2021011803022994,DDBL,35,57,50,1676.0,83800.0
2021011803023225,DDBL,36,50,100,1680.0,168000.0
2021011803023077,DDBL,19,17,20,1680.0,33600.0
2021011803023076,DDBL,19,14,30,1680.0,50400.0
2021011803023075,DDBL,19,19,50,1680.0,84000.0
2021011803023056,DDBL,49,45,59,1675.0,98825.0
2021011803023055,DDBL,19,45,86,1675.0,144050.0
2021011803023290,DDBL,53,51,20,1680.0,33600.0
2021011803023289,DDBL,53,54,200,1680.0,336000.0
2021011803023288,DDBL,53,57,20,1680.0,33600.0
2021011803023287,DDBL,53,1,10,1680.0,16800.0
2021011803023277,DDBL,6,1,190,1680.0,319200.0
2021011803023276,DDBL,6,17,10,1680.0,16800.0
2021011803023356,DDBL,49,50,40,1680.0,67200.0
2021011803023355,DDBL,49,47,200,1680.0,336000.0
2021011803023334,DDBL,52,50,100,1680.0,168000.0
2021011803023293,DDBL,53,50,10,1680.0,16800.0
2021011803023292,DDBL,53,49,10,1680.0,16800.0
2021011803023291,DDBL,53,45,30,1680.0,50400.0
2021011803023366,FMDBL,6,48,40,701.0,28040.0
2021011803023365,FMDBL,6,41,110,701.0,77110.0
2021011803023360,FMDBL,39,41,250,701.0,175250.0
2021011803023116,FMDBL,16,13,90,700.0,63000.0
2021011803023033,FMDBL,16,45,20,700.0,14000.0
2021011803023032,FMDBL,5,45,330,700.0,231000.0
2021011803023008,FMDBL,5,59,100,700.0,70000.0
2021011803022997,FMDBL,5,6,70,700.0,49000.0
2021011803023371,FOWAD,10,28,200,2399.0,479800.0
2021011803023187,FOWAD,7,34,15,2398.0,35970.0
2021011803023013,FOWAD,16,25,46,2394.0,110124.0
2021011803023205,GBBL,8,39,220,363.0,79860.0
2021011803023185,GBBL,6,6,950,365.0,346750.0
2021011803023184,GBBL,6,42,50,364.0,18200.0
2021011803023145,GBBL,8,39,120,363.0,43560.0
2021011803023101,GBBL,8,39,120,363.0,43560.0
2021011803023057,GBBL,8,39,190,363.0,68970.0
2021011803022996,GBBL,8,39,80,363.0,29040.0
2021011803022995,GBBL,55,39,50,364.0,18200.0
2021011803023322,GBLBS,41,36,40,693.0,27720.0
2021011803023081,GBLBS,46,36,40,693.0,27720.0
2021011803023080,GBLBS,46,38,10,692.0,6920.0
2021011803023030,GBLBS,34,57,50,691.0,34550.0
2021011803023029,GBLBS,57,57,50,691.0,34550.0
2021011803023025,GBLBS,33,11,49,691.0,33859.0
2021011803023024,GBLBS,57,11,50,691.0,34550.0
2021011803023230,GFCL,34,52,635,221.0,140335.0
2021011803023376,GIMES1,7,38,"1,000",13.1,13100.0
2021011803023375,GIMES1,7,6,"3,000",13.1,39300.0
2021011803023271,GLICL,49,20,200,685.0,137000.0
2021011803023174,GLICL,34,47,150,680.0,102000.0
2021011803023173,GLICL,46,47,50,681.0,34050.0
2021011803023274,GMFBS,3,52,30,1391.0,41730.0
2021011803022954,GMFBS,25,50,200,1390.0,278000.0
2021011803023382,GRDBL,57,37,20,172.0,3440.0
2021011803022998,GRDBL,1,7,200,171.0,34200.0
2021011803023326,HIDCL,3,21,10,334.0,3340.0
2021011803023099,ICFC,56,42,150,300.0,45000.0
2021011803023034,ICFC,55,42,70,300.0,21000.0
2021011803023385,ILBS,6,20,187,1400.0,261800.0
2021011803023384,ILBS,6,21,13,1400.0,18200.0
2021011803023339,ILBS,34,21,10,1400.0,14000.0
2021011803023165,ILBS,58,28,53,1394.0,73882.0
2021011803023164,ILBS,20,28,100,1395.0,139500.0
2021011803023372,JBBL,45,46,22,229.0,5038.0
2021011803023134,JBBL,49,46,100,229.0,22900.0
2021011803022977,JBBL,42,46,150,228.0,34200.0
2021011803022976,JBBL,42,50,182,228.0,41496.0
2021011803022948,JBBL,1,32,144,227.0,32688.0
2021011803022947,JBBL,52,32,100,227.0,22700.0
2021011803022946,JBBL,49,32,500,227.0,113500.0
2021011803022945,JBBL,22,32,44,227.0,9988.0
2021011803022944,JBBL,51,32,220,227.0,49940.0
2021011803023398,JSLBB,3,47,18,2305.0,41490.0
2021011803023036,JSLBB,52,47,10,2306.0,23060.0
2021011803023035,JSLBB,43,47,16,2314.0,37024.0
2021011803023022,JSLBB,43,39,15,2314.0,34710.0
2021011803023021,JSLBB,43,34,17,2314.0,39338.0
2021011803023324,KLBSL,55,55,20,1390.0,27800.0
2021011803022991,KLBSL,55,38,10,1390.0,13900.0
2021011803023344,KMCDB,42,35,75,1186.0,88950.0
2021011803023264,KMCDB,11,33,95,1187.0,112765.0
2021011803023063,KMCDB,25,42,10,1190.0,11900.0
2021011803023059,KMCDB,42,20,100,1186.0,118600.0
2021011803023052,KRBL,56,32,20,157.0,3140.0
2021011803023364,KSBBL,10,38,20,295.0,5900.0
2021011803022979,KSBBL,10,1,500,295.0,147500.0
2021011803023340,LBBL,52,5,220,245.0,53900.0
2021011803023154,LBBL,52,35,112,245.0,27440.0
2021011803023153,LBBL,26,35,100,245.0,24500.0
2021011803023152,LBBL,32,35,"1,000",245.0,245000.0
2021011803023151,LBBL,43,35,200,245.0,49000.0
2021011803023150,LBBL,45,35,88,245.0,21560.0
2021011803023423,LICN,56,22,10,2275.0,22750.0
2021011803023337,LICN,56,22,10,2275.0,22750.0
2021011803023336,LICN,56,56,50,2274.0,113700.0
2021011803023335,LICN,56,50,50,2273.0,113650.0
2021011803023004,LICN,56,22,35,2275.0,79625.0
2021011803023003,LICN,56,38,19,2270.0,43130.0
2021011803023002,LICN,56,22,100,2270.0,227000.0
2021011803023001,LICN,56,36,30,2270.0,68100.0
2021011803023000,LICN,56,37,16,2270.0,36320.0
2021011803022972,LICN,56,50,465,2236.0,1039740.0
2021011803022971,LICN,56,50,35,2269.0,79415.0
2021011803023031,LUK,28,32,200,9.95,1990.0
2021011803023190,MDB,39,7,200,365.0,73000.0
2021011803023189,MDB,39,33,50,365.0,18250.0
2021011803022969,MERO,33,34,65,1059.0,68835.0
2021011803022968,MERO,33,13,35,1056.0,36960.0
2021011803023401,MFIL,59,45,100,409.0,40900.0
2021011803023285,MFIL,48,55,100,410.0,41000.0
2021011803023284,MFIL,45,55,200,410.0,82000.0
2021011803023007,MLBL,45,44,"2,000",283.0,566000.0
2021011803022975,MLBL,42,57,75,282.0,21150.0
2021011803023251,MMFDB,58,42,40,1359.0,54360.0
2021011803023248,MMFDB,53,16,10,1360.0,13600.0
2021011803023247,MMFDB,57,16,174,1360.0,236640.0
2021011803023204,MMFDB,57,16,26,1360.0,35360.0
2021011803023203,MMFDB,52,16,24,1360.0,32640.0
2021011803023108,MMFDB,21,37,24,1360.0,32640.0
2021011803023044,MMFDB,35,37,48,1360.0,65280.0
2021011803023043,MMFDB,42,37,128,1360.0,174080.0
2021011803023273,MNBBL,6,33,10,398.0,3980.0
2021011803023245,MNBBL,26,45,50,397.0,19850.0
2021011803023166,MNBBL,26,49,200,397.0,79400.0
2021011803023119,MNBBL,25,33,11,398.0,4378.0
2021011803023079,MPFL,52,4,55,168.0,9240.0
2021011803023078,MPFL,45,4,10,168.0,1680.0
2021011803023397,MSLB,1,45,10,1819.0,18190.0
2021011803023387,MSLB,16,55,100,1802.0,180200.0
2021011803023118,MSLB,34,52,31,1815.0,56265.0
2021011803023058,MSMBS,19,4,40,1069.0,42760.0
2021011803023327,NEF,6,57,333,10.77,3586.41
2021011803023275,NEF,6,26,"2,414",10.77,25998.78
2021011803022955,NEF,6,17,"2,253",10.77,24264.81
2021011803023266,NFS,21,42,40,270.0,10800.0
2021011803023314,NIBLPF,34,32,"1,263",11.65,14713.95
2021011803023217,NIBSF1,7,13,"6,956",12.15,84515.4
2021011803022993,NIBSF1,7,17,"2,500",12.17,30425.0
2021011803022992,NIBSF1,7,35,600,12.1,7260.0
2021011803023148,NICGF,47,6,300,11.24,3372.0
2021011803023422,NLIC,59,29,78,2465.0,192270.0
2021011803023421,NLIC,39,29,90,2465.0,221850.0
2021011803023420,NLIC,36,29,50,2465.0,123250.0
2021011803023419,NLIC,13,29,72,2465.0,177480.0
2021011803023418,NLIC,53,29,10,2466.0,24660.0
2021011803023395,NLIC,49,48,10,2467.0,24670.0
2021011803023061,NLIC,10,5,20,2468.0,49360.0
2021011803023006,NLIC,54,57,113,2466.0,278658.0
2021011803022981,NLIC,35,5,10,2468.0,24680.0
2021011803022961,NLIC,54,25,265,2466.0,653490.0
2021011803022960,NLIC,45,25,10,2467.0,24670.0
2021011803023158,NLIC,45,22,20,2467.0,49340.0
2021011803023157,NLIC,45,14,30,2467.0,74010.0
2021011803023109,NLIC,8,14,170,2467.0,419390.0
2021011803023105,NLIC,8,45,30,2467.0,74010.0
2021011803023098,NLIC,39,5,100,2468.0,246800.0
2021011803023072,NLIC,54,36,500,2466.0,1233000.0
2021011803023341,NLIC,33,5,10,2467.0,24670.0
2021011803023281,NLIC,42,42,20,2467.0,49340.0
2021011803023280,NLIC,59,42,130,2467.0,320710.0
2021011803023279,NLIC,39,42,20,2467.0,49340.0
2021011803023206,NLIC,22,5,50,2468.0,123400.0
2021011803023172,NLIC,39,22,80,2467.0,197360.0
2021011803023350,NLIC,57,28,10,2466.0,24660.0
2021011803023349,NLIC,52,28,100,2466.0,246600.0
2021011803023348,NLIC,35,28,25,2466.0,61650.0
2021011803023347,NLIC,6,28,50,2466.0,123300.0
2021011803023346,NLIC,54,28,310,2466.0,764460.0
2021011803023342,NLIC,54,5,155,2466.0,382230.0
2021011803023394,NLIC,53,28,40,2466.0,98640.0
2021011803023374,NLIC,42,28,15,2466.0,36990.0
2021011803023354,NLIC,52,28,100,2466.0,246600.0
2021011803023353,NLIC,52,28,50,2466.0,123300.0
2021011803023352,NLIC,50,28,100,2466.0,246600.0
2021011803023351,NLIC,48,28,150,2466.0,369900.0
2021011803023393,NLICL,44,38,425,1071.0,455175.0
2021011803023392,NLICL,39,38,75,1071.0,80325.0
2021011803023391,NLICL,51,38,100,1071.0,107100.0
2021011803023390,NLICL,39,38,200,1071.0,214200.0
2021011803023381,NLICL,50,3,150,1072.0,160800.0
2021011803023380,NLICL,26,3,200,1072.0,214400.0
2021011803023074,NLICL,26,20,100,1075.0,107500.0
2021011803023005,NLICL,10,20,493,1075.0,529975.0
2021011803022959,NLICL,10,20,507,1075.0,545025.0
2021011803022958,NLICL,10,45,453,1075.0,486975.0
2021011803023220,NLICL,57,6,50,1073.0,53650.0
2021011803023219,NLICL,19,6,15,1073.0,16095.0
2021011803023124,NLICL,19,22,20,1073.0,21460.0
2021011803023123,NLICL,41,22,100,1073.0,107300.0
2021011803023122,NLICL,42,22,30,1073.0,32190.0
2021011803023121,NLICL,26,22,50,1074.0,53700.0
2021011803023379,NLICL,34,3,85,1072.0,91120.0
2021011803023378,NLICL,45,3,50,1073.0,53650.0
2021011803023377,NLICL,6,3,100,1073.0,107300.0
2021011803023343,NLICL,16,20,200,1075.0,215000.0
2021011803023222,NLICL,34,6,15,1072.0,16080.0
2021011803023221,NLICL,11,6,70,1072.0,75040.0
2021011803023018,NMB50,47,25,500,11.17,5585.0
2021011803023261,NMBMF,1,45,19,1193.0,22667.0
2021011803023208,NMBMF,43,45,481,1193.0,573833.0
2021011803023186,NMBMF,42,54,45,1194.0,53730.0
2021011803023012,NMBMF,4,54,125,1194.0,149250.0
2021011803022942,NMBMF,42,38,16,1195.0,19120.0
2021011803023399,NRIC,48,47,10,1533.0,15330.0
2021011803023321,NRIC,8,36,182,1531.0,278642.0
2021011803023320,NRIC,48,36,35,1532.0,53620.0
2021011803023319,NRIC,50,36,100,1532.0,153200.0
2021011803023318,NRIC,59,36,410,1532.0,628120.0
2021011803023300,NRIC,59,39,40,1532.0,61280.0
2021011803022964,NRIC,29,34,31,1530.0,47430.0
2021011803022963,NRIC,29,25,19,1530.0,29070.0
2021011803022962,NRIC,14,25,30,1530.0,45900.0
2021011803023028,NRIC,41,22,15,1531.0,22965.0
2021011803023027,NRIC,41,46,48,1531.0,73488.0
2021011803023026,NRIC,41,34,59,1530.0,90270.0
2021011803023016,NRIC,37,38,40,1529.0,61160.0
2021011803022974,NRIC,45,34,100,1530.0,153000.0
2021011803022966,NRIC,16,34,20,1530.0,30600.0
2021011803023144,NRIC,32,49,15,1531.0,22965.0
2021011803023143,NRIC,18,49,10,1531.0,15310.0
2021011803023100,NRIC,41,49,38,1531.0,58178.0
2021011803023065,NRIC,22,42,7,1532.0,10724.0
2021011803023064,NRIC,22,55,43,1532.0,65876.0
2021011803023062,NRIC,41,35,40,1531.0,61240.0
2021011803023229,NRIC,56,41,200,1532.0,306400.0
2021011803023228,NRIC,56,42,100,1532.0,153200.0
2021011803023227,NRIC,22,41,20,1531.0,30620.0
2021011803023226,NRIC,11,41,20,1531.0,30620.0
2021011803023192,NRIC,39,42,100,1532.0,153200.0
2021011803023149,NRIC,11,45,30,1531.0,45930.0
2021011803023270,NRIC,59,48,"1,000",1532.0,1532000.0
2021011803023269,NRIC,59,41,100,1532.0,153200.0
2021011803023268,NRIC,59,22,295,1532.0,451940.0
2021011803023267,NRIC,59,41,59,1532.0,90388.0
2021011803023233,NRIC,22,49,20,1531.0,30620.0
2021011803023231,NRIC,53,41,150,1532.0,229800.0
2021011803023415,NRN,49,21,470,367.0,172490.0
2021011803023414,NRN,36,21,90,367.0,33030.0
2021011803023413,NRN,25,21,30,368.0,11040.0
2021011803023129,NRN,36,35,10,367.0,3670.0
2021011803023310,NTC,17,54,10,1354.0,13540.0
2021011803023309,NTC,17,54,300,1354.0,406200.0
2021011803023308,NTC,16,54,200,1354.0,270800.0
2021011803023307,NTC,57,54,150,1354.0,203100.0
2021011803023306,NTC,57,54,50,1355.0,67750.0
2021011803023305,NTC,5,54,10,1355.0,13550.0
2021011803023014,NTC,45,32,50,1355.0,67750.0
2021011803022978,NTC,49,50,43,1355.0,58265.0
2021011803022973,NTC,57,50,100,1354.0,135400.0
2021011803023232,NTC,37,42,100,1356.0,135600.0
2021011803023133,NTC,48,59,200,1356.0,271200.0
2021011803023111,NTC,45,35,50,1355.0,67750.0
2021011803023110,NTC,41,59,100,1356.0,135600.0
2021011803023106,NTC,5,59,200,1356.0,271200.0
2021011803023084,NTC,40,59,500,1356.0,678000.0
2021011803023304,NTC,32,54,100,1355.0,135500.0
2021011803023303,NTC,14,54,30,1355.0,40650.0
2021011803023302,NTC,34,54,50,1355.0,67750.0
2021011803023301,NTC,45,54,100,1355.0,135500.0
2021011803023278,NTC,16,54,50,1356.0,67800.0
2021011803023272,NTC,53,54,10,1356.0,13560.0
2021011803023107,NUBL,4,50,83,1500.0,124500.0
2021011803023068,NUBL,39,50,97,1500.0,145500.0
2021011803023067,NUBL,39,34,50,1499.0,74950.0
2021011803023066,NUBL,39,26,58,1490.0,86420.0
2021011803023017,NUBL,48,26,42,1490.0,62580.0
2021011803023311,OHL,22,57,100,502.0,50200.0
2021011803023156,OHL,22,28,10,504.0,5040.0
2021011803022951,PFL,8,14,100,218.0,21800.0
2021011803022950,PFL,8,52,341,218.0,74338.0
2021011803022949,PFL,8,36,55,218.0,11990.0
2021011804000018,PLI,34,13,10,327.0,3270.0
2021011804000017,PLI,34,51,10,327.0,3270.0
2021011804000016,PLI,34,42,10,327.0,3270.0
2021011804000015,PLI,34,59,10,327.0,3270.0
2021011804000014,PLI,34,58,10,327.0,3270.0
2021011804000013,PLI,34,19,10,327.0,3270.0
2021011804000006,PLI,48,22,10,321.0,3210.0
2021011804000005,PLI,14,45,10,315.0,3150.0
2021011804000004,PLI,14,14,10,309.0,3090.0
2021011804000003,PLI,47,50,10,303.0,3030.0
2021011804000002,PLI,52,33,10,298.0,2980.0
2021011804000001,PLI,22,48,10,286.0,2860.0
2021011804000012,PLI,34,38,10,327.0,3270.0
2021011804000011,PLI,34,22,10,327.0,3270.0
2021011804000010,PLI,34,3,10,327.0,3270.0
2021011804000009,PLI,34,41,10,327.0,3270.0
2021011804000008,PLI,34,41,10,327.0,3270.0
2021011804000007,PLI,34,49,10,327.0,3270.0
2021011803023403,PLIC,34,37,40,830.0,33200.0
2021011803023402,PLIC,34,13,60,830.0,49800.0
2021011803023345,PLIC,57,13,30,830.0,24900.0
2021011803023259,PLIC,34,28,36,826.0,29736.0
2021011803023258,PLIC,57,28,50,826.0,41300.0
2021011803023257,PLIC,36,28,85,827.0,70295.0
2021011803023256,PLIC,25,28,100,828.0,82800.0
2021011803023255,PLIC,40,28,100,828.0,82800.0
2021011803023254,PLIC,28,28,270,828.0,223560.0
2021011803023253,PLIC,43,28,25,829.0,20725.0
2021011803023218,PLIC,43,49,25,829.0,20725.0
2021011803023125,PLIC,13,13,100,830.0,83000.0
2021011803023363,PROFL,45,34,200,150.0,30000.0
2021011803023155,PROFL,45,55,"1,600",150.0,240000.0
2021011803023160,RLFL,44,52,62,196.0,12152.0
2021011803023159,RLFL,42,52,38,196.0,7448.0
2021011803023050,RLFL,42,45,162,196.0,31752.0
2021011803023383,RLI,45,35,10,634.0,6340.0
2021011803023362,RLI,34,47,10,635.0,6350.0
2021011803023361,RLI,34,49,90,635.0,57150.0
2021011803023338,RLI,52,49,100,635.0,63500.0
2021011803023171,RLI,13,49,100,635.0,63500.0
2021011803023163,RLI,45,4,10,634.0,6340.0
2021011803023115,RLI,45,37,10,634.0,6340.0
2021011803022943,RLI,1,49,70,635.0,44450.0
2021011803023316,RSDC,26,13,64,702.0,44928.0
2021011803023020,RSDC,38,54,15,701.0,10515.0
2021011803023019,RSDC,38,42,66,701.0,46266.0
2021011803022970,RSDC,38,42,409,701.0,286709.0
2021011803023416,SABSL,19,36,229,1250.0,286250.0
2021011803023167,SABSL,49,16,11,1250.0,13750.0
2021011803023120,SABSL,6,44,30,1250.0,37500.0
2021011803023417,SADBL,34,33,100,212.0,21200.0
2021011803023317,SADBL,14,33,100,212.0,21200.0
2021011803023188,SADBL,29,26,10,213.0,2130.0
2021011803023126,SADBL,56,26,30,213.0,6390.0
2021011803023011,SADBL,57,49,500,212.0,106000.0
2021011803022999,SADBL,40,49,300,212.0,63600.0
2021011803023373,SAPDBL,39,34,116,165.0,19140.0
2021011803023299,SAPDBL,39,34,179,165.0,29535.0
2021011803023082,SAPDBL,53,34,50,166.0,8300.0
2021011803023131,SDLBSL,8,1,60,1220.0,73200.0
2021011803023130,SDLBSL,25,1,100,1232.0,123200.0
2021011803023117,SDLBSL,25,56,50,1232.0,61600.0
2021011803023060,SEF,47,56,"2,000",10.95,21900.0
2021011803023097,SFCL,48,33,423,162.0,68526.0
2021011803023096,SFCL,48,33,300,162.0,48600.0
2021011803023095,SFCL,20,33,350,162.0,56700.0
2021011803023094,SFCL,34,33,980,162.0,158760.0
2021011803023093,SFCL,20,33,350,163.0,57050.0
2021011803023092,SFCL,42,33,200,163.0,32600.0
2021011803023085,SFCL,48,33,358,165.0,59070.0
2021011803023042,SFCL,48,52,142,165.0,23430.0
2021011803023041,SFCL,38,52,858,165.0,141570.0
2021011803023091,SFCL,35,33,100,163.0,16300.0
2021011803023090,SFCL,22,33,200,163.0,32600.0
2021011803023089,SFCL,42,33,200,164.0,32800.0
2021011803023088,SFCL,46,33,300,164.0,49200.0
2021011803023087,SFCL,57,33,80,164.0,13120.0
2021011803023086,SFCL,42,33,300,165.0,49500.0
2021011803023333,SHINE,44,25,50,273.0,13650.0
2021011803023332,SHINE,49,25,100,273.0,27300.0
2021011803023331,SHINE,57,25,100,273.0,27300.0
2021011803023330,SHINE,44,25,116,273.0,31668.0
2021011803023329,SHINE,6,25,124,274.0,33976.0
2021011803023328,SHINE,21,25,10,275.0,2750.0
2021011803023040,SHINE,45,57,550,274.0,150700.0
2021011803023039,SHINE,44,57,200,274.0,54800.0
2021011803023038,SHINE,21,57,20,274.0,5480.0
2021011803023037,SHINE,57,57,69,274.0,18906.0
2021011803023250,SHINE,6,57,111,274.0,30414.0
2021011803023147,SHL,48,1,200,210.0,42000.0
2021011803023128,SHL,52,6,150,210.0,31500.0
2021011803022967,SHL,59,34,189,209.0,39501.0
2021011803022965,SHL,59,43,461,209.0,96349.0
2021011803023296,SIFC,14,6,"1,822",204.0,371688.0
2021011803023295,SIFC,13,6,100,205.0,20500.0
2021011803023294,SIFC,13,6,78,206.0,16068.0
2021011803023103,SIFC,13,7,22,206.0,4532.0
2021011803023102,SIFC,39,7,80,206.0,16480.0
2021011803023412,SINDU,33,41,10,170.0,1700.0
2021011803023283,SINDU,40,41,79,168.0,13272.0
2021011803023146,SINDU,35,41,20,168.0,3360.0
2021011803023286,SKBBL,19,42,500,1620.0,810000.0
2021011803023244,SKBBL,42,42,218,1620.0,353160.0
2021011803023243,SKBBL,42,32,27,1620.0,43740.0
2021011803023242,SKBBL,42,17,100,1620.0,162000.0
2021011803023241,SKBBL,42,39,50,1620.0,81000.0
2021011803023240,SKBBL,42,19,100,1620.0,162000.0
2021011803023049,SKBBL,48,45,121,1600.0,193600.0
2021011803023048,SKBBL,43,45,100,1600.0,160000.0
2021011803023047,SKBBL,41,45,200,1600.0,320000.0
2021011803023046,SKBBL,49,45,50,1601.0,80050.0
2021011803023045,SKBBL,42,45,153,1601.0,244953.0
2021011803023239,SKBBL,42,49,50,1619.0,80950.0
2021011803023238,SKBBL,42,48,10,1619.0,16190.0
2021011803023237,SKBBL,42,49,75,1619.0,121425.0
2021011803023236,SKBBL,42,57,20,1615.0,32300.0
2021011803023235,SKBBL,42,43,300,1610.0,483000.0
2021011803023234,SKBBL,42,43,50,1601.0,80050.0
2021011803023389,SLBBL,40,1,100,1301.0,130100.0
2021011803023388,SLBBL,40,35,50,1299.0,64950.0
2021011803023298,SLBBL,40,1,69,1300.0,89700.0
2021011803023297,SLBBL,6,1,31,1300.0,40300.0
2021011803023199,SLBBL,6,3,50,1300.0,65000.0
2021011803023198,SLBBL,6,59,146,1300.0,189800.0
2021011803023197,SLBBL,6,42,100,1300.0,130000.0
2021011803023196,SLBBL,6,57,50,1300.0,65000.0
2021011803023195,SLBBL,6,29,472,1300.0,613600.0
2021011803023194,SLBBL,6,14,66,1300.0,85800.0
2021011803023193,SLBBL,6,37,285,1300.0,370500.0
2021011803023142,SLBBL,26,17,100,1299.0,129900.0
2021011803023260,SLBS,55,35,100,1440.0,144000.0
2021011803023411,SLICL,4,41,153,824.0,126072.0
2021011803023410,SLICL,4,14,10,824.0,8240.0
2021011803023409,SLICL,4,34,50,824.0,41200.0
2021011803023408,SLICL,4,58,100,824.0,82400.0
2021011803023407,SLICL,4,42,387,823.0,318501.0
2021011803023406,SLICL,4,16,300,820.0,246000.0
2021011803023071,SLICL,56,10,388,820.0,318160.0
2021011803023070,SLICL,59,10,100,820.0,82000.0
2021011803023069,SLICL,49,10,12,820.0,9840.0
2021011803023386,SLICL,40,42,"1,000",819.0,819000.0
2021011803023315,SLICL,59,16,200,820.0,164000.0
2021011803023202,SLICL,3,42,113,823.0,92999.0
2021011803023201,SLICL,3,32,87,823.0,71601.0
2021011803023200,SLICL,3,14,100,821.0,82100.0
2021011803023083,SLICL,56,42,112,820.0,91840.0
2021011803023015,SMB,34,25,11,1375.0,15125.0
2021011803023207,SMB,34,21,10,1409.0,14090.0
2021011803023141,SMB,34,45,67,1383.0,92661.0
2021011803023140,SMB,34,45,11,1380.0,15180.0
2021011803023139,SMB,34,42,11,1378.0,15158.0
2021011803023138,SMB,34,33,11,1378.0,15158.0
2021011803023252,SNLB,34,52,30,1203.0,36090.0
2021011803023170,SNLB,45,26,18,1190.0,21420.0
2021011803023169,SNLB,32,26,50,1190.0,59500.0
2021011803023168,SNLB,45,26,12,1190.0,14280.0
2021011803023051,SNLB,45,56,40,1190.0,47600.0
2021011803022990,SNLB,45,56,48,1190.0,57120.0
2021011803022983,SNLB,14,56,50,1196.0,59800.0
2021011803022982,SNLB,51,56,38,1197.0,45486.0
2021011803022989,SNLB,36,56,50,1190.0,59500.0
2021011803022988,SNLB,48,56,50,1190.0,59500.0
2021011803022987,SNLB,50,56,700,1194.0,835800.0
2021011803022986,SNLB,28,56,100,1194.0,119400.0
2021011803022985,SNLB,28,56,300,1195.0,358500.0
2021011803022984,SNLB,16,56,14,1195.0,16730.0
2021011803023405,STC,59,59,10,8100.0,81000.0
2021011803023404,STC,59,59,10,8030.0,80300.0
2021011803023323,STC,26,47,30,8030.0,240900.0
2021011803023127,STC,21,59,10,8050.0,80500.0
2021011803023263,SWBBL,42,42,25,1825.0,45625.0
2021011803023246,SWBBL,42,28,10,1825.0,18250.0
2021011803023112,SWBBL,16,28,90,1825.0,164250.0
2021011803023073,UFL,16,38,31,324.0,10044.0
2021011803023216,USLB,32,46,61,1569.0,95709.0
2021011803023215,USLB,32,22,13,1569.0,20397.0
2021011803023214,USLB,32,47,50,1569.0,78450.0
2021011803023213,USLB,32,34,22,1565.0,34430.0
2021011803023212,USLB,32,22,12,1565.0,18780.0
2021011803023211,USLB,32,22,40,1565.0,62600.0
2021011803023210,USLB,32,46,80,1565.0,125200.0
2021011803023209,USLB,32,11,22,1564.0,34408.0
2021011803023249,VLBS,6,38,100,1240.0,124000.0
2021011803022558,ALBSL,19,13,11,1305.0,14355.0
2021011803022915,ALICL,54,34,300,1110.0,333000.0
2021011803022650,ALICL,44,33,50,1108.0,55400.0
2021011803022637,ALICL,57,34,100,1110.0,111000.0
2021011803022817,CBBL,38,45,131,1388.0,181828.0
2021011803022718,CBBL,47,45,200,1388.0,277600.0
2021011803022636,CBBL,45,25,100,1388.0,138800.0
2021011803022550,CBBL,37,50,50,1390.0,69500.0
2021011803022548,CBBL,37,50,80,1390.0,111200.0
2021011803022507,CBBL,44,50,100,1390.0,139000.0
2021011803022506,CBBL,22,50,50,1390.0,69500.0
2021011803022505,CBBL,17,50,200,1390.0,278000.0
2021011803022554,CFCL,57,25,490,202.0,98980.0
2021011803022886,CIT,57,35,129,3475.0,448275.0
2021011803022885,CIT,16,35,20,3479.0,69580.0
2021011803022884,CIT,38,35,25,3479.0,86975.0
2021011803022780,CIT,57,35,12,3480.0,41760.0
2021011803022779,CIT,57,5,10,3479.0,34790.0
2021011803022687,CIT,57,17,56,3475.0,194600.0
2021011803022686,CIT,25,17,10,3475.0,34750.0
2021011803022809,CMF2,6,44,"2,500",10.2,25500.0
2021011803022808,CMF2,6,38,"1,700",10.2,17340.0
2021011803022880,DDBL,7,48,38,1679.0,63802.0
2021011803022846,DDBL,32,48,100,1679.0,167900.0
2021011803022828,DDBL,35,48,17,1679.0,28543.0
2021011803022827,DDBL,35,17,143,1679.0,240097.0
2021011803022826,DDBL,35,43,20,1678.0,33560.0
2021011803022807,DDBL,1,43,50,1678.0,83900.0
2021011803022806,DDBL,48,43,30,1678.0,50340.0
2021011803022695,DDBL,25,48,35,1679.0,58765.0
2021011803022694,DDBL,25,42,15,1679.0,25185.0
2021011803022649,DDBL,41,42,35,1679.0,58765.0
2021011803022648,DDBL,41,26,40,1679.0,67160.0
2021011803022517,EDBL,33,25,11,397.0,4367.0
2021011803022797,FMDBL,44,17,500,700.0,350000.0
2021011803022796,FMDBL,44,13,100,700.0,70000.0
2021011803022795,FMDBL,44,10,350,700.0,245000.0
2021011803022794,FMDBL,44,44,200,700.0,140000.0
2021011803022793,FMDBL,44,32,13,700.0,9100.0
2021011803022786,FMDBL,44,26,50,699.0,34950.0
2021011803022785,FMDBL,44,22,45,699.0,31455.0
2021011803022696,FMDBL,41,22,75,699.0,52425.0
2021011803022792,FMDBL,44,41,190,700.0,133000.0
2021011803022791,FMDBL,44,38,71,700.0,49700.0
2021011803022790,FMDBL,44,58,"1,662",700.0,1163400.0
2021011803022789,FMDBL,44,50,200,700.0,140000.0
2021011803022788,FMDBL,44,44,14,700.0,9800.0
2021011803022787,FMDBL,44,32,45,699.0,31455.0
2021011803022700,FOWAD,42,25,25,2397.0,59925.0
2021011803022661,FOWAD,34,25,29,2397.0,69513.0
2021011803022660,FOWAD,34,21,21,2397.0,50337.0
2021011803022926,GBBL,8,39,200,363.0,72600.0
2021011803022925,GBBL,1,39,100,364.0,36400.0
2021011803022924,GBBL,52,39,85,364.0,30940.0
2021011803022923,GBBL,45,39,245,365.0,89425.0
2021011803022909,GBBL,45,39,355,365.0,129575.0
2021011803022908,GBBL,52,39,500,365.0,182500.0
2021011803022442,GBBL,52,7,315,364.0,114660.0
2021011803022607,GBBL,36,47,15,365.0,5475.0
2021011803022585,GBBL,36,39,40,365.0,14600.0
2021011803022584,GBBL,45,39,100,365.0,36500.0
2021011803022553,GBBL,19,53,300,366.0,109800.0
2021011803022552,GBBL,19,17,200,366.0,73200.0
2021011803022502,GBBL,45,48,400,365.0,146000.0
2021011803022907,GBBL,29,39,145,365.0,52925.0
2021011803022843,GBBL,29,39,330,365.0,120450.0
2021011803022801,GBBL,29,39,590,365.0,215350.0
2021011803022705,GBBL,29,39,35,365.0,12775.0
2021011803022704,GBBL,36,39,225,365.0,82125.0
2021011803022647,GBBL,36,39,220,365.0,80300.0
2021011803022635,GBLBS,33,22,10,691.0,6910.0
2021011803022624,GBLBS,33,13,41,690.0,28290.0
2021011803022567,GBLBS,26,13,100,690.0,69000.0
2021011803022549,GBLBS,33,13,55,691.0,38005.0
2021011803022541,GBLBS,33,38,30,691.0,20730.0
2021011803022540,GBLBS,33,21,50,691.0,34550.0
2021011803022444,GBLBS,36,45,100,690.0,69000.0
2021011803022443,GBLBS,36,10,150,690.0,103500.0
2021011803022460,GBLBS,33,11,335,690.0,231150.0
2021011803022459,GBLBS,33,38,100,690.0,69000.0
2021011803022458,GBLBS,33,57,15,690.0,10350.0
2021011803022457,GBLBS,33,26,50,690.0,34500.0
2021011803022446,GBLBS,36,26,50,690.0,34500.0
2021011803022445,GBLBS,36,33,200,690.0,138000.0
2021011803022539,GBLBS,33,45,65,690.0,44850.0
2021011803022489,GBLBS,33,7,50,689.0,34450.0
2021011803022487,GBLBS,33,45,50,690.0,34500.0
2021011803022486,GBLBS,33,52,50,690.0,34500.0
2021011803022483,GBLBS,21,45,35,690.0,24150.0
2021011803022482,GBLBS,21,11,65,690.0,44850.0
2021011803022744,GILB,14,41,10,1570.0,15700.0
2021011803022452,GIMES1,7,34,"1,500",13.0,19500.0
2021011803022734,GLICL,34,44,146,680.0,99280.0
2021011803022733,GLICL,5,44,23,680.0,15640.0
2021011803022732,GLICL,21,44,200,680.0,136000.0
2021011803022731,GLICL,21,44,270,680.0,183600.0
2021011803022730,GLICL,40,44,200,681.0,136200.0
2021011803022729,GLICL,59,44,19,681.0,12939.0
2021011803022681,GLICL,22,5,20,684.0,13680.0
2021011803022680,GLICL,22,44,"1,280",684.0,875520.0
2021011803022722,GLICL,34,44,500,683.0,341500.0
2021011803022721,GLICL,29,44,20,683.0,13660.0
2021011803022720,GLICL,33,44,100,683.0,68300.0
2021011803022719,GLICL,22,44,640,685.0,438400.0
2021011803022683,GLICL,22,45,105,685.0,71925.0
2021011803022682,GLICL,22,44,"1,955",685.0,1339175.0
2021011803022728,GLICL,22,44,"4,000",681.0,2724000.0
2021011803022727,GLICL,6,44,200,681.0,136200.0
2021011803022726,GLICL,6,44,"5,000",682.0,3410000.0
2021011803022725,GLICL,16,44,21,682.0,14322.0
2021011803022724,GLICL,16,44,500,683.0,341500.0
2021011803022723,GLICL,46,44,161,683.0,109963.0
2021011803022892,GMFBS,25,35,10,1390.0,13900.0
2021011803022758,GMFBS,25,34,22,1390.0,30580.0
2021011803022651,GMFBS,25,41,10,1393.0,13930.0
2021011803022538,GRDBL,1,11,90,171.0,15390.0
2021011803022883,ICFC,56,42,"5,500",300.0,1650000.0
2021011803022753,ICFC,28,45,278,297.0,82566.0
2021011803022752,ICFC,6,45,500,297.0,148500.0
2021011803022751,ICFC,20,45,"1,000",298.0,298000.0
2021011803022750,ICFC,28,45,200,298.0,59600.0
2021011803022749,ICFC,3,45,195,298.0,58110.0
2021011803022468,ICFC,55,49,80,299.0,23920.0
2021011803022467,ICFC,29,49,84,299.0,25116.0
2021011803022748,ICFC,32,45,350,299.0,104650.0
2021011803022747,ICFC,36,45,500,299.0,149500.0
2021011803022746,ICFC,21,45,100,299.0,29900.0
2021011803022745,ICFC,59,45,264,299.0,78936.0
2021011803022576,ICFC,59,49,90,299.0,26910.0
2021011803022469,ICFC,59,49,146,299.0,43654.0
2021011803022835,ILBS,38,21,16,1398.0,22368.0
2021011803022759,ILBS,21,21,60,1400.0,84000.0
2021011803022691,ILBS,38,13,83,1398.0,116034.0
2021011803022656,ILBS,57,21,17,1400.0,23800.0
2021011803022655,ILBS,57,41,11,1400.0,15400.0
2021011803022654,ILBS,57,40,11,1400.0,15400.0
2021011803022653,ILBS,57,36,11,1400.0,15400.0
2021011803022652,ILBS,57,22,50,1400.0,70000.0
2021011803022473,ILBS,51,21,50,1397.0,69850.0
2021011803022834,JBBL,42,50,68,228.0,15504.0
2021011803022833,JBBL,42,4,932,228.0,212496.0
2021011803022739,JBBL,51,44,80,227.0,18160.0
2021011803022738,JBBL,34,44,500,227.0,113500.0
2021011803022737,JBBL,4,44,"1,420",227.0,322340.0
2021011803022670,JBBL,47,4,68,228.0,15504.0
2021011803022669,JBBL,47,51,179,228.0,40812.0
2021011803022668,JBBL,47,56,203,228.0,46284.0
2021011803022557,JBBL,4,33,"3,000",227.0,681000.0
2021011803022743,JFL,45,28,50,274.0,13700.0
2021011803022890,KMCDB,42,20,50,1186.0,59300.0
2021011803022889,KMCDB,42,39,10,1186.0,11860.0
2021011803022677,KMCDB,11,13,10,1185.0,11850.0
2021011803022676,KMCDB,11,21,75,1185.0,88875.0
2021011803022891,KRBL,28,32,16,157.0,2512.0
2021011803022882,KRBL,39,32,150,157.0,23550.0
2021011803022881,KRBL,39,45,50,157.0,7850.0
2021011803022574,KRBL,55,50,256,156.0,39936.0
2021011803022936,LICN,56,37,34,2270.0,77180.0
2021011803022935,LICN,56,10,63,2270.0,143010.0
2021011803022934,LICN,56,14,50,2270.0,113500.0
2021011803022933,LICN,56,52,49,2270.0,111230.0
2021011803022932,LICN,56,25,10,2270.0,22700.0
2021011803022931,LICN,56,42,49,2270.0,111230.0
2021011803022621,LICN,56,3,10,2270.0,22700.0
2021011803022620,LICN,56,54,12,2265.0,27180.0
2021011803022577,LICN,56,54,400,2265.0,906000.0
2021011803022930,LICN,56,3,80,2270.0,181600.0
2021011803022929,LICN,56,19,100,2269.0,226900.0
2021011803022928,LICN,56,6,40,2269.0,90760.0
2021011803022927,LICN,56,6,25,2265.0,56625.0
2021011803022761,LICN,56,3,10,2270.0,22700.0
2021011803022760,LICN,56,49,70,2264.0,158480.0
2021011803022800,LUK,59,25,100,9.87,987.0
2021011803022544,LUK,7,17,"10,000",9.94,99400.0
2021011803022804,MDB,49,33,50,365.0,18250.0
2021011803022803,MDB,49,42,200,365.0,73000.0
2021011803022802,MDB,34,42,400,365.0,146000.0
2021011803022470,MDB,26,42,100,365.0,36500.0
2021011803022916,MERO,52,13,65,1056.0,68640.0
2021011803022914,MERO,52,36,35,1056.0,36960.0
2021011803022693,MERO,45,50,50,1055.0,52750.0
2021011803022456,MERO,49,49,15,1055.0,15825.0
2021011803022564,MERO,45,49,85,1055.0,89675.0
2021011803022481,MERO,52,49,100,1055.0,105500.0
2021011803022876,MFIL,34,55,300,410.0,123000.0
2021011803022875,MFIL,21,55,700,410.0,287000.0
2021011803022638,MFIL,45,1,100,411.0,41100.0
2021011803022821,MLBBL,40,52,20,1502.0,30040.0
2021011803022582,MLBBL,44,28,15,1502.0,22530.0
2021011803022453,MLBBL,28,6,"1,500",1499.0,2248500.0
2021011803022805,MLBL,38,57,380,282.0,107160.0
2021011803022702,MLBL,38,4,170,282.0,47940.0
2021011803022671,MLBL,38,41,450,282.0,126900.0
2021011803022474,MLBL,13,44,295,282.0,83190.0
2021011803022581,MLBL,26,44,100,283.0,28300.0
2021011803022477,MLBL,17,44,"1,000",282.0,282000.0
2021011803022476,MLBL,45,44,"2,000",282.0,564000.0
2021011803022475,MLBL,21,44,100,282.0,28200.0
2021011803022879,MMFDB,42,29,22,1360.0,29920.0
2021011803022878,MMFDB,19,29,61,1360.0,82960.0
2021011803022815,MMFDB,19,19,39,1360.0,53040.0
2021011803022814,MMFDB,34,19,50,1361.0,68050.0
2021011803022813,MMFDB,3,19,100,1363.0,136300.0
2021011803022812,MMFDB,16,19,11,1363.0,14993.0
2021011803022485,MMFDB,13,42,60,1365.0,81900.0
2021011803022451,MMFDB,20,16,40,1366.0,54640.0
2021011803022450,MMFDB,20,41,60,1365.0,81900.0
2021011803022874,MNBBL,26,50,100,397.0,39700.0
2021011803022873,MNBBL,26,17,100,397.0,39700.0
2021011803022872,MNBBL,26,7,100,397.0,39700.0
2021011803022871,MNBBL,26,47,40,397.0,15880.0
2021011803022870,MNBBL,26,21,100,397.0,39700.0
2021011803022869,MNBBL,26,5,10,397.0,3970.0
2021011803022868,MNBBL,26,10,140,397.0,55580.0
2021011803022781,MNBBL,37,50,170,396.0,67320.0
2021011803022776,MNBBL,49,50,200,396.0,79200.0
2021011803022666,MNBBL,20,50,20,396.0,7920.0
2021011803022665,MNBBL,45,50,100,396.0,39600.0
2021011803022845,MPFL,58,4,100,169.0,16900.0
2021011803022844,MPFL,51,4,28,169.0,4732.0
2021011803022633,MSMBS,26,4,200,1069.0,213800.0
2021011803022632,MSMBS,21,4,100,1075.0,107500.0
2021011803022631,MSMBS,26,4,100,1075.0,107500.0
2021011803022572,MSMBS,40,4,100,1076.0,107600.0
2021011803022571,MSMBS,19,4,10,1081.0,10810.0
2021011803022570,MSMBS,26,4,100,1083.0,108300.0
2021011803022569,MSMBS,14,4,100,1085.0,108500.0
2021011803022568,MSMBS,34,4,64,1087.0,69568.0
2021011803022692,NABBC,22,49,50,618.0,30900.0
2021011803022811,NEF,6,11,"3,000",10.76,32280.0
2021011803022810,NEF,6,11,"2,000",10.77,21540.0
2021011803022592,NEF,6,17,"2,253",10.76,24242.28
2021011803022591,NEF,6,17,"2,253",10.76,24242.28
2021011803022590,NEF,6,17,753,10.76,8102.28
2021011803022589,NEF,47,17,"1,500",10.76,16140.0
2021011803022588,NEF,6,17,151,10.76,1624.76
2021011803022587,NEF,47,17,"1,300",10.76,13988.0
2021011803022586,NEF,6,17,802,10.77,8637.54
2021011803022937,NFS,21,14,100,270.0,27000.0
2021011803022798,NIBLPF,25,28,"14,647",11.6,169905.2
2021011803022887,NIBSF1,7,34,"5,000",12.0,60000.0
2021011803022847,NIBSF1,36,48,500,11.99,5995.0
2021011803022454,NLBBL,6,10,500,1320.0,660000.0
2021011803022839,NLIC,54,36,475,2466.0,1171350.0
2021011803022838,NLIC,6,36,25,2468.0,61700.0
2021011803022818,NLIC,6,49,50,2468.0,123400.0
2021011803022782,NLIC,45,25,20,2469.0,49380.0
2021011803022690,NLIC,54,43,10,2466.0,24660.0
2021011803022685,NLIC,49,25,10,2469.0,24690.0
2021011803022465,NLIC,10,5,200,2468.0,493600.0
2021011803022464,NLIC,10,48,100,2468.0,246800.0
2021011803022678,NLIC,28,25,10,2469.0,24690.0
2021011803022664,NLIC,54,54,22,2466.0,54252.0
2021011803022646,NLIC,6,25,75,2469.0,185175.0
2021011803022563,NLIC,54,45,50,2466.0,123300.0
2021011803022547,NLIC,54,45,100,2466.0,246600.0
2021011803022466,NLIC,10,57,20,2468.0,49360.0
2021011803022831,NLICL,50,20,75,1075.0,80625.0
2021011803022643,NLICL,42,26,20,1073.0,21460.0
2021011803022534,NLICL,45,20,500,1075.0,537500.0
2021011803022662,NMB50,42,56,"10,000",11.2,112000.0
2021011803022560,NMBHF1,34,21,"2,000",10.69,21380.0
2021011803022941,NMBMF,42,14,112,1195.0,133840.0
2021011803022663,NMBMF,43,38,90,1195.0,107550.0
2021011803022644,NMBMF,43,46,10,1195.0,11950.0
2021011803022555,NMBMF,54,46,10,1195.0,11950.0
2021011803022522,NMBMF,43,17,19,1193.0,22667.0
2021011803022480,NMBMF,43,33,50,1193.0,59650.0
2021011803022913,NRIC,11,25,50,1530.0,76500.0
2021011803022906,NRIC,45,25,10,1530.0,15300.0
2021011803022905,NRIC,45,25,10,1530.0,15300.0
2021011803022904,NRIC,14,25,60,1530.0,91800.0
2021011803022903,NRIC,42,25,100,1530.0,153000.0
2021011803022902,NRIC,7,25,150,1530.0,229500.0
2021011803022484,NRIC,28,53,50,1532.0,76600.0
2021011803022472,NRIC,33,42,10,1531.0,15310.0
2021011803022524,NRIC,35,32,15,1531.0,22965.0
2021011803022523,NRIC,33,32,540,1531.0,826740.0
2021011803022521,NRIC,1,55,15,1532.0,22980.0
2021011803022508,NRIC,42,55,50,1532.0,76600.0
2021011803022503,NRIC,45,55,90,1532.0,137880.0
2021011803022488,NRIC,33,42,115,1531.0,176065.0
2021011803022530,NRIC,45,32,150,1531.0,229650.0
2021011803022529,NRIC,19,32,60,1531.0,91860.0
2021011803022528,NRIC,7,32,50,1531.0,76550.0
2021011803022527,NRIC,54,32,40,1531.0,61240.0
2021011803022526,NRIC,58,32,200,1531.0,306200.0
2021011803022525,NRIC,59,32,20,1531.0,30620.0
2021011803022583,NRIC,45,46,40,1530.0,61200.0
2021011803022578,NRIC,50,49,105,1531.0,160755.0
2021011803022545,NRIC,34,49,20,1531.0,30620.0
2021011803022543,NRIC,6,49,25,1531.0,38275.0
2021011803022537,NRIC,39,55,10,1532.0,15320.0
2021011803022536,NRIC,39,39,40,1531.0,61240.0
2021011803022598,NRIC,52,45,100,1530.0,153000.0
2021011803022597,NRIC,41,45,11,1530.0,16830.0
2021011803022596,NRIC,29,45,25,1530.0,38250.0
2021011803022595,NRIC,25,45,50,1530.0,76500.0
2021011803022594,NRIC,45,45,100,1530.0,153000.0
2021011803022593,NRIC,45,45,60,1530.0,91800.0
2021011803022604,NRIC,58,45,50,1530.0,76500.0
2021011803022603,NRIC,58,45,300,1530.0,459000.0
2021011803022602,NRIC,42,45,20,1530.0,30600.0
2021011803022601,NRIC,58,45,50,1530.0,76500.0
2021011803022600,NRIC,49,45,100,1530.0,153000.0
2021011803022599,NRIC,14,45,10,1530.0,15300.0
2021011803022657,NRIC,43,17,90,1531.0,137790.0
2021011803022623,NRIC,29,17,10,1531.0,15310.0
2021011803022622,NRIC,29,49,50,1531.0,76550.0
2021011803022610,NRIC,5,17,50,1530.0,76500.0
2021011803022606,NRIC,5,45,124,1530.0,189720.0
2021011803022605,NRIC,17,45,"1,000",1530.0,1530000.0
2021011803022707,NRIC,32,47,100,1530.0,153000.0
2021011803022706,NRIC,5,47,26,1530.0,39780.0
2021011803022701,NRIC,38,59,15,1531.0,22965.0
2021011803022697,NRIC,5,57,100,1530.0,153000.0
2021011803022679,NRIC,22,59,50,1531.0,76550.0
2021011803022658,NRIC,43,59,410,1531.0,627710.0
2021011803022713,NRIC,29,47,100,1530.0,153000.0
2021011803022712,NRIC,45,47,100,1530.0,153000.0
2021011803022711,NRIC,53,47,100,1530.0,153000.0
2021011803022710,NRIC,52,47,60,1530.0,91800.0
2021011803022709,NRIC,49,47,100,1530.0,153000.0
2021011803022708,NRIC,35,47,300,1530.0,459000.0
2021011803022755,NRIC,43,42,10,1531.0,15310.0
2021011803022754,NRIC,43,59,50,1531.0,76550.0
2021011803022740,NRIC,42,59,10,1531.0,15310.0
2021011803022716,NRIC,35,47,44,1530.0,67320.0
2021011803022715,NRIC,38,47,30,1530.0,45900.0
2021011803022714,NRIC,45,47,40,1530.0,61200.0
2021011803022766,NRIC,58,6,75,1530.0,114750.0
2021011803022765,NRIC,35,6,56,1530.0,85680.0
2021011803022764,NRIC,22,6,55,1531.0,84205.0
2021011803022763,NRIC,43,6,10,1531.0,15310.0
2021011803022757,NRIC,43,32,50,1531.0,76550.0
2021011803022756,NRIC,43,4,20,1531.0,30620.0
2021011803022772,NRIC,17,6,10,1530.0,15300.0
2021011803022771,NRIC,29,6,100,1530.0,153000.0
2021011803022770,NRIC,58,6,100,1530.0,153000.0
2021011803022769,NRIC,44,6,50,1530.0,76500.0
2021011803022768,NRIC,57,6,50,1530.0,76500.0
2021011803022767,NRIC,16,6,50,1530.0,76500.0
2021011803022830,NRIC,50,29,35,1531.0,53585.0
2021011803022829,NRIC,1,29,50,1531.0,76550.0
2021011803022819,NRIC,55,55,42,1532.0,64344.0
2021011803022775,NRIC,42,6,44,1530.0,67320.0
2021011803022774,NRIC,28,6,300,1530.0,459000.0
2021011803022773,NRIC,28,6,200,1530.0,306000.0
2021011803022859,NRIC,51,32,100,1530.0,153000.0
2021011803022858,NRIC,21,32,300,1530.0,459000.0
2021011803022857,NRIC,17,32,20,1530.0,30600.0
2021011803022856,NRIC,22,32,100,1530.0,153000.0
2021011803022855,NRIC,1,32,50,1530.0,76500.0
2021011803022854,NRIC,42,32,281,1530.0,429930.0
2021011803022865,NRIC,36,32,29,1530.0,44370.0
2021011803022864,NRIC,36,32,50,1530.0,76500.0
2021011803022863,NRIC,48,32,200,1530.0,306000.0
2021011803022862,NRIC,34,32,20,1530.0,30600.0
2021011803022861,NRIC,52,32,50,1530.0,76500.0
2021011803022860,NRIC,43,32,300,1530.0,459000.0
2021011803022901,NRIC,50,25,100,1530.0,153000.0
2021011803022900,NRIC,59,25,200,1530.0,306000.0
2021011803022899,NRIC,45,25,50,1530.0,76500.0
2021011803022898,NRIC,36,25,21,1530.0,32130.0
2021011803022896,NRIC,11,46,35,1531.0,53585.0
2021011803022895,NRIC,11,29,15,1531.0,22965.0
2021011803022520,NRN,41,29,80,370.0,29600.0
2021011803022519,NRN,41,46,10,369.0,3690.0
2021011803022518,NRN,41,21,10,369.0,3690.0
2021011803022736,NTC,38,50,457,1355.0,619235.0
2021011803022735,NTC,40,50,500,1355.0,677500.0
2021011803022674,NTC,50,20,50,1353.0,67650.0
2021011803022673,NTC,22,20,100,1353.0,135300.0
2021011803022672,NTC,55,20,49,1353.0,66297.0
2021011803022659,NTC,22,59,50,1356.0,67800.0
2021011803022533,NTC,48,59,220,1356.0,298320.0
2021011803022532,NTC,48,16,150,1355.0,203250.0
2021011803022531,NTC,48,19,30,1355.0,40650.0
2021011803022471,NTC,17,20,100,1355.0,135500.0
2021011803022625,NTC,51,59,50,1356.0,67800.0
2021011803022615,NTC,55,25,51,1353.0,69003.0
2021011803022614,NTC,1,25,100,1353.0,135300.0
2021011803022613,NTC,7,25,10,1354.0,13540.0
2021011803022612,NTC,36,25,100,1354.0,135400.0
2021011803022611,NTC,22,25,30,1355.0,40650.0
2021011803022888,NUBL,36,38,100,1499.0,149900.0
2021011803022616,NUBL,37,38,50,1499.0,74950.0
2021011803022455,NUBL,50,50,100,1500.0,150000.0
2021011803022822,OHL,22,57,60,502.0,30120.0
2021011803022629,OHL,33,32,500,503.0,251500.0
2021011803022628,OHL,56,32,500,503.0,251500.0
2021011803022627,OHL,58,32,200,503.0,100600.0
2021011803022626,OHL,45,32,100,503.0,50300.0
2021011803022504,OHL,45,16,100,503.0,50300.0
2021011803022940,PFL,19,36,10,218.0,2180.0
2021011803022938,PFL,39,36,10,218.0,2180.0
2021011803022645,PFL,19,41,100,217.0,21700.0
2021011803022512,PFL,47,36,116,218.0,25288.0
2021011803022511,PFL,47,3,20,218.0,4360.0
2021011803022510,PFL,47,35,464,218.0,101152.0
2021011803022462,PFL,45,35,36,218.0,7848.0
2021011803022461,PFL,45,38,14,218.0,3052.0
2021011803022820,PLIC,28,26,10,828.0,8280.0
2021011803022689,PLIC,28,17,200,828.0,165600.0
2021011803022688,PLIC,53,17,300,829.0,248700.0
2021011803022580,PLIC,44,1,80,829.0,66320.0
2021011803022579,PLIC,44,43,20,829.0,16580.0
2021011803022619,RLFL,42,43,100,196.0,19600.0
2021011803022448,RLFL,42,5,400,196.0,78400.0
2021011803022447,RLFL,8,5,100,196.0,19600.0
2021011803022897,RLI,41,49,10,635.0,6350.0
2021011803022893,RLI,59,17,10,633.0,6330.0
2021011803022850,RLI,59,49,30,635.0,19050.0
2021011803022849,RLI,59,25,10,635.0,6350.0
2021011803022848,RLI,59,26,60,635.0,38100.0
2021011803022717,RLI,59,57,10,633.0,6330.0
2021011803022515,RLI,16,51,30,635.0,19050.0
2021011803022514,RLI,16,11,10,635.0,6350.0
2021011803022513,RLI,16,34,10,635.0,6350.0
2021011803022699,RLI,38,26,40,635.0,25400.0
2021011803022698,RLI,38,17,10,634.0,6340.0
2021011803022617,RLI,16,14,180,634.0,114120.0
2021011803022562,RLI,16,41,130,634.0,82420.0
2021011803022561,RLI,16,17,10,634.0,6340.0
2021011803022516,RLI,16,38,"1,000",636.0,636000.0
2021011803022784,RMDC,14,6,10,1205.0,12050.0
2021011803022783,RMDC,14,13,29,1201.0,34829.0
2021011803022449,RMDC,42,13,100,1201.0,120100.0
2021011803022939,RSDC,52,42,25,701.0,17525.0
2021011803022911,RSDC,58,49,43,700.0,30100.0
2021011803022910,RSDC,58,49,75,700.0,52500.0
2021011803022842,RSDC,38,22,41,702.0,28782.0
2021011803022841,RSDC,38,53,50,701.0,35050.0
2021011803022608,RSDC,34,53,50,701.0,35050.0
2021011803022556,RSDC,34,41,10,703.0,7030.0
2021011803022840,SABSL,49,44,21,1250.0,26250.0
2021011803022609,SABSL,29,44,89,1250.0,111250.0
2021011803022894,SADBL,28,49,200,212.0,42400.0
2021011803022741,SADBL,34,26,40,213.0,8520.0
2021011803022573,SADBL,55,19,100,212.0,21200.0
2021011803022546,SADBL,1,26,400,213.0,85200.0
2021011803022642,SAEF,34,42,140,12.8,1792.0
2021011803022675,SAPDBL,35,18,11,168.0,1848.0
2021011803022501,SAPDBL,39,35,793,165.0,130845.0
2021011803022500,SAPDBL,7,35,200,165.0,33000.0
2021011803022499,SAPDBL,25,35,"1,000",165.0,165000.0
2021011803022498,SAPDBL,53,35,50,165.0,8250.0
2021011803022497,SAPDBL,1,35,500,165.0,82500.0
2021011803022490,SAPDBL,14,35,80,167.0,13360.0
2021011803022496,SAPDBL,39,35,200,166.0,33200.0
2021011803022495,SAPDBL,28,35,37,166.0,6142.0
2021011803022494,SAPDBL,26,35,100,166.0,16600.0
2021011803022493,SAPDBL,1,35,50,166.0,8300.0
2021011803022492,SAPDBL,52,35,"1,000",166.0,166000.0
2021011803022491,SAPDBL,59,35,490,166.0,81340.0
2021011803022684,SEF,47,56,"2,000",11.0,22000.0
2021011803022867,SFCL,38,34,142,165.0,23430.0
2021011803022866,SFCL,38,34,858,165.0,141570.0
2021011803022825,SFCL,34,59,158,166.0,26228.0
2021011803022824,SFCL,34,58,25,166.0,4150.0
2021011803022823,SFCL,34,49,17,166.0,2822.0
2021011803022640,SFCL,38,19,442,165.0,72930.0
2021011803022639,SFCL,14,19,58,165.0,9570.0
2021011803022618,SFCL,14,19,20,165.0,3300.0
2021011803022877,SHINE,44,57,250,275.0,68750.0
2021011803022837,SHINE,21,57,50,275.0,13750.0
2021011803022565,SHINE,13,57,500,275.0,137500.0
2021011803022559,SHINE,57,34,100,274.0,27400.0
2021011803022836,SINDU,35,41,10,169.0,1690.0
2021011803022703,SINDU,38,34,70,166.0,11620.0
2021011803022535,SINDU,58,36,100,167.0,16700.0
2021011803022853,SLBBL,38,29,28,1300.0,36400.0
2021011803022852,SLBBL,38,52,18,1300.0,23400.0
2021011803022851,SLBBL,38,48,54,1299.0,70146.0
2021011803022816,SLBBL,38,48,62,1299.0,80538.0
2021011803022799,SLBBL,3,48,150,1299.0,194850.0
2021011803022742,SLBBL,3,50,50,1299.0,64950.0
2021011803022566,SLBBL,52,48,87,1299.0,113013.0
2021011803022509,SLBBL,34,35,30,1298.0,38940.0
2021011803022575,SLBSL,47,41,50,1249.0,62450.0
2021011803022479,SLBSL,38,13,13,1249.0,16237.0
2021011803022912,SLICL,49,54,150,820.0,123000.0
2021011803022832,SLICL,49,45,88,820.0,72160.0
2021011803022778,SLICL,16,42,68,818.0,55624.0
2021011803022777,SLICL,41,42,30,819.0,24570.0
2021011803022667,SLICL,16,38,50,818.0,40900.0
2021011803022641,SLICL,59,38,100,818.0,81800.0
2021011803022634,SLICL,48,38,50,818.0,40900.0
2021011803022551,SLICL,56,10,408,820.0,334560.0
2021011803022478,SLICL,56,32,100,820.0,82000.0
2021011803022630,STC,21,5,10,8090.0,80900.0
2021011803022542,SWBBL,45,41,200,1825.0,365000.0
2021011803022463,SWBBL,16,41,300,1824.0,547200.0
2021011803022922,UFL,34,6,116,320.0,37120.0
2021011803022921,UFL,5,6,100,320.0,32000.0
2021011803022920,UFL,7,6,300,320.0,96000.0
2021011803022919,UFL,19,6,344,320.0,110080.0
2021011803022918,UFL,49,6,500,321.0,160500.0
2021011803022917,UFL,7,6,30,321.0,9630.0
2021011803022762,UFL,7,36,136,322.0,43792.0
2021011803022383,ALBSL,21,22,300,1319.0,395700.0
2021011803022339,ALBSL,21,22,236,1319.0,311284.0
2021011803022272,ALBSL,38,51,11,1304.0,14344.0
2021011803022262,ALBSL,21,22,200,1319.0,263800.0
2021011803022261,ALBSL,21,45,100,1318.0,131800.0
2021011803022195,ALBSL,21,19,500,1318.0,659000.0
2021011803022403,ALICL,50,34,100,1110.0,111000.0
2021011803022401,ALICL,49,49,"11,880",1115.0,13246200.0
2021011803022363,ALICL,49,10,"2,000",1115.0,2230000.0
2021011803022359,ALICL,49,43,100,1115.0,111500.0
2021011803022358,ALICL,49,54,140,1115.0,156100.0
2021011803022357,ALICL,49,56,71,1114.0,79094.0
2021011803022356,ALICL,49,41,261,1114.0,290754.0
2021011803022355,ALICL,49,50,290,1110.0,321900.0
2021011803022337,ALICL,43,50,100,1110.0,111000.0
2021011803022336,ALICL,22,50,50,1110.0,55500.0
2021011803022335,ALICL,39,50,60,1110.0,66600.0
2021011803022316,ALICL,34,56,10,1114.0,11140.0
2021011803022427,BFC,48,35,100,154.0,15400.0
2021011803022292,BFC,48,35,"3,100",154.0,477400.0
2021011803022133,BFC,5,26,"1,000",155.0,155000.0
2021011803022004,BFC,48,59,100,154.0,15400.0
2021011803022143,CFCL,49,25,10,203.0,2030.0
2021011803021949,CFCL,52,55,28,203.0,5684.0
2021011803021948,CFCL,52,17,50,203.0,10150.0
2021011803022389,CIT,39,48,10,3475.0,34750.0
2021011803022388,CIT,22,48,15,3475.0,52125.0
2021011803022387,CIT,29,48,14,3477.0,48678.0
2021011803022386,CIT,49,48,30,3478.0,104340.0
2021011803022385,CIT,57,48,22,3480.0,76560.0
2021011803022184,CIT,49,45,24,3481.0,83544.0
2021011803022183,CIT,49,7,22,3481.0,76582.0
2021011803022162,CIT,22,38,20,3480.0,69600.0
2021011803022022,CIT,57,7,28,3481.0,97468.0
2021011803022226,CMF1,20,38,200,10.08,2016.0
2021011803022331,DDBL,25,26,10,1679.0,16790.0
2021011803022328,DDBL,19,3,50,1675.0,83750.0
2021011803022301,DDBL,19,42,34,1675.0,56950.0
2021011803022300,DDBL,34,42,60,1675.0,100500.0
2021011803022299,DDBL,39,42,30,1675.0,50250.0
2021011803022298,DDBL,8,42,100,1675.0,167500.0
2021011803022163,DDBL,49,21,99,1675.0,165825.0
2021011803022297,DDBL,35,42,50,1676.0,83800.0
2021011803022296,DDBL,1,42,26,1676.0,43576.0
2021011803022260,DDBL,1,37,50,1676.0,83800.0
2021011803022259,DDBL,1,7,24,1676.0,40224.0
2021011803022229,DDBL,38,7,31,1676.0,51956.0
2021011803022228,DDBL,38,5,10,1676.0,16760.0
2021011803022303,EDBL,29,6,26,392.0,10192.0
2021011803022207,EDBL,6,6,"1,400",393.0,550200.0
2021011803022119,EDBL,45,6,500,393.0,196500.0
2021011803022053,EDBL,25,6,30,394.0,11820.0
2021011803022052,EDBL,57,6,100,394.0,39400.0
2021011803022051,EDBL,35,6,244,394.0,96136.0
2021011803022050,EDBL,53,6,100,394.0,39400.0
2021011803022049,EDBL,3,6,600,394.0,236400.0
2021011803022435,FMDBL,35,22,60,699.0,41940.0
2021011803022309,FMDBL,41,59,50,697.0,34850.0
2021011803022274,FMDBL,47,59,200,697.0,139400.0
2021011803022271,FMDBL,56,59,100,697.0,69700.0
2021011803022270,FMDBL,19,59,500,697.0,348500.0
2021011803022269,FMDBL,19,59,100,697.0,69700.0
2021011803021993,FMDBL,34,4,70,699.0,48930.0
2021011803021992,FMDBL,35,4,100,699.0,69900.0
2021011803021991,FMDBL,3,4,885,699.0,618615.0
2021011803021963,FMDBL,42,44,295,700.0,206500.0
2021011803022164,FMDBL,51,18,100,698.0,69800.0
2021011803022129,FMDBL,39,32,55,698.0,38390.0
2021011803022096,FMDBL,5,22,100,699.0,69900.0
2021011803022090,FMDBL,56,22,150,699.0,104850.0
2021011803021995,FMDBL,39,4,445,698.0,310610.0
2021011803021994,FMDBL,39,4,300,698.0,209400.0
2021011803022268,FMDBL,58,59,500,697.0,348500.0
2021011803022267,FMDBL,58,59,500,697.0,348500.0
2021011803022266,FMDBL,58,59,50,697.0,34850.0
2021011803022240,FMDBL,6,22,70,699.0,48930.0
2021011803022210,FMDBL,58,7,50,697.0,34850.0
2021011803022209,FMDBL,42,7,50,697.0,34850.0
2021011803022310,FOWAD,10,43,20,2393.0,47860.0
2021011803022089,FOWAD,34,25,100,2395.0,239500.0
2021011803022048,FOWAD,33,21,12,2397.0,28764.0
2021011803022047,FOWAD,33,51,43,2396.0,103028.0
2021011803021990,FOWAD,16,51,21,2396.0,50316.0
2021011803021957,FOWAD,16,26,59,2396.0,141364.0
2021011803022441,GBBL,47,7,"1,115",364.0,405860.0
2021011803022440,GBBL,14,7,70,365.0,25550.0
2021011803022439,GBBL,19,7,500,365.0,182500.0
2021011803022368,GBBL,19,4,100,365.0,36500.0
2021011803022317,GBBL,19,11,100,365.0,36500.0
2021011803022273,GBBL,47,13,15,364.0,5460.0
2021011803022011,GBBL,40,6,105,364.0,38220.0
2021011803022208,GBBL,47,4,315,364.0,114660.0
2021011803022148,GBBL,47,6,150,364.0,54600.0
2021011803022147,GBBL,47,16,405,364.0,147420.0
2021011803022014,GBBL,40,16,595,364.0,216580.0
2021011803022013,GBBL,40,6,150,364.0,54600.0
2021011803022012,GBBL,40,6,150,364.0,54600.0
2021011803022430,GBLBS,25,10,50,690.0,34500.0
2021011803022429,GBLBS,25,21,100,690.0,69000.0
2021011803022412,GBLBS,34,21,160,690.0,110400.0
2021011803022411,GBLBS,34,58,50,690.0,34500.0
2021011803022410,GBLBS,34,44,15,690.0,10350.0
2021011803022409,GBLBS,34,38,50,690.0,34500.0
2021011803022174,GBLBS,25,42,200,690.0,138000.0
2021011803022103,GBLBS,41,42,100,690.0,69000.0
2021011803022085,GBLBS,36,42,50,690.0,34500.0
2021011803021955,GBLBS,57,42,75,690.0,51750.0
2021011803021954,GBLBS,57,26,100,690.0,69000.0
2021011803021953,GBLBS,57,4,25,690.0,17250.0
2021011803022408,GBLBS,34,14,25,690.0,17250.0
2021011803022224,GBLBS,49,14,25,690.0,17250.0
2021011803022223,GBLBS,49,43,50,690.0,34500.0
2021011803022222,GBLBS,49,42,25,690.0,17250.0
2021011803022212,GBLBS,33,37,90,689.0,62010.0
2021011803022204,GBLBS,41,42,50,690.0,34500.0
2021011803022330,GIMES1,7,1,500,13.05,6525.0
2021011803022149,GLBSL,7,42,10,1127.0,11270.0
2021011803022239,GLICL,29,44,20,684.0,13680.0
2021011803022220,GLICL,10,44,45,685.0,30825.0
2021011803022219,GLICL,10,50,200,685.0,137000.0
2021011803022218,GLICL,10,44,755,685.0,517175.0
2021011803022203,GLICL,46,14,39,683.0,26637.0
2021011803022202,GLICL,57,14,50,683.0,34150.0
2021011803022201,GLICL,22,14,11,683.0,7513.0
2021011803022189,GLICL,38,25,200,684.0,136800.0
2021011803022124,GMFBS,45,53,10,1366.0,13660.0
2021011803022379,GMFIL,39,25,25,214.0,5350.0
2021011803022378,GMFIL,39,14,200,214.0,42800.0
2021011803022377,GMFIL,39,6,100,214.0,21400.0
2021011803022376,GMFIL,39,33,75,212.0,15900.0
2021011803022289,HIDCL,3,32,100,334.0,33400.0
2021011803022211,HIDCL,3,14,10,334.0,3340.0
2021011803021964,HIDCL,3,42,61,334.0,20374.0
2021011803022082,ICFC,29,49,500,299.0,149500.0
2021011803022072,ICFC,29,16,200,299.0,59800.0
2021011803021996,ICFC,19,42,400,300.0,120000.0
2021011803021956,ILBS,51,26,50,1397.0,69850.0
2021011803022436,JBBL,45,56,50,228.0,11400.0
2021011803022109,JBBL,55,56,250,228.0,57000.0
2021011803022108,JBBL,44,56,"2,000",228.0,456000.0
2021011803022107,JBBL,5,56,200,228.0,45600.0
2021011803022106,JBBL,57,56,200,228.0,45600.0
2021011803022105,JBBL,37,56,30,228.0,6840.0
2021011803022104,JBBL,55,56,"2,067",228.0,471276.0
2021011803022024,JBBL,29,1,500,229.0,114500.0
2021011803021969,JBBL,45,46,21,229.0,4809.0
2021011803022434,JFL,52,45,100,272.0,27200.0
2021011803022414,JFL,45,28,50,274.0,13700.0
2021011803022345,JFL,41,45,50,275.0,13750.0
2021011803022344,JFL,41,37,200,275.0,55000.0
2021011803022227,KLBSL,53,54,20,1390.0,27800.0
2021011803022302,KMCDB,25,42,11,1190.0,13090.0
2021011803022295,KMCDB,1,42,50,1190.0,59500.0
2021011803022167,KMCDB,11,44,120,1185.0,142200.0
2021011803022166,KMCDB,56,44,100,1185.0,118500.0
2021011803022165,KMCDB,42,44,90,1185.0,106650.0
2021011803022102,KMCDB,42,13,10,1185.0,11850.0
2021011803022055,KMCDB,41,42,200,1190.0,238000.0
2021011803022333,KRBL,55,32,451,156.0,70356.0
2021011803022194,LBBL,45,41,112,245.0,27440.0
2021011803022193,LBBL,59,41,88,245.0,21560.0
2021011803022170,LICN,56,28,110,2265.0,249150.0
2021011803022169,LICN,56,54,50,2265.0,113250.0
2021011803021970,LICN,36,35,30,2265.0,67950.0
2021011803022308,MDB,21,42,100,365.0,36500.0
2021011803022098,MDB,26,42,100,365.0,36500.0
2021011803022246,MERO,45,34,98,1055.0,103390.0
2021011803022245,MERO,14,34,50,1055.0,52750.0
2021011803022244,MERO,28,34,50,1055.0,52750.0
2021011803022243,MERO,3,34,200,1056.0,211200.0
2021011803022045,MERO,42,54,50,1060.0,53000.0
2021011803022028,MERO,35,14,40,1057.0,42280.0
2021011803022242,MERO,58,34,200,1056.0,211200.0
2021011803022241,MERO,35,34,102,1057.0,107814.0
2021011803022078,MERO,57,34,100,1059.0,105900.0
2021011803022402,MFIL,21,45,200,410.0,82000.0
2021011803022254,MFIL,21,49,100,410.0,41000.0
2021011803022010,MFIL,6,1,50,411.0,20550.0
2021011803022008,MFIL,17,49,200,411.0,82200.0
2021011803022007,MFIL,17,26,50,411.0,20550.0
2021011803022225,MLBBL,59,6,390,1499.0,584610.0
2021011803022186,MLBBL,40,6,35,1499.0,52465.0
2021011803022182,MLBBL,41,6,75,1499.0,112425.0
2021011803022038,MLBBL,59,44,60,1500.0,90000.0
2021011803022037,MLBBL,59,16,11,1500.0,16500.0
2021011803022036,MLBBL,59,32,50,1500.0,75000.0
2021011803022035,MLBBL,59,46,50,1500.0,75000.0
2021011803022034,MLBBL,59,10,100,1500.0,150000.0
2021011803022033,MLBBL,59,28,10,1500.0,15000.0
2021011803022032,MLBBL,59,17,28,1500.0,42000.0
2021011803022306,MLBL,49,44,300,283.0,84900.0
2021011803022263,MLBL,49,44,300,283.0,84900.0
2021011803021979,MLBL,17,25,174,285.0,49590.0
2021011803021978,MLBL,17,45,408,285.0,116280.0
2021011803021977,MLBL,17,41,50,284.0,14200.0
2021011803021976,MLBL,17,16,34,284.0,9656.0
2021011803021983,MLBL,17,4,874,283.0,247342.0
2021011803021982,MLBL,17,4,126,285.0,35910.0
2021011803021981,MLBL,17,41,108,285.0,30780.0
2021011803021980,MLBL,17,25,100,285.0,28500.0
2021011803022216,MLBL,45,44,"1,871",283.0,529493.0
2021011803022188,MLBL,45,41,129,283.0,36507.0
2021011803022187,MLBL,17,41,71,283.0,20093.0
2021011803022118,MMFDB,16,19,89,1363.0,121307.0
2021011803022021,MMFDB,21,16,100,1366.0,136600.0
2021011803022398,MNBBL,6,10,860,397.0,341420.0
2021011803022397,MNBBL,6,34,100,397.0,39700.0
2021011803022396,MNBBL,6,37,40,397.0,15880.0
2021011803022395,MNBBL,6,39,500,396.0,198000.0
2021011803022394,MNBBL,6,32,100,396.0,39600.0
2021011803022393,MNBBL,6,25,400,396.0,158400.0
2021011803022332,MNBBL,22,25,100,396.0,39600.0
2021011803022171,MNBBL,41,37,150,397.0,59550.0
2021011803022157,MNBBL,6,7,100,395.0,39500.0
2021011803022112,MPFL,51,13,699,169.0,118131.0
2021011803022095,MSLB,52,16,90,1800.0,162000.0
2021011803022094,MSLB,38,16,10,1800.0,18000.0
2021011803022006,MSLB,1,46,50,1801.0,90050.0
2021011803022005,MSLB,26,46,50,1801.0,90050.0
2021011803022305,MSMBS,34,4,36,1087.0,39132.0
2021011803022185,MSMBS,19,4,50,1087.0,54350.0
2021011803021972,MSMBS,46,4,320,1087.0,347840.0
2021011803022373,NBF2,42,7,"1,400",10.27,14378.0
2021011803022372,NBF2,42,34,"1,000",10.27,10270.0
2021011803022371,NBF2,42,51,100,10.27,1027.0
2021011803022370,NBF2,42,38,"3,600",10.27,36972.0
2021011803022159,NEF,6,1,483,10.77,5201.91
2021011803022294,NLBBL,10,10,300,1321.0,396300.0
2021011803022130,NLBBL,39,54,50,1317.0,65850.0
2021011803022426,NLIC,13,48,38,2465.0,93670.0
2021011803022425,NLIC,59,48,100,2465.0,246500.0
2021011803022424,NLIC,55,48,150,2465.0,369750.0
2021011803022423,NLIC,45,48,69,2465.0,170085.0
2021011803022422,NLIC,35,48,35,2466.0,86310.0
2021011803022421,NLIC,28,48,10,2466.0,24660.0
2021011803021952,NLIC,45,51,44,2468.0,108592.0
2021011803021950,NLIC,54,59,22,2466.0,54252.0
2021011803022100,NLIC,45,41,94,2469.0,232086.0
2021011803022003,NLIC,53,48,32,2466.0,78912.0
2021011803022002,NLIC,35,48,10,2466.0,24660.0
2021011803022001,NLIC,54,48,98,2466.0,241668.0
2021011803021985,NLIC,54,41,"1,044",2466.0,2574504.0
2021011803021984,NLIC,45,41,156,2468.0,385008.0
2021011803022200,NLIC,42,25,60,2469.0,148140.0
2021011803022146,NLIC,50,25,50,2469.0,123450.0
2021011803022132,NLIC,45,57,17,2469.0,41973.0
2021011803022117,NLIC,45,29,50,2469.0,123450.0
2021011803022113,NLIC,45,1,22,2469.0,54318.0
2021011803022101,NLIC,45,44,17,2469.0,41973.0
2021011803022420,NLIC,32,48,150,2466.0,369900.0
2021011803022419,NLIC,16,48,60,2466.0,147960.0
2021011803022418,NLIC,53,48,168,2466.0,414288.0
2021011803022417,NLIC,57,48,10,2468.0,24680.0
2021011803022416,NLIC,45,48,10,2468.0,24680.0
2021011803022415,NLIC,45,48,200,2468.0,493600.0
2021011803022431,NLICL,5,20,200,1075.0,215000.0
2021011803022307,NLICL,42,43,50,1073.0,53650.0
2021011803022283,NLICL,40,20,100,1075.0,107500.0
2021011803022264,NLICL,6,48,100,1074.0,107400.0
2021011803022110,NLICL,5,20,10,1075.0,10750.0
2021011803022375,NMB50,14,7,500,11.17,5585.0
2021011803022374,NMB50,14,43,100,11.16,1116.0
2021011803022126,NMB50,42,32,"2,100",11.0,23100.0
2021011803022125,NMB50,33,32,900,11.0,9900.0
2021011803022173,NMBMF,43,46,180,1195.0,215100.0
2021011803022172,NMBMF,43,39,70,1195.0,83650.0
2021011803022433,NMFBS,33,33,700,2468.0,1727600.0
2021011803022432,NMFBS,33,55,20,2468.0,49360.0
2021011803022438,NRIC,21,53,40,1532.0,61280.0
2021011803022391,NRIC,21,53,10,1532.0,15320.0
2021011803022390,NRIC,21,29,90,1532.0,137880.0
2021011803022360,NRIC,16,29,10,1532.0,15320.0
2021011803022354,NRIC,16,26,490,1532.0,750680.0
2021011803022353,NRIC,5,26,10,1532.0,15320.0
2021011803021965,NRIC,29,14,150,1532.0,229800.0
2021011803021951,NRIC,33,17,70,1531.0,107170.0
2021011803022017,NRIC,20,49,50,1532.0,76600.0
2021011803022016,NRIC,20,42,10,1532.0,15320.0
2021011803022015,NRIC,20,32,130,1532.0,199160.0
2021011803021987,NRIC,38,32,370,1532.0,566840.0
2021011803021986,NRIC,38,14,30,1532.0,45960.0
2021011803021971,NRIC,33,48,70,1531.0,107170.0
2021011803022079,NRIC,20,45,260,1532.0,398320.0
2021011803022046,NRIC,20,48,50,1532.0,76600.0
2021011803022043,NRIC,20,28,20,1532.0,30640.0
2021011803022027,NRIC,20,21,50,1532.0,76600.0
2021011803022023,NRIC,20,50,20,1532.0,30640.0
2021011803022018,NRIC,20,45,"1,000",1532.0,1532000.0
2021011803022178,NRIC,8,34,10,1532.0,15320.0
2021011803022177,NRIC,25,34,160,1532.0,245120.0
2021011803022122,NRIC,25,28,10,1532.0,15320.0
2021011803022116,NRIC,25,45,330,1532.0,505560.0
2021011803022081,NRIC,33,45,690,1531.0,1056390.0
2021011803022080,NRIC,6,45,50,1532.0,76600.0
2021011803022265,NRIC,16,46,300,1532.0,459600.0
2021011803022217,NRIC,16,40,200,1532.0,306400.0
2021011803022197,NRIC,53,55,50,1533.0,76650.0
2021011803022191,NRIC,33,53,230,1531.0,352130.0
2021011803022190,NRIC,32,53,70,1532.0,107240.0
2021011803022179,NRIC,32,34,30,1532.0,45960.0
2021011803022352,NRIC,5,38,20,1532.0,30640.0
2021011803022351,NRIC,14,38,20,1532.0,30640.0
2021011803022312,NRIC,51,59,35,1533.0,53655.0
2021011803022311,NRIC,51,55,40,1533.0,61320.0
2021011803022304,NRIC,14,46,480,1532.0,735360.0
2021011803022291,NRIC,25,46,20,1532.0,30640.0
2021011803022327,NRN,28,29,152,370.0,56240.0
2021011803022326,NRN,28,26,10,370.0,3700.0
2021011803022325,NRN,28,42,10,370.0,3700.0
2021011803022324,NRN,28,4,50,369.0,18450.0
2021011803022323,NRN,28,14,200,369.0,73800.0
2021011803022322,NRN,28,14,492,369.0,181548.0
2021011803022060,NRN,35,3,16,369.0,5904.0
2021011803022059,NRN,35,6,10,368.0,3680.0
2021011803022058,NRN,35,34,10,368.0,3680.0
2021011803022057,NRN,35,55,10,367.0,3670.0
2021011803022056,NRN,35,34,10,367.0,3670.0
2021011803022321,NRN,28,49,10,369.0,3690.0
2021011803022320,NRN,28,58,10,369.0,3690.0
2021011803022319,NRN,28,39,66,369.0,24354.0
2021011803022287,NRN,45,45,10,366.0,3660.0
2021011803022062,NRN,35,39,234,369.0,86346.0
2021011803022061,NRN,35,13,10,369.0,3690.0
2021011803022428,NTC,34,50,30,1355.0,40650.0
2021011803022392,NTC,16,59,500,1356.0,678000.0
2021011803022381,NTC,41,54,50,1358.0,67900.0
2021011803022380,NTC,41,58,50,1358.0,67900.0
2021011803022367,NTC,34,35,20,1355.0,27100.0
2021011803022366,NTC,17,35,440,1355.0,596200.0
2021011803022029,NTC,1,21,20,1355.0,27100.0
2021011803021968,NTC,1,38,280,1355.0,379400.0
2021011803021967,NTC,46,38,50,1355.0,67750.0
2021011803021966,NTC,36,38,70,1355.0,94850.0
2021011803022066,NTC,39,51,200,1356.0,271200.0
2021011803022065,NTC,39,45,50,1356.0,67800.0
2021011803022064,NTC,39,55,15,1356.0,20340.0
2021011803022063,NTC,39,37,80,1356.0,108480.0
2021011803022031,NTC,34,21,60,1355.0,81300.0
2021011803022030,NTC,34,21,20,1355.0,27100.0
2021011803022088,NTC,41,19,40,1354.0,54160.0
2021011803022087,NTC,25,19,70,1355.0,94850.0
2021011803022086,NTC,34,19,90,1355.0,121950.0
2021011803022069,NTC,39,58,440,1358.0,597520.0
2021011803022068,NTC,39,1,200,1358.0,271600.0
2021011803022067,NTC,39,42,15,1357.0,20355.0
2021011803022181,NTC,1,48,90,1354.0,121860.0
2021011803022180,NTC,41,48,160,1354.0,216640.0
2021011803022150,NTC,25,25,50,1355.0,67750.0
2021011803022145,NTC,19,25,100,1355.0,135500.0
2021011803022131,NTC,44,25,30,1355.0,40650.0
2021011803022127,NTC,33,25,200,1355.0,271000.0
2021011803022275,NTC,1,58,10,1358.0,13580.0
2021011803022253,NTC,7,57,20,1357.0,27140.0
2021011803022206,NTC,17,25,120,1355.0,162600.0
2021011803022199,NTC,7,21,30,1354.0,40620.0
2021011803022198,NTC,7,48,10,1354.0,13540.0
2021011803022196,NTC,42,48,40,1354.0,54160.0
2021011803022334,NUBL,22,34,50,1501.0,75050.0
2021011803022281,NUBL,50,48,100,1500.0,150000.0
2021011803022215,NUBL,52,50,20,1500.0,30000.0
2021011803022214,NUBL,52,25,150,1500.0,225000.0
2021011803022213,NUBL,52,47,50,1500.0,75000.0
2021011803022400,OHL,35,28,90,504.0,45360.0
2021011803022399,OHL,35,48,10,504.0,5040.0
2021011803022338,PFL,19,18,12,217.0,2604.0
2021011803022286,PFL,19,18,12,217.0,2604.0
2021011803022407,PLIC,25,13,10,830.0,8300.0
2021011803022406,PLIC,25,49,100,830.0,83000.0
2021011803022405,PLIC,25,13,200,830.0,166000.0
2021011803022404,PLIC,25,49,390,830.0,323700.0
2021011803022342,PLIC,39,49,110,830.0,91300.0
2021011803022341,PLIC,39,51,20,830.0,16600.0
2021011803022039,PLIC,10,58,35,829.0,29015.0
2021011803022340,PLIC,39,41,70,830.0,58100.0
2021011803022315,PLIC,28,59,20,828.0,16560.0
2021011803022314,PLIC,11,59,130,828.0,107640.0
2021011803022313,PLIC,57,59,50,828.0,41400.0
2021011803022248,PLIC,41,25,200,829.0,165800.0
2021011803022247,PLIC,41,58,65,829.0,53885.0
2021011803022258,RLFL,44,41,137,195.0,26715.0
2021011803022257,RLFL,33,41,25,195.0,4875.0
2021011803022329,RLI,16,34,10,634.0,6340.0
2021011803022285,RLI,16,16,100,634.0,63400.0
2021011803022284,RLI,16,41,70,634.0,44380.0
2021011803022256,RLI,59,38,10,633.0,6330.0
2021011803022252,RLI,37,41,100,634.0,63400.0
2021011803022221,RLI,59,55,10,633.0,6330.0
2021011803021997,RLI,59,34,10,633.0,6330.0
2021011803022158,RLI,59,49,10,633.0,6330.0
2021011803022155,RLI,45,41,30,634.0,19020.0
2021011803022154,RLI,45,47,10,634.0,6340.0
2021011803022153,RLI,45,4,10,634.0,6340.0
2021011803022144,RLI,59,13,30,633.0,18990.0
2021011803022009,RLI,59,17,10,633.0,6330.0
2021011803022168,RMDC,35,41,200,1200.0,240000.0
2021011803022077,RMDC,8,6,440,1205.0,530200.0
2021011803022076,RMDC,8,14,50,1204.0,60200.0
2021011803022075,RMDC,8,6,500,1203.0,601500.0
2021011803022074,RMDC,8,53,10,1202.0,12020.0
2021011803022073,RMDC,37,53,300,1201.0,360300.0
2021011803022293,RSDC,47,47,95,703.0,66785.0
2021011803022236,RSDC,58,16,25,700.0,17500.0
2021011803022235,RSDC,35,16,20,700.0,14000.0
2021011803022234,RSDC,47,16,300,700.0,210000.0
2021011803022233,RSDC,39,16,491,700.0,343700.0
2021011803022232,RSDC,32,16,50,701.0,35050.0
2021011803022231,RSDC,51,16,269,701.0,188569.0
2021011803022230,RSDC,32,16,50,702.0,35100.0
2021011803022364,SABSL,49,44,25,1250.0,31250.0
2021011803022152,SABSL,11,44,40,1250.0,50000.0
2021011803022151,SABSL,49,44,25,1250.0,31250.0
2021011803022041,SABSL,18,39,11,1245.0,13695.0
2021011803022040,SABSL,18,38,22,1244.0,27368.0
2021011803022384,SADBL,28,26,200,213.0,42600.0
2021011803022350,SADBL,1,57,100,212.0,21200.0
2021011803022349,SADBL,45,57,100,212.0,21200.0
2021011803022348,SADBL,51,57,50,212.0,10600.0
2021011803022347,SADBL,52,57,100,212.0,21200.0
2021011803022346,SADBL,54,57,150,212.0,31800.0
2021011803022156,SAEF,7,41,300,12.66,3798.0
2021011803022142,SDLBSL,8,51,200,1232.0,246400.0
2021011803022141,SDLBSL,8,17,10,1230.0,12300.0
2021011803022140,SDLBSL,8,45,10,1230.0,12300.0
2021011803022139,SDLBSL,8,1,50,1230.0,61500.0
2021011803022138,SDLBSL,8,44,20,1230.0,24600.0
2021011803022137,SDLBSL,8,49,10,1230.0,12300.0
2021011803022136,SDLBSL,8,21,10,1230.0,12300.0
2021011803022135,SDLBSL,8,35,10,1230.0,12300.0
2021011803022134,SDLBSL,8,4,50,1230.0,61500.0
2021011803022111,SDLBSL,51,8,10,1216.0,12160.0
2021011803022382,SFCL,14,1,22,165.0,3630.0
2021011803022365,SFCL,48,1,178,165.0,29370.0
2021011803022280,SFCL,48,50,300,165.0,49500.0
2021011803022279,SFCL,48,46,275,165.0,45375.0
2021011803022278,SFCL,48,17,10,165.0,1650.0
2021011803022277,SFCL,48,59,200,165.0,33000.0
2021011803022276,SFCL,48,34,37,165.0,6105.0
2021011803022237,SFCL,42,34,100,165.0,16500.0
2021011803022161,SHINE,1,57,100,275.0,27500.0
2021011803022097,SHINE,44,57,200,275.0,55000.0
2021011803022083,SHINE,21,57,200,275.0,55000.0
2021011803021999,SHINE,57,47,35,274.0,9590.0
2021011803021998,SHINE,44,47,10,274.0,2740.0
2021011803022343,SHL,57,34,200,210.0,42000.0
2021011803022318,SHL,17,28,100,211.0,21100.0
2021011803022255,SHL,19,28,500,211.0,105500.0
2021011803022192,SKBBL,42,52,347,1601.0,555547.0
2021011803022413,SLBBL,38,48,13,1299.0,16887.0
2021011803022288,SLBBL,38,47,87,1299.0,113013.0
2021011803022093,SLBBL,19,47,13,1299.0,16887.0
2021011803022092,SLBBL,19,41,87,1299.0,113013.0
2021011803022091,SLBBL,48,41,300,1299.0,389700.0
2021011803022070,SLBBL,6,35,100,1298.0,129800.0
2021011803021989,SLBBL,1,41,186,1299.0,241614.0
2021011803021988,SLBBL,1,43,14,1298.0,18172.0
2021011803021962,SLBBL,1,43,100,1298.0,129800.0
2021011803021961,SLBBL,1,38,200,1298.0,259600.0
2021011803021960,SLBBL,6,43,11,1298.0,14278.0
2021011803021959,SLBBL,6,34,89,1298.0,115522.0
2021011803022251,SLBS,32,51,21,1430.0,30030.0
2021011803022250,SLBS,38,51,10,1431.0,14310.0
2021011803022249,SLBS,42,51,69,1435.0,99015.0
2021011803022084,SLBS,49,50,79,1435.0,113365.0
2021011803021947,SLBSL,38,38,20,1249.0,24980.0
2021011803021946,SLBSL,38,38,10,1249.0,12490.0
2021011803021945,SLBSL,33,38,400,1249.0,499600.0
2021011803021944,SLBSL,6,38,200,1249.0,249800.0
2021011803021943,SLBSL,43,38,50,1249.0,62450.0
2021011803021942,SLBSL,5,38,100,1249.0,124900.0
2021011803022437,SLICL,56,19,11,820.0,9020.0
2021011803022290,SLICL,48,4,500,818.0,409000.0
2021011803022238,SLICL,48,10,50,818.0,40900.0
2021011803022205,SLICL,46,10,413,820.0,338660.0
2021011803022176,SLICL,46,42,237,820.0,194340.0
2021011803022175,SLICL,46,45,50,820.0,41000.0
2021011803022054,SLICL,48,10,559,818.0,457262.0
2021011803022044,SLICL,6,10,500,818.0,409000.0
2021011803022026,SLICL,41,10,10,819.0,8190.0
2021011803022025,SLICL,48,10,610,819.0,499590.0
2021011803022123,SLICL,48,10,400,817.0,326800.0
2021011803022121,SLICL,35,10,59,817.0,48203.0
2021011803022120,SLICL,40,10,100,819.0,81900.0
2021011803022115,SLICL,49,32,13,823.0,10699.0
2021011803022114,SLICL,49,6,87,823.0,71601.0
2021011803022099,SLICL,48,10,441,818.0,360738.0
2021011803022160,SMB,16,41,11,1350.0,14850.0
2021011803022042,SMB,34,13,11,1350.0,14850.0
2021011803022128,SMFDB,55,4,60,1160.0,69600.0
2021011803022369,SNLB,46,38,57,1200.0,68400.0
2021011803021975,SNLB,16,56,86,1195.0,102770.0
2021011803021974,SNLB,45,56,14,1195.0,16730.0
2021011803021958,SNLB,45,38,100,1195.0,119500.0
2021011803022071,SWBBL,45,44,104,1825.0,189800.0
2021011803021973,TRH,53,56,100,334.0,33400.0
2021011803022020,UFL,7,43,270,321.0,86670.0
2021011803022019,UFL,58,43,30,321.0,9630.0
2021011803022362,VLBS,48,55,59,1235.0,72865.0
2021011803022361,VLBS,51,55,10,1238.0,12380.0
2021011803022282,VLBS,48,20,100,1235.0,123500.0
2021011803022000,VLBS,48,20,50,1235.0,61750.0
2021011803021873,ACLBSL,6,26,100,1304.0,130400.0
2021011803021797,ACLBSL,6,42,10,1304.0,13040.0
2021011803021829,ALBSL,33,42,10,1303.0,13030.0
2021011803021820,ALBSL,33,17,11,1303.0,14333.0
2021011803021596,ALBSL,22,45,229,1310.0,299990.0
2021011803021595,ALBSL,22,6,11,1310.0,14410.0
2021011803021594,ALBSL,22,34,10,1310.0,13100.0
2021011803021593,ALBSL,22,45,31,1310.0,40610.0
2021011803021592,ALBSL,22,18,11,1309.0,14399.0
2021011803021591,ALBSL,22,14,14,1308.0,18312.0
2021011803021767,ALICL,39,50,140,1110.0,155400.0
2021011803021766,ALICL,38,50,100,1110.0,111000.0
2021011803021765,ALICL,57,50,35,1110.0,38850.0
2021011803021764,ALICL,51,50,25,1110.0,27750.0
2021011803021550,BBC,25,43,40,3085.0,123400.0
2021011803021605,BFC,5,26,200,155.0,31000.0
2021011803021604,BFC,5,13,200,154.0,30800.0
2021011803021603,BFC,5,7,100,154.0,15400.0
2021011803021819,CBBL,50,6,10,1394.0,13940.0
2021011803021777,CBBL,17,28,100,1390.0,139000.0
2021011803021552,CBBL,17,10,500,1390.0,695000.0
2021011803021903,CIT,22,35,50,3480.0,174000.0
2021011803021807,CIT,22,41,10,3480.0,34800.0
2021011803021669,CIT,6,5,53,3480.0,184440.0
2021011803021668,CIT,6,7,100,3480.0,348000.0
2021011803021667,CIT,6,57,54,3480.0,187920.0
2021011803021666,CIT,6,55,19,3480.0,66120.0
2021011803021665,CIT,6,5,50,3480.0,174000.0
2021011803021664,CIT,6,45,10,3478.0,34780.0
2021011803021810,CLBSL,44,38,11,968.0,10648.0
2021011803021705,DDBL,53,45,20,1675.0,33500.0
2021011803021647,DDBL,53,45,60,1675.0,100500.0
2021011803021587,DDBL,19,45,40,1675.0,67000.0
2021011803021586,DDBL,19,5,110,1675.0,184250.0
2021011803021544,EDBL,33,52,31,398.0,12338.0
2021011803021874,FMDBL,3,51,300,699.0,209700.0
2021011803021728,FMDBL,3,1,105,699.0,73395.0
2021011803021704,FMDBL,3,59,10,699.0,6990.0
2021011803021661,FMDBL,3,57,500,699.0,349500.0
2021011803021567,FMDBL,3,50,200,699.0,139800.0
2021011803021514,FMDBL,50,44,21,700.0,14700.0
2021011803021513,FMDBL,50,35,179,699.0,125121.0
2021011803021455,FMDBL,38,35,71,699.0,49629.0
2021011803021878,FOWAD,16,57,20,2396.0,47920.0
2021011803021877,FOWAD,58,57,10,2398.0,23980.0
2021011803021898,GBBL,52,41,82,362.0,29684.0
2021011803021897,GBBL,49,41,40,362.0,14480.0
2021011803021896,GBBL,43,41,250,362.0,90500.0
2021011803021895,GBBL,44,41,100,363.0,36300.0
2021011803021894,GBBL,42,41,50,363.0,18150.0
2021011803021893,GBBL,44,41,11,363.0,3993.0
2021011803021461,GBBL,51,44,"3,000",365.0,1095000.0
2021011803021460,GBBL,14,44,150,365.0,54750.0
2021011803021515,GBBL,26,20,"1,000",364.0,364000.0
2021011803021474,GBBL,53,6,100,365.0,36500.0
2021011803021473,GBBL,56,6,100,365.0,36500.0
2021011803021464,GBBL,59,44,500,365.0,182500.0
2021011803021463,GBBL,49,44,50,365.0,18250.0
2021011803021462,GBBL,29,44,300,365.0,109500.0
2021011803021683,GBBL,58,6,115,364.0,41860.0
2021011803021655,GBBL,58,6,150,364.0,54600.0
2021011803021638,GBBL,58,6,150,364.0,54600.0
2021011803021617,GBBL,58,6,85,364.0,30940.0
2021011803021616,GBBL,58,6,65,364.0,23660.0
2021011803021565,GBBL,58,13,35,364.0,12740.0
2021011803021763,GBBL,13,39,35,364.0,12740.0
2021011803021758,GBBL,13,6,150,364.0,54600.0
2021011803021722,GBBL,13,39,415,364.0,151060.0
2021011803021721,GBBL,58,39,10,364.0,3640.0
2021011803021720,GBBL,52,39,65,364.0,23660.0
2021011803021684,GBBL,52,6,35,364.0,12740.0
2021011803021835,GBBL,6,39,265,364.0,96460.0
2021011803021815,GBBL,44,39,149,363.0,54087.0
2021011803021814,GBBL,51,39,41,363.0,14883.0
2021011803021813,GBBL,16,39,200,363.0,72600.0
2021011803021812,GBBL,28,39,270,363.0,98010.0
2021011803021811,GBBL,56,39,200,363.0,72600.0
2021011803021862,GBBL,44,13,40,363.0,14520.0
2021011803021854,GBBL,6,6,45,364.0,16380.0
2021011803021853,GBBL,6,39,140,364.0,50960.0
2021011803021838,GBBL,6,6,150,364.0,54600.0
2021011803021837,GBBL,6,6,150,364.0,54600.0
2021011803021836,GBBL,6,6,250,364.0,91000.0
2021011803021865,GBLBS,33,42,10,689.0,6890.0
2021011803021852,GBLBS,42,4,35,690.0,24150.0
2021011803021851,GBLBS,42,57,50,690.0,34500.0
2021011803021850,GBLBS,42,52,100,690.0,69000.0
2021011803021849,GBLBS,42,56,15,690.0,10350.0
2021011803021793,GBLBS,33,6,500,689.0,344500.0
2021011803021470,GBLBS,4,26,50,686.0,34300.0
2021011803021642,GBLBS,33,57,45,687.0,30915.0
2021011803021641,GBLBS,42,57,55,687.0,37785.0
2021011803021636,GBLBS,42,38,145,687.0,99615.0
2021011803021516,GBLBS,55,38,200,687.0,137400.0
2021011803021501,GBLBS,42,38,150,687.0,103050.0
2021011803021500,GBLBS,42,26,50,686.0,34300.0
2021011803021729,GBLBS,28,54,100,688.0,68800.0
2021011803021703,GBLBS,33,36,100,687.0,68700.0
2021011803021679,GBLBS,49,58,10,688.0,6880.0
2021011803021678,GBLBS,49,22,10,688.0,6880.0
2021011803021677,GBLBS,49,11,80,688.0,55040.0
2021011803021643,GBLBS,33,10,100,687.0,68700.0
2021011803021792,GBLBS,33,42,60,689.0,41340.0
2021011803021791,GBLBS,33,41,10,689.0,6890.0
2021011803021790,GBLBS,33,17,813,689.0,560157.0
2021011803021732,GBLBS,28,42,15,688.0,10320.0
2021011803021731,GBLBS,28,13,85,688.0,58480.0
2021011803021730,GBLBS,28,58,285,688.0,196080.0
2021011803021823,GFCL,16,52,10,225.0,2250.0
2021011803021499,GFCL,34,47,170,221.0,37570.0
2021011803021472,GFCL,13,52,450,222.0,99900.0
2021011803021471,GFCL,16,52,530,222.0,117660.0
2021011803021522,GILB,37,40,18,1551.0,27918.0
2021011803021795,GIMES1,7,7,"5,000",13.0,65000.0
2021011803021881,GLBSL,7,17,10,1127.0,11270.0
2021011803021798,GLBSL,7,41,10,1127.0,11270.0
2021011803021872,GLICL,22,10,25,683.0,17075.0
2021011803021817,GLICL,22,10,19,683.0,12977.0
2021011803021635,GLICL,22,32,105,683.0,71715.0
2021011803021628,GLICL,22,41,10,683.0,6830.0
2021011803021900,GMFBS,53,42,10,1366.0,13660.0
2021011803021858,GMFBS,53,42,10,1391.0,13910.0
2021011803021542,GMFIL,36,52,40,210.0,8400.0
2021011803021541,GMFIL,46,52,500,210.0,105000.0
2021011803021540,GMFIL,18,52,460,210.0,96600.0
2021011803021871,HIDCL,3,45,31,334.0,10354.0
2021011803021660,HIDCL,3,41,31,334.0,10354.0
2021011803021639,HIDCL,3,50,200,334.0,66800.0
2021011803021696,ICFC,29,6,100,299.0,29900.0
2021011803021551,ICFC,29,42,"1,000",300.0,300000.0
2021011803021804,ILBS,45,32,100,1397.0,139700.0
2021011803021769,ILBS,47,13,11,1394.0,15334.0
2021011803021745,ILBS,45,34,30,1396.0,41880.0
2021011803021533,ILBS,57,26,30,1394.0,41820.0
2021011803021932,JBBL,55,42,729,228.0,166212.0
2021011803021892,JBBL,55,33,204,228.0,46512.0
2021011803021891,JBBL,55,33,196,228.0,44688.0
2021011803021650,JBBL,55,45,19,228.0,4332.0
2021011803021640,JFL,46,45,100,274.0,27400.0
2021011803021589,JSLBB,43,10,17,2305.0,39185.0
2021011803021925,KMCDB,43,42,69,1190.0,82110.0
2021011803021915,KMCDB,43,7,10,1190.0,11900.0
2021011803021914,KMCDB,43,22,21,1190.0,24990.0
2021011803021857,KMCDB,25,22,10,1190.0,11900.0
2021011803021827,KMCDB,25,17,50,1183.0,59150.0
2021011803021826,KMCDB,25,57,50,1180.0,59000.0
2021011803021741,KMCDB,44,17,108,1176.0,127008.0
2021011803021740,KMCDB,44,19,30,1175.0,35250.0
2021011803021724,KMCDB,42,42,10,1171.0,11710.0
2021011803021886,KRBL,34,32,49,156.0,7644.0
2021011803021885,KRBL,34,32,151,156.0,23556.0
2021011803021781,KRBL,6,32,10,156.0,1560.0
2021011803021625,KRBL,35,45,100,155.0,15500.0
2021011803021562,KRBL,35,37,10,155.0,1550.0
2021011803021558,KRBL,35,51,60,155.0,9300.0
2021011803021531,KRBL,34,18,30,154.0,4620.0
2021011803021530,KRBL,36,18,10,154.0,1540.0
2021011803021529,KRBL,17,18,60,154.0,9240.0
2021011803021505,KRBL,17,49,600,154.0,92400.0
2021011803021861,LBBL,59,38,12,245.0,2940.0
2021011803021860,LBBL,45,38,10,245.0,2450.0
2021011803021843,LICN,56,35,466,2265.0,1055490.0
2021011803021842,LICN,56,35,50,2259.0,112950.0
2021011803021841,LICN,56,25,409,2256.0,922704.0
2021011803021840,LICN,56,34,50,2255.0,112750.0
2021011803021839,LICN,56,10,25,2255.0,56375.0
2021011803021442,LICN,35,49,20,2240.0,44800.0
2021011803021446,LICN,35,32,200,2250.0,450000.0
2021011803021445,LICN,35,50,44,2250.0,99000.0
2021011803021444,LICN,35,6,25,2250.0,56250.0
2021011803021443,LICN,35,35,500,2250.0,1125000.0
2021011803021771,LLBS,43,53,50,1600.0,80000.0
2021011803021899,MDB,34,59,100,364.0,36400.0
2021011803021511,MDB,54,42,100,365.0,36500.0
2021011803021880,MERO,35,41,100,1057.0,105700.0
2021011803021822,MERO,35,59,158,1057.0,167006.0
2021011803021768,MERO,56,54,500,1060.0,530000.0
2021011803021487,MERO,34,54,"1,000",1060.0,1060000.0
2021011803021486,MERO,33,54,100,1060.0,106000.0
2021011803021485,MERO,50,54,100,1060.0,106000.0
2021011803021484,MERO,6,54,30,1061.0,31830.0
2021011803021483,MERO,48,54,19,1062.0,20178.0
2021011803021832,MFIL,45,26,100,411.0,41100.0
2021011803021524,MFIL,58,26,50,411.0,20550.0
2021011803021523,MFIL,58,38,150,410.0,61500.0
2021011803021926,MLBBL,20,45,120,1499.0,179880.0
2021011803021913,MLBL,17,22,55,283.0,15565.0
2021011803021742,MLBL,13,22,55,282.0,15510.0
2021011803021726,MLBL,13,37,200,282.0,56400.0
2021011803021725,MLBL,13,44,50,282.0,14100.0
2021011803021520,MMFDB,41,16,54,1366.0,73764.0
2021011803021519,MMFDB,41,7,146,1362.0,198852.0
2021011803021518,MMFDB,41,20,300,1360.0,408000.0
2021011803021495,MMFDB,8,20,100,1360.0,136000.0
2021011803021494,MMFDB,39,20,100,1360.0,136000.0
2021011803021493,MMFDB,22,20,100,1360.0,136000.0
2021011803021478,MMFDB,41,7,20,1363.0,27260.0
2021011803021477,MMFDB,39,7,50,1365.0,68250.0
2021011803021476,MMFDB,41,7,184,1365.0,251160.0
2021011803021492,MMFDB,19,20,150,1360.0,204000.0
2021011803021491,MMFDB,54,20,50,1361.0,68050.0
2021011803021490,MMFDB,19,20,100,1361.0,136100.0
2021011803021489,MMFDB,41,20,100,1361.0,136100.0
2021011803021480,MMFDB,19,7,100,1362.0,136200.0
2021011803021479,MMFDB,50,7,70,1362.0,95340.0
2021011803021909,MNBBL,25,37,10,397.0,3970.0
2021011803021867,MNBBL,6,32,650,395.0,256750.0
2021011803021866,MNBBL,42,32,50,396.0,19800.0
2021011803021785,MNBBL,42,34,150,396.0,59400.0
2021011803021568,MNBBL,6,43,34,396.0,13464.0
2021011803021469,MNBBL,49,43,166,396.0,65736.0
2021011803021468,MNBBL,49,52,200,396.0,79200.0
2021011803021467,MNBBL,49,49,174,396.0,68904.0
2021011803021466,MNBBL,49,46,200,396.0,79200.0
2021011803021465,MNBBL,49,42,260,396.0,102960.0
2021011803021749,MNBBL,11,49,170,396.0,67320.0
2021011803021663,MNBBL,11,36,30,396.0,11880.0
2021011803021631,MNBBL,22,36,20,396.0,7920.0
2021011803021571,MNBBL,6,41,50,396.0,19800.0
2021011803021570,MNBBL,6,5,26,396.0,10296.0
2021011803021569,MNBBL,6,5,10,396.0,3960.0
2021011803021621,MPFL,51,55,200,169.0,33800.0
2021011803021717,MSLB,1,50,15,1813.0,27195.0
2021011803021756,MSMBS,22,4,200,1087.0,217400.0
2021011803021714,MSMBS,49,4,100,1088.0,108800.0
2021011803021713,MSMBS,49,4,50,1089.0,54450.0
2021011803021712,MSMBS,44,4,23,1090.0,25070.0
2021011803021624,MSMBS,44,29,92,1090.0,100280.0
2021011803021623,MSMBS,47,29,50,1090.0,54500.0
2021011803021622,MSMBS,55,29,90,1094.0,98460.0
2021011803021802,NEF,6,40,715,10.77,7700.55
2021011803021801,NEF,47,40,"4,349",10.77,46838.73
2021011803021800,NEF,47,40,"3,000",10.77,32310.0
2021011803021799,NEF,47,40,"3,200",10.77,34464.0
2021011803021747,NEF,47,43,651,10.77,7011.27
2021011803021746,NEF,47,43,797,10.77,8583.69
2021011803021816,NFS,32,52,91,270.0,24570.0
2021011803021549,NFS,29,6,60,270.0,16200.0
2021011803021548,NFS,29,51,20,270.0,5400.0
2021011803021547,NFS,29,52,200,270.0,54000.0
2021011803021546,NFS,29,40,200,270.0,54000.0
2021011803021545,NFS,29,52,50,270.0,13500.0
2021011803021869,NIBLPF,34,40,"8,577",11.51,98721.27
2021011803021783,NIBLPF,25,43,505,11.5,5807.5
2021011803021780,NICBF,22,6,200,10.44,2088.0
2021011803021845,NLBBL,17,10,100,1320.0,132000.0
2021011803021844,NLBBL,36,10,13,1320.0,17160.0
2021011803021659,NLBBL,10,33,500,1321.0,660500.0
2021011803021648,NLBBL,36,41,12,1320.0,15840.0
2021011803021930,NLIC,45,59,169,2468.0,417092.0
2021011803021929,NLIC,45,22,22,2467.0,54274.0
2021011803021908,NLIC,45,59,200,2468.0,493600.0
2021011803021901,NLIC,54,59,22,2466.0,54252.0
2021011803021848,NLIC,54,25,25,2466.0,61650.0
2021011803021847,NLIC,57,25,20,2467.0,49340.0
2021011803021597,NLIC,54,58,399,2466.0,983934.0
2021011803021512,NLIC,36,59,26,2468.0,64168.0
2021011803021456,NLIC,54,57,200,2466.0,493200.0
2021011803021452,NLIC,54,26,11,2466.0,27126.0
2021011803021818,NLIC,54,25,22,2466.0,54252.0
2021011803021796,NLIC,54,59,22,2466.0,54252.0
2021011803021755,NLIC,16,59,200,2468.0,493600.0
2021011803021723,NLIC,57,59,11,2468.0,27148.0
2021011803021711,NLIC,54,6,65,2466.0,160290.0
2021011803021637,NLIC,54,57,70,2466.0,172620.0
2021011803021928,NLICL,19,20,90,1075.0,96750.0
2021011803021927,NLICL,16,20,25,1075.0,26875.0
2021011803021911,NLICL,16,55,20,1075.0,21500.0
2021011803021910,NLICL,17,55,60,1075.0,64500.0
2021011803021824,NLICL,33,3,40,1076.0,43040.0
2021011803021779,NLICL,17,58,40,1075.0,43000.0
2021011803021457,NLICL,10,22,100,1076.0,107600.0
2021011803021536,NLICL,50,56,50,1075.0,53750.0
2021011803021535,NLICL,44,56,91,1076.0,97916.0
2021011803021510,NLICL,44,58,225,1076.0,242100.0
2021011803021509,NLICL,44,59,184,1076.0,197984.0
2021011803021508,NLICL,14,59,200,1076.0,215200.0
2021011803021507,NLICL,10,59,16,1076.0,17216.0
2021011803021600,NLICL,58,59,200,1075.0,215000.0
2021011803021577,NLICL,22,59,200,1075.0,215000.0
2021011803021576,NLICL,45,59,50,1075.0,53750.0
2021011803021575,NLICL,14,59,141,1075.0,151575.0
2021011803021538,NLICL,14,56,59,1075.0,63425.0
2021011803021537,NLICL,36,56,100,1075.0,107500.0
2021011803021611,NLICL,45,54,50,1075.0,53750.0
2021011803021610,NLICL,25,54,300,1075.0,322500.0
2021011803021609,NLICL,34,54,"1,000",1075.0,1075000.0
2021011803021608,NLICL,44,54,90,1075.0,96750.0
2021011803021602,NLICL,44,59,110,1075.0,118250.0
2021011803021601,NLICL,48,59,90,1075.0,96750.0
2021011803021702,NLICL,41,58,100,1075.0,107500.0
2021011803021701,NLICL,41,58,90,1075.0,96750.0
2021011803021700,NLICL,29,58,500,1076.0,538000.0
2021011803021614,NLICL,41,54,50,1075.0,53750.0
2021011803021613,NLICL,58,54,10,1075.0,10750.0
2021011803021612,NLICL,38,54,100,1075.0,107500.0
2021011803021924,NMBMF,43,10,447,1193.0,533271.0
2021011803021868,NMBMF,50,16,10,1194.0,11940.0
2021011803021566,NMBMF,51,3,125,1192.0,149000.0
2021011803021534,NMBMF,51,56,11,1192.0,13112.0
2021011803021821,NMFBS,33,16,10,2469.0,24690.0
2021011803021488,NMFBS,45,36,26,2430.0,63180.0
2021011803021912,NRIC,50,14,100,1532.0,153200.0
2021011803021906,NRIC,33,52,25,1531.0,38275.0
2021011803021904,NRIC,6,14,50,1532.0,76600.0
2021011803021902,NRIC,33,17,50,1531.0,76550.0
2021011803021887,NRIC,33,41,100,1531.0,153100.0
2021011803021884,NRIC,47,14,70,1532.0,107240.0
2021011803021454,NRIC,8,10,100,1532.0,153200.0
2021011803021453,NRIC,11,10,100,1533.0,153300.0
2021011803021451,NRIC,11,45,"1,000",1533.0,1533000.0
2021011803021450,NRIC,11,22,50,1533.0,76650.0
2021011803021449,NRIC,8,35,32,1532.0,49024.0
2021011803021447,NRIC,45,22,100,1533.0,153300.0
2021011803021691,NRIC,8,38,303,1532.0,464196.0
2021011803021671,NRIC,38,55,20,1533.0,30660.0
2021011803021633,NRIC,8,54,210,1532.0,321720.0
2021011803021632,NRIC,17,54,50,1533.0,76650.0
2021011803021526,NRIC,50,6,100,1533.0,153300.0
2021011803021517,NRIC,19,48,50,1534.0,76700.0
2021011803021751,NRIC,25,45,50,1532.0,76600.0
2021011803021750,NRIC,7,45,100,1532.0,153200.0
2021011803021695,NRIC,1,38,54,1532.0,82728.0
2021011803021694,NRIC,19,38,10,1532.0,15320.0
2021011803021693,NRIC,18,38,30,1532.0,45960.0
2021011803021692,NRIC,34,38,100,1532.0,153200.0
2021011803021762,NRIC,33,19,10,1531.0,15310.0
2021011803021761,NRIC,33,53,90,1531.0,137790.0
2021011803021760,NRIC,22,53,10,1531.0,15310.0
2021011803021754,NRIC,51,45,100,1532.0,153200.0
2021011803021753,NRIC,21,45,10,1532.0,15320.0
2021011803021752,NRIC,10,45,100,1532.0,153200.0
2021011803021883,NRIC,47,38,50,1532.0,76600.0
2021011803021882,NRIC,47,45,80,1532.0,122560.0
2021011803021856,NRIC,19,45,100,1532.0,153200.0
2021011803021788,NRIC,6,45,50,1532.0,76600.0
2021011803021786,NRIC,21,45,100,1532.0,153200.0
2021011803021778,NRIC,22,45,10,1532.0,15320.0
2021011803021889,NRN,45,18,10,366.0,3660.0
2021011803021875,NRN,45,55,10,366.0,3660.0
2021011803021863,NRN,45,22,10,366.0,3660.0
2021011803021727,NRN,45,34,10,366.0,3660.0
2021011803021719,NRN,45,55,46,366.0,16836.0
2021011803021543,NRN,45,6,250,366.0,91500.0
2021011803021502,NRN,45,26,10,366.0,3660.0
2021011803021890,NTC,36,21,100,1355.0,135500.0
2021011803021870,NTC,36,40,100,1355.0,135500.0
2021011803021859,NTC,36,41,100,1355.0,135500.0
2021011803021787,NTC,36,19,10,1355.0,13550.0
2021011803021775,NTC,36,48,30,1355.0,40650.0
2021011803021774,NTC,36,22,500,1355.0,677500.0
2021011803021657,NTC,36,41,300,1353.0,405900.0
2021011803021651,NTC,42,21,30,1352.0,40560.0
2021011803021627,NTC,32,21,100,1352.0,135200.0
2021011803021626,NTC,37,21,10,1352.0,13520.0
2021011803021590,NTC,37,25,10,1352.0,13520.0
2021011803021588,NTC,42,44,10,1354.0,13540.0
2021011803021773,NTC,36,44,90,1354.0,121860.0
2021011803021708,NTC,59,21,30,1352.0,40560.0
2021011803021676,NTC,59,1,50,1352.0,67600.0
2021011803021673,NTC,58,1,50,1352.0,67600.0
2021011803021672,NTC,3,1,100,1352.0,135200.0
2021011803021658,NTC,36,44,100,1354.0,135400.0
2021011803021759,NUBL,7,34,15,1501.0,22515.0
2021011803021525,NUBL,52,10,230,1503.0,345690.0
2021011803021459,NUBL,52,14,70,1503.0,105210.0
2021011803021675,OHL,55,32,"1,000",504.0,504000.0
2021011803021674,OHL,22,32,500,504.0,252000.0
2021011803021607,OHL,42,13,500,505.0,252500.0
2021011803021606,OHL,56,13,165,505.0,83325.0
2021011803021905,PFL,19,41,400,217.0,86800.0
2021011803021831,PFL,19,18,12,217.0,2604.0
2021011803021879,PLIC,55,58,100,829.0,82900.0
2021011803021782,PLIC,10,59,65,828.0,53820.0
2021011803021615,PLIC,41,58,100,829.0,82900.0
2021011803021699,RLFL,58,26,10,197.0,1970.0
2021011803021698,RLFL,58,11,40,197.0,7880.0
2021011803021923,RLI,59,45,584,633.0,369672.0
2021011803021876,RLI,59,10,10,633.0,6330.0
2021011803021846,RLI,59,42,10,633.0,6330.0
2021011803021794,RLI,49,25,10,635.0,6350.0
2021011803021757,RLI,49,17,10,635.0,6350.0
2021011803021743,RLI,49,19,10,635.0,6350.0
2021011803021506,RLI,59,40,10,633.0,6330.0
2021011803021475,RLI,59,22,10,633.0,6330.0
2021011803021448,RLI,59,34,10,633.0,6330.0
2021011803021619,RLI,45,41,10,635.0,6350.0
2021011803021618,RLI,45,26,10,635.0,6350.0
2021011803021574,RLI,45,33,10,635.0,6350.0
2021011803021573,RLI,45,38,10,635.0,6350.0
2021011803021572,RLI,59,36,10,633.0,6330.0
2021011803021528,RLI,37,40,344,634.0,218096.0
2021011803021681,RLI,59,26,485,633.0,307005.0
2021011803021680,RLI,52,26,15,634.0,9510.0
2021011803021646,RLI,45,50,10,636.0,6360.0
2021011803021645,RLI,45,38,10,636.0,6360.0
2021011803021644,RLI,45,42,25,636.0,15900.0
2021011803021629,RLI,45,39,10,635.0,6350.0
2021011803021739,RLI,46,54,10,636.0,6360.0
2021011803021738,RLI,46,42,10,636.0,6360.0
2021011803021737,RLI,46,49,10,636.0,6360.0
2021011803021736,RLI,46,50,10,636.0,6360.0
2021011803021735,RLI,46,16,50,636.0,31800.0
2021011803021734,RLI,46,34,10,636.0,6360.0
2021011803021634,RMDC,35,26,100,1200.0,120000.0
2021011803021557,RMDC,35,50,196,1200.0,235200.0
2021011803021556,RMDC,44,50,700,1200.0,840000.0
2021011803021555,RMDC,47,50,100,1201.0,120100.0
2021011803021554,RMDC,34,50,50,1201.0,60050.0
2021011803021553,RMDC,58,50,94,1201.0,112894.0
2021011803021630,RSDC,51,42,55,701.0,38555.0
2021011803021620,RSDC,51,39,99,701.0,69399.0
2021011803021561,RSDC,51,59,77,701.0,53977.0
2021011803021560,RSDC,52,59,23,701.0,16123.0
2021011803021504,RSDC,52,34,977,701.0,684877.0
2021011803021503,RSDC,21,34,23,701.0,16123.0
2021011803021599,SABSL,42,38,200,1244.0,248800.0
2021011803021931,SADBL,6,26,100,213.0,21300.0
2021011803021855,SADBL,38,26,500,213.0,106500.0
2021011803021784,SADBL,6,26,200,213.0,42600.0
2021011803021772,SADBL,35,26,22,213.0,4686.0
2021011803021532,SADBL,42,26,30,213.0,6390.0
2021011803021828,SAEF,7,41,200,12.66,2532.0
2021011803021921,SDLBSL,8,29,10,1225.0,12250.0
2021011803021920,SDLBSL,8,17,50,1224.0,61200.0
2021011803021919,SDLBSL,8,17,10,1223.0,12230.0
2021011803021918,SDLBSL,8,45,105,1222.0,128310.0
2021011803021917,SDLBSL,8,4,10,1222.0,12220.0
2021011803021916,SDLBSL,8,39,100,1221.0,122100.0
2021011803021776,SDLBSL,38,47,10,1220.0,12200.0
2021011803021833,SFCL,17,39,300,165.0,49500.0
2021011803021716,SFCL,57,17,50,164.0,8200.0
2021011803021715,SFCL,39,17,50,164.0,8200.0
2021011803021521,SFCL,49,34,20,165.0,3300.0
2021011803021933,SHINE,7,57,300,275.0,82500.0
2021011803021834,SHINE,44,57,990,274.0,271260.0
2021011803021744,SHINE,45,57,10,274.0,2740.0
2021011803021733,SHINE,34,57,50,275.0,13750.0
2021011803021458,SHINE,45,41,102,274.0,27948.0
2021011803021825,SHL,59,25,250,209.0,52250.0
2021011803021482,SHL,38,34,200,211.0,42200.0
2021011803021481,SHL,38,41,100,211.0,21100.0
2021011803021864,SLBBL,40,34,500,1298.0,649000.0
2021011803021789,SLBBL,40,34,300,1298.0,389400.0
2021011803021748,SLBBL,54,34,50,1298.0,64900.0
2021011803021707,SLBBL,38,34,11,1298.0,14278.0
2021011803021706,SLBBL,38,29,239,1298.0,310222.0
2021011803021654,SLBBL,54,34,50,1298.0,64900.0
2021011803021497,SLBBL,39,45,25,1297.0,32425.0
2021011803021496,SLBBL,39,10,38,1297.0,49286.0
2021011803021653,SLBBL,54,57,50,1298.0,64900.0
2021011803021652,SLBBL,6,3,500,1297.0,648500.0
2021011803021564,SLBBL,6,17,100,1297.0,129700.0
2021011803021563,SLBBL,6,35,163,1297.0,211411.0
2021011803021539,SLBBL,48,17,100,1295.0,129500.0
2021011803021498,SLBBL,39,35,137,1297.0,177689.0
2021011803021670,SLBS,45,50,21,1435.0,30135.0
2021011803021941,SLBSL,34,38,100,1249.0,124900.0
2021011803021940,SLBSL,19,38,20,1249.0,24980.0
2021011803021939,SLBSL,16,38,50,1249.0,62450.0
2021011803021938,SLBSL,25,38,47,1249.0,58703.0
2021011803021937,SLICL,48,32,390,819.0,319410.0
2021011803021936,SLICL,1,32,200,820.0,164000.0
2021011803021935,SLICL,49,32,210,820.0,172200.0
2021011803021934,SLICL,40,32,200,821.0,164200.0
2021011803021907,SLICL,40,10,100,821.0,82100.0
2021011803021718,SLICL,33,6,213,823.0,175299.0
2021011803021682,SLICL,33,49,100,823.0,82300.0
2021011803021656,SLICL,33,19,30,823.0,24690.0
2021011803021662,SMFBS,58,42,100,1766.0,176600.0
2021011803021559,SMFBS,58,33,70,1766.0,123620.0
2021011803021710,SMFDB,55,45,23,1160.0,26680.0
2021011803021709,SMFDB,49,45,677,1160.0,785320.0
2021011803021527,SMFDB,49,43,20,1160.0,23200.0
2021011803021888,SNLB,45,55,20,1195.0,23900.0
2021011803021809,SNLB,45,35,151,1195.0,180445.0
2021011803021808,SNLB,28,35,300,1196.0,358800.0
2021011803021585,SNLB,45,14,15,1195.0,17925.0
2021011803021584,SNLB,35,14,200,1195.0,239000.0
2021011803021583,SNLB,28,14,500,1196.0,598000.0
2021011803021582,SNLB,36,14,50,1196.0,59800.0
2021011803021581,SNLB,45,14,100,1197.0,119700.0
2021011803021580,SNLB,35,14,10,1197.0,11970.0
2021011803021579,SNLB,1,14,100,1198.0,119800.0
2021011803021578,SNLB,1,14,25,1198.0,29950.0
2021011803021803,SWBBL,45,44,350,1825.0,638750.0
2021011803021770,SWBBL,16,44,100,1825.0,182500.0
2021011803021689,SWBBL,37,44,250,1825.0,456250.0
2021011803021688,SWBBL,38,44,30,1825.0,54750.0
2021011803021687,SWBBL,36,44,100,1825.0,182500.0
2021011803021686,SWBBL,36,44,26,1825.0,47450.0
2021011803021685,SWBBL,37,44,40,1828.0,73120.0
2021011803021649,SWBBL,37,21,10,1828.0,18280.0
2021011803021697,TRH,53,10,100,334.0,33400.0
2021011803021598,UFL,28,36,64,322.0,20608.0
2021011803021830,USLB,56,5,22,1560.0,34320.0
2021011803021690,USLB,56,58,51,1560.0,79560.0
2021011803021922,VLBS,3,38,131,1232.0,161392.0
2021011803021806,VLBS,3,47,10,1232.0,12320.0
2021011803021805,VLBS,6,47,10,1235.0,12350.0
2021011803021434,ALICL,36,11,30,1107.0,33210.0
2021011803021331,ALICL,54,54,50,1115.0,55750.0
2021011803021189,ALICL,54,54,"2,500",1107.0,2767500.0
2021011803021188,ALICL,38,54,10,1107.0,11070.0
2021011803021187,ALICL,11,54,20,1107.0,22140.0
2021011803021186,ALICL,1,54,10,1107.0,11070.0
2021011803020968,ALICL,38,57,10,1117.0,11170.0
2021011803020967,ALICL,22,57,15,1117.0,16755.0
2021011803021185,ALICL,42,54,30,1112.0,33360.0
2021011803021184,ALICL,46,54,200,1115.0,223000.0
2021011803021183,ALICL,58,54,100,1116.0,111600.0
2021011803021182,ALICL,59,54,100,1117.0,111700.0
2021011803021181,ALICL,44,54,25,1117.0,27925.0
2021011803020969,ALICL,44,57,95,1117.0,106115.0
2021011803021204,BFC,35,35,"1,000",154.0,154000.0
2021011803021162,BFC,51,58,100,153.0,15300.0
2021011803021090,BFC,51,34,50,153.0,7650.0
2021011803021430,CBBL,17,42,400,1390.0,556000.0
2021011803021049,CBBL,45,46,10,1394.0,13940.0
2021011803021048,CBBL,45,45,80,1394.0,111520.0
2021011803021047,CBBL,45,6,50,1393.0,69650.0
2021011803021046,CBBL,45,45,40,1393.0,55720.0
2021011803021045,CBBL,45,6,50,1392.0,69600.0
2021011803021044,CBBL,45,6,50,1392.0,69600.0
2021011803021043,CBBL,45,6,50,1392.0,69600.0
2021011803021042,CBBL,45,6,50,1392.0,69600.0
2021011803021041,CBBL,45,58,100,1391.0,139100.0
2021011803021040,CBBL,45,49,20,1390.0,27800.0
2021011803021289,CFCL,56,34,50,201.0,10050.0
2021011803021131,CFCL,53,34,70,202.0,14140.0
2021011803021130,CFCL,53,41,525,202.0,106050.0
2021011803021051,CFCL,53,1,180,201.0,36180.0
2021011803020964,CFCL,44,37,36,200.0,7200.0
2021011803021378,CIT,42,13,50,3478.0,173900.0
2021011803021326,CIT,17,1,10,3478.0,34780.0
2021011803021325,CIT,51,1,10,3478.0,34780.0
2021011803021023,CIT,6,49,36,3478.0,125208.0
2021011803021022,CIT,17,49,14,3478.0,48692.0
2021011803021427,DDBL,19,22,100,1675.0,167500.0
2021011803021222,DDBL,11,32,300,1673.0,501900.0
2021011803021112,DDBL,7,32,22,1670.0,36740.0
2021011803021111,DDBL,39,32,138,1670.0,230460.0
2021011803021083,DDBL,39,43,62,1670.0,103540.0
2021011803021082,DDBL,16,43,188,1670.0,313960.0
2021011803021081,DDBL,53,43,50,1671.0,83550.0
2021011803021080,DDBL,58,43,100,1671.0,167100.0
2021011803020976,DDBL,52,34,30,1673.0,50190.0
2021011803021426,EDBL,56,56,200,398.0,79600.0
2021011803021116,EDBL,45,52,10,398.0,3980.0
2021011803021017,EDBL,45,19,142,397.0,56374.0
2021011803021115,EDBL,45,47,48,398.0,19104.0
2021011803021104,EDBL,42,47,10,398.0,3980.0
2021011803021103,EDBL,42,20,10,398.0,3980.0
2021011803021438,FMDBL,51,35,100,699.0,69900.0
2021011803021437,FMDBL,57,35,50,699.0,34950.0
2021011803021414,FMDBL,59,44,170,700.0,119000.0
2021011803021413,FMDBL,59,55,40,700.0,28000.0
2021011803021412,FMDBL,59,41,200,700.0,140000.0
2021011803021411,FMDBL,59,57,90,700.0,63000.0
2021011803021085,FMDBL,42,57,200,700.0,140000.0
2021011803021066,FOWAD,58,35,41,2398.0,98318.0
2021011803021399,GBBL,13,49,99,365.0,36135.0
2021011803021398,GBBL,22,49,200,365.0,73000.0
2021011803021397,GBBL,6,49,704,365.0,256960.0
2021011803021396,GBBL,6,49,997,365.0,363905.0
2021011803021309,GBBL,4,41,50,366.0,18300.0
2021011803021226,GBBL,34,41,60,366.0,21960.0
2021011803021173,GBBL,34,41,100,366.0,36600.0
2021011803021097,GBBL,29,41,250,366.0,91500.0
2021011803020984,GBBL,29,29,200,366.0,73200.0
2021011803020983,GBBL,1,29,300,366.0,109800.0
2021011803021433,GBLBS,14,38,250,687.0,171750.0
2021011803021279,GBLBS,26,16,150,685.0,102750.0
2021011803021244,GBLBS,26,29,100,685.0,68500.0
2021011803021243,GBLBS,13,29,900,687.0,618300.0
2021011803021198,GBLBS,4,42,969,687.0,665703.0
2021011803021142,GBLBS,42,42,15,687.0,10305.0
2021011803021123,GBLBS,39,41,100,686.0,68600.0
2021011803021036,GBLBS,42,10,70,687.0,48090.0
2021011803021141,GBLBS,33,42,16,687.0,10992.0
2021011803021140,GBLBS,33,41,400,687.0,274800.0
2021011803021139,GBLBS,33,45,200,687.0,137400.0
2021011803021138,GBLBS,33,10,184,687.0,126408.0
2021011803021137,GBLBS,33,41,200,686.0,137200.0
2021011803021124,GBLBS,45,41,150,686.0,102900.0
2021011803021311,GFCL,16,34,470,222.0,104340.0
2021011803021310,GFCL,17,34,30,225.0,6750.0
2021011803021205,GFCL,17,26,200,225.0,45000.0
2021011803021383,GILB,37,40,18,1551.0,27918.0
2021011803021262,GILB,51,41,10,1570.0,15700.0
2021011803021261,GILB,51,41,100,1568.0,156800.0
2021011803021145,GILB,26,33,61,1570.0,95770.0
2021011803021144,GILB,26,40,20,1569.0,31380.0
2021011803021143,GILB,26,1,19,1569.0,29811.0
2021011803021135,GIMES1,7,4,"1,000",12.81,12810.0
2021011803021225,GLBSL,7,32,10,1127.0,11270.0
2021011803021415,GLICL,34,44,200,685.0,137000.0
2021011803021379,GLICL,22,11,30,683.0,20490.0
2021011803021227,GLICL,17,44,350,685.0,239750.0
2021011803021221,GLICL,44,44,600,685.0,411000.0
2021011803021178,GLICL,16,55,479,682.0,326678.0
2021011803021177,GLICL,44,55,500,682.0,341000.0
2021011803021176,GLICL,17,55,21,684.0,14364.0
2021011803021175,GLICL,17,29,79,684.0,54036.0
2021011803021174,GLICL,20,29,21,684.0,14364.0
2021011803021159,GMFIL,58,33,25,212.0,5300.0
2021011803021158,GMFIL,57,33,100,212.0,21200.0
2021011803021157,GMFIL,57,33,100,212.0,21200.0
2021011803020956,HIDCL,3,53,31,334.0,10354.0
2021011803021404,ICFC,29,45,600,299.0,179400.0
2021011803021334,ICFC,29,45,700,299.0,209300.0
2021011803021215,ICFC,29,45,816,299.0,243984.0
2021011803021170,ICFC,3,45,305,298.0,90890.0
2021011803021169,ICFC,21,45,100,298.0,29800.0
2021011803021168,ICFC,51,45,50,298.0,14900.0
2021011803021004,ICFC,57,58,100,299.0,29900.0
2021011803020990,ICFC,57,58,100,299.0,29900.0
2021011803020952,ICFC,57,58,100,299.0,29900.0
2021011803021167,ICFC,34,45,288,298.0,85824.0
2021011803021166,ICFC,49,45,257,298.0,76586.0
2021011803021114,ICFC,57,45,100,299.0,29900.0
2021011803021113,ICFC,28,45,84,299.0,25116.0
2021011803021091,ICFC,28,58,416,299.0,124384.0
2021011803021018,ICFC,3,58,500,299.0,149500.0
2021011803021229,ILBS,57,39,11,1394.0,15334.0
2021011803021011,ILBS,47,19,11,1399.0,15389.0
2021011803021010,ILBS,47,56,11,1398.0,15378.0
2021011803021009,ILBS,47,6,20,1397.0,27940.0
2021011803021008,ILBS,47,56,20,1397.0,27940.0
2021011803021007,ILBS,47,45,11,1395.0,15345.0
2021011803021006,ILBS,47,55,98,1395.0,136710.0
2021011803021005,ILBS,47,34,17,1394.0,23698.0
2021011803020996,ILBS,49,34,10,1394.0,13940.0
2021011803021120,JBBL,55,17,30,228.0,6840.0
2021011803021119,JBBL,55,28,15,228.0,3420.0
2021011803021038,JBBL,11,13,94,229.0,21526.0
2021011803021032,JBBL,55,32,140,228.0,31920.0
2021011803020994,JSLBB,54,35,21,2303.0,48363.0
2021011803020993,JSLBB,54,21,60,2303.0,138180.0
2021011803020992,JSLBB,5,21,20,2303.0,46060.0
2021011803021306,KMCDB,55,41,200,1178.0,235600.0
2021011803021257,KMCDB,17,41,90,1178.0,106020.0
2021011803021256,KMCDB,17,22,10,1176.0,11760.0
2021011803021209,KMCDB,17,44,50,1176.0,58800.0
2021011803021208,KMCDB,17,38,50,1175.0,58750.0
2021011803021190,KMCDB,11,32,10,1170.0,11700.0
2021011803021100,KMCDB,6,7,10,1175.0,11750.0
2021011803021099,KMCDB,6,41,10,1175.0,11750.0
2021011803021098,KMCDB,6,58,80,1174.0,93920.0
2021011803020979,KMCDB,53,58,420,1174.0,493080.0
2021011803020978,KMCDB,53,8,30,1173.0,35190.0
2021011803020977,KMCDB,53,10,50,1173.0,58650.0
2021011803021180,KRBL,17,42,300,154.0,46200.0
2021011803021163,KRBL,17,49,500,154.0,77000.0
2021011803021380,LBBL,45,1,200,245.0,49000.0
2021011803021155,LBBL,41,39,200,246.0,49200.0
2021011803020958,LBBL,45,39,37,244.0,9028.0
