Transact. No.,Symbol,Buyer,Seller,Quantity,Rate,Amount
2021011303020410,ALBSL,21,54,11,1285.0,14135.0
2021011303020199,ALBSL,21,13,22,1285.0,28270.0
2021011303020141,ALBSL,21,25,11,1285.0,14135.0
2021011303020012,ALICL,4,20,100,1037.0,103700.0
2021011303020001,ALICL,59,41,20,1040.0,20800.0
2021011303020000,ALICL,59,5,480,1040.0,499200.0
2021011303020321,BFC,34,46,50,147.0,7350.0
2021011303020233,BFC,34,46,379,147.0,55713.0
2021011303020454,CBBL,13,59,104,1276.0,132704.0
2021011303020431,CBBL,13,37,200,1276.0,255200.0
2021011303020428,CBBL,54,49,20,1277.0,25540.0
2021011303020211,CBBL,54,14,80,1276.0,102080.0
2021011303020180,CBBL,21,17,30,1275.0,38250.0
2021011303020179,CBBL,21,39,59,1275.0,75225.0
2021011303020109,CBBL,50,39,41,1275.0,52275.0
2021011303020108,CBBL,50,51,59,1274.0,75166.0
2021011303020003,CBBL,4,44,100,1274.0,127400.0
2021011303020204,CFCL,45,21,100,196.0,19600.0
2021011303020129,CFCL,39,28,10,197.0,1970.0
2021011303020081,CFCL,45,41,"1,100",196.0,215600.0
2021011303020034,CFCL,16,28,"4,077",197.0,803169.0
2021011303020033,CFCL,16,49,100,197.0,19700.0
2021011303020032,CFCL,16,20,128,197.0,25216.0
2021011303020031,CFCL,16,39,695,197.0,136915.0
2021011303020355,CIT,55,25,160,3440.0,550400.0
2021011303020354,CIT,8,25,20,3441.0,68820.0
2021011303020353,CIT,6,25,20,3442.0,68840.0
2021011303020309,CIT,55,55,25,3440.0,86000.0
2021011303020215,CIT,41,50,14,3443.0,48202.0
2021011303020214,CIT,41,39,34,3442.0,117028.0
2021011303020411,CMF1,35,16,"1,900",10.0,19000.0
2021011303020350,DDBL,45,48,100,1480.0,148000.0
2021011303020202,DDBL,17,11,30,1477.0,44310.0
2021011303020144,DDBL,21,11,100,1477.0,147700.0
2021011303020128,DDBL,55,11,300,1477.0,443100.0
2021011303020127,DDBL,54,11,10,1477.0,14770.0
2021011303020126,DDBL,51,11,67,1477.0,98959.0
2021011303020125,DDBL,47,11,100,1477.0,147700.0
2021011303020124,DDBL,51,11,20,1478.0,29560.0
2021011303020123,DDBL,4,11,100,1478.0,147800.0
2021011303020122,DDBL,54,11,10,1478.0,14780.0
2021011303020419,EDBL,14,39,425,372.0,158100.0
2021011303020418,EDBL,14,39,200,372.0,74400.0
2021011303020337,EDBL,16,6,60,373.0,22380.0
2021011303020417,EDBL,29,39,20,373.0,7460.0
2021011303020416,EDBL,58,39,100,373.0,37300.0
2021011303020415,EDBL,58,39,60,373.0,22380.0
2021011303020340,EDBL,58,6,140,373.0,52220.0
2021011303020339,EDBL,14,6,200,373.0,74600.0
2021011303020338,EDBL,6,6,100,373.0,37300.0
2021011303020430,FMDBL,17,46,34,695.0,23630.0
2021011303020429,FMDBL,57,46,166,695.0,115370.0
2021011303020111,FOWAD,13,45,300,2315.0,694500.0
2021011303020110,FOWAD,13,44,10,2315.0,23150.0
2021011303020393,GBBL,4,4,10,325.0,3250.0
2021011303020373,GBBL,25,4,30,325.0,9750.0
2021011303020372,GBBL,51,4,286,325.0,92950.0
2021011303020371,GBBL,34,4,500,325.0,162500.0
2021011303020469,GBLBS,56,26,50,657.0,32850.0
2021011303020365,GBLBS,56,51,200,655.0,131000.0
2021011303020364,GBLBS,56,57,50,655.0,32750.0
2021011303020363,GBLBS,56,58,70,655.0,45850.0
2021011303020362,GBLBS,56,25,15,654.0,9810.0
2021011303020351,GBLBS,57,29,470,650.0,305500.0
2021011303020023,GBLBS,49,49,25,651.0,16275.0
2021011303020022,GBLBS,36,49,100,651.0,65100.0
2021011303020015,GBLBS,46,25,300,652.0,195600.0
2021011303020014,GBLBS,41,25,100,653.0,65300.0
2021011303020013,GBLBS,29,25,10,653.0,6530.0
2021011303020099,GBLBS,39,56,94,650.0,61100.0
2021011303020098,GBLBS,49,56,150,651.0,97650.0
2021011303020077,GBLBS,57,25,15,652.0,9780.0
2021011303020026,GBLBS,49,49,350,651.0,227850.0
2021011303020025,GBLBS,26,49,80,651.0,52080.0
2021011303020024,GBLBS,1,49,300,651.0,195300.0
2021011303020113,GBLBS,57,25,30,652.0,19560.0
2021011303020104,GBLBS,10,56,56,649.0,36344.0
2021011303020103,GBLBS,34,56,30,650.0,19500.0
2021011303020102,GBLBS,41,56,20,650.0,13000.0
2021011303020101,GBLBS,41,56,50,650.0,32500.0
2021011303020100,GBLBS,51,56,100,650.0,65000.0
2021011303020336,GBLBS,10,21,100,649.0,64900.0
2021011303020219,GBLBS,56,29,30,650.0,19500.0
2021011303020146,GBLBS,55,25,45,652.0,29340.0
2021011303020145,GBLBS,55,25,100,650.0,65000.0
2021011303020143,GBLBS,56,25,400,650.0,260000.0
2021011303020142,GBLBS,56,48,600,650.0,390000.0
2021011303020030,GFCL,48,5,400,224.0,89600.0
2021011303020029,GFCL,48,35,100,224.0,22400.0
2021011303020456,GLICL,6,55,100,664.0,66400.0
2021011303020435,GLICL,6,57,50,664.0,33200.0
2021011303020434,GLICL,6,17,93,664.0,61752.0
2021011303020420,GLICL,34,57,50,663.0,33150.0
2021011303020341,GLICL,52,17,500,664.0,332000.0
2021011303020208,GLICL,19,17,50,664.0,33200.0
2021011303020036,GLICL,52,17,250,664.0,166000.0
2021011303019996,GLICL,45,17,500,664.0,332000.0
2021011303020174,GMFBS,42,28,180,1299.0,233820.0
2021011303020028,GRDBL,45,33,150,167.0,25050.0
2021011303020433,HIDCL,5,28,85,277.0,23545.0
2021011303020432,HIDCL,5,58,915,277.0,253455.0
2021011303020407,HIDCL,41,22,20,276.0,5520.0
2021011303020401,HIDCL,41,35,320,276.0,88320.0
2021011303020374,HIDCL,7,58,100,277.0,27700.0
2021011303020200,HIDCL,47,10,690,276.0,190440.0
2021011303020114,HIDCL,57,58,200,277.0,55400.0
2021011303020107,ICFC,39,20,"1,000",278.0,278000.0
2021011303020342,ILBS,20,13,11,1281.0,14091.0
2021011303020398,JBBL,52,56,"1,000",224.0,224000.0
2021011303020397,JBBL,49,56,200,224.0,44800.0
2021011303020139,JBBL,34,34,200,224.0,44800.0
2021011303020467,JFL,50,28,110,259.0,28490.0
2021011303020466,JFL,50,6,250,259.0,64750.0
2021011303020465,JFL,50,35,500,259.0,129500.0
2021011303020464,JFL,50,32,140,259.0,36260.0
2021011303020400,JFL,57,32,200,259.0,51800.0
2021011303020229,JFL,42,32,20,259.0,5180.0
2021011303020002,JSLBB,37,45,10,2200.0,22000.0
2021011303020137,KLBSL,17,19,34,1186.0,40324.0
2021011303020136,KLBSL,19,19,46,1186.0,54556.0
2021011303020079,KLBSL,44,19,20,1187.0,23740.0
2021011303020386,KMCDB,44,47,200,1000.0,200000.0
2021011303020228,KMCDB,25,35,10,1010.0,10100.0
2021011303020175,KMCDB,44,28,54,1000.0,54000.0
2021011303020414,KRBL,41,52,100,151.0,15100.0
2021011303020405,KRBL,41,34,100,151.0,15100.0
2021011303020316,KRBL,28,57,10,152.0,1520.0
2021011303020169,KRBL,28,57,10,152.0,1520.0
2021011303020168,KRBL,28,22,500,151.0,75500.0
2021011303020131,KRBL,55,33,496,150.0,74400.0
2021011303020130,KRBL,41,33,250,150.0,37500.0
2021011303020230,KSBBL,35,45,"1,500",245.0,367500.0
2021011303020069,KSBBL,35,40,440,242.0,106480.0
2021011303020045,KSBBL,7,40,500,242.0,121000.0
2021011303020044,KSBBL,34,40,"2,000",242.0,484000.0
2021011303020043,KSBBL,14,40,"1,000",242.0,242000.0
2021011303020042,KSBBL,7,40,500,242.0,121000.0
2021011303020041,KSBBL,3,40,10,242.0,2420.0
2021011303020040,KSBBL,47,40,200,242.0,48400.0
2021011303020039,KSBBL,17,40,100,242.0,24200.0
2021011303020038,KSBBL,4,40,50,242.0,12100.0
2021011303020037,KSBBL,45,40,200,245.0,49000.0
2021011303020086,LBBL,6,25,20,238.0,4760.0
2021011303020352,LICN,29,58,50,2195.0,109750.0
2021011303020218,LICN,49,58,300,2190.0,657000.0
2021011303020027,LICN,58,49,18,2200.0,39600.0
2021011303020182,LLBS,49,56,50,1490.0,74500.0
2021011303020171,MDB,38,26,306,345.0,105570.0
2021011303020170,MDB,38,37,194,344.0,66736.0
2021011303020320,MERO,57,43,50,1025.0,51250.0
2021011303020134,MERO,57,22,108,1025.0,110700.0
2021011303020133,MERO,57,22,20,1025.0,20500.0
2021011303020132,MERO,52,22,72,1025.0,73800.0
2021011303020399,MFIL,55,50,10,353.0,3530.0
2021011303020359,MLBBL,59,32,200,1386.0,277200.0
2021011303020196,MLBBL,59,32,180,1380.0,248400.0
2021011303020195,MLBBL,59,6,100,1379.0,137900.0
2021011303020194,MLBBL,59,58,50,1378.0,68900.0
2021011303020193,MLBBL,59,6,200,1378.0,275600.0
2021011303020192,MLBBL,59,6,170,1378.0,234260.0
2021011303020191,MLBBL,59,57,100,1370.0,137000.0
2021011303020190,MLBBL,59,36,28,1368.0,38304.0
2021011303020384,MMFDB,28,21,100,1445.0,144500.0
2021011303020471,MNBBL,41,41,100,377.0,37700.0
2021011303020395,MNBBL,36,13,250,377.0,94250.0
2021011303020210,MNBBL,33,13,46,377.0,17342.0
2021011303020209,MNBBL,33,54,54,377.0,20358.0
2021011303020206,MNBBL,25,7,100,376.0,37600.0
2021011303020468,MPFL,21,4,100,162.0,16200.0
2021011303020318,MSLB,1,42,10,1700.0,17000.0
2021011303020177,MSLB,19,55,25,1680.0,42000.0
2021011303020176,MSLB,42,55,20,1680.0,33600.0
2021011303020404,MSMBS,14,25,40,957.0,38280.0
2021011303020458,NFS,49,1,50,246.0,12300.0
2021011303020472,NICBF,35,57,"5,300",10.33,54749.0
2021011303020083,NICGF,13,34,"3,280",11.08,36342.4
2021011303020160,NLBBL,34,33,300,1229.0,368700.0
2021011303020082,NLBBL,34,34,124,1229.0,152396.0
2021011303020016,NLBBL,49,34,300,1229.0,368700.0
2021011303020453,NLIC,53,38,13,2436.0,31668.0
2021011303020452,NLIC,1,50,26,2435.0,63310.0
2021011303020356,NLIC,59,50,100,2435.0,243500.0
2021011303020121,NLIC,50,34,32,2434.0,77888.0
2021011303020120,NLIC,7,34,50,2435.0,121750.0
2021011303020119,NLIC,7,34,18,2435.0,43830.0
2021011303020481,NLICL,58,21,170,1170.0,198900.0
2021011303020480,NLICL,58,43,400,1170.0,468000.0
2021011303020479,NLICL,58,20,200,1169.0,233800.0
2021011303020478,NLICL,58,41,100,1169.0,116900.0
2021011303020477,NLICL,58,40,100,1168.0,116800.0
2021011303020476,NLICL,58,51,100,1166.0,116600.0
2021011303020071,NLICL,45,54,80,1165.0,93200.0
2021011303020070,NLICL,45,19,100,1164.0,116400.0
2021011303020052,NLICL,51,54,50,1165.0,58250.0
2021011303020021,NLICL,51,4,50,1163.0,58150.0
2021011303020115,NLICL,53,13,50,1165.0,58250.0
2021011303020085,NLICL,53,11,111,1165.0,129315.0
2021011303020075,NLICL,53,51,54,1165.0,62910.0
2021011303020074,NLICL,45,51,246,1165.0,286590.0
2021011303020073,NLICL,45,58,300,1165.0,349500.0
2021011303020072,NLICL,45,39,274,1165.0,319210.0
2021011303020231,NLICL,45,51,10,1165.0,11650.0
2021011303020203,NLICL,49,58,100,1166.0,116600.0
2021011303020197,NLICL,53,4,95,1165.0,110675.0
2021011303020188,NLICL,48,58,50,1166.0,58300.0
2021011303020187,NLICL,53,1,40,1165.0,46600.0
2021011303020118,NLICL,5,58,200,1166.0,233200.0
2021011303020323,NLICL,25,35,100,1165.0,116500.0
2021011303020313,NLICL,58,58,10,1166.0,11660.0
2021011303020312,NLICL,58,51,90,1165.0,104850.0
2021011303020311,NLICL,58,50,100,1165.0,116500.0
2021011303020310,NLICL,58,53,150,1165.0,174750.0
2021011303020232,NLICL,51,51,50,1165.0,58250.0
2021011303020446,NLICL,3,36,60,1161.0,69660.0
2021011303020445,NLICL,34,36,53,1161.0,61533.0
2021011303020392,NLICL,34,39,47,1161.0,54567.0
2021011303020391,NLICL,39,39,513,1161.0,595593.0
2021011303020390,NLICL,51,39,35,1163.0,40705.0
2021011303020357,NLICL,48,35,50,1165.0,58250.0
2021011303020475,NLICL,58,58,303,1166.0,353298.0
2021011303020474,NLICL,58,35,50,1165.0,58250.0
2021011303020473,NLICL,58,36,77,1161.0,89397.0
2021011303020449,NLICL,34,36,100,1161.0,116100.0
2021011303020448,NLICL,34,36,10,1161.0,11610.0
2021011303020447,NLICL,58,36,150,1161.0,174150.0
2021011303020385,NMBMF,33,42,10,1138.0,11380.0
2021011303020105,NMBMF,55,26,85,1139.0,96815.0
2021011303020489,NRIC,48,58,105,1551.0,162855.0
2021011303020488,NRIC,48,28,20,1551.0,31020.0
2021011303020487,NRIC,48,42,500,1550.0,775000.0
2021011303020486,NRIC,48,25,100,1550.0,155000.0
2021011303020485,NRIC,48,58,50,1550.0,77500.0
2021011303020484,NRIC,48,58,80,1550.0,124000.0
2021011303020055,NRIC,38,59,150,1548.0,232200.0
2021011303020054,NRIC,38,42,40,1548.0,61920.0
2021011303020053,NRIC,38,26,50,1548.0,77400.0
2021011303020061,NRIC,38,55,40,1550.0,62000.0
2021011303020060,NRIC,38,51,10,1550.0,15500.0
2021011303020059,NRIC,38,25,50,1550.0,77500.0
2021011303020058,NRIC,38,57,100,1550.0,155000.0
2021011303020057,NRIC,38,55,40,1550.0,62000.0
2021011303020056,NRIC,38,21,40,1550.0,62000.0
2021011303020067,NRIC,38,52,100,1550.0,155000.0
2021011303020066,NRIC,38,35,100,1550.0,155000.0
2021011303020065,NRIC,38,57,60,1550.0,93000.0
2021011303020064,NRIC,38,38,150,1550.0,232500.0
2021011303020063,NRIC,38,56,200,1550.0,310000.0
2021011303020062,NRIC,38,3,30,1550.0,46500.0
2021011303020172,NRIC,21,49,160,1547.0,247520.0
2021011303020166,NRIC,21,45,70,1547.0,108290.0
2021011303020151,NRIC,38,45,400,1547.0,618800.0
2021011303020138,NRIC,20,45,30,1547.0,46410.0
2021011303020076,NRIC,48,48,115,1550.0,178250.0
2021011303020068,NRIC,38,48,"1,340",1550.0,2077000.0
2021011303020358,NRIC,38,4,300,1549.0,464700.0
2021011303020234,NRIC,55,47,20,1547.0,30940.0
2021011303020207,NRIC,25,4,50,1549.0,77450.0
2021011303020205,NRIC,52,4,50,1549.0,77450.0
2021011303020183,NRIC,22,53,30,1546.0,46380.0
2021011303020173,NRIC,41,49,40,1546.0,61840.0
2021011303020483,NRIC,48,48,145,1550.0,224750.0
2021011303020450,NRIC,52,42,40,1548.0,61920.0
2021011303020368,NRIC,1,36,50,1547.0,77350.0
2021011303020367,NRIC,45,36,50,1547.0,77350.0
2021011303020361,NRIC,21,39,50,1547.0,77350.0
2021011303020360,NRIC,55,39,50,1547.0,77350.0
2021011303020198,NRN,38,21,10,363.0,3630.0
2021011303020159,NRN,47,42,43,362.0,15566.0
2021011303020158,NRN,45,42,10,362.0,3620.0
2021011303020157,NRN,1,42,327,362.0,118374.0
2021011303020156,NRN,58,42,520,363.0,188760.0
2021011303020152,NRN,58,21,10,363.0,3630.0
2021011303020150,NRN,1,4,274,362.0,99188.0
2021011303020149,NRN,37,4,20,362.0,7240.0
2021011303020148,NRN,22,4,200,362.0,72400.0
2021011303020147,NRN,58,4,26,362.0,9412.0
2021011303020050,NRN,6,4,100,363.0,36300.0
2021011303020463,NTC,58,48,81,1263.0,102303.0
2021011303020462,NTC,58,35,19,1262.0,23978.0
2021011303020394,NTC,28,57,150,1256.0,188400.0
2021011303020383,NTC,34,49,10,1262.0,12620.0
2021011303020382,NTC,34,52,500,1262.0,631000.0
2021011303020381,NTC,34,56,20,1262.0,25240.0
2021011303020010,NTC,57,1,10,1255.0,12550.0
2021011303019999,NTC,57,58,10,1255.0,12550.0
2021011303019998,NTC,45,58,20,1255.0,25100.0
2021011303020306,NTC,58,52,60,1260.0,75600.0
2021011303020305,NTC,58,45,40,1260.0,50400.0
2021011303020304,NTC,58,35,"5,000",1255.0,6275000.0
2021011303020155,NTC,33,45,60,1260.0,75600.0
2021011303020154,NTC,33,52,100,1260.0,126000.0
2021011303020153,NTC,33,49,40,1260.0,50400.0
2021011303020380,NTC,34,58,400,1260.0,504000.0
2021011303020379,NTC,34,4,50,1260.0,63000.0
2021011303020378,NTC,34,50,500,1260.0,630000.0
2021011303020377,NTC,34,45,60,1260.0,75600.0
2021011303020376,NTC,34,33,300,1260.0,378000.0
2021011303020375,NTC,34,52,660,1260.0,831600.0
2021011303020455,NUBL,35,45,50,1344.0,67200.0
2021011303020097,NUBL,35,6,200,1344.0,268800.0
2021011303020096,NUBL,35,6,70,1344.0,94080.0
2021011303020095,NUBL,35,47,110,1340.0,147400.0
2021011303020094,NUBL,35,47,100,1340.0,134000.0
2021011303020093,NUBL,35,6,366,1337.0,489342.0
2021011303020092,NUBL,35,49,100,1336.0,133600.0
2021011303020078,NUBL,39,55,50,1335.0,66750.0
2021011303020413,PFL,45,28,10,209.0,2090.0
2021011303020412,PFL,16,28,24,209.0,5016.0
2021011303020389,PFL,16,1,40,209.0,8360.0
2021011303020047,PFL,16,49,36,209.0,7524.0
2021011304000006,PLI,34,13,10,271.0,2710.0
2021011304000005,PLI,34,48,10,271.0,2710.0
2021011304000004,PLI,34,17,10,271.0,2710.0
2021011304000003,PLI,48,56,10,269.0,2690.0
2021011304000002,PLI,37,56,10,264.0,2640.0
2021011304000001,PLI,17,14,10,259.0,2590.0
2021011303020436,PLIC,50,16,30,811.0,24330.0
2021011303020319,PLIC,52,28,145,817.0,118465.0
2021011303020163,PLIC,52,58,100,817.0,81700.0
2021011303020162,PLIC,52,57,40,817.0,32680.0
2021011303020161,PLIC,52,7,100,814.0,81400.0
2021011303020106,PLIC,3,42,150,810.0,121500.0
2021011303020370,PROFL,47,29,294,132.0,38808.0
2021011303020369,PROFL,52,29,10,132.0,1320.0
2021011303020225,PROFL,7,29,640,133.0,85120.0
2021011303020224,PROFL,57,29,10,133.0,1330.0
2021011303020223,PROFL,45,29,40,133.0,5320.0
2021011303020222,PROFL,21,29,50,133.0,6650.0
2021011303020221,PROFL,14,29,66,133.0,8778.0
2021011303020112,PROFL,14,28,434,133.0,57722.0
2021011303020451,RLFL,57,45,10,195.0,1950.0
2021011303020091,RLFL,58,45,"2,350",193.0,453550.0
2021011303020090,RLFL,42,45,150,194.0,29100.0
2021011303020089,RLFL,8,45,100,194.0,19400.0
2021011303020088,RLFL,22,45,300,194.0,58200.0
2021011303020087,RLFL,19,45,100,194.0,19400.0
2021011303020048,RLFL,49,45,500,195.0,97500.0
2021011303020482,RLI,39,25,150,637.0,95550.0
2021011303020421,RLI,49,17,10,636.0,6360.0
2021011303020388,RLI,45,25,500,637.0,318500.0
2021011303020343,RLI,3,25,50,637.0,31850.0
2021011303020322,RLI,49,25,30,637.0,19110.0
2021011303020317,RLI,57,25,20,637.0,12740.0
2021011303020308,RLI,49,45,149,636.0,94764.0
2021011303020307,RLI,26,45,71,636.0,45156.0
2021011303020189,RLI,26,38,10,636.0,6360.0
2021011303020140,RLI,26,17,10,636.0,6360.0
2021011303020011,RLI,4,25,30,637.0,19110.0
2021011303019997,RLI,4,17,10,637.0,6370.0
2021011303020186,RSDC,34,45,80,705.0,56400.0
2021011303020185,RSDC,34,4,100,705.0,70500.0
2021011303020184,RSDC,34,38,70,705.0,49350.0
2021011303020035,RSDC,56,38,50,705.0,35250.0
2021011303020406,SADBL,41,7,50,201.0,10050.0
2021011303020220,SADBL,1,58,34,200.0,6800.0
2021011303020165,SADBL,1,57,357,200.0,71400.0
2021011303020461,SAEF,21,48,"1,000",12.05,12050.0
2021011303020460,SAEF,21,22,500,12.0,6000.0
2021011303020459,SAEF,21,8,"5,500",12.0,66000.0
2021011303020315,SAEF,21,8,"19,500",12.0,234000.0
2021011303020314,SAEF,21,42,500,12.0,6000.0
2021011303020402,SDLBSL,41,50,10,1239.0,12390.0
2021011303020117,SDLBSL,3,58,40,1238.0,49520.0
2021011303020116,SDLBSL,3,20,20,1238.0,24760.0
2021011303020167,SEF,19,28,200,10.73,2146.0
2021011303020009,SFMF,22,22,100,10.76,1076.0
2021011303020008,SFMF,22,56,110,10.76,1183.6
2021011303020007,SFMF,22,42,200,10.71,2142.0
2021011303020403,SHINE,53,28,10,256.0,2560.0
2021011303020217,SINDU,39,53,100,160.0,16000.0
2021011303020216,SINDU,39,49,418,160.0,66880.0
2021011303020335,SKBBL,43,59,180,1600.0,288000.0
2021011303020334,SKBBL,43,42,100,1600.0,160000.0
2021011303020333,SKBBL,43,45,20,1600.0,32000.0
2021011303020332,SKBBL,43,28,20,1600.0,32000.0
2021011303020331,SKBBL,43,29,200,1600.0,320000.0
2021011303020330,SKBBL,43,44,300,1600.0,480000.0
2021011303020006,SKBBL,49,57,50,1591.0,79550.0
2021011303020005,SKBBL,49,57,100,1591.0,159100.0
2021011303020004,SKBBL,49,14,70,1591.0,111370.0
2021011303020329,SKBBL,43,26,38,1600.0,60800.0
2021011303020328,SKBBL,43,37,12,1600.0,19200.0
2021011303020327,SKBBL,43,34,20,1597.0,31940.0
2021011303020326,SKBBL,43,49,100,1597.0,159700.0
2021011303020325,SKBBL,43,43,10,1595.0,15950.0
2021011303020324,SKBBL,43,32,200,1593.0,318600.0
2021011303020396,SLBBL,48,42,100,1220.0,122000.0
2021011303020366,SLBBL,41,16,80,1229.0,98320.0
2021011303020178,SLBBL,41,16,80,1229.0,98320.0
2021011303020049,SLBBL,41,16,50,1229.0,61450.0
2021011303020017,SLBBL,32,37,215,1223.0,262945.0
2021011303020213,SLBS,56,46,12,1375.0,16500.0
2021011303020046,SLBS,56,50,18,1383.0,24894.0
2021011303020409,SLICL,50,34,80,746.0,59680.0
2021011303020408,SLICL,41,34,20,746.0,14920.0
2021011303020201,SLICL,4,49,40,749.0,29960.0
2021011303020212,SMB,55,48,58,1269.0,73602.0
2021011303020181,SMB,3,48,22,1269.0,27918.0
2021011303020080,SMFBS,34,47,20,1584.0,31680.0
2021011303020020,SMFBS,34,25,51,1564.0,79764.0
2021011303020019,SMFBS,34,47,500,1564.0,782000.0
2021011303020018,SMFBS,34,57,149,1564.0,233036.0
2021011303020427,STC,59,40,40,6930.0,277200.0
2021011303020426,STC,59,50,10,6929.0,69290.0
2021011303020425,STC,59,40,17,6925.0,117725.0
2021011303020424,STC,59,44,20,6925.0,138500.0
2021011303020423,STC,59,21,40,6920.0,276800.0
2021011303020422,STC,59,41,10,6918.0,69180.0
2021011303020470,SWBBL,53,58,77,1725.0,132825.0
2021011303020135,SWBBL,51,58,100,1724.0,172400.0
2021011303020051,SWBBL,49,58,290,1724.0,499960.0
2021011303020227,SWBBL,7,6,10,1724.0,17240.0
2021011303020226,SWBBL,7,58,15,1724.0,25860.0
2021011303020164,SWBBL,45,58,20,1724.0,34480.0
2021011303020444,TRH,47,29,70,299.0,20930.0
2021011303020443,TRH,45,29,40,299.0,11960.0
2021011303020349,TRH,38,29,100,300.0,30000.0
2021011303020348,TRH,46,29,100,300.0,30000.0
2021011303020347,TRH,45,29,50,300.0,15000.0
2021011303020346,TRH,32,29,200,300.0,60000.0
2021011303020345,TRH,14,29,200,300.0,60000.0
2021011303020344,TRH,47,29,140,300.0,42000.0
2021011303020442,UFL,45,36,"2,100",350.0,735000.0
2021011303020441,UFL,45,36,600,350.0,210000.0
2021011303020440,UFL,6,36,200,351.0,70200.0
2021011303020439,UFL,58,36,200,352.0,70400.0
2021011303020438,UFL,45,36,50,353.0,17650.0
2021011303020437,UFL,21,36,150,353.0,52950.0
2021011303020237,UFL,28,28,"5,000",354.0,1770000.0
2021011303020236,UFL,6,28,500,354.0,177000.0
2021011303020235,UFL,28,28,132,354.0,46728.0
2021011303020084,UFL,28,7,100,354.0,35400.0
2021011303020243,UFL,1,28,800,354.0,283200.0
2021011303020242,UFL,58,28,100,354.0,35400.0
2021011303020241,UFL,45,28,"4,000",354.0,1416000.0
2021011303020240,UFL,45,28,"10,000",354.0,3540000.0
2021011303020239,UFL,28,28,"5,000",354.0,1770000.0
2021011303020238,UFL,39,28,175,354.0,61950.0
2021011303020249,UFL,28,28,"1,000",354.0,354000.0
2021011303020248,UFL,45,28,"2,000",354.0,708000.0
2021011303020247,UFL,28,28,500,354.0,177000.0
2021011303020246,UFL,28,28,"1,000",354.0,354000.0
2021011303020245,UFL,49,28,20,354.0,7080.0
2021011303020244,UFL,29,28,500,354.0,177000.0
2021011303020255,UFL,25,28,50,354.0,17700.0
2021011303020254,UFL,38,28,500,354.0,177000.0
2021011303020253,UFL,50,28,100,354.0,35400.0
2021011303020252,UFL,28,28,"4,000",354.0,1416000.0
2021011303020251,UFL,28,28,"3,000",354.0,1062000.0
2021011303020250,UFL,41,28,500,354.0,177000.0
2021011303020261,UFL,49,28,500,354.0,177000.0
2021011303020260,UFL,11,28,500,354.0,177000.0
2021011303020259,UFL,38,28,150,354.0,53100.0
2021011303020258,UFL,55,28,50,354.0,17700.0
2021011303020257,UFL,26,28,100,354.0,35400.0
2021011303020256,UFL,49,28,10,354.0,3540.0
2021011303020267,UFL,48,28,100,354.0,35400.0
2021011303020266,UFL,6,28,500,354.0,177000.0
2021011303020265,UFL,25,28,10,354.0,3540.0
2021011303020264,UFL,45,28,50,354.0,17700.0
2021011303020263,UFL,13,28,60,354.0,21240.0
2021011303020262,UFL,39,28,"2,000",354.0,708000.0
2021011303020273,UFL,48,28,500,354.0,177000.0
2021011303020272,UFL,50,28,500,354.0,177000.0
2021011303020271,UFL,6,28,20,354.0,7080.0
2021011303020270,UFL,7,28,500,354.0,177000.0
2021011303020269,UFL,52,28,135,354.0,47790.0
2021011303020268,UFL,6,28,500,354.0,177000.0
2021011303020279,UFL,36,28,100,354.0,35400.0
2021011303020278,UFL,25,28,20,354.0,7080.0
2021011303020277,UFL,52,28,100,354.0,35400.0
2021011303020276,UFL,58,28,50,354.0,17700.0
2021011303020275,UFL,45,28,300,354.0,106200.0
2021011303020274,UFL,41,28,50,354.0,17700.0
2021011303020285,UFL,44,28,50,354.0,17700.0
2021011303020284,UFL,5,28,200,354.0,70800.0
2021011303020283,UFL,48,28,100,354.0,35400.0
2021011303020282,UFL,32,28,500,354.0,177000.0
2021011303020281,UFL,52,28,100,354.0,35400.0
2021011303020280,UFL,52,28,100,354.0,35400.0
2021011303020291,UFL,22,28,50,354.0,17700.0
2021011303020290,UFL,42,28,100,354.0,35400.0
2021011303020289,UFL,58,28,10,354.0,3540.0
2021011303020288,UFL,32,28,"1,000",354.0,354000.0
2021011303020287,UFL,34,28,100,354.0,35400.0
2021011303020286,UFL,22,28,100,354.0,35400.0
2021011303020297,UFL,48,28,220,354.0,77880.0
2021011303020296,UFL,53,28,500,354.0,177000.0
2021011303020295,UFL,28,28,"1,000",354.0,354000.0
2021011303020294,UFL,26,28,"2,000",354.0,708000.0
2021011303020293,UFL,58,28,180,354.0,63720.0
2021011303020292,UFL,7,28,565,354.0,200010.0
2021011303020303,UFL,28,28,"5,143",354.0,1820622.0
2021011303020302,UFL,43,28,100,354.0,35400.0
2021011303020301,UFL,1,28,100,354.0,35400.0
2021011303020300,UFL,34,28,"1,000",354.0,354000.0
2021011303020299,UFL,28,28,"1,000",354.0,354000.0
2021011303020298,UFL,14,28,100,354.0,35400.0
2021011303020387,USLB,42,46,10,1429.0,14290.0
2021011303020457,VLBS,10,5,10,1154.0,11540.0
2021011303019987,ALICL,19,5,30,1040.0,31200.0
2021011303019843,ALICL,17,5,50,1040.0,52000.0
2021011303019842,ALICL,17,35,50,1040.0,52000.0
2021011303019841,ALICL,17,11,100,1040.0,104000.0
2021011303019717,ALICL,4,20,50,1037.0,51850.0
2021011303019824,BFC,52,6,49,148.0,7252.0
2021011303019668,BFC,34,45,121,147.0,17787.0
2021011303019563,BFC,41,6,100,148.0,14800.0
2021011303019800,CBBL,37,59,256,1272.0,325632.0
2021011303019877,CFCL,6,39,190,197.0,37430.0
2021011303019672,CFCL,45,25,300,196.0,58800.0
2021011303019671,CFCL,45,59,100,196.0,19600.0
2021011303019670,CFCL,45,14,290,196.0,56840.0
2021011303019565,CFCL,39,14,10,196.0,1960.0
2021011303019949,CIT,55,50,26,3443.0,89518.0
2021011303019948,CIT,55,34,14,3443.0,48202.0
2021011303019899,CIT,55,35,35,3440.0,120400.0
2021011303019898,CIT,38,35,15,3441.0,51615.0
2021011303019519,CIT,55,35,20,3440.0,68800.0
2021011303019892,CMF1,43,16,100,10.1,1010.0
2021011303019704,CMF1,43,42,300,10.05,3015.0
2021011303019995,CMF2,43,34,100,10.2,1020.0
2021011303019816,DDBL,45,48,32,1480.0,47360.0
2021011303019815,DDBL,45,45,200,1480.0,296000.0
2021011303019814,DDBL,45,43,50,1480.0,74000.0
2021011303019813,DDBL,45,26,228,1480.0,337440.0
2021011303019812,DDBL,45,25,140,1479.0,207060.0
2021011303019811,FOWAD,36,44,20,2315.0,46300.0
2021011303019706,FOWAD,51,33,15,2311.0,34665.0
2021011303019600,FOWAD,51,35,16,2311.0,36976.0
2021011303019846,GBBL,7,4,110,325.0,35750.0
2021011303019619,GBBL,51,4,100,325.0,32500.0
2021011303019557,GBBL,49,4,40,325.0,13000.0
2021011303019891,GBLBS,40,58,10,655.0,6550.0
2021011303019864,GBLBS,56,58,500,655.0,327500.0
2021011303019663,GBLBS,25,58,10,655.0,6550.0
2021011303019601,GBLBS,13,58,10,655.0,6550.0
2021011303019567,GBLBS,29,58,100,655.0,65500.0
2021011303019511,GBLBS,51,21,50,654.0,32700.0
2021011303019755,GFCL,39,5,10,224.0,2240.0
2021011303019754,GFCL,39,49,100,220.0,22000.0
2021011303019753,GFCL,39,42,10,220.0,2200.0
2021011303019686,GFCL,39,42,144,220.0,31680.0
2021011303019685,GFCL,39,41,500,220.0,110000.0
2021011303019678,GFCL,39,34,200,220.0,44000.0
2021011303019677,GFCL,39,54,100,218.0,21800.0
2021011303019676,GFCL,39,39,200,218.0,43600.0
2021011303019675,GFCL,39,34,200,218.0,43600.0
2021011303019674,GFCL,39,25,46,218.0,10028.0
2021011303019673,GFCL,39,49,200,217.0,43400.0
2021011303019684,GFCL,39,21,132,220.0,29040.0
2021011303019683,GFCL,39,11,10,220.0,2200.0
2021011303019682,GFCL,39,43,81,220.0,17820.0
2021011303019681,GFCL,39,34,50,220.0,11000.0
2021011303019680,GFCL,39,49,937,220.0,206140.0
2021011303019679,GFCL,39,43,200,220.0,44000.0
2021011303019945,GILB,7,26,10,1495.0,14950.0
2021011303019640,GILB,38,34,70,1480.0,103600.0
2021011303019550,GILB,22,34,100,1480.0,148000.0
2021011303019549,GILB,38,34,20,1480.0,29600.0
2021011303019544,GILB,49,44,93,1495.0,139035.0
2021011303019920,GLICL,22,17,212,664.0,140768.0
2021011303019911,GLICL,34,52,15,663.0,9945.0
2021011303019804,GLICL,34,17,55,663.0,36465.0
2021011303019803,GLICL,37,17,45,663.0,29835.0
2021011303019593,GLICL,56,17,500,664.0,332000.0
2021011303019592,GLICL,56,17,200,664.0,132800.0
2021011303019585,GLICL,56,17,150,664.0,99600.0
2021011303019584,GLICL,52,17,100,665.0,66500.0
2021011303019534,GLICL,47,57,10,666.0,6660.0
2021011303019514,GLICL,33,57,36,666.0,23976.0
2021011303019513,GLICL,33,16,500,666.0,333000.0
2021011303019512,GLICL,33,58,131,666.0,87246.0
2021011303019591,GLICL,38,17,100,664.0,66400.0
2021011303019590,GLICL,52,17,400,664.0,265600.0
2021011303019589,GLICL,42,17,50,664.0,33200.0
2021011303019588,GLICL,28,17,300,664.0,199200.0
2021011303019587,GLICL,50,17,500,664.0,332000.0
2021011303019586,GLICL,58,17,200,664.0,132800.0
2021011303019939,GMFBS,7,28,10,1299.0,12990.0
2021011303019785,GMFBS,7,28,50,1299.0,64950.0
2021011303019894,GMFIL,43,41,100,193.0,19300.0
2021011303019893,GMFIL,38,41,500,193.0,96500.0
2021011303019731,GMFIL,48,41,50,194.0,9700.0
2021011303019730,GMFIL,49,41,200,194.0,38800.0
2021011303019729,GMFIL,40,41,150,195.0,29250.0
2021011303019980,GRDBL,45,52,50,167.0,8350.0
2021011303019760,GRDBL,45,38,100,167.0,16700.0
2021011303019650,GRDBL,45,41,40,167.0,6680.0
2021011303019649,GRDBL,45,38,300,167.0,50100.0
2021011303019648,GRDBL,45,51,100,167.0,16700.0
2021011303019612,GRDBL,22,51,100,167.0,16700.0
2021011303019569,GRDBL,38,36,135,167.0,22545.0
2021011303019566,GRDBL,19,36,100,167.0,16700.0
2021011303019515,GRDBL,50,35,50,166.0,8300.0
2021011303019575,GRDBL,38,20,50,167.0,8350.0
2021011303019574,GRDBL,38,52,40,167.0,6680.0
2021011303019573,GRDBL,38,43,50,167.0,8350.0
2021011303019572,GRDBL,38,16,70,167.0,11690.0
2021011303019571,GRDBL,38,48,280,167.0,46760.0
2021011303019570,GRDBL,38,48,20,167.0,3340.0
2021011303019611,GRDBL,22,10,100,167.0,16700.0
2021011303019580,GRDBL,38,58,195,167.0,32565.0
2021011303019579,GRDBL,38,49,50,167.0,8350.0
2021011303019578,GRDBL,38,42,50,167.0,8350.0
2021011303019577,GRDBL,38,26,10,167.0,1670.0
2021011303019576,GRDBL,38,51,50,167.0,8350.0
2021011303019771,GUFL,43,28,422,278.0,117316.0
2021011303019770,GUFL,10,28,"1,000",278.0,278000.0
2021011303019769,GUFL,17,28,100,278.0,27800.0
2021011303019768,GUFL,1,28,140,278.0,38920.0
2021011303019767,GUFL,43,28,"1,000",278.0,278000.0
2021011303019766,GUFL,49,28,338,278.0,93964.0
2021011303019967,HIDCL,47,8,10,276.0,2760.0
2021011303019937,HIDCL,47,33,300,276.0,82800.0
2021011303019903,HIDCL,6,50,331,275.0,91025.0
2021011303019902,HIDCL,8,50,200,276.0,55200.0
2021011303019836,HIDCL,55,10,16,276.0,4416.0
2021011303019835,HIDCL,55,14,100,276.0,27600.0
2021011303019834,HIDCL,55,42,884,276.0,243984.0
2021011303019863,ICFC,39,45,"2,000",278.0,556000.0
2021011303019827,ICFC,40,20,33,279.0,9207.0
2021011303019826,ICFC,40,58,17,279.0,4743.0
2021011303019705,ICFC,29,58,200,279.0,55800.0
2021011303019883,ILBS,20,35,78,1281.0,99918.0
2021011303019882,ILBS,41,35,100,1281.0,128100.0
2021011303019881,ILBS,26,35,33,1281.0,42273.0
2021011303019773,ILBS,26,35,17,1281.0,21777.0
2021011303019772,ILBS,50,35,23,1281.0,29463.0
2021011303019837,JBBL,58,56,100,224.0,22400.0
2021011303019597,JBBL,35,14,555,225.0,124875.0
2021011303019596,JBBL,35,41,421,225.0,94725.0
2021011303019595,JBBL,35,47,24,224.0,5376.0
2021011303019543,JBBL,41,47,175,224.0,39200.0
2021011303019542,JBBL,41,34,25,224.0,5600.0
2021011303019526,JBBL,16,22,45,223.0,10035.0
2021011303019859,JFL,34,32,50,259.0,12950.0
2021011303019969,KLBSL,41,19,33,1188.0,39204.0
2021011303019923,KLBSL,58,19,100,1188.0,118800.0
2021011303019830,KLBSL,8,19,100,1188.0,118800.0
2021011303019610,KMCDB,25,57,14,1014.0,14196.0
2021011303019609,KMCDB,25,44,25,1010.0,25250.0
2021011303019608,KMCDB,25,33,10,1007.0,10070.0
2021011303019562,KMCDB,25,58,70,1005.0,70350.0
2021011303019561,KMCDB,25,33,10,1005.0,10050.0
2021011303019560,KMCDB,25,16,50,1005.0,50250.0
2021011303019521,KMCDB,44,28,700,1000.0,700000.0
2021011303019520,KMCDB,17,28,300,1001.0,300300.0
2021011303019941,KRBL,41,33,100,150.0,15000.0
2021011303019940,KRBL,32,33,400,150.0,60000.0
2021011303019932,KRBL,49,22,500,151.0,75500.0
2021011303019973,KSBBL,41,29,191,246.0,46986.0
2021011303019972,KSBBL,41,58,500,246.0,123000.0
2021011303019971,KSBBL,41,3,250,246.0,61500.0
2021011303019970,KSBBL,41,21,59,246.0,14514.0
2021011303019919,KSBBL,34,4,100,246.0,24600.0
2021011303019918,KSBBL,34,34,300,246.0,73800.0
2021011303019617,KSBBL,5,45,360,243.0,87480.0
2021011303019616,KSBBL,53,45,200,243.0,48600.0
2021011303019615,KSBBL,50,45,100,243.0,24300.0
2021011303019614,KSBBL,5,45,340,243.0,82620.0
2021011303019736,KSBBL,21,57,"2,000",245.0,490000.0
2021011303019735,KSBBL,21,38,500,244.0,122000.0
2021011303019734,KSBBL,21,41,821,244.0,200324.0
2021011303019733,KSBBL,21,57,"1,040",243.0,252720.0
2021011303019689,KSBBL,53,57,150,243.0,36450.0
2021011303019688,KSBBL,5,57,140,243.0,34020.0
2021011303019742,KSBBL,21,50,169,246.0,41574.0
2021011303019741,KSBBL,21,44,400,246.0,98400.0
2021011303019740,KSBBL,21,41,323,246.0,79458.0
2021011303019739,KSBBL,21,34,100,245.0,24500.0
2021011303019738,KSBBL,21,32,500,245.0,122500.0
2021011303019737,KSBBL,21,57,200,245.0,49000.0
2021011303019917,KSBBL,34,14,40,246.0,9840.0
2021011303019916,KSBBL,34,1,"1,553",246.0,382038.0
2021011303019746,KSBBL,21,1,247,246.0,60762.0
2021011303019745,KSBBL,21,11,100,246.0,24600.0
2021011303019744,KSBBL,21,7,"1,000",246.0,246000.0
2021011303019743,KSBBL,21,52,100,246.0,24600.0
2021011303019966,LBBL,49,25,470,238.0,111860.0
2021011303019965,LBBL,49,45,73,238.0,17374.0
2021011303019964,LBBL,49,37,157,238.0,37366.0
2021011303019862,LBBL,38,37,143,238.0,34034.0
2021011303019504,LBBL,17,34,100,239.0,23900.0
2021011303019503,LBBL,17,35,50,239.0,11950.0
2021011303019701,LBBL,10,11,78,238.0,18564.0
2021011303019507,LBBL,17,58,550,239.0,131450.0
2021011303019506,LBBL,17,48,500,239.0,119500.0
2021011303019505,LBBL,17,21,"1,000",239.0,239000.0
2021011303019861,LBBL,38,11,357,238.0,84966.0
2021011303019702,LBBL,50,11,150,238.0,35700.0
2021011303019991,LICN,25,49,10,2200.0,22000.0
2021011303019931,LICN,49,54,29,2182.0,63278.0
2021011303019523,LICN,42,55,25,2199.0,54975.0
2021011303019639,LICN,42,49,100,2200.0,220000.0
2021011303019556,LICN,17,5,60,2180.0,130800.0
2021011303019555,LICN,29,5,10,2182.0,21820.0
2021011303019554,LICN,14,5,30,2183.0,65490.0
2021011303019524,LICN,42,49,175,2200.0,385000.0
2021011303019564,LLBS,49,52,370,1485.0,549450.0
2021011303019651,LUK,40,58,100,9.66,966.0
2021011303019762,MDB,59,37,150,344.0,51600.0
2021011303019960,MFIL,25,55,256,354.0,90624.0
2021011303019959,MFIL,25,6,100,354.0,35400.0
2021011303019958,MFIL,25,41,564,354.0,199656.0
2021011303019957,MFIL,25,19,200,354.0,70800.0
2021011303019956,MFIL,25,1,200,354.0,70800.0
2021011303019955,MFIL,25,55,"1,000",354.0,354000.0
2021011303019694,MFIL,55,45,50,350.0,17500.0
2021011303019693,MFIL,52,45,550,351.0,193050.0
2021011303019692,MFIL,19,45,50,351.0,17550.0
2021011303019691,MFIL,33,45,345,351.0,121095.0
2021011303019622,MFIL,48,55,"1,029",352.0,362208.0
2021011303019700,MFIL,58,45,307,349.0,107143.0
2021011303019699,MFIL,55,45,948,349.0,330852.0
2021011303019698,MFIL,19,45,50,350.0,17500.0
2021011303019697,MFIL,17,45,100,350.0,35000.0
2021011303019696,MFIL,49,45,100,350.0,35000.0
2021011303019695,MFIL,7,45,500,350.0,175000.0
2021011303019954,MFIL,25,32,350,354.0,123900.0
2021011303019953,MFIL,25,55,100,353.0,35300.0
2021011303019952,MFIL,25,47,150,353.0,52950.0
2021011303019951,MFIL,25,55,"1,980",353.0,698940.0
2021011303019950,MFIL,25,36,100,352.0,35200.0
2021011303019868,MFIL,55,55,20,353.0,7060.0
2021011303019904,MLBL,8,38,150,274.0,41100.0
2021011303019985,MMFDB,20,49,679,1474.0,1000846.0
2021011303019984,MMFDB,20,10,71,1463.0,103873.0
2021011303019983,MMFDB,20,21,50,1459.0,72950.0
2021011303019982,MMFDB,20,42,200,1450.0,290000.0
2021011303019909,MMFDB,20,10,29,1463.0,42427.0
2021011303019908,MMFDB,20,22,25,1463.0,36575.0
2021011303019518,MMFDB,20,11,77,1435.0,110495.0
2021011303019778,MMFDB,20,45,50,1435.0,71750.0
2021011303019777,MMFDB,34,52,300,1420.0,426000.0
2021011303019776,MMFDB,34,21,100,1420.0,142000.0
2021011303019607,MMFDB,20,45,27,1448.0,39096.0
2021011303019581,MMFDB,20,46,200,1463.0,292600.0
2021011303019533,MMFDB,20,11,23,1435.0,33005.0
2021011303019907,MMFDB,20,34,586,1463.0,857318.0
2021011303019906,MMFDB,20,56,50,1460.0,73000.0
2021011303019905,MMFDB,20,46,10,1435.0,14350.0
2021011303019781,MMFDB,20,34,23,1463.0,33649.0
2021011303019780,MMFDB,20,10,200,1460.0,292000.0
2021011303019779,MMFDB,20,49,27,1448.0,39096.0
2021011303019901,MNBBL,58,54,46,377.0,17342.0
2021011303019900,MNBBL,58,45,54,377.0,20358.0
2021011303019618,MNBBL,49,26,100,377.0,37700.0
2021011303019525,MNBBL,10,26,50,377.0,18850.0
2021011303019855,MNBBL,20,45,300,377.0,113100.0
2021011303019752,MNBBL,42,45,146,377.0,55042.0
2021011303019751,MNBBL,42,26,254,377.0,95758.0
2021011303019749,MNBBL,36,26,200,377.0,75400.0
2021011303019897,MPFL,37,4,200,162.0,32400.0
2021011303019829,MPFL,44,4,500,162.0,81000.0
2021011303019799,MPFL,41,4,100,162.0,16200.0
2021011303019625,MSLB,39,49,31,1686.0,52266.0
2021011303019653,MSMBS,20,25,50,958.0,47900.0
2021011303019652,MSMBS,43,25,50,958.0,47900.0
2021011303019727,NIBLPF,48,17,"4,000",11.35,45400.0
2021011303019962,NICGF,13,19,120,11.07,1328.4
2021011303019961,NICGF,57,19,"4,880",11.07,54021.6
2021011303019844,NICGF,57,3,120,11.0,1320.0
2021011303019912,NLBBL,50,34,76,1230.0,93480.0
2021011303019890,NLBBL,50,25,15,1230.0,18450.0
2021011303019854,NLBBL,50,38,500,1230.0,615000.0
2021011303019853,NLBBL,50,17,100,1230.0,123000.0
2021011303019852,NLBBL,50,33,200,1230.0,246000.0
2021011303019851,NLBBL,50,5,50,1230.0,61500.0
2021011303019850,NLBBL,50,28,500,1230.0,615000.0
2021011303019849,NLBBL,50,4,29,1230.0,35670.0
2021011303019848,NLBBL,50,34,30,1229.0,36870.0
2021011303019825,NLBBL,34,33,500,1225.0,612500.0
2021011303019989,NLIC,7,25,32,2435.0,77920.0
2021011303019988,NLIC,57,25,28,2435.0,68180.0
2021011303019936,NLIC,57,57,50,2435.0,121750.0
2021011303019915,NLIC,57,42,50,2435.0,121750.0
2021011303019880,NLIC,57,55,100,2435.0,243500.0
2021011303019879,NLIC,57,38,22,2435.0,53570.0
2021011303019559,NLIC,59,44,50,2435.0,121750.0
2021011303019558,NLIC,49,44,771,2435.0,1877385.0
2021011303019878,NLIC,25,44,28,2435.0,68180.0
2021011303019845,NLIC,42,44,200,2435.0,487000.0
2021011303019759,NLIC,26,44,100,2435.0,243500.0
2021011303019707,NLIC,49,44,100,2435.0,243500.0
2021011303019598,NLIC,50,6,100,2434.0,243400.0
2021011303019583,NLIC,50,44,100,2435.0,243500.0
2021011303019974,NLICL,38,54,50,1165.0,58250.0
2021011303019944,NLICL,47,54,10,1165.0,11650.0
2021011303019943,NLICL,46,54,10,1165.0,11650.0
2021011303019930,NLICL,58,39,90,1165.0,104850.0
2021011303019929,NLICL,58,44,310,1162.0,360220.0
2021011303019928,NLICL,52,44,50,1162.0,58100.0
2021011303019535,NLICL,59,58,600,1165.0,699000.0
2021011303019532,NLICL,59,43,30,1165.0,34950.0
2021011303019763,NLICL,6,45,180,1165.0,209700.0
2021011303019641,NLICL,59,45,120,1165.0,139800.0
2021011303019620,NLICL,59,56,20,1165.0,23300.0
2021011303019613,NLICL,59,45,130,1165.0,151450.0
2021011303019599,NLICL,47,58,11,1166.0,12826.0
2021011303019582,NLICL,59,56,100,1165.0,116500.0
2021011303019789,NLICL,41,54,100,1162.0,116200.0
2021011303019788,NLICL,34,54,100,1162.0,116200.0
2021011303019787,NLICL,28,54,245,1162.0,284690.0
2021011303019786,NLICL,6,54,120,1165.0,139800.0
2021011303019765,NLICL,6,1,150,1165.0,174750.0
2021011303019764,NLICL,6,43,50,1165.0,58250.0
2021011303019847,NLICL,40,4,50,1165.0,58250.0
2021011303019839,NLICL,40,50,10,1165.0,11650.0
2021011303019793,NLICL,39,54,85,1161.0,98685.0
2021011303019792,NLICL,38,54,100,1161.0,116100.0
2021011303019791,NLICL,48,54,50,1162.0,58100.0
2021011303019790,NLICL,57,54,100,1162.0,116200.0
2021011303019927,NLICL,34,44,100,1162.0,116200.0
2021011303019926,NLICL,51,44,85,1163.0,98855.0
2021011303019914,NLICL,58,39,20,1165.0,23300.0
2021011303019913,NLICL,40,39,345,1165.0,401925.0
2021011303019896,NLICL,40,44,45,1165.0,52425.0
2021011303019895,NLICL,40,8,50,1165.0,58250.0
2021011303019757,NMBMF,53,13,437,1125.0,491625.0
2021011303019756,NMBMF,51,13,63,1132.0,71316.0
2021011303019718,NMBMF,51,50,137,1132.0,155084.0
2021011303019798,NMFBS,59,13,500,2412.0,1206000.0
2021011303019797,NMFBS,59,22,50,2410.0,120500.0
2021011303019796,NMFBS,59,1,50,2410.0,120500.0
2021011303019795,NMFBS,59,28,52,2410.0,125320.0
2021011303019794,NMFBS,59,8,100,2410.0,241000.0
2021011303019994,NRIC,41,57,10,1546.0,15460.0
2021011303019993,NRIC,41,57,40,1547.0,61880.0
2021011303019990,NRIC,38,38,20,1547.0,30940.0
2021011303019938,NRIC,38,51,10,1547.0,15470.0
2021011303019924,NRIC,38,47,50,1547.0,77350.0
2021011303019910,NRIC,38,42,40,1547.0,61880.0
2021011303019664,NRIC,25,52,20,1546.0,30920.0
2021011303019594,NRIC,25,29,20,1546.0,30920.0
2021011303019541,NRIC,25,28,105,1546.0,162330.0
2021011303019539,NRIC,28,7,100,1545.0,154500.0
2021011303019527,NRIC,28,10,40,1545.0,61800.0
2021011303019517,NRIC,28,42,140,1545.0,216300.0
2021011303019721,NRIC,22,16,500,1546.0,773000.0
2021011303019720,NRIC,21,16,50,1546.0,77300.0
2021011303019719,NRIC,25,16,55,1546.0,85030.0
2021011303019667,NRIC,19,43,50,1547.0,77350.0
2021011303019666,NRIC,19,6,100,1547.0,154700.0
2021011303019665,NRIC,19,38,50,1547.0,77350.0
2021011303019889,NRIC,21,42,40,1547.0,61880.0
2021011303019888,NRIC,21,35,40,1547.0,61880.0
2021011303019831,NRIC,41,52,50,1546.0,77300.0
2021011303019724,NRIC,28,16,337,1545.0,520665.0
2021011303019723,NRIC,57,16,38,1546.0,58748.0
2021011303019722,NRIC,11,16,20,1546.0,30920.0
2021011303019810,NRN,21,4,50,363.0,18150.0
2021011303019712,NRN,48,4,130,363.0,47190.0
2021011303019711,NRN,48,51,10,363.0,3630.0
2021011303019710,NRN,48,39,20,363.0,7260.0
2021011303019709,NRN,48,38,10,363.0,3630.0
2021011303019708,NRN,48,22,30,363.0,10890.0
2021011303019545,NRN,58,41,10,362.0,3620.0
2021011303019986,NTC,45,42,10,1255.0,12550.0
2021011303019947,NTC,21,58,"1,500",1255.0,1882500.0
2021011303019946,NTC,34,58,"1,695",1255.0,2127225.0
2021011303019876,NTC,34,49,10,1255.0,12550.0
2021011303019875,NTC,34,29,500,1255.0,627500.0
2021011303019874,NTC,34,50,375,1255.0,470625.0
2021011303019654,NTC,58,16,200,1251.0,250200.0
2021011303019510,NTC,58,53,100,1251.0,125100.0
2021011303019660,NTC,58,16,25,1251.0,31275.0
2021011303019659,NTC,3,16,500,1251.0,625500.0
2021011303019658,NTC,16,16,300,1251.0,375300.0
2021011303019657,NTC,58,16,500,1251.0,625500.0
2021011303019656,NTC,36,16,20,1251.0,25020.0
2021011303019655,NTC,34,16,52,1251.0,65052.0
2021011303019761,NTC,5,44,80,1254.0,100320.0
2021011303019747,NTC,28,50,50,1251.0,62550.0
2021011303019725,NTC,57,50,50,1251.0,62550.0
2021011303019703,NTC,42,50,200,1251.0,250200.0
2021011303019662,NTC,58,16,55,1250.0,68750.0
2021011303019661,NTC,50,16,200,1251.0,250200.0
2021011303019873,NTC,34,44,"2,000",1254.0,2508000.0
2021011303019872,NTC,34,50,300,1254.0,376200.0
2021011303019871,NTC,34,3,100,1254.0,125400.0
2021011303019870,NTC,34,44,20,1254.0,25080.0
2021011303019838,NTC,28,4,100,1251.0,125100.0
2021011303019782,NTC,21,44,100,1254.0,125400.0
2021011303019669,NUBL,39,42,100,1335.0,133500.0
2021011303019621,NUBL,39,6,150,1335.0,200250.0
2021011303019922,OHL,17,42,50,470.0,23500.0
2021011303019921,OHL,42,42,50,470.0,23500.0
2021011303019784,OHL,25,33,500,470.0,235000.0
2021011303019783,OHL,14,33,500,471.0,235500.0
2021011303019638,PLIC,39,57,10,817.0,8170.0
2021011303019637,PLIC,39,55,100,816.0,81600.0
2021011303019636,PLIC,39,20,100,816.0,81600.0
2021011303019635,PLIC,39,26,100,815.0,81500.0
2021011303019634,PLIC,39,21,50,815.0,40750.0
2021011303019633,PLIC,39,14,250,815.0,203750.0
2021011303019626,PLIC,39,20,170,813.0,138210.0
2021011303019632,PLIC,39,34,50,815.0,40750.0
2021011303019631,PLIC,39,49,100,814.0,81400.0
2021011303019630,PLIC,39,52,200,814.0,162800.0
2021011303019629,PLIC,39,51,70,814.0,56980.0
2021011303019628,PLIC,39,45,200,814.0,162800.0
2021011303019627,PLIC,39,34,100,813.0,81300.0
2021011303019750,PROFL,49,28,250,134.0,33500.0
2021011303019516,PROFL,55,28,50,134.0,6700.0
2021011303019992,RLFL,4,45,200,195.0,39000.0
2021011303019817,RLFL,58,45,100,195.0,19500.0
2021011303019624,RLFL,57,45,250,195.0,48750.0
2021011303019981,RLI,51,57,10,637.0,6370.0
2021011303019942,RLI,51,38,10,637.0,6370.0
2021011303019865,RLI,51,51,10,637.0,6370.0
2021011303019858,RLI,4,13,75,638.0,47850.0
2021011303019857,RLI,4,38,15,638.0,9570.0
2021011303019823,RLI,22,38,100,638.0,63800.0
2021011303019774,RLI,51,58,10,637.0,6370.0
2021011303019623,RLI,51,10,10,637.0,6370.0
2021011303019568,RLI,17,29,40,637.0,25480.0
2021011303019522,RLI,17,28,10,637.0,6370.0
2021011303019502,RMDC,53,6,50,1170.0,58500.0
2021011303019501,RMDC,53,22,25,1170.0,29250.0
2021011303019500,RMDC,53,11,20,1170.0,23400.0
2021011303019499,RMDC,53,44,500,1170.0,585000.0
2021011303019498,RMDC,53,22,100,1170.0,117000.0
2021011303019497,RMDC,53,50,50,1168.0,58400.0
2021011303019968,RSDC,50,37,200,702.0,140400.0
2021011303019886,RSDC,50,45,25,702.0,17550.0
2021011303019885,RSDC,49,45,50,702.0,35100.0
2021011303019884,RSDC,49,45,225,704.0,158400.0
2021011303019603,RSDC,50,56,125,704.0,88000.0
2021011303019602,RSDC,50,50,35,704.0,24640.0
2021011303019496,RSDC,38,50,90,704.0,63360.0
2021011303019646,RSDC,55,49,200,705.0,141000.0
2021011303019645,RSDC,55,39,100,705.0,70500.0
2021011303019644,RSDC,55,6,50,705.0,35250.0
2021011303019643,RSDC,55,58,64,705.0,45120.0
2021011303019642,RSDC,55,22,60,704.0,42240.0
2021011303019604,RSDC,50,22,40,704.0,28160.0
2021011303019860,RSDC,49,58,175,704.0,123200.0
2021011303019856,RSDC,28,58,200,704.0,140800.0
2021011303019840,RSDC,33,58,100,704.0,70400.0
2021011303019828,RSDC,21,58,25,704.0,17600.0
2021011303019647,RSDC,55,38,126,705.0,88830.0
2021011303019925,SABSL,58,54,10,1139.0,11390.0
2021011303019538,SABSL,50,36,500,1120.0,560000.0
2021011303019537,SABSL,14,36,67,1122.0,75174.0
2021011303019536,SABSL,5,36,200,1123.0,224600.0
2021011303019748,SAPDBL,51,36,"4,214",159.0,670026.0
2021011303019732,SDLBSL,6,10,10,1221.0,12210.0
2021011303019540,SDLBSL,41,21,10,1238.0,12380.0
2021011303019935,SFMF,22,58,500,10.61,5305.0
2021011303019934,SFMF,22,21,500,10.55,5275.0
2021011303019687,SHINE,57,45,300,255.0,76500.0
2021011303019531,SHL,59,49,135,197.0,26595.0
2021011303019802,SIFC,43,21,41,200.0,8200.0
2021011303019801,SIFC,46,21,59,200.0,11800.0
2021011303019775,SIFC,46,21,100,200.0,20000.0
2021011303019553,SIFC,45,28,100,201.0,20100.0
2021011303019552,SIFC,45,43,300,201.0,60300.0
2021011303019551,SIFC,45,4,820,201.0,164820.0
2021011303019866,SINDU,17,49,250,160.0,40000.0
2021011303019818,SINDU,44,49,30,160.0,4800.0
2021011303019867,SKBBL,50,17,30,1590.0,47700.0
2021011303019728,SKBBL,45,33,300,1585.0,475500.0
2021011303019548,SKBBL,42,54,51,1590.0,81090.0
2021011303019547,SKBBL,42,49,100,1590.0,159000.0
2021011303019546,SKBBL,42,38,40,1590.0,63600.0
2021011303019690,SLBBL,54,51,25,1230.0,30750.0
2021011303019979,SLBS,56,45,38,1380.0,52440.0
2021011303019978,SLBS,56,58,20,1380.0,27600.0
2021011303019977,SLBS,56,29,100,1380.0,138000.0
2021011303019976,SLBS,56,38,50,1378.0,68900.0
2021011303019975,SLBS,56,14,50,1377.0,68850.0
2021011303019606,SLBS,56,43,100,1375.0,137500.0
2021011303019605,SLBS,56,40,100,1374.0,137400.0
2021011303019887,SLICL,4,41,15,749.0,11235.0
2021011303019869,SLICL,33,49,100,750.0,75000.0
2021011303019716,SLICL,4,58,25,749.0,18725.0
2021011303019715,SLICL,4,6,20,748.0,14960.0
2021011303019714,SLICL,4,52,200,747.0,149400.0
2021011303019963,SMB,34,48,10,1269.0,12690.0
2021011303019933,SMB,34,48,10,1269.0,12690.0
2021011303019726,SMFBS,47,42,70,1564.0,109480.0
2021011303019713,SNLB,40,7,100,1120.0,112000.0
2021011303019509,STC,41,35,10,6900.0,69000.0
2021011303019508,STC,41,28,50,6900.0,345000.0
2021011303019530,SWBBL,49,42,50,1724.0,86200.0
2021011303019529,SWBBL,49,44,660,1724.0,1137840.0
2021011303019528,SWBBL,49,58,500,1723.0,861500.0
2021011303019822,TRH,47,29,40,300.0,12000.0
2021011303019821,TRH,26,29,100,300.0,30000.0
2021011303019820,TRH,46,29,200,300.0,60000.0
2021011303019819,TRH,53,29,100,300.0,30000.0
2021011303019758,TRH,26,29,560,301.0,168560.0
2021011303019833,VLBS,26,47,64,1145.0,73280.0
2021011303019832,VLBS,16,47,36,1146.0,41256.0
2021011303019809,VLBS,38,1,10,1150.0,11500.0
2021011303019808,VLBS,38,1,10,1150.0,11500.0
2021011303019807,VLBS,38,17,200,1150.0,230000.0
2021011303019806,VLBS,38,14,50,1149.0,57450.0
2021011303019805,VLBS,38,28,85,1149.0,97665.0
2021011303019444,ACLBSL,46,4,10,1079.0,10790.0
2021011303019460,ALBSL,21,28,11,1285.0,14135.0
2021011303019459,ALBSL,33,28,89,1286.0,114454.0
2021011303019155,ALBSL,33,45,11,1286.0,14146.0
2021011303019388,ALICL,4,42,185,1037.0,191845.0
2021011303019378,ALICL,4,55,50,1037.0,51850.0
2021011303019324,ALICL,4,45,100,1037.0,103700.0
2021011303019323,ALICL,4,39,49,1036.0,50764.0
2021011303019301,ALICL,4,45,100,1035.0,103500.0
2021011303019300,ALICL,4,52,10,1035.0,10350.0
2021011303019182,ALICL,28,20,200,1025.0,205000.0
2021011303019154,ALICL,28,8,"1,490",1025.0,1527250.0
2021011303019153,ALICL,7,8,10,1025.0,10250.0
2021011303019299,ALICL,4,22,200,1034.0,206800.0
2021011303019298,ALICL,4,8,200,1033.0,206600.0
2021011303019297,ALICL,4,17,200,1032.0,206400.0
2021011303019296,ALICL,4,52,100,1030.0,103000.0
2021011303019295,ALICL,4,57,106,1030.0,109180.0
2021011303019195,ALICL,58,57,200,1030.0,206000.0
2021011303019481,CBBL,16,59,30,1272.0,38160.0
2021011303019480,CBBL,3,59,14,1272.0,17808.0
2021011303019339,CBBL,3,42,36,1272.0,45792.0
2021011303019327,CBBL,21,43,50,1272.0,63600.0
2021011303019189,CBBL,43,38,50,1270.0,63500.0
2021011303019100,CBBL,37,50,37,1269.0,46953.0
2021011303019099,CBBL,53,50,45,1269.0,57105.0
2021011303019098,CBBL,47,50,18,1270.0,22860.0
2021011303019060,CBBL,37,29,100,1270.0,127000.0
2021011303019059,CBBL,49,29,100,1270.0,127000.0
2021011303019487,CFCL,6,59,10,194.0,1940.0
2021011303019486,CFCL,6,59,90,194.0,17460.0
2021011303019121,CFCL,6,1,10,194.0,1940.0
2021011303019120,CFCL,53,1,300,195.0,58500.0
2021011303019119,CFCL,58,1,25,195.0,4875.0
2021011303019478,CIT,45,50,10,3443.0,34430.0
2021011303019473,CIT,45,51,80,3443.0,275440.0
2021011303019389,CIT,57,51,10,3443.0,34430.0
2021011303019376,CIT,55,50,70,3440.0,240800.0
2021011303019375,CIT,21,50,10,3441.0,34410.0
2021011303019287,CIT,49,51,10,3443.0,34430.0
2021011303019072,CIT,34,3,18,3443.0,61974.0
2021011303019012,CIT,45,21,12,3444.0,41328.0
2021011303019007,CIT,45,35,80,3444.0,275520.0
2021011303019078,CIT,41,3,25,3440.0,86000.0
2021011303019077,CIT,21,3,10,3440.0,34400.0
2021011303019076,CIT,21,3,10,3441.0,34410.0
2021011303019075,CIT,57,3,10,3441.0,34410.0
2021011303019074,CIT,41,3,20,3441.0,68820.0
2021011303019073,CIT,47,3,10,3441.0,34410.0
2021011303019200,CIT,55,53,20,3440.0,68800.0
2021011303019166,CIT,55,19,140,3440.0,481600.0
2021011303019082,CIT,55,3,37,3440.0,127280.0
2021011303019081,CIT,8,3,30,3440.0,103200.0
2021011303019080,CIT,44,3,10,3440.0,34400.0
2021011303019079,CIT,8,3,20,3440.0,68800.0
2021011303019011,CMF1,35,28,200,10.0,2000.0
2021011303019397,DDBL,21,25,150,1479.0,221850.0
2021011303019345,DDBL,58,48,23,1478.0,33994.0
2021011303019026,DDBL,8,48,77,1478.0,113806.0
2021011303019025,DDBL,8,40,23,1477.0,33971.0
2021011303019051,FMDBL,57,35,300,695.0,208500.0
2021011303019451,FOWAD,49,44,20,2315.0,46300.0
2021011303019450,FOWAD,49,49,400,2315.0,926000.0
2021011303019449,FOWAD,49,33,80,2313.0,185040.0
2021011303019163,GBBL,4,4,195,325.0,63375.0
2021011303019127,GBBL,6,4,500,325.0,162500.0
2021011303019096,GBBL,34,4,500,325.0,162500.0
2021011303019482,GBLBS,38,21,50,654.0,32700.0
2021011303019318,GBLBS,34,58,50,655.0,32750.0
2021011303019317,GBLBS,48,58,400,655.0,262000.0
2021011303019316,GBLBS,26,58,20,655.0,13100.0
2021011303019315,GBLBS,51,58,345,655.0,225975.0
2021011303019314,GBLBS,40,58,485,656.0,318160.0
2021011303019039,GBLBS,20,49,100,657.0,65700.0
2021011303019038,GBLBS,11,49,85,657.0,55845.0
2021011303019037,GBLBS,11,49,100,657.0,65700.0
2021011303019223,GBLBS,40,47,15,656.0,9840.0
2021011303019088,GBLBS,57,26,50,658.0,32900.0
2021011303019043,GBLBS,51,49,80,655.0,52400.0
2021011303019042,GBLBS,56,49,100,656.0,65600.0
2021011303019041,GBLBS,42,49,100,656.0,65600.0
2021011303019040,GBLBS,36,49,135,656.0,88560.0
2021011303019331,GFCL,42,11,40,216.0,8640.0
2021011303019330,GFCL,42,35,25,216.0,5400.0
2021011303019329,GFCL,42,11,26,216.0,5616.0
2021011303019335,GILB,49,45,10,1495.0,14950.0
2021011303019334,GILB,49,21,20,1495.0,29900.0
2021011303019333,GILB,49,58,49,1495.0,73255.0
2021011303019332,GILB,49,34,128,1495.0,191360.0
2021011303019091,GILB,21,34,30,1495.0,44850.0
2021011303019090,GILB,21,21,20,1490.0,29800.0
2021011303019446,GLBSL,35,13,10,932.0,9320.0
2021011303019280,GLBSL,35,46,10,932.0,9320.0
2021011303019361,GLICL,33,58,148,666.0,98568.0
2021011303019360,GLICL,33,19,500,666.0,333000.0
2021011303019359,GLICL,33,48,140,665.0,93100.0
2021011303019358,GLICL,33,38,50,665.0,33250.0
2021011303019357,GLICL,33,34,91,665.0,60515.0
2021011303019356,GLICL,33,34,71,665.0,47215.0
2021011303018998,GLICL,7,13,150,664.0,99600.0
2021011303019222,GLICL,56,49,"1,000",664.0,664000.0
2021011303019197,GLICL,56,34,50,665.0,33250.0
2021011303019196,GLICL,56,45,50,665.0,33250.0
2021011303019164,GLICL,56,57,500,664.0,332000.0
2021011303019000,GLICL,56,13,"1,350",664.0,896400.0
2021011303018999,GLICL,57,13,500,664.0,332000.0
2021011303019477,GMFBS,7,28,20,1299.0,25980.0
2021011303019476,GMFBS,7,26,10,1298.0,12980.0
2021011303019475,GMFBS,7,14,70,1298.0,90860.0
2021011303019346,GMFBS,53,50,100,1297.0,129700.0
2021011303019046,GMFIL,39,41,200,197.0,39400.0
2021011303019009,GMFIL,39,46,180,196.0,35280.0
2021011303019308,GRDBL,38,36,200,167.0,33400.0
2021011303019145,GRDBL,50,4,100,166.0,16600.0
2021011303019493,HIDCL,6,45,31,275.0,8525.0
2021011303019354,HIDCL,51,42,"1,000",276.0,276000.0
2021011303019353,HIDCL,58,42,35,276.0,9660.0
2021011303019167,HIDCL,6,59,200,275.0,55000.0
2021011303019118,HIDCL,6,25,100,275.0,27500.0
2021011303019097,HIDCL,6,59,300,275.0,82500.0
2021011303019066,HIDCL,6,48,10,275.0,2750.0
2021011303019126,ICFC,5,22,40,277.0,11080.0
2021011303019031,ILBS,14,16,1,1279.0,1279.0
2021011303019367,JBBL,53,34,975,224.0,218400.0
2021011303019366,JBBL,53,43,25,224.0,5600.0
2021011303019220,JBBL,33,43,"1,000",224.0,224000.0
2021011303019132,JBBL,45,43,175,224.0,39200.0
2021011303019013,JBBL,16,43,100,224.0,22400.0
2021011303019488,JFL,6,32,10,259.0,2590.0
2021011303019474,JFL,46,55,150,258.0,38700.0
2021011303019320,JFL,46,33,100,258.0,25800.0
2021011303019307,KMCDB,53,56,200,1001.0,200200.0
2021011303019199,KMCDB,44,45,300,1000.0,300000.0
2021011303019117,KMCDB,44,47,80,1000.0,80000.0
2021011303019093,KMCDB,44,33,10,1000.0,10000.0
2021011303019015,KMCDB,46,25,200,1001.0,200200.0
2021011303019352,KRBL,41,45,150,150.0,22500.0
2021011303019319,KRBL,39,45,26,150.0,3900.0
2021011303019278,KSBBL,5,21,100,243.0,24300.0
2021011303019198,KSBBL,34,41,500,244.0,122000.0
2021011303019071,KSBBL,5,25,240,243.0,58320.0
2021011303019045,KSBBL,40,41,"1,500",244.0,366000.0
2021011303019020,KSBBL,5,34,320,243.0,77760.0
2021011303019019,KSBBL,25,34,180,243.0,43740.0
2021011303019246,LBBL,10,52,772,238.0,183736.0
2021011303019165,LBBL,10,35,50,238.0,11900.0
2021011303019036,LBBL,10,58,100,238.0,23800.0
2021011303019434,LICN,42,55,25,2199.0,54975.0
2021011303019283,LICN,42,54,50,2199.0,109950.0
2021011303019282,LICN,42,49,100,2199.0,219900.0
2021011303019281,LICN,42,54,25,2199.0,54975.0
2021011303019161,MDB,43,37,896,344.0,308224.0
2021011303019134,MFIL,33,1,60,351.0,21060.0
2021011303019133,MFIL,55,1,20,351.0,7020.0
2021011303019010,MFIL,13,55,471,352.0,165792.0
2021011303019168,MLBBL,45,6,30,1378.0,41340.0
2021011303019374,MLBL,25,28,399,275.0,109725.0
2021011303019373,MLBL,25,43,81,275.0,22275.0
2021011303019372,MLBL,25,16,500,274.0,137000.0
2021011303019371,MLBL,25,21,100,274.0,27400.0
2021011303019370,MLBL,25,45,500,274.0,137000.0
2021011303019369,MLBL,25,13,34,274.0,9316.0
2021011303019472,MMFDB,20,19,100,1420.0,142000.0
2021011303019471,MMFDB,20,40,10,1420.0,14200.0
2021011303019470,MMFDB,20,28,200,1419.0,283800.0
2021011303019469,MMFDB,20,52,50,1419.0,70950.0
2021011303019468,MMFDB,20,21,200,1417.0,283400.0
2021011303019467,MMFDB,20,49,147,1415.0,208005.0
2021011303019129,MMFDB,20,7,72,1369.0,98568.0
2021011303019128,MMFDB,20,42,223,1365.0,304395.0
2021011303019053,MMFDB,41,42,38,1369.0,52022.0
2021011303019034,MMFDB,41,6,10,1369.0,13690.0
2021011303019022,MMFDB,41,41,24,1365.0,32760.0
2021011303019400,MMFDB,20,25,24,1380.0,33120.0
2021011303019364,MMFDB,17,20,39,1356.0,52884.0
2021011303019259,MMFDB,7,20,20,1356.0,27120.0
2021011303019258,MMFDB,3,20,80,1356.0,108480.0
2021011303019257,MMFDB,51,20,40,1358.0,54320.0
2021011303019130,MMFDB,20,34,100,1375.0,137500.0
2021011303019406,MMFDB,20,17,100,1385.0,138500.0
2021011303019405,MMFDB,20,38,88,1384.0,121792.0
2021011303019404,MMFDB,20,38,100,1382.0,138200.0
2021011303019403,MMFDB,20,7,57,1380.0,78660.0
2021011303019402,MMFDB,20,40,20,1380.0,27600.0
2021011303019401,MMFDB,20,11,43,1380.0,59340.0
2021011303019412,MMFDB,20,39,100,1392.0,139200.0
2021011303019411,MMFDB,20,11,38,1390.0,52820.0
2021011303019410,MMFDB,20,58,186,1390.0,258540.0
2021011303019409,MMFDB,20,22,25,1387.0,34675.0
2021011303019408,MMFDB,20,57,30,1387.0,41610.0
2021011303019407,MMFDB,20,52,50,1386.0,69300.0
2021011303019418,MMFDB,20,50,20,1398.0,27960.0
2021011303019417,MMFDB,20,28,111,1397.0,155067.0
2021011303019416,MMFDB,20,28,27,1397.0,37719.0
2021011303019415,MMFDB,20,1,50,1397.0,69850.0
2021011303019414,MMFDB,20,14,500,1397.0,698500.0
2021011303019413,MMFDB,20,17,50,1394.0,69700.0
2021011303019424,MMFDB,20,14,31,1407.0,43617.0
2021011303019423,MMFDB,20,50,20,1407.0,28140.0
2021011303019422,MMFDB,20,42,100,1407.0,140700.0
2021011303019421,MMFDB,20,21,100,1407.0,140700.0
2021011303019420,MMFDB,20,21,100,1407.0,140700.0
2021011303019419,MMFDB,20,7,30,1400.0,42000.0
2021011303019466,MMFDB,20,35,50,1413.0,70650.0
2021011303019465,MMFDB,20,10,400,1410.0,564000.0
2021011303019464,MMFDB,20,10,"1,283",1407.0,1805181.0
2021011303019463,MMFDB,20,14,20,1407.0,28140.0
2021011303019462,MMFDB,20,38,100,1407.0,140700.0
2021011303019461,MMFDB,20,14,469,1407.0,659883.0
2021011303019445,MNBBL,6,26,10,377.0,3770.0
2021011303019288,MNBBL,6,4,13,376.0,4888.0
2021011303019086,MNBBL,6,42,150,376.0,56400.0
2021011303019085,MNBBL,6,25,100,376.0,37600.0
2021011303019328,MPFL,41,4,200,162.0,32400.0
2021011303019250,MPFL,22,4,"1,000",162.0,162000.0
2021011303019249,MPFL,48,4,50,162.0,8100.0
2021011303019248,MPFL,41,4,100,162.0,16200.0
2021011303019221,MPFL,41,20,100,163.0,16300.0
2021011303019205,MPFL,49,4,500,165.0,82500.0
2021011303019186,MPFL,58,4,100,165.0,16500.0
2021011303019267,MSMBS,38,4,30,960.0,28800.0
2021011303019213,MSMBS,35,4,60,960.0,57600.0
2021011303019194,MSMBS,43,4,500,960.0,480000.0
2021011303019193,MSMBS,3,4,75,960.0,72000.0
2021011303019192,MSMBS,17,4,20,965.0,19300.0
2021011303019191,MSMBS,44,4,200,970.0,194000.0
2021011303019190,MSMBS,16,4,10,980.0,9800.0
2021011303019089,NFS,49,1,37,246.0,9102.0
2021011303019395,NIBLPF,51,17,"10,000",11.35,113500.0
2021011303019108,NIBLPF,59,17,"2,500",11.35,28375.0
2021011303019147,NLBBL,49,34,300,1220.0,366000.0
2021011303019492,NLIC,49,58,450,2435.0,1095750.0
2021011303019491,NLIC,21,58,50,2437.0,121850.0
2021011303019489,NLIC,21,16,200,2437.0,487400.0
2021011303019485,NLIC,49,40,130,2435.0,316550.0
2021011303019484,NLIC,16,16,50,2437.0,121850.0
2021011303019427,NLIC,49,5,300,2435.0,730500.0
2021011303019304,NLIC,19,51,55,2433.0,133815.0
2021011303019157,NLIC,44,58,100,2434.0,243400.0
2021011303019146,NLIC,58,42,50,2432.0,121600.0
2021011303019382,NLIC,49,41,22,2435.0,53570.0
2021011303019381,NLIC,49,44,50,2434.0,121700.0
2021011303019380,NLIC,49,11,100,2434.0,243400.0
2021011303019379,NLIC,49,58,30,2434.0,73020.0
2021011303019351,NLIC,6,58,250,2434.0,608500.0
2021011303019305,NLIC,19,17,30,2433.0,72990.0
2021011303019392,NLIC,49,42,15,2435.0,36525.0
2021011303019387,NLIC,49,17,200,2435.0,487000.0
2021011303019386,NLIC,49,38,22,2435.0,53570.0
2021011303019385,NLIC,49,44,50,2435.0,121750.0
2021011303019384,NLIC,49,19,295,2435.0,718325.0
2021011303019383,NLIC,49,57,200,2435.0,487000.0
2021011303019457,NLICL,28,55,100,1162.0,116200.0
2021011303019448,NLICL,28,13,100,1162.0,116200.0
2021011303019447,NLICL,28,56,55,1162.0,63910.0
2021011303019426,NLICL,39,44,102,1161.0,118422.0
2021011303019390,NLICL,38,4,100,1161.0,116100.0
2021011303019365,NLICL,38,21,100,1161.0,116100.0
2021011303019047,NLICL,33,54,100,1164.0,116400.0
2021011303019008,NLICL,22,22,50,1162.0,58100.0
2021011303019144,NLICL,45,32,50,1165.0,58250.0
2021011303019137,NLICL,22,55,50,1163.0,58150.0
2021011303019113,NLICL,1,45,100,1164.0,116400.0
2021011303019111,NLICL,33,58,207,1166.0,241362.0
2021011303019110,NLICL,33,35,200,1165.0,233000.0
2021011303019109,NLICL,33,58,93,1165.0,108345.0
2021011303019211,NLICL,47,41,100,1162.0,116200.0
2021011303019210,NLICL,48,41,200,1162.0,232400.0
2021011303019209,NLICL,48,42,300,1162.0,348600.0
2021011303019203,NLICL,17,32,10,1164.0,11640.0
2021011303019162,NLICL,48,58,500,1162.0,581000.0
2021011303019148,NLICL,17,32,10,1164.0,11640.0
2021011303019255,NLICL,55,58,100,1161.0,116100.0
2021011303019254,NLICL,26,58,60,1161.0,69660.0
2021011303019253,NLICL,55,58,200,1161.0,232200.0
2021011303019252,NLICL,20,58,545,1161.0,632745.0
2021011303019251,NLICL,8,58,"1,810",1162.0,2103220.0
2021011303019224,NLICL,8,41,190,1162.0,220780.0
2021011303019272,NLICL,25,58,20,1161.0,23220.0
2021011303019271,NLICL,50,58,215,1161.0,249615.0
2021011303019268,NLICL,17,56,20,1162.0,23240.0
2021011303019266,NLICL,34,56,20,1164.0,23280.0
2021011303019265,NLICL,34,32,30,1164.0,34920.0
2021011303019256,NLICL,50,58,285,1161.0,330885.0
2021011303019279,NLICL,3,58,55,1160.0,63800.0
2021011303019277,NLICL,42,58,170,1160.0,197200.0
2021011303019276,NLICL,49,58,50,1160.0,58000.0
2021011303019275,NLICL,58,58,10,1160.0,11600.0
2021011303019274,NLICL,48,58,25,1160.0,29000.0
2021011303019273,NLICL,34,58,100,1161.0,116100.0
2021011303019350,NLICL,6,58,"1,095",1160.0,1270200.0
2021011303019336,NLICL,52,58,100,1160.0,116000.0
2021011303019322,NLICL,17,58,10,1160.0,11600.0
2021011303019313,NLICL,42,58,20,1160.0,23200.0
2021011303019309,NLICL,53,58,100,1160.0,116000.0
2021011303019289,NLICL,50,58,30,1160.0,34800.0
2021011303019184,NMBMF,40,50,100,1132.0,113200.0
2021011303019055,NMBMF,45,50,433,1132.0,490156.0
2021011303019483,NRIC,11,28,75,1546.0,115950.0
2021011303019452,NRIC,4,28,10,1546.0,15460.0
2021011303019425,NRIC,28,38,10,1545.0,15450.0
2021011303019399,NRIC,28,44,50,1545.0,77250.0
2021011303019393,NRIC,28,38,80,1545.0,123600.0
2021011303019377,NRIC,56,28,100,1546.0,154600.0
2021011303019027,NRIC,22,36,10,1546.0,15460.0
2021011303019068,NRIC,54,38,50,1544.0,77200.0
2021011303019067,NRIC,54,19,100,1544.0,154400.0
2021011303019061,NRIC,21,38,50,1547.0,77350.0
2021011303019057,NRIC,7,44,5,1545.0,7725.0
2021011303019056,NRIC,7,1,10,1545.0,15450.0
2021011303019030,NRIC,25,36,10,1545.0,15450.0
2021011303019180,NRIC,43,22,40,1546.0,61840.0
2021011303019179,NRIC,43,19,60,1546.0,92760.0
2021011303019141,NRIC,42,19,50,1546.0,77300.0
2021011303019106,NRIC,42,10,100,1545.0,154500.0
2021011303019105,NRIC,42,45,50,1545.0,77250.0
2021011303019104,NRIC,42,50,100,1545.0,154500.0
2021011303019261,NRIC,33,28,65,1545.0,100425.0
2021011303019260,NRIC,43,28,120,1546.0,185520.0
2021011303019239,NRIC,43,25,200,1546.0,309200.0
2021011303019225,NRIC,43,45,40,1546.0,61840.0
2021011303019214,NRIC,43,41,30,1546.0,46380.0
2021011303019181,NRIC,43,52,10,1546.0,15460.0
2021011303019362,NRIC,28,38,40,1545.0,61800.0
2021011303019347,NRIC,28,22,50,1545.0,77250.0
2021011303019303,NRIC,28,22,40,1545.0,61800.0
2021011303019293,NRIC,52,28,10,1546.0,15460.0
2021011303019263,NRIC,28,28,95,1545.0,146775.0
2021011303019262,NRIC,25,28,20,1545.0,30900.0
2021011303019398,NRN,47,38,10,362.0,3620.0
2021011303019326,NRN,47,10,10,362.0,3620.0
2021011303019188,NRN,47,56,80,362.0,28960.0
2021011303019187,NRN,49,56,20,362.0,7240.0
2021011303019069,NRN,46,22,20,363.0,7260.0
2021011303019396,NTC,58,42,500,1251.0,625500.0
2021011303019391,NTC,58,19,200,1251.0,250200.0
2021011303019363,NTC,56,58,200,1251.0,250200.0
2021011303019340,NTC,56,3,100,1251.0,125100.0
2021011303019291,NTC,58,46,910,1250.0,1137500.0
2021011303019290,NTC,25,46,90,1251.0,112590.0
2021011303019004,NTC,57,54,30,1250.0,37500.0
2021011303019003,NTC,52,54,100,1250.0,125000.0
2021011303019002,NTC,58,54,"2,000",1250.0,2500000.0
2021011303019001,NTC,50,54,298,1250.0,372500.0
2021011303019052,NTC,33,58,"2,000",1251.0,2502000.0
2021011303019035,NTC,39,58,30,1251.0,37530.0
2021011303019028,NTC,40,58,100,1251.0,125100.0
2021011303019021,NTC,56,58,300,1251.0,375300.0
2021011303019006,NTC,58,54,415,1250.0,518750.0
2021011303019005,NTC,57,54,20,1250.0,25000.0
2021011303019158,NTC,56,44,300,1254.0,376200.0
2021011303019116,NTC,50,42,57,1251.0,71307.0
2021011303019115,NTC,56,42,143,1251.0,178893.0
2021011303019092,NTC,56,58,157,1251.0,196407.0
2021011303019058,NTC,56,58,300,1251.0,375300.0
2021011303019054,NTC,58,58,250,1251.0,312750.0
2021011303019174,NTC,33,50,"6,000",1251.0,7506000.0
2021011303019173,NTC,54,50,100,1251.0,125100.0
2021011303019172,NTC,34,50,"3,500",1251.0,4378500.0
2021011303019171,NTC,46,50,30,1251.0,37530.0
2021011303019170,NTC,54,50,100,1251.0,125100.0
2021011303019169,NTC,50,50,43,1251.0,53793.0
2021011303019240,NTC,49,50,285,1253.0,357105.0
2021011303019219,NTC,56,44,300,1254.0,376200.0
2021011303019202,NTC,49,35,"4,715",1253.0,5907895.0
2021011303019201,NTC,46,35,100,1253.0,125300.0
2021011303019176,NTC,58,50,"3,645",1250.0,4556250.0
2021011303019175,NTC,56,50,500,1251.0,625500.0
2021011303019269,NTC,49,44,100,1254.0,125400.0
2021011303019245,NTC,58,50,"3,575",1250.0,4468750.0
2021011303019244,NTC,58,50,50,1250.0,62500.0
2021011303019243,NTC,58,50,"15,940",1250.0,19925000.0
2021011303019242,NTC,52,50,100,1251.0,125100.0
2021011303019241,NTC,39,50,50,1251.0,62550.0
2021011303019284,NUBL,45,6,100,1335.0,133500.0
2021011303019138,OHL,19,49,50,472.0,23600.0
2021011303019044,OHL,54,49,50,472.0,23600.0
2021011303019018,PFL,51,14,127,208.0,26416.0
2021011303019017,PFL,13,14,73,208.0,15184.0
2021011303019456,PLIC,39,20,30,813.0,24390.0
2021011303019455,PLIC,39,21,20,812.0,16240.0
2021011303019454,PLIC,39,25,150,810.0,121500.0
2021011303019136,PLIC,45,20,30,810.0,24300.0
2021011303019032,PLIC,42,33,90,809.0,72810.0
2021011303019016,PLIC,42,20,100,809.0,80900.0
2021011303019294,PROFL,55,42,150,134.0,20100.0
2021011303019433,RLFL,10,45,100,195.0,19500.0
2021011303019432,RLFL,35,45,200,195.0,39000.0
2021011303019431,RLFL,49,45,"1,000",195.0,195000.0
2021011303019430,RLFL,58,45,363,195.0,70785.0
2021011303019443,RLI,21,38,25,638.0,15950.0
2021011303019442,RLI,39,38,300,638.0,191400.0
2021011303019441,RLI,25,38,50,638.0,31900.0
2021011303019440,RLI,52,38,20,638.0,12760.0
2021011303019439,RLI,11,38,490,638.0,312620.0
2021011303019436,RLI,11,33,10,638.0,6380.0
2021011303019070,RLI,21,58,20,639.0,12780.0
2021011303019033,RLI,11,36,10,638.0,6380.0
2021011303019024,RLI,11,7,500,638.0,319000.0
2021011303019023,RLI,11,36,10,638.0,6380.0
2021011303019394,RLI,11,38,10,638.0,6380.0
2021011303019348,RLI,11,37,300,638.0,191400.0
2021011303019302,RLI,11,45,10,638.0,6380.0
2021011303019185,RLI,6,58,50,639.0,31950.0
2021011303019156,RLI,11,1,10,638.0,6380.0
2021011303019112,RLI,11,38,10,638.0,6380.0
2021011303019429,RMDC,53,29,50,1168.0,58400.0
2021011303019428,RMDC,53,54,10,1168.0,11680.0
2021011303019325,RMDC,53,5,140,1167.0,163380.0
2021011303019065,RMDC,33,39,20,1161.0,23220.0
2021011303019064,RMDC,21,39,200,1161.0,232200.0
2021011303019063,RMDC,32,39,80,1161.0,92880.0
2021011303019062,RMDC,7,39,200,1162.0,232400.0
2021011303019495,RSDC,42,50,150,704.0,105600.0
2021011303019494,RSDC,38,29,10,704.0,7040.0
2021011303019355,RSDC,29,29,299,704.0,210496.0
2021011303019312,RSDC,38,29,201,704.0,141504.0
2021011303019311,RSDC,38,44,50,704.0,35200.0
2021011303019310,RSDC,38,14,99,704.0,69696.0
2021011303019151,RSDC,36,26,50,703.0,35150.0
2021011303019150,RSDC,36,3,50,703.0,35150.0
2021011303019149,RSDC,36,58,10,703.0,7030.0
2021011303019135,RSDC,48,49,67,702.0,47034.0
2021011303019084,RSDC,48,29,339,702.0,237978.0
2021011303019083,RSDC,49,29,90,702.0,63180.0
2021011303019286,RSDC,40,25,77,703.0,54131.0
2021011303019285,RSDC,40,6,410,703.0,288230.0
2021011303019207,RSDC,1,6,90,703.0,63270.0
2021011303019206,RSDC,1,45,10,703.0,7030.0
2021011303019177,RSDC,48,59,94,702.0,65988.0
2021011303019152,RSDC,36,45,90,703.0,63270.0
2021011303019131,SABSL,14,38,11,1122.0,12342.0
2021011303019453,SADBL,1,7,750,200.0,150000.0
2021011303019218,SADBL,1,39,89,200.0,17800.0
2021011303019217,SADBL,41,39,10,200.0,2000.0
2021011303019216,SADBL,1,39,409,200.0,81800.0
2021011303019140,SADBL,1,25,407,200.0,81400.0
2021011303019264,SAPDBL,51,55,500,159.0,79500.0
2021011303019204,SAPDBL,51,42,286,159.0,45474.0
2021011303019050,SAPDBL,56,58,15,159.0,2385.0
2021011303019049,SAPDBL,10,58,100,159.0,15900.0
2021011303019048,SAPDBL,45,58,18,159.0,2862.0
2021011303019368,SDLBSL,41,52,10,1230.0,12300.0
2021011303019479,SHINE,41,28,30,256.0,7680.0
2021011303019215,SHINE,38,28,50,256.0,12800.0
2021011303019114,SHINE,57,58,121,255.0,30855.0
2021011303019014,SHL,21,5,120,198.0,23760.0
2021011303019321,SIFC,6,4,100,201.0,20100.0
2021011303019349,SKBBL,11,38,10,1590.0,15900.0
2021011303019103,SKBBL,49,14,30,1591.0,47730.0
2021011303019102,SKBBL,49,22,20,1591.0,31820.0
2021011303019183,SLBS,17,10,43,1366.0,58738.0
2021011303019160,SLBS,56,1,20,1370.0,27400.0
2021011303019159,SLBS,56,29,38,1367.0,51946.0
2021011303019344,SLBSL,50,7,45,1033.0,46485.0
2021011303019343,SLBSL,50,45,13,1033.0,13429.0
2021011303019342,SLBSL,50,41,13,1033.0,13429.0
2021011303019341,SLBSL,50,22,129,1033.0,133257.0
2021011303019247,SLICL,45,6,30,748.0,22440.0
2021011303019094,SLICL,49,20,300,747.0,224100.0
2021011303019029,SLICL,21,6,100,748.0,74800.0
2021011303019095,SMB,3,36,11,1256.0,13816.0
2021011303019490,SMFBS,34,42,10,1564.0,15640.0
2021011303019338,SMFBS,47,21,20,1565.0,31300.0
2021011303019337,SMFBS,47,42,12,1565.0,18780.0
2021011303019208,SMFBS,34,42,88,1565.0,137720.0
2021011303019458,SMFDB,1,16,50,1028.0,51400.0
2021011303019101,SMFDB,1,16,200,1028.0,205600.0
2021011303019238,SNLB,49,35,12,1125.0,13500.0
2021011303019237,SNLB,49,39,200,1124.0,224800.0
2021011303019236,SNLB,49,13,20,1122.0,22440.0
2021011303019235,SNLB,49,47,94,1122.0,105468.0
2021011303019234,SNLB,49,14,80,1122.0,89760.0
2021011303019233,SNLB,49,57,50,1120.0,56000.0
2021011303019226,SNLB,49,58,64,1115.0,71360.0
2021011303018997,SNLB,20,58,36,1115.0,40140.0
2021011303018996,SNLB,20,16,50,1114.0,55700.0
2021011303019232,SNLB,49,48,50,1120.0,56000.0
2021011303019231,SNLB,49,42,110,1120.0,123200.0
2021011303019230,SNLB,49,34,100,1118.0,111800.0
2021011303019229,SNLB,49,36,100,1115.0,111500.0
2021011303019228,SNLB,49,17,100,1115.0,111500.0
2021011303019227,SNLB,49,25,20,1115.0,22300.0
2021011303019306,STC,39,28,10,6900.0,69000.0
2021011303019270,STC,47,19,10,6898.0,68980.0
2021011303019143,STC,13,51,30,6855.0,205650.0
2021011303019142,STC,25,51,10,6855.0,68550.0
2021011303019438,SWBBL,49,5,60,1722.0,103320.0
2021011303019437,SWBBL,49,34,20,1721.0,34420.0
2021011303019292,SWBBL,44,45,50,1720.0,86000.0
2021011303019125,TRH,26,46,250,301.0,75250.0
2021011303019124,TRH,47,46,500,301.0,150500.0
2021011303019123,TRH,46,46,10,301.0,3010.0
2021011303019122,TRH,19,46,240,301.0,72240.0
2021011303019087,TRH,41,43,50,302.0,15100.0
2021011303019107,UFL,28,11,400,354.0,141600.0
2021011303019435,USLB,32,45,22,1428.0,31416.0
2021011303019212,USLB,32,58,15,1428.0,21420.0
2021011303019139,USLB,5,36,19,1427.0,27113.0
2021011303019178,VLBS,26,38,13,1145.0,14885.0
2021011303018986,ACLBSL,46,20,10,1079.0,10790.0
2021011303018856,ALICL,49,57,89,1030.0,91670.0
2021011303018855,ALICL,49,47,142,1030.0,146260.0
2021011303018854,ALICL,49,35,50,1029.0,51450.0
2021011303018853,ALICL,49,10,59,1026.0,60534.0
2021011303018852,ALICL,49,52,160,1026.0,164160.0
2021011303018789,ALICL,45,52,40,1026.0,41040.0
2021011303018571,ALICL,50,20,20,1027.0,20540.0
2021011303018570,ALICL,1,20,20,1028.0,20560.0
2021011303018569,ALICL,19,20,100,1028.0,102800.0
2021011303018699,ALICL,6,10,20,1026.0,20520.0
2021011303018698,ALICL,56,10,390,1026.0,400140.0
2021011303018697,ALICL,33,10,90,1026.0,92340.0
2021011303018574,ALICL,33,20,110,1026.0,112860.0
2021011303018573,ALICL,28,20,150,1027.0,154050.0
2021011303018572,ALICL,58,20,100,1027.0,102700.0
2021011303018864,BFC,58,6,335,148.0,49580.0
2021011303018863,BFC,42,6,496,148.0,73408.0
2021011303018963,CBBL,49,50,121,1270.0,153670.0
2021011303018960,CBBL,37,50,100,1270.0,127000.0
2021011303018736,CBBL,49,50,259,1270.0,328930.0
2021011303018735,CBBL,52,50,20,1271.0,25420.0
2021011303018705,CBBL,17,59,200,1271.0,254200.0
2021011303018652,CBBL,49,58,41,1270.0,52070.0
2021011303018601,CBBL,14,58,200,1270.0,254000.0
2021011303018600,CBBL,41,58,12,1270.0,15240.0
2021011303018599,CBBL,39,58,93,1270.0,118110.0
2021011303018598,CBBL,36,58,134,1271.0,170314.0
2021011303018597,CBBL,34,58,20,1272.0,25440.0
2021011303018956,CFCL,49,25,200,196.0,39200.0
2021011303018792,CFCL,6,14,900,194.0,174600.0
2021011303018791,CFCL,6,14,"1,000",194.0,194000.0
2021011303018790,CFCL,35,14,100,195.0,19500.0
2021011303018774,CFCL,54,39,"1,000",197.0,197000.0
2021011303018703,CFCL,35,53,100,195.0,19500.0
2021011303018661,CFCL,26,39,100,197.0,19700.0
2021011303018976,CIT,40,35,20,3444.0,68880.0
2021011303018962,CIT,34,57,17,3443.0,58531.0
2021011303018883,CIT,38,57,13,3443.0,44759.0
2021011303018748,CIT,19,41,40,3444.0,137760.0
2021011303018614,CIT,57,25,40,3444.0,137760.0
2021011303018509,CIT,35,25,10,3444.0,34440.0
2021011303018985,DDBL,44,40,18,1477.0,26586.0
2021011303018882,DDBL,44,52,14,1477.0,20678.0
2021011303018784,DDBL,44,49,168,1477.0,248136.0
2021011303018783,DDBL,51,49,10,1477.0,14770.0
2021011303018782,DDBL,57,49,50,1477.0,73850.0
2021011303018781,DDBL,45,49,72,1478.0,106416.0
2021011303018514,DDBL,34,26,120,1480.0,177600.0
2021011303018677,DDBL,45,34,428,1478.0,632584.0
2021011303018676,DDBL,44,34,100,1478.0,147800.0
2021011303018675,DDBL,25,34,10,1478.0,14780.0
2021011303018674,DDBL,49,34,79,1478.0,116762.0
2021011303018609,DDBL,49,49,21,1478.0,31038.0
2021011303018608,DDBL,26,49,179,1478.0,264562.0
2021011303018952,FMDBL,57,57,34,695.0,23630.0
2021011303018951,FMDBL,34,57,266,695.0,184870.0
2021011303018891,FMDBL,34,58,40,695.0,27800.0
2021011303018890,FMDBL,21,58,60,695.0,41700.0
2021011303018696,FMDBL,21,41,50,695.0,34750.0
2021011303018987,FOWAD,47,17,25,2313.0,57825.0
2021011303018908,FOWAD,47,33,20,2314.0,46280.0
2021011303018756,FOWAD,13,42,100,2310.0,231000.0
2021011303018658,FOWAD,13,52,13,2310.0,30030.0
2021011303018657,FOWAD,13,11,50,2310.0,115500.0
2021011303018656,FOWAD,13,57,64,2307.0,147648.0
2021011303018637,FOWAD,58,45,16,2305.0,36880.0
2021011303018636,FOWAD,26,45,30,2305.0,69150.0
2021011303018635,FOWAD,49,45,24,2307.0,55368.0
2021011303018523,FOWAD,49,57,10,2307.0,23070.0
2021011303018988,GBBL,57,4,500,325.0,162500.0
2021011303018950,GBBL,6,49,400,324.0,129600.0
2021011303018771,GBBL,6,4,"1,343",324.0,435132.0
2021011303018770,GBBL,38,4,500,324.0,162000.0
2021011303018769,GBBL,48,4,300,324.0,97200.0
2021011303018768,GBBL,54,4,100,324.0,32400.0
2021011303018534,GBBL,21,47,395,325.0,128375.0
2021011303018533,GBBL,59,47,305,325.0,99125.0
2021011303018767,GBBL,53,4,300,324.0,97200.0
2021011303018766,GBBL,21,4,70,324.0,22680.0
2021011303018765,GBBL,22,4,100,324.0,32400.0
2021011303018764,GBBL,50,4,287,324.0,92988.0
2021011303018702,GBBL,35,4,200,325.0,65000.0
2021011303018701,GBBL,21,4,105,325.0,34125.0
2021011303018872,GBLBS,56,21,50,659.0,32950.0
2021011303018915,GLICL,33,58,100,666.0,66600.0
2021011303018914,GLICL,33,50,"1,400",665.0,931000.0
2021011303018869,GLICL,7,45,31,664.0,20584.0
2021011303018847,GLICL,19,50,100,665.0,66500.0
2021011303018831,GLICL,56,50,100,665.0,66500.0
2021011303018830,GLICL,34,50,100,665.0,66500.0
2021011303018643,GLICL,56,21,70,666.0,46620.0
2021011303018642,GLICL,56,55,113,665.0,75145.0
2021011303018641,GLICL,42,55,100,665.0,66500.0
2021011303018640,GLICL,49,55,106,665.0,70490.0
2021011303018639,GLICL,44,55,50,665.0,33250.0
2021011303018638,GLICL,36,55,31,665.0,20615.0
2021011303018829,GLICL,56,50,87,665.0,57855.0
2021011303018660,GLICL,44,58,121,666.0,80586.0
2021011303018659,GLICL,44,48,79,666.0,52614.0
2021011303018646,GLICL,56,48,47,666.0,31302.0
2021011303018645,GLICL,56,41,55,666.0,36630.0
2021011303018644,GLICL,56,44,28,666.0,18648.0
2021011303018964,GMFBS,42,14,30,1298.0,38940.0
2021011303018631,GMFBS,42,17,10,1296.0,12960.0
2021011303018549,GMFBS,42,13,10,1294.0,12940.0
2021011303018502,GMFBS,42,50,70,1294.0,90580.0
2021011303018958,GMFIL,39,59,300,197.0,59100.0
2021011303018957,GMFIL,39,42,190,197.0,37430.0
2021011303018860,GRDBL,50,35,50,166.0,8300.0
2021011303018844,GRDBL,50,28,379,166.0,62914.0
2021011303018843,GRDBL,41,28,500,166.0,83000.0
2021011303018842,GRDBL,40,28,10,166.0,1660.0
2021011303018841,GRDBL,36,28,111,166.0,18426.0
2021011303018818,GRDBL,36,42,50,166.0,8300.0
2021011303018584,GRDBL,56,36,60,167.0,10020.0
2021011303018583,GRDBL,56,28,100,167.0,16700.0
2021011303018582,GRDBL,56,52,200,167.0,33400.0
2021011303018655,GUFL,49,54,50,278.0,13900.0
2021011303018895,HIDCL,25,42,81,276.0,22356.0
2021011303018894,HIDCL,25,49,169,276.0,46644.0
2021011303018817,HIDCL,45,49,70,276.0,19320.0
2021011303018816,HIDCL,45,56,10,276.0,2760.0
2021011303018815,HIDCL,45,6,100,276.0,27600.0
2021011303018814,HIDCL,45,5,170,276.0,46920.0
2021011303018647,HIDCL,36,42,370,276.0,102120.0
2021011303018617,HIDCL,56,42,95,276.0,26220.0
2021011303018578,HIDCL,40,58,400,275.0,110000.0
2021011303018712,HIDCL,45,25,100,275.0,27500.0
2021011303018711,HIDCL,8,25,100,275.0,27500.0
2021011303018710,HIDCL,19,25,467,275.0,128425.0
2021011303018709,HIDCL,40,25,237,275.0,65175.0
2021011303018685,HIDCL,40,40,31,275.0,8525.0
2021011303018648,HIDCL,36,5,630,276.0,173880.0
2021011303018794,HIDCL,51,5,200,276.0,55200.0
2021011303018717,HIDCL,6,25,16,275.0,4400.0
2021011303018716,HIDCL,14,25,400,275.0,110000.0
2021011303018715,HIDCL,49,25,500,275.0,137500.0
2021011303018714,HIDCL,29,25,100,275.0,27500.0
2021011303018713,HIDCL,6,25,80,275.0,22000.0
2021011303018516,ICFC,5,22,41,277.0,11357.0
2021011303018772,ILBS,50,29,11,1281.0,14091.0
2021011303018874,JBBL,16,1,300,223.0,66900.0
2021011303018827,JBBL,16,1,300,223.0,66900.0
2021011303018505,JBBL,42,34,"1,766",224.0,395584.0
2021011303018989,JFL,46,33,500,258.0,129000.0
2021011303018949,JFL,46,22,265,258.0,68370.0
2021011303018948,JFL,46,42,120,258.0,30960.0
2021011303018947,JFL,46,4,315,258.0,81270.0
2021011303018862,KLBSL,44,47,100,1189.0,118900.0
2021011303018744,KMCDB,44,51,100,1000.0,100000.0
2021011303018684,KMCDB,36,16,150,1005.0,150750.0
2021011303018886,KRBL,51,45,200,150.0,30000.0
2021011303018885,KRBL,38,45,24,150.0,3600.0
2021011303018880,KRBL,47,16,500,151.0,75500.0
2021011303018604,KRBL,38,10,36,150.0,5400.0
2021011303018603,KRBL,41,10,30,150.0,4500.0
2021011303018602,KRBL,1,10,100,150.0,15000.0
2021011303018905,KSBBL,25,50,320,243.0,77760.0
2021011303018904,KSBBL,45,50,50,243.0,12150.0
2021011303018903,KSBBL,40,50,"1,000",243.0,243000.0
2021011303018902,KSBBL,22,50,300,243.0,72900.0
2021011303018901,KSBBL,6,50,330,243.0,80190.0
2021011303018879,KSBBL,6,43,170,243.0,41310.0
2021011303018845,KSBBL,11,57,10,243.0,2430.0
2021011303018689,KSBBL,11,43,510,243.0,123930.0
2021011303018565,KSBBL,42,41,100,244.0,24400.0
2021011303018564,KSBBL,41,41,79,244.0,19276.0
2021011303018878,KSBBL,17,43,20,243.0,4860.0
2021011303018877,KSBBL,34,43,200,243.0,48600.0
2021011303018876,KSBBL,7,43,100,243.0,24300.0
2021011303018875,KSBBL,49,43,10,243.0,2430.0
2021011303018849,KSBBL,49,57,300,243.0,72900.0
2021011303018846,KSBBL,49,57,190,243.0,46170.0
2021011303018994,LBBL,33,57,100,238.0,23800.0
2021011303018993,LBBL,33,38,50,238.0,11900.0
2021011303018992,LBBL,33,5,448,238.0,106624.0
2021011303018991,LBBL,33,21,400,238.0,95200.0
2021011303018978,LBBL,5,21,500,238.0,119000.0
2021011303018925,LBBL,57,21,100,238.0,23800.0
2021011303018828,LBBL,54,34,108,237.0,25596.0
2021011303018678,LBBL,54,34,108,237.0,25596.0
2021011303018746,LLBS,49,40,97,1485.0,144045.0
2021011303018745,LLBS,21,40,16,1490.0,23840.0
2021011303018851,MDB,16,14,120,343.0,41160.0
2021011303018850,MDB,33,14,100,343.0,34300.0
2021011303018868,MERO,52,45,18,1025.0,18450.0
2021011303018867,MERO,57,45,22,1025.0,22550.0
2021011303018866,MERO,54,45,10,1026.0,10260.0
2021011303018787,MFIL,55,55,"1,000",353.0,353000.0
2021011303018786,MFIL,55,41,"1,000",353.0,353000.0
2021011303018785,MFIL,55,14,466,353.0,164498.0
2021011303018568,MLBL,13,13,50,274.0,13700.0
2021011303018567,MLBL,58,13,300,274.0,82200.0
2021011303018566,MLBL,17,13,363,274.0,99462.0
2021011303018511,MLBL,17,58,34,274.0,9316.0
2021011303018893,MMFDB,34,41,50,1365.0,68250.0
2021011303018892,MMFDB,33,41,26,1365.0,35490.0
2021011303018506,MNBBL,6,49,500,376.0,188000.0
2021011303018796,MNBBL,6,57,50,376.0,18800.0
2021011303018754,MNBBL,6,45,100,376.0,37600.0
2021011303018613,MNBBL,6,34,100,376.0,37600.0
2021011303018563,MNBBL,6,42,150,376.0,56400.0
2021011303018924,MPFL,42,20,90,167.0,15030.0
2021011303018751,MPFL,17,4,"1,500",165.0,247500.0
2021011303018666,MPFL,17,20,500,164.0,82000.0
2021011303018503,MPFL,42,4,10,162.0,1620.0
2021011303018979,MSLB,25,45,142,1690.0,239980.0
2021011303018753,MSLB,1,45,69,1690.0,116610.0
2021011303018530,MSLB,11,29,31,1700.0,52700.0
2021011303018738,NABBC,32,52,40,511.0,20440.0
2021011303018513,NABBC,32,52,30,511.0,15330.0
2021011303018826,NBF2,42,52,500,10.14,5070.0
2021011303018873,NEF,39,45,"1,400",10.55,14770.0
2021011303018763,NFS,38,1,100,246.0,24600.0
2021011303018762,NFS,38,1,40,246.0,9840.0
2021011303018761,NFS,47,1,100,246.0,24600.0
2021011303018670,NFS,38,1,30,248.0,7440.0
2021011303018669,NFS,42,1,25,248.0,6200.0
2021011303018668,NFS,26,1,75,248.0,18600.0
2021011303018848,NIBLPF,48,17,"7,721",11.35,87633.35
2021011303018579,NIBLPF,6,17,"1,000",11.35,11350.0
2021011303018550,NIBLPF,59,17,"2,500",11.35,28375.0
2021011303018881,NICBF,21,57,"4,700",10.35,48645.0
2021011303018858,NLBBL,3,29,154,1216.0,187264.0
2021011303018973,NLIC,6,58,100,2434.0,243400.0
2021011303018931,NLIC,50,44,10,2432.0,24320.0
2021011303018930,NLIC,57,44,100,2432.0,243200.0
2021011303018929,NLIC,47,44,100,2432.0,243200.0
2021011303018928,NLIC,1,44,101,2432.0,245632.0
2021011303018899,NLIC,6,58,100,2434.0,243400.0
2021011303018825,NLIC,59,58,240,2434.0,584160.0
2021011303018741,NLIC,45,58,50,2434.0,121700.0
2021011303018607,NLIC,1,53,49,2432.0,119168.0
2021011303018606,NLIC,34,53,26,2432.0,63232.0
2021011303018575,NLIC,34,28,20,2432.0,48640.0
2021011303018961,NLICL,34,56,100,1162.0,116200.0
2021011303018898,NLICL,3,58,45,1160.0,52200.0
2021011303018897,NLICL,50,58,100,1160.0,116000.0
2021011303018896,NLICL,20,58,55,1160.0,63800.0
2021011303018822,NLICL,20,58,300,1160.0,348000.0
2021011303018820,NLICL,20,54,80,1160.0,92800.0
2021011303018512,NLICL,54,58,91,1166.0,106106.0
2021011303018500,NLICL,55,58,300,1166.0,349800.0
2021011303018499,NLICL,3,58,25,1166.0,29150.0
2021011303018498,NLICL,51,58,100,1166.0,116600.0
2021011303018497,NLICL,21,58,103,1166.0,120098.0
2021011303018496,NLICL,50,58,200,1166.0,233200.0
2021011303018522,NLICL,58,58,32,1165.0,37280.0
2021011303018521,NLICL,57,58,100,1165.0,116500.0
2021011303018520,NLICL,35,58,50,1165.0,58250.0
2021011303018519,NLICL,45,58,30,1165.0,34950.0
2021011303018518,NLICL,34,58,18,1165.0,20970.0
2021011303018517,NLICL,41,58,100,1166.0,116600.0
2021011303018595,NLICL,52,58,200,1166.0,233200.0
2021011303018587,NLICL,19,51,412,1164.0,479568.0
2021011303018586,NLICL,26,51,50,1164.0,58200.0
2021011303018585,NLICL,58,51,38,1165.0,44270.0
2021011303018525,NLICL,34,58,"1,000",1166.0,1166000.0
2021011303018524,NLICL,58,58,30,1165.0,34950.0
2021011303018623,NLICL,5,58,100,1160.0,116000.0
2021011303018622,NLICL,48,58,200,1160.0,232000.0
2021011303018621,NLICL,48,58,100,1160.0,116000.0
2021011303018620,NLICL,26,58,100,1161.0,116100.0
2021011303018619,NLICL,48,58,200,1162.0,232400.0
2021011303018618,NLICL,19,58,88,1164.0,102432.0
2021011303018629,NLICL,38,58,100,1160.0,116000.0
2021011303018628,NLICL,58,58,200,1160.0,232000.0
2021011303018627,NLICL,45,58,100,1160.0,116000.0
2021011303018626,NLICL,50,58,200,1160.0,232000.0
2021011303018625,NLICL,50,58,400,1160.0,464000.0
2021011303018624,NLICL,3,58,20,1160.0,23200.0
2021011303018743,NLICL,20,58,100,1160.0,116000.0
2021011303018742,NLICL,36,58,50,1161.0,58050.0
2021011303018682,NLICL,20,34,"1,100",1160.0,1276000.0
2021011303018681,NLICL,1,34,100,1161.0,116100.0
2021011303018665,NLICL,33,54,100,1164.0,116400.0
2021011303018633,NLICL,51,58,150,1160.0,174000.0
2021011303018819,NLICL,20,58,315,1160.0,365400.0
2021011303018811,NLICL,49,58,435,1160.0,504600.0
2021011303018810,NLICL,49,8,65,1159.0,75335.0
2021011303018775,NLICL,39,8,35,1159.0,40565.0
2021011303018752,NLICL,51,58,"1,000",1160.0,1160000.0
2021011303018749,NLICL,50,58,100,1160.0,116000.0
2021011303018809,NMBMF,53,14,121,1140.0,137940.0
2021011303018808,NMBMF,53,57,60,1140.0,68400.0
2021011303018807,NMBMF,53,32,50,1140.0,57000.0
2021011303018806,NMBMF,53,10,19,1140.0,21660.0
2021011303018805,NMBMF,53,22,20,1140.0,22800.0
2021011303018804,NMBMF,53,49,100,1135.0,113500.0
2021011303018664,NMBMF,14,38,83,1132.0,93956.0
2021011303018663,NMBMF,14,52,50,1130.0,56500.0
2021011303018662,NMBMF,14,50,217,1130.0,245210.0
2021011303018803,NMBMF,53,48,21,1135.0,23835.0
2021011303018802,NMBMF,53,42,30,1135.0,34050.0
2021011303018801,NMBMF,53,42,30,1135.0,34050.0
2021011303018800,NMBMF,53,45,49,1133.0,55517.0
2021011303018795,NMBMF,45,14,50,1132.0,56600.0
2021011303018750,NMBMF,45,38,17,1132.0,19244.0
2021011303018871,NMFBS,33,10,25,2410.0,60250.0
2021011303018870,NMFBS,33,1,30,2410.0,72300.0
2021011303018734,NMFBS,33,56,16,2402.0,38432.0
2021011303018733,NMFBS,33,33,300,2401.0,720300.0
2021011303018732,NMFBS,33,59,50,2400.0,120000.0
2021011303018731,NMFBS,33,58,45,2400.0,108000.0
2021011303018724,NMFBS,33,52,20,2395.0,47900.0
2021011303018723,NMFBS,33,44,50,2395.0,119750.0
2021011303018545,NMFBS,33,55,10,2394.0,23940.0
2021011303018544,NMFBS,33,57,10,2393.0,23930.0
2021011303018543,NMFBS,33,22,21,2393.0,50253.0
2021011303018542,NMFBS,33,59,40,2375.0,95000.0
2021011303018730,NMFBS,33,44,10,2400.0,24000.0
2021011303018729,NMFBS,33,36,26,2400.0,62400.0
2021011303018728,NMFBS,33,25,26,2400.0,62400.0
2021011303018727,NMFBS,33,22,20,2400.0,48000.0
2021011303018726,NMFBS,33,25,100,2396.0,239600.0
2021011303018725,NMFBS,33,52,100,2395.0,239500.0
2021011303018984,NRIC,54,35,150,1544.0,231600.0
2021011303018983,NRIC,55,35,50,1545.0,77250.0
2021011303018982,NRIC,53,35,60,1545.0,92700.0
2021011303018981,NRIC,25,35,20,1545.0,30900.0
2021011303018980,NRIC,28,35,50,1545.0,77250.0
2021011303018888,NRIC,28,55,90,1545.0,139050.0
2021011303018538,NRIC,21,13,70,1545.0,108150.0
2021011303018537,NRIC,41,13,10,1546.0,15460.0
2021011303018679,NRIC,22,44,269,1544.0,415336.0
2021011303018577,NRIC,21,58,30,1545.0,46350.0
2021011303018576,NRIC,52,58,20,1545.0,30900.0
2021011303018541,NRIC,52,22,30,1545.0,46350.0
2021011303018540,NRIC,25,22,10,1545.0,15450.0
2021011303018539,NRIC,25,13,20,1545.0,30900.0
2021011303018755,NRIC,57,58,40,1545.0,61800.0
2021011303018739,NRIC,52,51,50,1547.0,77350.0
2021011303018721,NRIC,28,45,10,1545.0,15450.0
2021011303018695,NRIC,54,29,40,1544.0,61760.0
2021011303018688,NRIC,21,58,40,1545.0,61800.0
2021011303018680,NRIC,54,44,231,1544.0,356664.0
2021011303018887,NRIC,50,55,10,1546.0,15460.0
2021011303018884,NRIC,50,45,40,1546.0,61840.0
2021011303018824,NRIC,39,48,50,1548.0,77400.0
2021011303018812,NRIC,28,22,40,1545.0,61800.0
2021011303018779,NRIC,28,3,40,1545.0,61800.0
2021011303018773,NRIC,28,20,70,1545.0,108150.0
2021011303018990,NRN,45,5,10,363.0,3630.0
2021011303018910,NRN,49,54,10,362.0,3620.0
2021011303018906,NRN,49,3,10,362.0,3620.0
2021011303018859,NRN,54,3,10,362.0,3620.0
2021011303018798,NRN,50,5,40,363.0,14520.0
2021011303018797,NRN,50,36,10,363.0,3630.0
2021011303018788,NRN,54,3,10,362.0,3620.0
2021011303018707,NRN,54,3,10,362.0,3620.0
2021011303018654,NRN,54,57,10,362.0,3620.0
2021011303018650,NRN,45,55,10,363.0,3630.0
2021011303018531,NRN,45,35,100,363.0,36300.0
2021011303018971,NTC,50,54,500,1251.0,625500.0
2021011303018970,NTC,6,54,50,1251.0,62550.0
2021011303018969,NTC,3,54,10,1251.0,12510.0
2021011303018968,NTC,26,54,500,1251.0,625500.0
2021011303018967,NTC,51,54,50,1251.0,62550.0
2021011303018966,NTC,58,54,"1,000",1251.0,1251000.0
2021011303018611,NTC,56,50,200,1255.0,251000.0
2021011303018610,NTC,58,50,55,1256.0,69080.0
2021011303018536,NTC,21,16,70,1257.0,87990.0
2021011303018535,NTC,3,16,78,1257.0,98046.0
2021011303018532,NTC,38,44,30,1258.0,37740.0
2021011303018759,NTC,58,20,100,1253.0,125300.0
2021011303018758,NTC,49,20,100,1253.0,125300.0
2021011303018757,NTC,5,20,500,1253.0,626500.0
2021011303018704,NTC,34,50,250,1255.0,313750.0
2021011303018683,NTC,34,50,50,1255.0,62750.0
2021011303018612,NTC,56,50,70,1255.0,87850.0
2021011303018918,NTC,58,50,30,1252.0,37560.0
2021011303018917,NTC,58,50,795,1252.0,995340.0
2021011303018916,NTC,29,50,200,1253.0,250600.0
2021011303018913,NTC,56,44,500,1254.0,627000.0
2021011303018907,NTC,41,44,500,1254.0,627000.0
2021011303018760,NTC,58,20,"1,300",1252.0,1627600.0
2021011303018965,NTC,58,54,"1,027",1251.0,1284777.0
2021011303018923,NTC,58,50,"3,973",1251.0,4970223.0
2021011303018922,NTC,58,50,"1,000",1251.0,1251000.0
2021011303018921,NTC,3,50,500,1252.0,626000.0
2021011303018920,NTC,42,50,390,1252.0,488280.0
2021011303018919,NTC,57,50,20,1252.0,25040.0
2021011303018667,NUBL,44,49,100,1335.0,133500.0
2021011303018945,PFL,26,42,70,210.0,14700.0
2021011303018944,PFL,26,50,140,210.0,29400.0
2021011303018943,PFL,26,17,14,210.0,2940.0
2021011303018942,PFL,26,4,27,210.0,5670.0
2021011303018941,PFL,26,14,"1,000",210.0,210000.0
2021011303018940,PFL,26,16,"1,442",210.0,302820.0
2021011303018933,PFL,26,52,240,209.0,50160.0
2021011303018932,PFL,26,29,501,209.0,104709.0
2021011303018551,PFL,13,36,200,208.0,41600.0
2021011303018939,PFL,26,57,400,210.0,84000.0
2021011303018938,PFL,26,29,27,210.0,5670.0
2021011303018937,PFL,26,43,285,209.0,59565.0
2021011303018936,PFL,26,41,341,209.0,71269.0
2021011303018935,PFL,26,36,499,209.0,104291.0
2021011303018934,PFL,26,43,14,209.0,2926.0
2021011303018954,PLIC,42,25,112,809.0,90608.0
2021011303018507,PLIC,25,11,100,810.0,81000.0
2021011303018747,RLFL,37,55,500,196.0,98000.0
2021011303018548,RLFL,57,52,27,198.0,5346.0
2021011303018547,RLFL,57,1,393,198.0,77814.0
2021011303018546,RLFL,57,1,80,197.0,15760.0
2021011303018955,RLI,11,45,10,638.0,6380.0
2021011303018926,RLI,11,3,10,638.0,6380.0
2021011303018900,RLI,42,58,50,639.0,31950.0
2021011303018832,RLI,11,44,10,638.0,6380.0
2021011303018821,RLI,11,3,10,638.0,6380.0
2021011303018799,RLI,11,45,10,638.0,6380.0
2021011303018504,RLI,21,42,10,640.0,6400.0
2021011303018651,RLI,11,21,10,638.0,6380.0
2021011303018649,RLI,11,13,10,638.0,6380.0
2021011303018632,RLI,5,21,10,639.0,6390.0
2021011303018630,RLI,11,58,10,638.0,6380.0
2021011303018596,RLI,11,13,10,638.0,6380.0
2021011303018508,RLI,11,36,10,638.0,6380.0
2021011303018793,RLI,11,58,10,638.0,6380.0
2021011303018740,RLI,5,33,10,639.0,6390.0
2021011303018737,RLI,11,3,10,638.0,6380.0
2021011303018718,RLI,11,29,10,638.0,6380.0
2021011303018692,RLI,11,38,10,638.0,6380.0
2021011303018653,RLI,56,50,10,639.0,6390.0
2021011303018616,RMDC,25,39,83,1163.0,96529.0
2021011303018615,RMDC,49,39,17,1165.0,19805.0
2021011303018927,RSDC,49,11,10,702.0,7020.0
2021011303018823,RSDC,47,50,257,701.0,180157.0
2021011303018813,RSDC,21,39,50,701.0,35050.0
2021011303018706,RSDC,22,39,50,701.0,35050.0
2021011303018580,RSDC,21,22,200,700.0,140000.0
2021011303018527,RSDC,21,1,100,700.0,70000.0
2021011303018526,RSDC,21,39,106,700.0,74200.0
2021011303018515,RSDC,49,39,100,700.0,70000.0
2021011303018708,SABSL,14,38,11,1122.0,12342.0
2021011303018700,SABSL,14,13,11,1122.0,12342.0
2021011303018588,SABSL,22,44,50,1122.0,56100.0
2021011303018946,SADBL,1,58,299,200.0,59800.0
2021011303018592,SADBL,1,3,885,200.0,177000.0
2021011303018591,SADBL,29,3,100,200.0,20000.0
2021011303018590,SADBL,59,3,"1,160",200.0,232000.0
2021011303018589,SADBL,39,3,355,200.0,71000.0
2021011303018687,SAEF,47,7,"6,000",11.95,71700.0
2021011303018686,SAEF,11,7,"1,500",11.95,17925.0
2021011303018673,SAPDBL,47,19,9,160.0,1440.0
2021011303018672,SAPDBL,47,41,991,160.0,158560.0
2021011303018975,SHINE,57,33,292,255.0,74460.0
2021011303018974,SHINE,57,33,208,255.0,53040.0
2021011303018861,SHINE,57,38,"1,000",255.0,255000.0
2021011303018581,SHINE,56,33,100,256.0,25600.0
2021011303018778,SHL,8,5,100,198.0,19800.0
2021011303018909,SIFC,26,4,20,201.0,4020.0
2021011303018562,SKBBL,42,14,93,1590.0,147870.0
2021011303018561,SKBBL,42,54,25,1590.0,39750.0
2021011303018560,SKBBL,42,5,100,1590.0,159000.0
2021011303018559,SKBBL,42,33,50,1590.0,79500.0
2021011303018558,SKBBL,42,5,300,1590.0,477000.0
2021011303018557,SKBBL,42,17,200,1590.0,318000.0
2021011303018556,SKBBL,42,10,50,1585.0,79250.0
2021011303018555,SKBBL,42,41,50,1585.0,79250.0
2021011303018554,SKBBL,42,10,100,1584.0,158400.0
2021011303018553,SKBBL,42,53,20,1584.0,31680.0
2021011303018552,SKBBL,42,32,12,1584.0,19008.0
2021011303018912,SLBBL,59,59,10,1234.0,12340.0
2021011303018911,SLBBL,59,36,50,1230.0,61500.0
2021011303018889,SLBBL,1,51,70,1225.0,85750.0
2021011303018776,SLBBL,42,51,50,1225.0,61250.0
2021011303018719,SLBBL,38,36,50,1233.0,61650.0
2021011303018694,SLBBL,38,16,200,1233.0,246600.0
2021011303018693,SLBBL,38,34,25,1232.0,30800.0
2021011303018865,SLBS,59,21,10,1365.0,13650.0
2021011303018691,SLBS,59,41,20,1365.0,27300.0
2021011303018690,SLBS,52,41,15,1366.0,20490.0
2021011303018501,SLBSL,19,22,150,1033.0,154950.0
2021011303018977,SLICL,49,19,100,747.0,74700.0
2021011303018594,SLICL,57,6,30,748.0,22440.0
2021011303018593,SLICL,52,6,20,748.0,14960.0
2021011303018780,SMB,3,38,11,1256.0,13816.0
2021011303018720,SMB,3,49,11,1256.0,13816.0
2021011303018953,SMFBS,34,13,12,1565.0,18780.0
2021011303018959,SMFDB,50,16,200,1028.0,205600.0
2021011303018634,SMFDB,8,16,10,1028.0,10280.0
2021011303018995,SNLB,20,57,114,1114.0,126996.0
2021011303018972,SNLB,20,57,300,1114.0,334200.0
2021011303018840,SNLB,28,57,86,1114.0,95804.0
2021011303018839,SNLB,28,28,50,1111.0,55550.0
2021011303018838,SNLB,28,52,60,1111.0,66660.0
2021011303018837,SNLB,28,51,100,1110.0,111000.0
2021011303018836,SNLB,28,37,50,1110.0,55500.0
2021011303018835,SNLB,28,20,34,1109.0,37706.0
2021011303018834,SNLB,28,34,20,1106.0,22120.0
2021011303018833,SNLB,28,56,100,1100.0,110000.0
2021011303018529,STC,42,6,10,6871.0,68710.0
2021011303018528,STC,34,6,10,6872.0,68720.0
2021011303018722,UFL,28,26,460,354.0,162840.0
2021011303018671,UFL,28,11,400,354.0,141600.0
2021011303018605,UFL,28,59,500,354.0,177000.0
2021011303018510,USLB,32,11,23,1435.0,33005.0
2021011303018857,VLBS,26,22,88,1145.0,100760.0
2021011303018777,VLBS,26,36,13,1145.0,14885.0
2021011303018396,ACLBSL,46,55,10,1079.0,10790.0
2021011303018155,ACLBSL,46,55,10,1079.0,10790.0
2021011303018099,ACLBSL,46,3,10,1079.0,10790.0
2021011303018081,ACLBSL,46,36,10,1079.0,10790.0
2021011303018051,ALBSL,22,47,100,1290.0,129000.0
2021011303018050,ALBSL,21,47,100,1290.0,129000.0
2021011303018021,ALBSL,3,16,11,1291.0,14201.0
2021011303018492,ALICL,26,35,50,1029.0,51450.0
2021011303018491,ALICL,50,35,200,1029.0,205800.0
2021011303018466,ALICL,41,47,45,1030.0,46350.0
2021011303018364,ALICL,29,47,185,1030.0,190550.0
2021011303018220,ALICL,29,36,315,1030.0,324450.0
2021011303018219,ALICL,33,36,85,1030.0,87550.0
2021011303018185,ALICL,33,34,70,1030.0,72100.0
2021011303018440,BBC,45,37,20,2754.0,55080.0
2021011303018439,BBC,55,37,20,2760.0,55200.0
2021011303018438,BBC,36,37,10,2765.0,27650.0
2021011303018296,BFC,34,48,150,148.0,22200.0
2021011303018295,BFC,34,29,10,148.0,1480.0
2021011303018477,CBBL,36,49,90,1271.0,114390.0
2021011303018166,CBBL,39,59,257,1270.0,326390.0
2021011303018165,CBBL,38,59,100,1271.0,127100.0
2021011303018164,CBBL,34,59,120,1271.0,152520.0
2021011303018163,CBBL,17,59,23,1272.0,29256.0
2021011303018006,CBBL,53,35,26,1276.0,33176.0
2021011303018427,CFCL,49,39,15,197.0,2955.0
2021011303018048,CFCL,21,39,140,194.0,27160.0
2021011303018047,CFCL,44,39,"1,000",194.0,194000.0
2021011303018046,CFCL,42,39,100,194.0,19400.0
2021011303018045,CFCL,45,39,500,194.0,97000.0
2021011303018044,CFCL,16,39,500,194.0,97000.0
2021011303018043,CFCL,45,39,257,195.0,50115.0
2021011303018042,CFCL,50,39,300,195.0,58500.0
2021011303018041,CFCL,40,39,200,196.0,39200.0
2021011303018355,CIT,42,35,100,3445.0,344500.0
2021011303018335,CIT,47,25,50,3441.0,172050.0
2021011303018289,CIT,47,51,40,3441.0,137640.0
2021011303018288,CIT,21,51,10,3441.0,34410.0
2021011303018431,DDBL,26,26,90,1480.0,133200.0
2021011303018398,DDBL,26,56,21,1478.0,31038.0
2021011303018397,DDBL,34,56,208,1479.0,307632.0
2021011303018256,DDBL,34,54,92,1479.0,136068.0
2021011303018255,DDBL,52,54,40,1480.0,59200.0
2021011303018254,DDBL,8,54,100,1480.0,148000.0
2021011303018253,DDBL,56,54,68,1480.0,100640.0
2021011303018240,DDBL,56,29,32,1480.0,47360.0
2021011303018239,DDBL,44,29,18,1480.0,26640.0
2021011303018115,DDBL,26,52,83,1481.0,122923.0
2021011303018323,FMDBL,21,58,90,695.0,62550.0
2021011303018322,FMDBL,5,58,10,695.0,6950.0
2021011303018263,FOWAD,26,33,32,2305.0,73760.0
2021011303018250,FOWAD,8,52,10,2310.0,23100.0
2021011303018072,FOWAD,3,3,64,2301.0,147264.0
2021011303018053,FOWAD,3,3,64,2301.0,147264.0
2021011303018031,FOWAD,3,3,64,2301.0,147264.0
2021011303018005,FOWAD,3,3,64,2301.0,147264.0
2021011303018430,GBBL,53,59,100,326.0,32600.0
2021011303018419,GBBL,59,42,195,325.0,63375.0
2021011303018390,GBBL,53,21,"1,000",326.0,326000.0
2021011303018306,GBBL,59,34,500,325.0,162500.0
2021011303018175,GBBL,54,39,"1,000",325.0,325000.0
2021011303018156,GBBL,48,39,500,326.0,163000.0
2021011303018468,GBLBS,11,55,15,658.0,9870.0
2021011303018358,GBLBS,34,21,10,659.0,6590.0
2021011303018316,GBLBS,35,21,150,659.0,98850.0
2021011303018237,GBLBS,36,58,145,658.0,95410.0
2021011303018200,GBLBS,36,55,15,656.0,9840.0
2021011303018101,GBLBS,42,39,5,658.0,3290.0
2021011303017997,GBLBS,36,3,20,657.0,13140.0
2021011303018100,GBLBS,42,5,95,658.0,62510.0
2021011303018070,GBLBS,51,43,50,655.0,32750.0
2021011303018069,GBLBS,56,43,100,656.0,65600.0
2021011303018068,GBLBS,58,43,50,657.0,32850.0
2021011303018036,GBLBS,49,5,50,658.0,32900.0
2021011303018032,GBLBS,17,58,50,658.0,32900.0
2021011303018382,GFCL,39,16,400,213.0,85200.0
2021011303018277,GFCL,35,16,100,215.0,21500.0
2021011303018122,GLBSL,35,6,100,932.0,93200.0
2021011303018476,GLICL,36,13,19,665.0,12635.0
2021011303018475,GLICL,58,13,150,665.0,99750.0
2021011303018474,GLICL,10,13,"1,331",665.0,885115.0
2021011303018460,GLICL,56,21,30,666.0,19980.0
2021011303018459,GLICL,56,13,120,666.0,79920.0
2021011303018454,GLICL,10,22,400,665.0,266000.0
2021011303018064,GLICL,10,17,52,665.0,34580.0
2021011303018063,GLICL,56,17,10,665.0,6650.0
2021011303018062,GLICL,56,17,45,665.0,29925.0
2021011303018023,GLICL,56,17,55,665.0,36575.0
2021011303018022,GLICL,36,17,50,665.0,33250.0
2021011303018437,GLICL,10,41,100,665.0,66500.0
2021011303018321,GLICL,10,26,117,665.0,77805.0
2021011303018308,GLICL,33,13,100,666.0,66600.0
2021011303018158,GLICL,37,13,50,666.0,33300.0
2021011303018121,GLICL,34,13,200,666.0,133200.0
2021011303018071,GLICL,52,13,450,666.0,299700.0
2021011303018461,GMFBS,42,38,10,1294.0,12940.0
2021011303018371,GMFBS,53,25,10,1290.0,12900.0
2021011303018332,GMFBS,19,25,20,1290.0,25800.0
2021011303018307,GMFBS,33,25,20,1295.0,25900.0
2021011303018278,GMFBS,33,52,10,1295.0,12950.0
2021011303018269,GMFBS,33,41,10,1295.0,12950.0
2021011303018091,GMFBS,56,54,10,1290.0,12900.0
2021011303018268,GMFBS,33,42,10,1295.0,12950.0
2021011303018267,GMFBS,33,45,10,1295.0,12950.0
2021011303018266,GMFBS,33,1,10,1292.0,12920.0
2021011303018265,GMFBS,33,42,10,1291.0,12910.0
2021011303018130,GMFBS,33,36,10,1290.0,12900.0
2021011303018129,GMFBS,33,56,10,1290.0,12900.0
2021011303018153,GRDBL,36,41,200,166.0,33200.0
2021011303018370,HIDCL,40,38,47,275.0,12925.0
2021011303018242,HIDCL,40,40,31,275.0,8525.0
2021011303018150,HIDCL,19,42,50,276.0,13800.0
2021011303018127,HIDCL,40,6,254,275.0,69850.0
2021011303018126,HIDCL,36,6,246,275.0,67650.0
2021011303018456,ICFC,5,39,100,277.0,27700.0
2021011303018442,ICFC,25,58,500,279.0,139500.0
2021011303018441,ICFC,21,58,100,279.0,27900.0
2021011303018436,ICFC,55,49,"1,000",278.0,278000.0
2021011303018097,ILBS,50,29,11,1281.0,14091.0
2021011303018096,ILBS,50,13,11,1281.0,14091.0
2021011303018384,JBBL,42,25,199,224.0,44576.0
2021011303018329,JBBL,34,41,"1,500",225.0,337500.0
2021011303018305,JBBL,42,58,35,224.0,7840.0
2021011303018181,JBBL,6,41,79,225.0,17775.0
2021011303018180,JBBL,6,41,191,225.0,42975.0
2021011303018179,JBBL,6,26,116,225.0,26100.0
2021011303018178,JBBL,6,52,50,225.0,11250.0
2021011303018177,JBBL,6,50,64,225.0,14400.0
2021011303018168,JBBL,41,43,300,224.0,67200.0
2021011303018251,JSLBB,1,42,20,2200.0,44000.0
2021011303018141,JSLBB,47,26,22,2200.0,48400.0
2021011303018192,KLBSL,16,51,30,1189.0,35670.0
2021011303018365,KMCDB,44,4,10,1000.0,10000.0
2021011303018067,KMCDB,44,58,10,1000.0,10000.0
2021011303018049,KMCDB,44,58,10,1000.0,10000.0
2021011303018004,KMCDB,44,58,10,1000.0,10000.0
2021011303018327,KRBL,34,10,20,151.0,3020.0
2021011303018125,KRBL,1,51,100,151.0,15100.0
2021011303018404,KSBBL,41,58,21,244.0,5124.0
2021011303018403,KSBBL,47,58,16,244.0,3904.0
2021011303018367,KSBBL,47,10,284,244.0,69296.0
2021011303018366,KSBBL,4,10,216,244.0,52704.0
2021011303018333,KSBBL,4,20,"5,530",244.0,1349320.0
2021011303018238,KSBBL,4,10,"1,000",244.0,244000.0
2021011303018418,LBBL,54,22,23,237.0,5451.0
2021011303018417,LBBL,25,22,77,237.0,18249.0
2021011303018174,LBBL,25,34,108,237.0,25596.0
2021011303018394,LICN,54,14,100,2199.0,219900.0
2021011303018393,LICN,54,14,200,2199.0,439800.0
