Transact. No.,Symbol,Buyer,Seller,Quantity,Rate,Amount
2021011103014820,ALICL,19,43,100,972.0,97200.0
2021011103014675,ALICL,33,19,200,970.0,194000.0
2021011103014553,ALICL,54,19,100,972.0,97200.0
2021011103014658,BBC,56,6,10,2751.0,27510.0
2021011103014682,BFC,3,34,17,138.0,2346.0
2021011103014731,CBBL,35,11,10,1229.0,12290.0
2021011103014514,CBBL,49,16,500,1226.0,613000.0
2021011103014750,CFCL,33,26,114,179.0,20406.0
2021011103014749,CFCL,33,52,100,178.0,17800.0
2021011103014748,CFCL,33,45,326,178.0,58028.0
2021011103014747,CFCL,33,49,560,177.0,99120.0
2021011103014920,CIT,41,19,20,3462.0,69240.0
2021011103014908,CIT,29,19,20,3462.0,69240.0
2021011103014536,CIT,49,19,10,3462.0,34620.0
2021011103014528,CIT,21,19,10,3462.0,34620.0
2021011103014485,CIT,11,25,10,3465.0,34650.0
2021011103014846,CLBSL,6,38,10,900.0,9000.0
2021011103014845,CLBSL,6,38,50,900.0,45000.0
2021011103014844,CLBSL,46,38,10,900.0,9000.0
2021011103014843,CLBSL,10,38,80,900.0,72000.0
2021011103014712,CLBSL,10,28,100,900.0,90000.0
2021011103014573,CLBSL,10,49,320,900.0,288000.0
2021011103014824,CMF1,43,44,100,10.1,1010.0
2021011103014823,CMF1,43,45,100,10.0,1000.0
2021011103014687,CMF1,6,1,"2,000",9.96,19920.0
2021011103014686,CMF1,8,1,"1,000",9.96,9960.0
2021011103014907,CMF2,29,58,"1,000",10.05,10050.0
2021011103014906,CMF2,29,7,100,10.05,1005.0
2021011103014905,CMF2,29,7,100,10.05,1005.0
2021011103014904,CMF2,29,7,100,10.05,1005.0
2021011103014903,CMF2,29,14,"2,000",10.0,20000.0
2021011103014902,CMF2,29,21,250,9.95,2487.5
2021011103014901,CMF2,29,21,300,9.95,2985.0
2021011103014900,CMF2,29,49,250,9.95,2487.5
2021011103014848,DDBL,45,16,20,1468.0,29360.0
2021011103014835,DDBL,43,16,30,1468.0,44040.0
2021011103014822,DDBL,42,16,25,1468.0,36700.0
2021011103014821,DDBL,42,16,65,1468.0,95420.0
2021011103014793,DDBL,13,16,35,1468.0,51380.0
2021011103014792,DDBL,13,34,15,1468.0,22020.0
2021011103014783,DDBL,11,34,55,1468.0,80740.0
2021011103014711,DDBL,13,34,30,1468.0,44040.0
2021011103014710,DDBL,13,49,50,1468.0,73400.0
2021011103014877,EDBL,45,29,449,363.0,162987.0
2021011103014876,EDBL,45,28,"1,351",363.0,490413.0
2021011103014830,EDBL,28,41,100,363.0,36300.0
2021011103014829,EDBL,28,29,100,363.0,36300.0
2021011103014525,EDBL,47,19,200,362.0,72400.0
2021011103014524,EDBL,58,19,100,362.0,36200.0
2021011103014523,EDBL,41,19,50,362.0,18100.0
2021011103014522,EDBL,42,19,33,362.0,11946.0
2021011103014674,FMDBL,25,26,10,614.0,6140.0
2021011103014660,FMDBL,26,26,10,614.0,6140.0
2021011103014607,FMDBL,26,21,35,613.0,21455.0
2021011103014915,FOWAD,42,22,50,2278.0,113900.0
2021011103014914,FOWAD,22,22,50,2278.0,113900.0
2021011103014857,FOWAD,37,36,100,2280.0,228000.0
2021011103014855,FOWAD,55,22,20,2279.0,45580.0
2021011103014775,FOWAD,22,34,50,2278.0,113900.0
2021011103014774,FOWAD,45,34,30,2278.0,68340.0
2021011103014773,FOWAD,49,34,20,2279.0,45580.0
2021011103014531,FOWAD,20,25,16,2279.0,36464.0
2021011103014530,FOWAD,59,25,25,2279.0,56975.0
2021011103014959,GBBL,4,6,12,326.0,3912.0
2021011103014817,GBBL,4,6,50,326.0,16300.0
2021011103014785,GBBL,39,6,10,326.0,3260.0
2021011103014761,GBBL,35,4,292,323.0,94316.0
2021011103014760,GBBL,57,4,500,323.0,161500.0
2021011103014759,GBBL,57,4,150,323.0,48450.0
2021011103014752,GBBL,1,4,200,324.0,64800.0
2021011103014751,GBBL,28,4,"1,140",325.0,370500.0
2021011103014550,GBBL,28,33,860,325.0,279500.0
2021011103014549,GBBL,1,33,500,325.0,162500.0
2021011103014548,GBBL,44,33,500,325.0,162500.0
2021011103014547,GBBL,52,33,10,325.0,3250.0
2021011103014758,GBBL,45,4,29,323.0,9367.0
2021011103014757,GBBL,28,4,800,323.0,258400.0
2021011103014756,GBBL,35,4,"1,000",323.0,323000.0
2021011103014755,GBBL,21,4,230,324.0,74520.0
2021011103014754,GBBL,17,4,524,324.0,169776.0
2021011103014753,GBBL,14,4,135,324.0,43740.0
2021011103014962,GBLBS,34,22,50,600.0,30000.0
2021011103014899,GBLBS,38,36,68,599.0,40732.0
2021011103014858,GBLBS,1,22,50,600.0,30000.0
2021011103014739,GBLBS,38,36,10,599.0,5990.0
2021011103014738,GBLBS,26,36,50,599.0,29950.0
2021011103014737,GBLBS,53,36,40,599.0,23960.0
2021011103014708,GBLBS,35,22,55,600.0,33000.0
2021011103014538,GFCL,39,32,10,205.0,2050.0
2021011103014612,GILB,3,3,2,1413.0,2826.0
2021011103014541,GILB,3,3,2,1413.0,2826.0
2021011103014630,GLBSL,1,1,10,902.0,9020.0
2021011103014831,GMFBS,45,46,20,1160.0,23200.0
2021011103014911,GUFL,11,56,40,232.0,9280.0
2021011103014837,GUFL,22,56,90,232.0,20880.0
2021011103014892,HIDCL,56,58,100,269.0,26900.0
2021011103014617,HIDCL,38,32,613,268.0,164284.0
2021011103014614,ICFC,17,49,100,268.0,26800.0
2021011103014886,ILBS,53,21,100,1153.0,115300.0
2021011103014601,ILBS,53,59,15,1153.0,17295.0
2021011103014600,ILBS,51,59,15,1153.0,17295.0
2021011103014921,JBBL,29,4,50,239.0,11950.0
2021011103014869,JBBL,34,3,314,240.0,75360.0
2021011103014868,JBBL,34,29,150,239.0,35850.0
2021011103014867,JBBL,34,5,536,239.0,128104.0
2021011103014836,JBBL,55,21,300,238.0,71400.0
2021011103014815,JBBL,34,5,300,239.0,71700.0
2021011103014772,JBBL,46,5,775,239.0,185225.0
2021011103014622,JBBL,46,5,84,239.0,20076.0
2021011103014487,JBBL,46,5,45,239.0,10755.0
2021011103014814,JFL,49,42,12,253.0,3036.0
2021011103014566,JFL,8,42,39,253.0,9867.0
2021011103014565,JFL,45,42,100,253.0,25300.0
2021011103014564,JFL,47,42,49,253.0,12397.0
2021011103014723,JSLBB,59,1,70,2170.0,151900.0
2021011103014926,KSBBL,20,22,290,239.0,69310.0
2021011103014925,KSBBL,20,29,160,239.0,38240.0
2021011103014599,KSBBL,42,29,100,239.0,23900.0
2021011103014546,KSBBL,52,29,90,239.0,21510.0
2021011103014507,KSBBL,52,1,20,239.0,4780.0
2021011103014950,LBBL,34,34,40,229.0,9160.0
2021011103014856,LBBL,47,34,174,229.0,39846.0
2021011103014605,LBBL,17,44,100,228.0,22800.0
2021011103014604,LBBL,17,25,279,228.0,63612.0
2021011103014695,LBBL,47,35,100,228.0,22800.0
2021011103014694,LBBL,47,1,500,228.0,114000.0
2021011103014693,LBBL,47,33,200,228.0,45600.0
2021011103014692,LBBL,47,34,"1,310",228.0,298680.0
2021011103014691,LBBL,47,57,100,228.0,22800.0
2021011103014606,LBBL,17,34,21,228.0,4788.0
2021011103014701,LBBL,47,51,100,229.0,22900.0
2021011103014700,LBBL,47,58,841,229.0,192589.0
2021011103014699,LBBL,47,57,"1,000",228.0,228000.0
2021011103014698,LBBL,47,32,900,228.0,205200.0
2021011103014697,LBBL,47,49,439,228.0,100092.0
2021011103014696,LBBL,47,8,44,228.0,10032.0
2021011103014707,LBBL,47,34,"2,142",229.0,490518.0
2021011103014706,LBBL,47,52,108,229.0,24732.0
2021011103014705,LBBL,47,47,100,229.0,22900.0
2021011103014704,LBBL,47,40,116,229.0,26564.0
2021011103014703,LBBL,47,14,"1,000",229.0,229000.0
2021011103014702,LBBL,47,22,"1,000",229.0,229000.0
2021011103014797,LBBL,47,34,"1,000",229.0,229000.0
2021011103014939,LICN,34,11,150,2040.0,306000.0
2021011103014938,LICN,34,45,100,2040.0,204000.0
2021011103014937,LICN,34,49,130,2040.0,265200.0
2021011103014936,LICN,34,56,100,2035.0,203500.0
2021011103014935,LICN,34,49,20,2035.0,40700.0
2021011103014934,LICN,34,54,50,2035.0,101750.0
2021011103014768,LICN,49,35,100,2030.0,203000.0
2021011103014767,LICN,49,38,10,2030.0,20300.0
2021011103014766,LICN,49,8,300,2030.0,609000.0
2021011103014765,LICN,49,35,"1,000",2028.0,2028000.0
2021011103014764,LICN,49,39,50,2028.0,101400.0
2021011103014763,LICN,49,54,34,2020.0,68680.0
2021011103014933,LICN,34,26,49,2035.0,99715.0
2021011103014932,LICN,34,34,123,2033.0,250059.0
2021011103014931,LICN,34,35,694,2032.0,1410208.0
2021011103014771,LICN,49,35,306,2032.0,621792.0
2021011103014770,LICN,49,35,100,2032.0,203200.0
2021011103014769,LICN,49,25,100,2031.0,203100.0
2021011103014919,MDB,22,17,100,340.0,34000.0
2021011103014838,MERO,19,42,50,1000.0,50000.0
2021011103014741,MERO,34,39,272,1001.0,272272.0
2021011103014740,MERO,34,32,571,1000.0,571000.0
2021011103014562,MERO,34,39,57,1001.0,57057.0
2021011103014809,MLBBL,16,7,64,1268.0,81152.0
2021011103014719,MLBBL,16,26,36,1268.0,45648.0
2021011103014718,MLBBL,52,7,30,1280.0,38400.0
2021011103014929,MLBL,34,55,20,272.0,5440.0
2021011103014928,MLBL,34,57,30,272.0,8160.0
2021011103014787,MLBL,45,57,20,272.0,5440.0
2021011103014786,MLBL,45,58,20,272.0,5440.0
2021011103014673,MLBL,17,42,200,270.0,54000.0
2021011103014672,MLBL,45,42,200,270.0,54000.0
2021011103014671,MLBL,48,42,100,271.0,27100.0
2021011103014554,MLBL,44,58,31,272.0,8432.0
2021011103014852,MMFDB,20,38,10,1367.0,13670.0
2021011103014834,MMFDB,20,49,10,1367.0,13670.0
2021011103014784,MMFDB,34,38,20,1367.0,27340.0
2021011103014657,MMFDB,20,49,500,1341.0,670500.0
2021011103014656,MMFDB,20,59,200,1329.0,265800.0
2021011103014655,MMFDB,20,13,88,1328.0,116864.0
2021011103014491,MMFDB,20,25,50,1298.0,64900.0
2021011103014490,MMFDB,20,5,100,1297.0,129700.0
2021011103014489,MMFDB,20,56,28,1297.0,36316.0
2021011103014488,MMFDB,20,26,200,1296.0,259200.0
2021011103014497,MMFDB,20,57,150,1300.0,195000.0
2021011103014496,MMFDB,20,57,200,1300.0,260000.0
2021011103014495,MMFDB,20,56,50,1300.0,65000.0
2021011103014494,MMFDB,20,45,30,1300.0,39000.0
2021011103014493,MMFDB,20,14,50,1300.0,65000.0
2021011103014492,MMFDB,20,14,130,1299.0,168870.0
2021011103014503,MMFDB,20,26,85,1300.0,110500.0
2021011103014502,MMFDB,20,47,50,1300.0,65000.0
2021011103014501,MMFDB,20,57,200,1300.0,260000.0
2021011103014500,MMFDB,20,57,200,1300.0,260000.0
2021011103014499,MMFDB,20,57,200,1300.0,260000.0
2021011103014498,MMFDB,20,57,150,1300.0,195000.0
2021011103014636,MMFDB,20,1,20,1305.0,26100.0
2021011103014635,MMFDB,20,56,100,1304.0,130400.0
2021011103014634,MMFDB,20,58,82,1302.0,106764.0
2021011103014506,MMFDB,20,58,18,1302.0,23436.0
2021011103014505,MMFDB,20,41,309,1300.0,401700.0
2021011103014504,MMFDB,20,14,300,1300.0,390000.0
2021011103014642,MMFDB,20,51,20,1307.0,26140.0
2021011103014641,MMFDB,20,10,776,1306.0,1013456.0
2021011103014640,MMFDB,20,22,25,1305.0,32625.0
2021011103014639,MMFDB,20,21,50,1305.0,65250.0
2021011103014638,MMFDB,20,25,190,1305.0,247950.0
2021011103014637,MMFDB,20,52,100,1305.0,130500.0
2021011103014648,MMFDB,20,4,221,1315.0,290615.0
2021011103014647,MMFDB,20,14,100,1315.0,131500.0
2021011103014646,MMFDB,20,17,10,1314.0,13140.0
2021011103014645,MMFDB,20,43,74,1314.0,97236.0
2021011103014644,MMFDB,20,33,202,1314.0,265428.0
2021011103014643,MMFDB,20,41,110,1314.0,144540.0
2021011103014654,MMFDB,20,46,500,1328.0,664000.0
2021011103014653,MMFDB,20,25,100,1322.0,132200.0
2021011103014652,MMFDB,20,19,10,1320.0,13200.0
2021011103014651,MMFDB,20,52,50,1320.0,66000.0
2021011103014650,MMFDB,20,36,200,1319.0,263800.0
2021011103014649,MMFDB,20,26,200,1315.0,263000.0
2021011103014918,MNBBL,8,53,500,370.0,185000.0
2021011103014917,MNBBL,49,53,50,370.0,18500.0
2021011103014916,MNBBL,49,53,715,370.0,264550.0
2021011103014883,MNBBL,28,10,20,371.0,7420.0
2021011103014833,MNBBL,49,47,500,370.0,185000.0
2021011103014816,MNBBL,25,10,10,371.0,3710.0
2021011103014805,MNBBL,49,33,105,370.0,38850.0
2021011103014804,MNBBL,22,33,50,370.0,18500.0
2021011103014803,MNBBL,5,33,845,370.0,312650.0
2021011103014885,MPFL,57,34,100,158.0,15800.0
2021011103014930,MSLB,3,45,21,1679.0,35259.0
2021011103014598,MSLB,1,45,10,1679.0,16790.0
2021011103014922,MSMBS,32,39,11,939.0,10329.0
2021011103014571,MSMBS,49,26,11,922.0,10142.0
2021011103014896,NFS,45,36,100,248.0,24800.0
2021011103014895,NFS,45,22,50,248.0,12400.0
2021011103014894,NFS,45,33,100,248.0,24800.0
2021011103014893,NFS,45,21,52,248.0,12896.0
2021011103014781,NFS,41,21,100,248.0,24800.0
2021011103014717,NIBLPF,21,41,"3,485",10.75,37463.75
2021011103014716,NIBLPF,21,14,"10,000",10.75,107500.0
2021011103014715,NIBLPF,21,45,"1,515",10.75,16286.25
2021011103014535,NIBLPF,21,48,"1,525",10.69,16302.25
2021011103014714,NIBLPF,21,14,"1,010",10.75,10857.5
2021011103014713,NIBLPF,21,5,"1,515",10.73,16255.95
2021011103014633,NIBLPF,21,5,"8,485",10.73,91044.05
2021011103014632,NIBLPF,21,21,"1,515",10.7,16210.5
2021011103014561,NIBLPF,21,53,"2,020",10.7,21614.0
2021011103014560,NIBLPF,21,42,"2,525",10.7,27017.5
2021011103014847,NLBBL,6,1,30,1135.0,34050.0
2021011103014927,NLIC,22,44,10,2380.0,23800.0
2021011103014924,NLIC,48,36,50,2379.0,118950.0
2021011103014923,NLIC,52,36,10,2379.0,23790.0
2021011103014888,NLIC,52,45,10,2379.0,23790.0
2021011103014884,NLIC,52,38,180,2379.0,428220.0
2021011103014875,NLIC,42,38,200,2379.0,475800.0
2021011103014537,NLIC,52,44,20,2379.0,47580.0
2021011103014519,NLIC,50,45,52,2378.0,123656.0
2021011103014518,NLIC,39,45,20,2378.0,47560.0
2021011103014517,NLIC,53,45,150,2378.0,356700.0
2021011103014516,NLIC,45,45,50,2378.0,118900.0
2021011103014515,NLIC,42,45,28,2378.0,66584.0
2021011103014603,NLIC,42,44,36,2379.0,85644.0
2021011103014602,NLIC,42,29,12,2378.0,28536.0
2021011103014568,NLIC,49,29,50,2378.0,118900.0
2021011103014567,NLIC,36,29,38,2378.0,90364.0
2021011103014552,NLIC,36,19,62,2378.0,147436.0
2021011103014551,NLIC,50,19,48,2378.0,114144.0
2021011103014778,NLIC,21,39,16,2378.0,38048.0
2021011103014777,NLIC,33,39,100,2378.0,237800.0
2021011103014776,NLIC,22,39,44,2379.0,104676.0
2021011103014684,NLIC,1,25,41,2379.0,97539.0
2021011103014683,NLIC,1,44,44,2379.0,104676.0
2021011103014629,NLIC,39,52,10,2378.0,23780.0
2021011103014968,NLICL,25,49,50,1150.0,57500.0
2021011103014949,NLICL,36,49,50,1150.0,57500.0
2021011103014945,NLICL,44,20,50,1146.0,57300.0
2021011103014944,NLICL,53,20,50,1147.0,57350.0
2021011103014912,NLICL,44,20,400,1146.0,458400.0
2021011103014881,NLICL,44,20,275,1146.0,315150.0
2021011103014558,NLICL,59,49,110,1150.0,126500.0
2021011103014678,NLICL,50,49,"1,000",1147.0,1147000.0
2021011103014677,NLICL,49,49,400,1147.0,458800.0
2021011103014676,NLICL,41,49,50,1148.0,57400.0
2021011103014621,NLICL,53,49,99,1150.0,113850.0
2021011103014620,NLICL,36,49,50,1150.0,57500.0
2021011103014618,NLICL,56,49,"1,000",1150.0,1150000.0
2021011103014880,NLICL,45,20,25,1147.0,28675.0
2021011103014795,NLICL,42,49,250,1150.0,287500.0
2021011103014794,NLICL,42,49,350,1147.0,401450.0
2021011103014762,NLICL,56,49,"1,000",1147.0,1147000.0
2021011103014685,NLICL,41,49,200,1147.0,229400.0
2021011103014679,NLICL,34,49,"1,000",1147.0,1147000.0
2021011103014563,NMB50,49,16,"2,350",10.75,25262.5
2021011103014964,NMBHF1,17,21,"20,000",10.2,204000.0
2021011103014854,NMBHF1,19,21,"2,920",10.22,29842.4
2021011103014597,NMFBS,33,33,184,2359.0,434056.0
2021011103014596,NMFBS,33,50,123,2358.0,290034.0
2021011103014595,NMFBS,33,42,25,2358.0,58950.0
2021011103014594,NMFBS,33,51,60,2355.0,141300.0
2021011103014593,NMFBS,33,34,16,2355.0,37680.0
2021011103014592,NMFBS,33,43,40,2350.0,94000.0
2021011103014591,NMFBS,33,59,22,2350.0,51700.0
2021011103014590,NMFBS,33,13,30,2349.0,70470.0
2021011103014967,NRIC,48,14,10,1540.0,15400.0
2021011103014963,NRIC,26,14,20,1540.0,30800.0
2021011103014851,NRIC,5,14,50,1540.0,77000.0
2021011103014850,NRIC,53,14,100,1540.0,154000.0
2021011103014849,NRIC,48,14,50,1540.0,77000.0
2021011103014842,NRIC,28,40,50,1541.0,77050.0
2021011103014556,NRIC,22,45,5,1540.0,7700.0
2021011103014555,NRIC,57,45,50,1540.0,77000.0
2021011103014533,NRIC,52,10,155,1543.0,239165.0
2021011103014532,NRIC,52,45,60,1542.0,92520.0
2021011103014527,NRIC,45,45,40,1542.0,61680.0
2021011103014743,NRIC,34,10,35,1543.0,54005.0
2021011103014742,NRIC,34,13,15,1542.0,23130.0
2021011103014722,NRIC,48,40,50,1540.0,77000.0
2021011103014721,NRIC,49,40,100,1540.0,154000.0
2021011103014720,NRIC,38,40,50,1540.0,77000.0
2021011103014690,NRIC,57,34,50,1540.0,77000.0
2021011103014841,NRIC,34,40,200,1541.0,308200.0
2021011103014840,NRIC,25,40,10,1542.0,15420.0
2021011103014839,NRIC,57,38,10,1543.0,15430.0
2021011103014808,NRIC,16,38,40,1543.0,61720.0
2021011103014807,NRIC,16,10,160,1543.0,246880.0
2021011103014791,NRIC,34,49,50,1541.0,77050.0
2021011103014796,NRN,42,41,100,360.0,36000.0
2021011103014681,NRN,41,48,10,359.0,3590.0
2021011103014615,NRN,38,41,10,360.0,3600.0
2021011103014609,NRN,41,20,10,359.0,3590.0
2021011103014958,NTC,34,43,10,1238.0,12380.0
2021011103014957,NTC,21,41,50,1234.0,61700.0
2021011103014956,NTC,41,41,50,1234.0,61700.0
2021011103014955,NTC,21,41,20,1234.0,24680.0
2021011103014954,NTC,43,41,10,1234.0,12340.0
2021011103014953,NTC,3,41,10,1234.0,12340.0
2021011103014521,NTC,49,45,20,1236.0,24720.0
2021011103014520,NTC,49,26,80,1235.0,98800.0
2021011103014510,NTC,41,26,30,1235.0,37050.0
2021011103014509,NTC,34,26,40,1235.0,49400.0
2021011103014508,NTC,38,26,50,1235.0,61750.0
2021011103014623,NTC,6,52,25,1236.0,30900.0
2021011103014611,NTC,17,52,10,1236.0,12360.0
2021011103014610,NTC,33,52,40,1236.0,49440.0
2021011103014545,NTC,33,45,240,1236.0,296640.0
2021011103014544,NTC,57,38,100,1235.0,123500.0
2021011103014529,NTC,45,45,20,1236.0,24720.0
2021011103014798,NTC,35,25,50,1236.0,61800.0
2021011103014790,NTC,19,43,35,1238.0,43330.0
2021011103014689,NTC,19,57,20,1237.0,24740.0
2021011103014688,NTC,19,52,45,1236.0,55620.0
2021011103014670,NTC,16,52,240,1236.0,296640.0
2021011103014659,NTC,57,52,20,1236.0,24720.0
2021011103014865,NTC,38,41,20,1235.0,24700.0
2021011103014864,NTC,38,41,10,1237.0,12370.0
2021011103014802,NTC,47,25,20,1235.0,24700.0
2021011103014801,NTC,57,25,100,1235.0,123500.0
2021011103014800,NTC,39,25,30,1236.0,37080.0
2021011103014799,NTC,1,25,100,1236.0,123600.0
2021011103014952,NTC,50,41,50,1234.0,61700.0
2021011103014951,NTC,47,41,30,1234.0,37020.0
2021011103014891,NTC,48,41,50,1235.0,61750.0
2021011103014887,NTC,52,41,50,1235.0,61750.0
2021011103014882,NTC,57,41,100,1235.0,123500.0
2021011103014866,NTC,38,41,100,1235.0,123500.0
2021011103014943,NUBL,28,38,340,1299.0,441660.0
2021011103014942,NUBL,50,38,10,1299.0,12990.0
2021011103014874,NUBL,8,42,200,1300.0,260000.0
2021011103014873,NUBL,54,42,65,1300.0,84500.0
2021011103014872,NUBL,52,42,100,1301.0,130100.0
2021011103014871,NUBL,22,42,100,1301.0,130100.0
2021011103014789,NUBL,36,19,50,1305.0,65250.0
2021011103014870,NUBL,33,42,16,1302.0,20832.0
2021011103014863,NUBL,53,38,100,1305.0,130500.0
2021011103014862,NUBL,28,38,10,1305.0,13050.0
2021011103014861,NUBL,21,38,100,1305.0,130500.0
2021011103014860,NUBL,36,38,50,1305.0,65250.0
2021011103014819,NUBL,57,22,10,1307.0,13070.0
2021011103014941,OHL,1,16,100,475.0,47500.0
2021011103014780,OHL,45,16,200,474.0,94800.0
2021011103014779,OHL,46,16,100,474.0,47400.0
2021011103014608,PFL,39,19,10,190.0,1900.0
2021011103014543,PFL,38,19,100,188.0,18800.0
2021011104000016,PLI,41,21,3,229.0,687.0
2021011104000015,PLI,29,41,4,221.0,884.0
2021011104000014,PLI,35,41,6,225.0,1350.0
2021011104000013,PLI,14,41,10,225.0,2250.0
2021011104000012,PLI,48,33,10,221.0,2210.0
2021011104000011,PLI,58,49,3,219.0,657.0
2021011104000004,PLI,4,4,2,210.0,420.0
2021011104000003,PLI,42,58,3,216.0,648.0
2021011104000002,PLI,4,4,8,210.0,1680.0
2021011104000001,PLI,48,38,10,213.0,2130.0
2021011104000010,PLI,42,58,8,220.0,1760.0
2021011104000009,PLI,42,58,2,220.0,440.0
2021011104000008,PLI,42,58,6,216.0,1296.0
2021011104000007,PLI,42,58,4,216.0,864.0
2021011104000006,PLI,14,42,10,217.0,2170.0
2021011104000005,PLI,42,58,7,215.0,1505.0
2021011103014626,PLIC,4,13,20,780.0,15600.0
2021011103014625,PLIC,34,13,50,780.0,39000.0
2021011103014946,RLFL,57,37,485,180.0,87300.0
2021011103014669,RLFL,6,38,25,179.0,4475.0
2021011103014627,RLFL,6,26,30,179.0,5370.0
2021011103014619,RLFL,41,37,30,180.0,5400.0
2021011103014540,RLFL,57,37,500,180.0,90000.0
2021011103014898,RLI,41,40,120,625.0,75000.0
2021011103014897,RLI,41,57,10,625.0,6250.0
2021011103014853,RLI,29,25,10,624.0,6240.0
2021011103014825,RLI,29,34,10,624.0,6240.0
2021011103014782,RLI,29,48,10,624.0,6240.0
2021011103014746,RLI,29,50,80,624.0,49920.0
2021011103014539,RLI,41,41,80,623.0,49840.0
2021011103014526,RLI,41,41,10,623.0,6230.0
2021011103014486,RLI,41,34,10,623.0,6230.0
2021011103014709,RLI,41,26,10,623.0,6230.0
2021011103014613,RLI,41,14,10,623.0,6230.0
2021011103014570,RLI,28,50,20,624.0,12480.0
2021011103014569,RLI,28,34,10,624.0,6240.0
2021011103014557,RLI,41,21,10,623.0,6230.0
2021011103014542,RLI,41,55,10,623.0,6230.0
2021011103014909,SABSL,46,34,11,1109.0,12199.0
2021011103014828,SABSL,46,57,11,1119.0,12309.0
2021011103014827,SABSL,46,21,11,1115.0,12265.0
2021011103014826,SABSL,46,10,11,1115.0,12265.0
2021011103014680,SABSL,46,43,20,1109.0,22180.0
2021011103014788,SADBL,13,49,250,196.0,49000.0
2021011103014631,SADBL,41,49,100,196.0,19600.0
2021011103014511,SADBL,42,22,20,195.0,3900.0
2021011103014859,SAPDBL,3,35,100,157.0,15700.0
2021011103014559,SAPDBL,3,35,200,157.0,31400.0
2021011103014940,SDLBSL,41,56,10,1182.0,11820.0
2021011103014879,SDLBSL,41,56,10,1159.0,11590.0
2021011103014812,SDLBSL,41,35,10,1137.0,11370.0
2021011103014811,SDLBSL,41,49,27,1137.0,30699.0
2021011103014810,SDLBSL,41,41,90,1137.0,102330.0
2021011103014730,SDLBSL,41,41,210,1137.0,238770.0
2021011103014577,SDLBSL,41,43,200,1105.0,221000.0
2021011103014576,SDLBSL,41,41,15,1103.0,16545.0
2021011103014575,SDLBSL,41,6,200,1103.0,220600.0
2021011103014574,SDLBSL,41,32,10,1103.0,11030.0
2021011103014534,SDLBSL,19,38,10,1096.0,10960.0
2021011103014583,SDLBSL,41,36,10,1115.0,11150.0
2021011103014582,SDLBSL,41,29,10,1115.0,11150.0
2021011103014581,SDLBSL,41,17,15,1112.0,16680.0
2021011103014580,SDLBSL,41,59,10,1110.0,11100.0
2021011103014579,SDLBSL,41,49,10,1105.0,11050.0
2021011103014578,SDLBSL,41,43,30,1105.0,33150.0
2021011103014661,SDLBSL,41,59,200,1120.0,224000.0
2021011103014588,SDLBSL,41,42,110,1117.0,122870.0
2021011103014587,SDLBSL,41,4,10,1117.0,11170.0
2021011103014586,SDLBSL,41,47,30,1116.0,33480.0
2021011103014585,SDLBSL,41,42,10,1115.0,11150.0
2021011103014584,SDLBSL,41,55,10,1115.0,11150.0
2021011103014667,SDLBSL,41,53,350,1130.0,395500.0
2021011103014666,SDLBSL,41,36,150,1129.0,169350.0
2021011103014665,SDLBSL,41,38,20,1129.0,22580.0
2021011103014664,SDLBSL,41,35,50,1127.0,56350.0
2021011103014663,SDLBSL,41,47,75,1127.0,84525.0
2021011103014662,SDLBSL,41,40,60,1127.0,67620.0
2021011103014729,SDLBSL,41,55,10,1137.0,11370.0
2021011103014728,SDLBSL,41,14,50,1137.0,56850.0
2021011103014727,SDLBSL,41,58,60,1135.0,68100.0
2021011103014726,SDLBSL,41,52,100,1132.0,113200.0
2021011103014725,SDLBSL,41,41,70,1119.0,78330.0
2021011103014668,SDLBSL,41,42,95,1130.0,107350.0
2021011103014960,SHINE,28,57,15,250.0,3750.0
2021011103014948,SHINE,53,57,647,250.0,161750.0
2021011103014947,SHINE,53,42,353,250.0,88250.0
2021011103014818,SHINE,26,49,50,249.0,12450.0
2021011103014628,SHINE,28,42,10,250.0,2500.0
2021011103014966,SHL,6,55,250,195.0,48750.0
2021011103014965,SHL,57,55,250,195.0,48750.0
2021011103014890,SHL,6,29,111,195.0,21645.0
2021011103014889,SHL,59,29,689,195.0,134355.0
2021011103014616,SINDU,42,25,150,158.0,23700.0
2021011103014512,SKBBL,38,49,90,1461.0,131490.0
2021011103014624,SLBSL,26,38,13,999.0,12987.0
2021011103014961,SLICL,56,51,10,720.0,7200.0
2021011103014910,SLICL,42,57,11,719.0,7909.0
2021011103014813,SLICL,56,51,10,720.0,7200.0
2021011103014735,SLICL,42,32,100,719.0,71900.0
2021011103014734,SLICL,42,32,100,719.0,71900.0
2021011103014733,SLICL,42,46,100,719.0,71900.0
2021011103014732,SLICL,42,37,251,719.0,180469.0
2021011103014589,SLICL,47,14,100,718.0,71800.0
2021011103014572,SMB,17,57,14,1170.0,16380.0
2021011103014806,SMFDB,53,25,70,1030.0,72100.0
2021011103014913,SNLB,36,46,10,1054.0,10540.0
2021011103014513,STC,52,35,20,6950.0,139000.0
2021011103014878,SWBBL,34,41,10,1674.0,16740.0
2021011103014745,SWBBL,44,21,90,1665.0,149850.0
2021011103014744,SWBBL,40,21,10,1665.0,16650.0
2021011103014724,SWBBL,34,41,10,1674.0,16740.0
2021011103014832,USLB,32,34,20,1409.0,28180.0
2021011103014736,USLB,56,50,276,1400.0,386400.0
2021011103014281,ALBSL,45,55,101,1220.0,123220.0
2021011103014280,ALBSL,59,55,99,1220.0,120780.0
2021011103014175,ALBSL,59,38,11,1220.0,13420.0
2021011103014118,ALBSL,59,1,200,1220.0,244000.0
2021011103014404,ALICL,49,57,289,975.0,281775.0
2021011103014347,ALICL,49,57,11,975.0,10725.0
2021011103014291,ALICL,56,52,"1,000",978.0,978000.0
2021011103014290,ALICL,56,10,"1,000",978.0,978000.0
2021011103014162,ALICL,49,57,200,975.0,195000.0
2021011103014063,ALICL,49,10,500,975.0,487500.0
2021011103014071,BFC,17,42,35,137.0,4795.0
2021011103014003,BFC,3,34,48,138.0,6624.0
2021011103014202,CBBL,49,44,550,1225.0,673750.0
2021011103014126,CBBL,49,38,40,1225.0,49000.0
2021011103014069,CBBL,36,10,36,1223.0,44028.0
2021011103014377,CFCL,52,49,200,177.0,35400.0
2021011103014376,CFCL,33,49,240,177.0,42480.0
2021011103014316,CFCL,33,52,100,178.0,17800.0
2021011103014184,CFCL,33,43,260,177.0,46020.0
2021011103014103,CIT,22,10,30,3460.0,103800.0
2021011103014298,CLBSL,11,50,129,901.0,116229.0
2021011103014237,CLBSL,17,50,30,901.0,27030.0
2021011103014122,CLBSL,33,50,27,901.0,24327.0
2021011103014002,CLBSL,10,49,500,900.0,450000.0
2021011103013990,CLBSL,42,50,50,901.0,45050.0
2021011103014178,CMF1,8,42,"9,000",9.96,89640.0
2021011103014177,CMF1,43,42,"1,000",9.97,9970.0
2021011103014461,DDBL,49,44,50,1465.0,73250.0
2021011103014305,DDBL,45,36,50,1468.0,73400.0
2021011103014304,DDBL,45,4,30,1468.0,44040.0
2021011103014303,DDBL,45,16,20,1468.0,29360.0
2021011103014302,DDBL,45,19,10,1468.0,14680.0
2021011103014078,DDBL,50,19,40,1468.0,58720.0
2021011103014077,DDBL,50,36,10,1467.0,14670.0
2021011103014067,DDBL,10,36,30,1467.0,44010.0
2021011103014046,EDBL,4,29,200,363.0,72600.0
2021011103014289,FMDBL,25,26,186,614.0,114204.0
2021011103014288,FMDBL,25,47,528,614.0,324192.0
2021011103014287,FMDBL,25,26,222,614.0,136308.0
2021011103014286,FMDBL,25,25,100,613.0,61300.0
2021011103014285,FMDBL,25,49,50,612.0,30600.0
2021011103014284,FMDBL,25,57,40,612.0,24480.0
2021011103013991,FMDBL,26,29,500,610.0,305000.0
2021011103014283,FMDBL,25,34,24,611.0,14664.0
2021011103014250,FMDBL,25,8,100,610.0,61000.0
2021011103014249,FMDBL,25,44,150,610.0,91500.0
2021011103014159,FMDBL,21,44,150,610.0,91500.0
2021011103014158,FMDBL,26,44,700,610.0,427000.0
2021011103014452,FOWAD,20,33,34,2279.0,77486.0
2021011103014266,FOWAD,59,56,50,2279.0,113950.0
2021011103014101,FOWAD,59,38,25,2279.0,56975.0
2021011103014055,FOWAD,57,36,20,2280.0,45600.0
2021011103014079,GBBL,52,29,270,325.0,87750.0
2021011103014026,GBBL,52,47,20,325.0,6500.0
2021011103014477,GBLBS,35,22,50,600.0,30000.0
2021011103014378,GBLBS,25,22,15,600.0,9000.0
2021011103014234,GBLBS,52,22,10,600.0,6000.0
2021011103014160,GBLBS,56,38,15,599.0,8985.0
2021011103014058,GBLBS,1,22,50,600.0,30000.0
2021011103014054,GBLBS,33,47,50,601.0,30050.0
2021011103013995,GBLBS,1,42,50,600.0,30000.0
2021011103013994,GBLBS,29,42,350,600.0,210000.0
2021011103014472,GFCL,16,34,118,203.0,23954.0
2021011103014471,GFCL,42,34,382,203.0,77546.0
2021011103014186,GFCL,42,41,608,203.0,123424.0
2021011103014157,GFCL,42,42,10,203.0,2030.0
2021011103014085,GFCL,42,13,"1,188",203.0,241164.0
2021011103014349,GLBSL,1,10,20,902.0,18040.0
2021011103014020,GLBSL,1,45,50,902.0,45100.0
2021011103014019,GLBSL,1,45,200,905.0,181000.0
2021011103014018,GLBSL,25,45,100,905.0,90500.0
2021011103014017,GLBSL,32,45,200,905.0,181000.0
2021011103014004,GLBSL,25,57,10,910.0,9100.0
2021011103014066,GLICL,19,22,85,629.0,53465.0
2021011103014380,GMFIL,36,28,300,191.0,57300.0
2021011103014379,GMFIL,5,28,100,191.0,19100.0
2021011103014442,GUFL,43,56,450,232.0,104400.0
2021011103014208,GUFL,39,56,10,232.0,2320.0
2021011103014149,GUFL,37,33,591,231.0,136521.0
2021011103014482,HIDCL,49,32,387,268.0,103716.0
2021011103014481,HIDCL,49,22,61,268.0,16348.0
2021011103014480,HIDCL,49,49,52,268.0,13936.0
2021011103014333,HIDCL,45,49,79,268.0,21172.0
2021011103014332,HIDCL,45,16,721,268.0,193228.0
2021011103014264,HIDCL,49,26,61,267.0,16287.0
2021011103014133,HIDCL,49,47,247,267.0,65949.0
2021011103014132,HIDCL,49,47,153,267.0,40851.0
2021011103014043,HIDCL,49,57,127,267.0,33909.0
2021011103014346,ICFC,4,49,30,268.0,8040.0
2021011103014076,ICFC,48,49,41,268.0,10988.0
2021011103014075,ICFC,48,49,459,268.0,123012.0
2021011103014336,ILBS,51,50,59,1153.0,68027.0
2021011103014211,ILBS,51,38,11,1153.0,12683.0
2021011103014053,ILBS,47,38,27,1160.0,31320.0
2021011103014484,JBBL,14,5,260,239.0,62140.0
2021011103014403,JBBL,35,3,43,240.0,10320.0
2021011103014402,JBBL,35,50,157,239.0,37523.0
2021011103014396,JBBL,1,50,100,239.0,23900.0
2021011103014395,JBBL,54,50,100,239.0,23900.0
2021011103014394,JBBL,37,50,10,239.0,2390.0
2021011103014248,JBBL,48,6,201,239.0,48039.0
2021011103014144,JBBL,48,56,28,239.0,6692.0
2021011103014092,JBBL,48,14,52,239.0,12428.0
2021011103014091,JBBL,48,14,52,239.0,12428.0
2021011103014090,JBBL,48,14,52,239.0,12428.0
2021011103014089,JBBL,48,57,200,239.0,47800.0
2021011103014393,JBBL,57,50,100,239.0,23900.0
2021011103014392,JBBL,45,50,70,239.0,16730.0
2021011103014391,JBBL,48,50,293,239.0,70027.0
2021011103014330,JBBL,48,14,52,239.0,12428.0
2021011103014296,JBBL,48,14,52,239.0,12428.0
2021011103014295,JBBL,48,26,18,239.0,4302.0
2021011103014271,JFL,47,4,11,253.0,2783.0
2021011103014270,JFL,42,4,220,253.0,55660.0
2021011103014204,JFL,42,22,80,253.0,20240.0
2021011103014196,KLBSL,48,52,27,1177.0,31779.0
2021011103014124,KLBSL,48,11,34,1177.0,40018.0
2021011103014116,KLBSL,53,42,10,1155.0,11550.0
2021011103014457,KMCDB,25,58,10,970.0,9700.0
2021011103014456,KMCDB,25,39,28,960.0,26880.0
2021011103014313,KMCDB,44,39,22,960.0,21120.0
2021011103014312,KMCDB,25,39,50,965.0,48250.0
2021011103014311,KMCDB,11,39,80,967.0,77360.0
2021011103014310,KMCDB,25,39,20,969.0,19380.0
2021011103014179,KMCDB,25,58,20,970.0,19400.0
2021011103014064,KMCDB,11,34,10,967.0,9670.0
2021011103013997,KMCDB,11,5,10,967.0,9670.0
2021011103013993,KMCDB,21,58,50,970.0,48500.0
2021011103014084,KRBL,34,7,200,140.0,28000.0
2021011103014261,KSBBL,42,39,50,239.0,11950.0
2021011103014094,KSBBL,42,38,200,239.0,47800.0
2021011103014093,KSBBL,42,45,470,239.0,112330.0
2021011103014397,LBBL,54,11,500,227.0,113500.0
2021011103014277,LBBL,54,34,110,227.0,24970.0
2021011103014265,LBBL,54,43,200,227.0,45400.0
2021011103014169,LBBL,54,49,50,227.0,11350.0
2021011103014100,LBBL,32,48,100,226.0,22600.0
2021011103014115,LBBL,54,44,"5,000",227.0,1135000.0
2021011103014114,LBBL,54,55,900,226.0,203400.0
2021011103014110,LBBL,32,55,100,226.0,22600.0
2021011103014051,LUK,26,32,300,9.4,2820.0
2021011103014462,MDB,57,17,100,340.0,34000.0
2021011103014215,MERO,34,52,43,1001.0,43043.0
2021011103013988,MERO,54,19,100,1000.0,100000.0
2021011103013987,MERO,48,19,14,1000.0,14000.0
2021011103013986,MERO,22,19,138,1001.0,138138.0
2021011103014229,MFIL,29,10,300,334.0,100200.0
2021011103014201,MFIL,4,10,100,334.0,33400.0
2021011103014047,MFIL,29,26,114,333.0,37962.0
2021011103014222,MLBBL,52,26,70,1280.0,89600.0
2021011103014221,MLBBL,41,26,50,1280.0,64000.0
2021011103014220,MLBBL,58,26,10,1280.0,12800.0
2021011103014219,MLBBL,33,26,10,1281.0,12810.0
2021011103014218,MLBBL,45,26,50,1281.0,64050.0
2021011103014401,MLBL,52,58,200,272.0,54400.0
2021011103014225,MLBL,38,58,500,272.0,136000.0
2021011103014200,MLBL,21,38,150,270.0,40500.0
2021011103014199,MLBL,26,38,842,270.0,227340.0
2021011103014171,MLBL,26,17,100,270.0,27000.0
2021011103014142,MLBL,26,52,58,270.0,15660.0
2021011103014113,MLBL,52,58,50,272.0,13600.0
2021011103014360,MMFDB,20,56,22,1297.0,28534.0
2021011103014359,MMFDB,20,42,200,1296.0,259200.0
2021011103014358,MMFDB,20,45,500,1295.0,647500.0
2021011103014357,MMFDB,20,6,200,1295.0,259000.0
2021011103014356,MMFDB,20,21,70,1295.0,90650.0
2021011103014355,MMFDB,20,34,200,1294.0,258800.0
2021011103014239,MMFDB,20,7,300,1285.0,385500.0
2021011103014238,MMFDB,20,33,270,1284.0,346680.0
2021011103014014,MMFDB,10,42,10,1289.0,12890.0
2021011103013999,MMFDB,20,42,14,1289.0,18046.0
2021011103014245,MMFDB,20,41,150,1290.0,193500.0
2021011103014244,MMFDB,20,25,550,1290.0,709500.0
2021011103014243,MMFDB,20,56,50,1290.0,64500.0
2021011103014242,MMFDB,20,10,19,1290.0,24510.0
2021011103014241,MMFDB,20,42,44,1289.0,56716.0
2021011103014240,MMFDB,20,34,500,1288.0,644000.0
2021011103014354,MMFDB,20,34,200,1294.0,258800.0
2021011103014353,MMFDB,20,34,83,1294.0,107402.0
2021011103014352,MMFDB,20,34,500,1293.0,646500.0
2021011103014351,MMFDB,20,48,25,1284.0,32100.0
2021011103014308,MMFDB,42,19,100,1270.0,127000.0
2021011103014246,MMFDB,20,34,117,1294.0,151398.0
2021011103014399,MNBBL,5,42,88,370.0,32560.0
2021011103014398,MNBBL,5,4,67,370.0,24790.0
2021011103014097,MNBBL,41,44,100,370.0,37000.0
2021011103014145,MNBBL,33,4,133,370.0,49210.0
2021011103014128,MNBBL,33,52,50,370.0,18500.0
2021011103014127,MNBBL,33,44,317,370.0,117290.0
2021011103014012,MPFL,57,34,10,158.0,1580.0
2021011103014123,MSLB,42,42,11,1650.0,18150.0
2021011103014074,MSLB,14,42,20,1651.0,33020.0
2021011103014155,NBF2,26,35,800,9.9,7920.0
2021011103014129,NBF2,59,35,"1,000",9.97,9970.0
2021011103014070,NEF,19,32,"10,632",10.36,110147.52
2021011103014024,NEF,10,21,174,10.38,1806.12
2021011103014023,NEF,10,42,"2,366",10.38,24559.08
2021011103014022,NEF,10,49,"2,253",10.38,23386.14
2021011103014021,NEF,10,53,207,10.38,2148.66
2021011103014209,NFS,33,21,150,248.0,37200.0
2021011103014176,NFS,46,21,150,248.0,37200.0
2021011103014039,NFS,45,21,48,248.0,11904.0
2021011103014038,NFS,45,32,30,248.0,7440.0
2021011103014037,NFS,45,8,422,248.0,104656.0
2021011103014251,NIBLPF,11,32,"2,525",10.68,26967.0
2021011103014405,NIBSF1,57,13,"1,000",11.62,11620.0
2021011103014125,NICGF,35,53,"5,000",10.9,54500.0
2021011103014174,NLBBL,58,39,43,1132.0,48676.0
2021011103014173,NLBBL,6,39,357,1132.0,404124.0
2021011103014172,NLBBL,17,39,50,1133.0,56650.0
2021011103014096,NLBBL,6,38,50,1135.0,56750.0
2021011103014083,NLBBL,6,33,100,1135.0,113500.0
2021011103014082,NLBBL,6,6,100,1135.0,113500.0
2021011103014081,NLBBL,6,56,500,1135.0,567500.0
2021011103014080,NLBBL,6,33,110,1135.0,124850.0
2021011103014036,NLBBL,17,41,50,1133.0,56650.0
2021011103014463,NLIC,42,49,22,2378.0,52316.0
2021011103014458,NLIC,35,38,20,2380.0,47600.0
2021011103014431,NLIC,1,54,20,2380.0,47600.0
2021011103014375,NLIC,22,46,1,2380.0,2380.0
2021011103014374,NLIC,34,46,49,2380.0,116620.0
2021011103014373,NLIC,34,38,10,2380.0,23800.0
2021011103014135,NLIC,45,25,20,2379.0,47580.0
2021011103014098,NLIC,45,33,50,2380.0,119000.0
2021011103014065,NLIC,17,38,50,2379.0,118950.0
2021011103013992,NLIC,38,33,100,2380.0,238000.0
2021011103014255,NLIC,32,10,10,2378.0,23780.0
2021011103014254,NLIC,25,10,20,2378.0,47560.0
2021011103014253,NLIC,3,10,26,2379.0,61854.0
2021011103014252,NLIC,4,10,15,2379.0,35685.0
2021011103014153,NLIC,19,33,20,2380.0,47600.0
2021011103014152,NLIC,19,25,30,2379.0,71370.0
2021011103014372,NLIC,34,48,22,2380.0,52360.0
2021011103014371,NLIC,34,5,39,2380.0,92820.0
2021011103014370,NLIC,34,33,30,2380.0,71400.0
2021011103014263,NLIC,45,6,20,2378.0,47560.0
2021011103014262,NLIC,3,6,30,2378.0,71340.0
2021011103014256,NLIC,45,10,29,2378.0,68962.0
2021011103014455,NLICL,36,49,50,1150.0,57500.0
2021011103014454,NLICL,36,3,50,1148.0,57400.0
2021011103014435,NLICL,40,3,200,1148.0,229600.0
2021011103014434,NLICL,1,3,200,1148.0,229600.0
2021011103014433,NLICL,35,3,50,1149.0,57450.0
2021011103014345,NLICL,32,49,"1,000",1150.0,1150000.0
2021011103014216,NLICL,45,45,100,1156.0,115600.0
2021011103013996,NLICL,28,5,70,1157.0,80990.0
2021011103014338,NLICL,16,49,87,1153.0,100311.0
2021011103014300,NLICL,16,35,413,1153.0,476189.0
2021011103014299,NLICL,32,35,87,1156.0,100572.0
2021011103014294,NLICL,32,29,13,1156.0,15028.0
2021011103014282,NLICL,32,35,400,1156.0,462400.0
2021011103014217,NLICL,45,35,600,1156.0,693600.0
2021011103014344,NLICL,52,49,167,1150.0,192050.0
2021011103014343,NLICL,55,49,400,1151.0,460400.0
2021011103014342,NLICL,45,49,40,1151.0,46040.0
2021011103014341,NLICL,52,49,100,1151.0,115100.0
2021011103014340,NLICL,50,49,290,1151.0,333790.0
2021011103014339,NLICL,32,49,"1,000",1152.0,1152000.0
2021011103014447,NMBMF,10,26,10,1030.0,10300.0
2021011103014446,NMBMF,26,26,71,1030.0,73130.0
2021011103014445,NMBMF,25,26,30,1031.0,30930.0
2021011103014102,NMBMF,26,3,29,1030.0,29870.0
2021011103014025,NMBMF,26,34,100,1030.0,103000.0
2021011103014006,NMBMF,34,34,200,1030.0,206000.0
2021011103014151,NMFBS,49,59,28,2350.0,65800.0
2021011103014035,NMFBS,59,44,10,2350.0,23500.0
2021011103014034,NMFBS,59,41,100,2350.0,235000.0
2021011103014033,NMFBS,59,58,20,2350.0,47000.0
2021011103014032,NMFBS,59,37,100,2350.0,235000.0
2021011103014031,NMFBS,59,22,400,2349.0,939600.0
2021011103014030,NMFBS,59,47,20,2349.0,46980.0
2021011103014029,NMFBS,59,22,134,2348.0,314632.0
2021011103014483,NRIC,45,44,10,1541.0,15410.0
2021011103014473,NRIC,35,10,10,1543.0,15430.0
2021011103014470,NRIC,53,10,170,1543.0,262310.0
2021011103014469,NRIC,53,34,40,1543.0,61720.0
2021011103014468,NRIC,53,48,200,1543.0,308600.0
2021011103014430,NRIC,22,42,195,1540.0,300300.0
2021011103014049,NRIC,42,13,20,1541.0,30820.0
2021011103014016,NRIC,39,57,10,1544.0,15440.0
2021011103014015,NRIC,39,29,40,1541.0,61640.0
2021011103014005,NRIC,25,29,10,1541.0,15410.0
2021011103014166,NRIC,10,1,30,1542.0,46260.0
2021011103014156,NRIC,42,5,10,1541.0,15410.0
2021011103014138,NRIC,53,1,20,1542.0,30840.0
2021011103014131,NRIC,52,34,20,1543.0,30860.0
2021011103014130,NRIC,52,54,30,1542.0,46260.0
2021011103014109,NRIC,42,32,10,1541.0,15410.0
2021011103014272,NRIC,42,38,10,1543.0,15430.0
2021011103014259,NRIC,42,55,10,1543.0,15430.0
2021011103014258,NRIC,42,41,40,1543.0,61720.0
2021011103014226,NRIC,38,40,5,1542.0,7710.0
2021011103014168,NRIC,10,57,60,1544.0,92640.0
2021011103014167,NRIC,10,34,10,1543.0,15430.0
2021011103014411,NRIC,35,42,370,1543.0,570910.0
2021011103014407,NRIC,53,14,50,1544.0,77200.0
2021011103014384,NRIC,1,57,32,1544.0,49408.0
2021011103014383,NRIC,52,57,50,1544.0,77200.0
2021011103014361,NRIC,35,10,100,1543.0,154300.0
2021011103014273,NRIC,35,38,30,1543.0,46290.0
2021011103014417,NRIC,57,42,100,1541.0,154100.0
2021011103014416,NRIC,22,42,40,1541.0,61640.0
2021011103014415,NRIC,42,42,10,1541.0,15410.0
2021011103014414,NRIC,55,42,100,1542.0,154200.0
2021011103014413,NRIC,48,42,40,1542.0,61680.0
2021011103014412,NRIC,43,42,50,1543.0,77150.0
2021011103014423,NRIC,41,42,100,1540.0,154000.0
2021011103014422,NRIC,38,42,160,1540.0,246400.0
2021011103014421,NRIC,11,42,50,1540.0,77000.0
2021011103014420,NRIC,58,42,90,1540.0,138600.0
2021011103014419,NRIC,32,42,22,1540.0,33880.0
2021011103014418,NRIC,21,42,100,1541.0,154100.0
2021011103014429,NRIC,45,42,10,1540.0,15400.0
2021011103014428,NRIC,38,42,40,1540.0,61600.0
2021011103014427,NRIC,22,42,40,1540.0,61600.0
2021011103014426,NRIC,17,42,50,1540.0,77000.0
2021011103014425,NRIC,22,42,20,1540.0,30800.0
2021011103014424,NRIC,43,42,90,1540.0,138600.0
2021011103014475,NRN,41,38,10,359.0,3590.0
2021011103014441,NRN,41,48,10,359.0,3590.0
2021011103014368,NRN,41,20,10,359.0,3590.0
2021011103014329,NRN,55,41,200,360.0,72000.0
2021011103014328,NRN,55,44,10,360.0,3600.0
2021011103014327,NRN,55,41,10,360.0,3600.0
2021011103014180,NRN,52,3,10,359.0,3590.0
2021011103014119,NRN,52,3,10,359.0,3590.0
2021011103014099,NRN,52,45,10,359.0,3590.0
2021011103014048,NRN,52,21,10,359.0,3590.0
2021011103014044,NRN,52,48,10,359.0,3590.0
2021011103014274,NRN,41,49,10,359.0,3590.0
2021011103014247,NRN,41,49,10,359.0,3590.0
2021011103014224,NRN,41,20,270,359.0,96930.0
2021011103014223,NRN,11,20,30,359.0,10770.0
2021011103014213,NRN,11,49,10,359.0,3590.0
2021011103014182,NRN,11,48,10,359.0,3590.0
2021011103014320,NRN,55,41,10,360.0,3600.0
2021011103014319,NRN,55,17,10,360.0,3600.0
2021011103014318,NRN,55,41,10,360.0,3600.0
2021011103014317,NRN,55,6,189,360.0,68040.0
2021011103014297,NRN,41,38,10,359.0,3590.0
2021011103014293,NRN,41,42,10,359.0,3590.0
2021011103014326,NRN,55,42,10,360.0,3600.0
2021011103014325,NRN,55,53,10,360.0,3600.0
2021011103014324,NRN,55,49,10,360.0,3600.0
2021011103014323,NRN,55,58,10,360.0,3600.0
2021011103014322,NRN,55,35,10,360.0,3600.0
2021011103014321,NRN,55,4,10,360.0,3600.0
2021011103014363,NTC,52,42,30,1235.0,37050.0
2021011103014362,NTC,52,45,20,1235.0,24700.0
2021011103014334,NTC,32,45,20,1235.0,24700.0
2021011103014315,NTC,47,44,370,1234.0,456580.0
2021011103014314,NTC,49,44,50,1234.0,61700.0
2021011103014276,NTC,44,45,100,1235.0,123500.0
2021011103014230,NTC,45,45,20,1236.0,24720.0
2021011103014150,NTC,49,40,25,1235.0,30875.0
2021011103014141,NTC,41,40,25,1235.0,30875.0
2021011103014059,NTC,49,1,50,1234.0,61700.0
2021011103014028,NTC,49,54,100,1235.0,123500.0
2021011103014027,NTC,49,45,500,1235.0,617500.0
2021011103014269,NTC,43,45,20,1235.0,24700.0
2021011103014268,NTC,53,45,10,1235.0,12350.0
2021011103014267,NTC,3,45,30,1235.0,37050.0
2021011103014233,NTC,38,19,25,1235.0,30875.0
2021011103014232,NTC,53,19,200,1235.0,247000.0
2021011103014231,NTC,49,19,25,1235.0,30875.0
2021011103014198,NUBL,42,22,20,1307.0,26140.0
2021011103014197,NUBL,42,29,30,1306.0,39180.0
2021011103014134,NUBL,36,59,100,1305.0,130500.0
2021011103014335,PFL,32,41,"1,000",189.0,189000.0
2021011103014161,PFL,14,41,"1,000",189.0,189000.0
2021011103014207,PLIC,57,45,12,781.0,9372.0
2021011103014206,PLIC,57,43,20,780.0,15600.0
2021011103014205,PLIC,57,50,68,780.0,53040.0
2021011103014187,PLIC,6,40,200,777.0,155400.0
2021011103014088,PLIC,49,13,200,780.0,156000.0
2021011103014087,PLIC,49,57,43,780.0,33540.0
2021011103014086,PLIC,49,8,50,780.0,39000.0
2021011103014451,RLFL,6,47,75,179.0,13425.0
2021011103014450,RLFL,52,47,425,179.0,76075.0
2021011103014381,RLFL,57,37,500,180.0,90000.0
2021011103014001,RLFL,52,42,10,179.0,1790.0
2021011103014479,RLI,41,48,10,623.0,6230.0
2021011103014478,RLI,41,3,10,623.0,6230.0
2021011103014465,RLI,41,34,10,623.0,6230.0
2021011103014464,RLI,41,22,10,623.0,6230.0
2021011103014460,RLI,41,38,10,623.0,6230.0
2021011103014459,RLI,41,52,10,623.0,6230.0
2021011103014007,RLI,41,22,120,622.0,74640.0
2021011103014000,RLI,41,22,100,622.0,62200.0
2021011103013989,RLI,17,26,10,621.0,6210.0
2021011103014045,RLI,41,35,10,622.0,6220.0
2021011103014013,RLI,41,3,10,622.0,6220.0
2021011103014011,RLI,41,45,10,622.0,6220.0
2021011103014010,RLI,41,38,10,622.0,6220.0
2021011103014009,RLI,41,55,10,622.0,6220.0
2021011103014008,RLI,41,42,10,622.0,6220.0
2021011103014112,RLI,41,3,10,622.0,6220.0
2021011103014105,RLI,41,46,10,622.0,6220.0
2021011103014072,RLI,16,26,100,623.0,62300.0
2021011103014068,RLI,41,21,10,622.0,6220.0
2021011103014062,RLI,41,48,10,622.0,6220.0
2021011103014052,RLI,41,38,10,622.0,6220.0
2021011103014170,RLI,41,56,10,622.0,6220.0
2021011103014143,RLI,49,20,50,623.0,31150.0
2021011103014140,RLI,41,46,10,622.0,6220.0
2021011103014139,RLI,41,42,10,622.0,6220.0
2021011103014121,RLI,35,20,20,623.0,12460.0
2021011103014120,RLI,35,26,80,623.0,49840.0
2021011103014301,RLI,41,46,10,623.0,6230.0
2021011103014278,RLI,41,20,30,623.0,18690.0
2021011103014260,RLI,41,49,10,622.0,6220.0
2021011103014214,RLI,41,48,10,622.0,6220.0
2021011103014210,RLI,41,3,10,622.0,6220.0
2021011103014181,RLI,41,32,10,622.0,6220.0
2021011103014444,RLI,41,42,10,623.0,6230.0
2021011103014386,RLI,41,45,10,623.0,6230.0
2021011103014385,RLI,41,42,10,623.0,6230.0
2021011103014350,RLI,41,42,10,623.0,6230.0
2021011103014348,RLI,41,38,10,623.0,6230.0
2021011103014337,RLI,41,42,10,623.0,6230.0
2021011103014467,RMDC,46,40,12,1165.0,13980.0
2021011103014466,RMDC,46,41,57,1155.0,65835.0
2021011103014400,RMDC,38,10,100,1150.0,115000.0
2021011103014195,RMDC,4,56,100,1151.0,115100.0
2021011103014194,RMDC,35,56,300,1151.0,345300.0
2021011103014193,RMDC,43,56,20,1152.0,23040.0
2021011103014192,RMDC,53,56,50,1152.0,57600.0
2021011103014191,RMDC,7,56,100,1152.0,115200.0
2021011103014190,RMDC,39,56,70,1155.0,80850.0
2021011103014189,RMDC,28,56,10,1159.0,11590.0
2021011103014188,RMDC,14,56,39,1159.0,45201.0
2021011103014453,RSDC,44,51,52,631.0,32812.0
2021011103014440,RSDC,34,22,67,630.0,42210.0
2021011103014439,RSDC,34,19,35,630.0,22050.0
2021011103014438,RSDC,34,25,75,630.0,47250.0
2021011103014437,RSDC,34,42,10,630.0,6300.0
2021011103014436,RSDC,34,7,942,630.0,593460.0
2021011103014331,RSDC,21,7,10,630.0,6300.0
2021011103014104,RSDC,35,7,20,630.0,12600.0
2021011103014409,SADBL,42,57,13,195.0,2535.0
2021011103014408,SADBL,1,57,924,195.0,180180.0
2021011103013985,SADBL,1,29,892,195.0,173940.0
2021011103014443,SAEF,21,3,"1,000",11.7,11700.0
2021011103014474,SAPDBL,3,37,500,157.0,78500.0
2021011103014382,SAPDBL,3,43,326,157.0,51182.0
2021011103014369,SAPDBL,3,55,239,157.0,37523.0
2021011103014307,SAPDBL,3,41,778,157.0,122146.0
2021011103014306,SAPDBL,3,41,122,157.0,19154.0
2021011103014235,SAPDBL,4,32,30,158.0,4740.0
2021011103014137,SDLBSL,19,29,155,1096.0,169880.0
2021011103014136,SDLBSL,11,29,80,1098.0,87840.0
2021011103014117,SDLBSL,10,29,60,1099.0,65940.0
2021011103014406,SEF,17,14,"9,000",10.65,95850.0
2021011103014476,SFCL,7,6,10,134.0,1340.0
2021011103014050,SFCL,42,6,900,134.0,120600.0
2021011103013998,SFCL,42,11,100,134.0,13400.0
2021011103014390,SHINE,25,13,200,249.0,49800.0
2021011103014389,SHINE,25,49,51,249.0,12699.0
2021011103014388,SHINE,25,5,200,249.0,49800.0
2021011103014387,SHINE,25,13,252,249.0,62748.0
2021011103014147,SHINE,53,29,782,248.0,193936.0
2021011103014146,SHINE,33,29,218,248.0,54064.0
2021011103014057,SHINE,41,13,29,249.0,7221.0
2021011103014056,SHINE,41,22,121,249.0,30129.0
2021011103014410,SINDU,16,36,"2,000",157.0,314000.0
2021011103014449,SKBBL,47,14,26,1464.0,38064.0
2021011103014448,SKBBL,51,14,10,1464.0,14640.0
2021011103014228,SKBBL,43,22,20,1472.0,29440.0
2021011103014227,SKBBL,43,35,10,1472.0,14720.0
2021011103014042,SKBBL,45,50,20,1470.0,29400.0
2021011103014041,SKBBL,45,1,17,1470.0,24990.0
2021011103014040,SKBBL,45,33,105,1470.0,154350.0
2021011103014111,SLBS,21,16,18,1335.0,24030.0
2021011103014185,SLBSL,45,38,13,1000.0,13000.0
2021011103014366,SLICL,47,35,100,718.0,71800.0
2021011103014365,SLICL,56,35,300,718.0,215400.0
2021011103014364,SLICL,39,35,100,718.0,71800.0
2021011103014236,SLICL,56,37,249,719.0,179031.0
2021011103014183,SLICL,56,35,367,719.0,263873.0
2021011103014165,SLICL,56,32,378,719.0,271782.0
2021011103014164,SLICL,56,17,500,719.0,359500.0
2021011103014163,SLICL,56,50,506,719.0,363814.0
2021011103014108,SLICL,47,45,33,717.0,23661.0
2021011103014107,SLICL,41,45,17,717.0,12189.0
2021011103014073,SLICL,45,50,500,719.0,359500.0
2021011103014292,SMB,34,3,11,1162.0,12782.0
2021011103014148,SMB,34,34,11,1162.0,12782.0
2021011103014061,SMFBS,34,57,22,1495.0,32890.0
2021011103014060,SMFBS,34,45,28,1495.0,41860.0
2021011103014203,SMFDB,53,22,30,1030.0,30900.0
2021011103014106,SMFDB,45,22,10,1030.0,10300.0
2021011103014432,SNLB,56,56,30,1034.0,31020.0
2021011103014367,SNLB,14,56,200,1034.0,206800.0
2021011103014309,SNLB,14,56,50,1044.0,52200.0
2021011103014095,SWBBL,40,1,10,1665.0,16650.0
2021011103014279,TRH,35,58,40,306.0,12240.0
2021011103014212,TRH,10,38,500,305.0,152500.0
2021011103014257,UFL,1,54,500,293.0,146500.0
2021011103014154,USLB,32,38,22,1392.0,30624.0
2021011103014275,VLBS,20,44,50,1098.0,54900.0
2021011103013927,ALBSL,22,1,100,1221.0,122100.0
2021011103013807,ALBSL,45,49,30,1229.0,36870.0
2021011103013806,ALBSL,45,25,20,1229.0,24580.0
2021011103013887,ALICL,33,16,300,970.0,291000.0
2021011103013768,ALICL,33,5,500,970.0,485000.0
2021011103013741,ALICL,19,19,100,971.0,97100.0
2021011103013740,ALICL,25,19,100,971.0,97100.0
2021011103013639,ALICL,52,33,75,981.0,73575.0
2021011103013638,ALICL,52,19,100,981.0,98100.0
2021011103013637,ALICL,52,38,25,980.0,24500.0
2021011103013633,ALICL,45,50,500,975.0,487500.0
2021011103013843,BBC,58,53,10,2755.0,27550.0
2021011103013874,BFC,34,34,60,138.0,8280.0
2021011103013920,CBBL,36,29,240,1223.0,293520.0
2021011103013919,CBBL,43,29,50,1223.0,61150.0
2021011103013918,CBBL,47,29,20,1224.0,24480.0
2021011103013671,CFCL,11,52,100,178.0,17800.0
2021011103013654,CFCL,33,55,100,178.0,17800.0
2021011103013940,CIT,22,45,50,3460.0,173000.0
2021011103013939,CIT,22,45,10,3460.0,34600.0
2021011103013933,CIT,22,45,50,3460.0,173000.0
2021011103013869,CIT,52,45,190,3460.0,657400.0
2021011103013868,CIT,52,36,10,3459.0,34590.0
2021011103013645,CIT,6,49,10,3459.0,34590.0
2021011103013597,CIT,47,51,20,3453.0,69060.0
2021011103013750,CLBSL,21,50,88,901.0,79288.0
2021011103013605,CLBSL,21,42,12,901.0,10812.0
2021011103013938,DDBL,22,19,50,1468.0,73400.0
2021011103013888,DDBL,10,13,20,1467.0,29340.0
2021011103013832,DDBL,49,33,69,1465.0,101085.0
2021011103013831,DDBL,21,33,100,1466.0,146600.0
2021011103013830,DDBL,43,33,50,1467.0,73350.0
2021011103013547,DDBL,49,35,200,1465.0,293000.0
2021011103013508,DDBL,49,19,50,1465.0,73250.0
2021011103013487,DDBL,49,39,100,1465.0,146500.0
2021011103013486,DDBL,49,45,50,1465.0,73250.0
2021011103013485,DDBL,49,57,200,1465.0,293000.0
2021011103013765,EDBL,49,28,50,364.0,18200.0
2021011103013764,EDBL,42,28,40,364.0,14560.0
2021011103013676,FMDBL,26,14,100,610.0,61000.0
2021011103013813,FOWAD,35,36,10,2280.0,22800.0
2021011103013798,FOWAD,35,36,10,2280.0,22800.0
2021011103013797,FOWAD,17,36,25,2280.0,57000.0
2021011103013796,FOWAD,11,36,30,2280.0,68400.0
2021011103013795,FOWAD,43,36,50,2280.0,114000.0
2021011103013794,FOWAD,43,36,50,2280.0,114000.0
2021011103013505,FOWAD,37,52,32,2282.0,73024.0
2021011103013504,FOWAD,22,52,50,2282.0,114100.0
2021011103013503,FOWAD,51,52,31,2283.0,70773.0
2021011103013502,FOWAD,42,52,25,2283.0,57075.0
2021011103013501,FOWAD,37,52,30,2283.0,68490.0
2021011103013500,FOWAD,49,52,10,2283.0,22830.0
2021011103013656,FOWAD,47,5,10,2282.0,22820.0
2021011103013614,FOWAD,51,5,30,2282.0,68460.0
2021011103013613,FOWAD,40,5,10,2282.0,22820.0
2021011103013612,FOWAD,50,5,78,2282.0,177996.0
2021011103013563,FOWAD,50,33,122,2282.0,278404.0
2021011103013562,FOWAD,37,33,68,2282.0,155176.0
2021011103013735,FOWAD,17,42,10,2284.0,22840.0
2021011103013670,FOWAD,44,22,65,2280.0,148200.0
2021011103013669,FOWAD,46,22,19,2280.0,43320.0
2021011103013668,FOWAD,44,22,100,2281.0,228100.0
2021011103013667,FOWAD,25,22,16,2281.0,36496.0
2021011103013666,FOWAD,25,33,19,2281.0,43339.0
2021011103013793,FOWAD,1,36,28,2280.0,63840.0
2021011103013792,FOWAD,43,36,50,2280.0,114000.0
2021011103013791,FOWAD,56,36,10,2280.0,22800.0
2021011103013790,FOWAD,59,36,10,2280.0,22800.0
2021011103013789,FOWAD,44,36,135,2280.0,307800.0
2021011103013769,FOWAD,17,42,10,2284.0,22840.0
2021011103013856,GBBL,1,42,300,324.0,97200.0
2021011103013855,GBBL,55,42,200,324.0,64800.0
2021011103013498,GBBL,56,29,300,325.0,97500.0
2021011103013497,GBBL,40,29,200,325.0,65000.0
2021011103013780,GBLBS,29,38,15,600.0,9000.0
2021011103013787,GFCL,16,13,"1,000",203.0,203000.0
2021011103013979,GLBSL,25,3,40,910.0,36400.0
2021011103013978,GLBSL,42,3,60,910.0,54600.0
2021011103013977,GLBSL,7,3,200,910.0,182000.0
2021011103013872,GLBSL,42,17,40,910.0,36400.0
2021011103013871,GLBSL,1,17,160,910.0,145600.0
2021011103013910,GLICL,19,22,100,629.0,62900.0
2021011103013877,GLICL,39,56,72,625.0,45000.0
2021011103013875,GLICL,16,56,"1,000",624.0,624000.0
2021011103013854,GLICL,58,56,10,625.0,6250.0
2021011103013853,GLICL,20,56,88,625.0,55000.0
2021011103013852,GLICL,45,56,100,625.0,62500.0
2021011103013845,GLICL,50,56,500,628.0,314000.0
2021011103013844,GLICL,6,56,860,628.0,540080.0
2021011103013834,GLICL,6,35,100,628.0,62800.0
2021011103013767,GLICL,6,25,40,628.0,25120.0
2021011103013766,GLICL,47,25,65,628.0,40820.0
2021011103013526,GLICL,47,29,10,628.0,6280.0
2021011103013851,GLICL,21,56,500,625.0,312500.0
2021011103013850,GLICL,45,56,50,625.0,31250.0
2021011103013849,GLICL,32,56,500,625.0,312500.0
2021011103013848,GLICL,10,56,200,626.0,125200.0
2021011103013847,GLICL,52,56,50,626.0,31300.0
2021011103013846,GLICL,14,56,70,626.0,43820.0
2021011103013596,GMFBS,7,52,10,1157.0,11570.0
2021011103013537,GMFBS,7,52,10,1157.0,11570.0
2021011103013788,GUFL,39,33,10,231.0,2310.0
2021011103013593,GUFL,59,49,232,229.0,53128.0
2021011103013592,GUFL,50,49,20,229.0,4580.0
2021011103013591,GUFL,17,49,258,229.0,59082.0
2021011103013569,GUFL,17,57,300,229.0,68700.0
2021011103013950,HIDCL,49,45,70,267.0,18690.0
2021011103013949,HIDCL,49,45,30,267.0,8010.0
2021011103013878,HIDCL,17,16,250,268.0,67000.0
2021011103013785,HIDCL,45,16,29,268.0,7772.0
2021011103013784,HIDCL,45,13,63,268.0,16884.0
2021011103013777,HIDCL,49,13,18,267.0,4806.0
2021011103013770,HIDCL,49,45,150,267.0,40050.0
2021011103013745,HIDCL,49,48,302,267.0,80634.0
2021011103013744,HIDCL,43,48,500,267.0,133500.0
2021011103013743,HIDCL,49,48,106,267.0,28302.0
2021011103013595,HIDCL,49,36,30,267.0,8010.0
2021011103013539,HIDCL,49,26,127,267.0,33909.0
2021011103013954,ICFC,42,1,17,267.0,4539.0
2021011103013953,ICFC,45,1,50,267.0,13350.0
2021011103013952,ICFC,17,1,64,267.0,17088.0
2021011103013628,ICFC,45,49,20,268.0,5360.0
2021011103013627,ICFC,17,22,36,267.0,9612.0
2021011103013882,JBBL,34,42,100,239.0,23900.0
2021011103013881,JBBL,34,39,500,239.0,119500.0
2021011103013880,JBBL,34,42,169,239.0,40391.0
2021011103013822,JBBL,55,41,200,238.0,47600.0
2021011103013821,JBBL,54,41,65,238.0,15470.0
2021011103013760,JBBL,44,42,307,239.0,73373.0
2021011103013536,JBBL,54,52,35,238.0,8330.0
2021011103013535,JBBL,3,52,322,238.0,76636.0
2021011103013759,JBBL,44,34,193,239.0,46127.0
2021011103013746,JBBL,19,34,50,239.0,11950.0
2021011103013727,JBBL,34,34,500,239.0,119500.0
2021011103013661,JBBL,48,34,700,239.0,167300.0
2021011103013660,JBBL,11,34,257,239.0,61423.0
2021011103013615,JBBL,11,42,500,239.0,119500.0
2021011103013648,KLBSL,16,45,100,1154.0,115400.0
2021011103013951,KMCDB,25,58,70,970.0,67900.0
2021011103013817,KMCDB,25,58,30,970.0,29100.0
2021011103013681,KMCDB,25,5,20,968.0,19360.0
2021011103013590,KMCDB,25,58,60,970.0,58200.0
2021011103013561,KMCDB,25,49,30,966.0,28980.0
2021011103013525,KMCDB,25,38,50,966.0,48300.0
2021011103013510,KMCDB,25,34,50,965.0,48250.0
2021011103013913,KRBL,32,7,35,140.0,4900.0
2021011103013912,KRBL,5,7,100,140.0,14000.0
2021011103013911,KRBL,54,7,113,140.0,15820.0
2021011103013757,KRBL,54,41,187,140.0,26180.0
2021011103013756,KRBL,13,41,300,140.0,42000.0
2021011103013755,KRBL,16,41,"5,000",140.0,700000.0
2021011103013754,KRBL,52,41,442,141.0,62322.0
2021011103013531,KRBL,52,16,50,141.0,7050.0
2021011103013923,KSBBL,13,45,30,239.0,7170.0
2021011103013922,KSBBL,13,49,70,239.0,16730.0
2021011103013971,LBBL,33,28,200,227.0,45400.0
2021011103013917,LBBL,13,56,250,226.0,56500.0
2021011103013858,LBBL,47,47,114,225.0,25650.0
2021011103013492,LBBL,33,21,500,227.0,113500.0
2021011103013758,LBBL,47,5,"2,000",227.0,454000.0
2021011103013672,MDB,54,17,100,340.0,34000.0
2021011103013970,MERO,22,47,12,1001.0,12012.0
2021011103013941,MERO,49,49,100,1007.0,100700.0
2021011103013752,MERO,48,13,346,1000.0,346000.0
2021011103013600,MERO,49,13,100,1004.0,100400.0
2021011103013604,MERO,44,13,70,1000.0,70000.0
2021011103013603,MERO,54,13,100,1002.0,100200.0
2021011103013602,MERO,22,13,200,1002.0,200400.0
2021011103013601,MERO,49,13,84,1003.0,84252.0
2021011103013572,MFIL,54,10,100,334.0,33400.0
2021011103013706,MLBL,25,44,260,269.0,69940.0
2021011103013705,MLBL,47,44,740,269.0,199060.0
2021011103013643,MLBL,47,39,234,269.0,62946.0
2021011103013496,MLBL,59,22,25,270.0,6750.0
2021011103013642,MLBL,52,39,500,270.0,135000.0
2021011103013641,MLBL,59,39,791,270.0,213570.0
2021011103013696,MMFDB,20,41,257,1289.0,331273.0
2021011103013695,MMFDB,20,6,147,1289.0,189483.0
2021011103013694,MMFDB,20,55,20,1288.0,25760.0
2021011103013967,MNBBL,53,44,85,370.0,31450.0
2021011103013842,MNBBL,53,41,95,370.0,35150.0
2021011103013841,MNBBL,53,28,820,370.0,303400.0
2021011103013753,MNBBL,33,28,180,370.0,66600.0
2021011103013658,MNBBL,33,51,400,370.0,148000.0
2021011103013640,MNBBL,33,45,100,370.0,37000.0
2021011103013599,MNBBL,33,5,500,370.0,185000.0
2021011103013598,MNBBL,33,49,20,370.0,7400.0
2021011103013928,MPFL,20,59,500,160.0,80000.0
2021011103013930,MSLB,53,42,150,1660.0,249000.0
2021011103013929,MSLB,11,42,19,1670.0,31730.0
2021011103013857,NFS,32,8,578,248.0,143344.0
2021011103013559,NFS,32,52,"1,422",248.0,352656.0
2021011103013814,NICGF,35,26,100,10.9,1090.0
2021011103013862,NLBBL,34,33,200,1135.0,227000.0
2021011103013935,NLIC,44,55,40,2379.0,95160.0
2021011103013934,NLIC,44,13,60,2379.0,142740.0
2021011103013924,NLIC,39,13,50,2379.0,118950.0
2021011103013900,NLIC,21,36,245,2376.0,582120.0
2021011103013899,NLIC,3,36,500,2376.0,1188000.0
2021011103013898,NLIC,7,36,125,2376.0,297000.0
2021011103013609,NLIC,58,38,16,2380.0,38080.0
2021011103013589,NLIC,39,14,20,2382.0,47640.0
2021011103013534,NLIC,58,33,34,2380.0,80920.0
2021011103013533,NLIC,51,33,166,2380.0,395080.0
2021011103013523,NLIC,51,6,44,2380.0,104720.0
2021011103013522,NLIC,42,6,56,2380.0,133280.0
2021011103013687,NLIC,16,51,19,2380.0,45220.0
2021011103013686,NLIC,59,51,31,2380.0,73780.0
2021011103013685,NLIC,20,51,50,2380.0,119000.0
2021011103013649,NLIC,53,14,80,2382.0,190560.0
2021011103013634,NLIC,17,33,200,2380.0,476000.0
2021011103013610,NLIC,22,38,49,2380.0,116620.0
2021011103013897,NLIC,25,36,30,2378.0,71340.0
2021011103013896,NLIC,50,36,50,2378.0,118900.0
2021011103013870,NLIC,38,13,10,2379.0,23790.0
2021011103013815,NLIC,17,50,50,2379.0,118950.0
2021011103013749,NLIC,17,44,50,2379.0,118950.0
2021011103013698,NLIC,41,36,50,2380.0,119000.0
2021011103013865,NLICL,28,35,80,1158.0,92640.0
2021011103013587,NLICL,50,35,50,1151.0,57550.0
2021011103013585,NLICL,45,33,84,1160.0,97440.0
2021011103013584,NLICL,45,20,200,1160.0,232000.0
2021011103013583,NLICL,45,53,36,1160.0,41760.0
2021011103013582,NLICL,45,19,500,1159.0,579500.0
2021011103013575,NLICL,45,49,300,1155.0,346500.0
2021011103013574,NLICL,45,41,100,1155.0,115500.0
2021011103013573,NLICL,45,52,100,1153.0,115300.0
2021011103013512,NLICL,49,52,592,1153.0,682576.0
2021011103013511,NLICL,49,19,100,1152.0,115200.0
2021011103013581,NLICL,45,34,100,1159.0,115900.0
2021011103013580,NLICL,45,50,300,1158.0,347400.0
2021011103013579,NLICL,45,57,500,1158.0,579000.0
2021011103013578,NLICL,45,38,50,1155.0,57750.0
2021011103013577,NLICL,45,49,500,1155.0,577500.0
2021011103013576,NLICL,45,41,230,1155.0,265650.0
2021011103013495,NMB50,49,13,"1,000",10.75,10750.0
2021011103013657,NMBMF,26,34,200,1030.0,206000.0
2021011103013782,NMFBS,33,22,22,2347.0,51634.0
2021011103013781,NMFBS,33,39,20,2345.0,46900.0
2021011103013570,NMFBS,6,6,11,2321.0,25531.0
2021011103013981,NRIC,25,29,450,1541.0,693450.0
2021011103013980,NRIC,25,35,50,1541.0,77050.0
2021011103013969,NRIC,32,35,50,1541.0,77050.0
2021011103013965,NRIC,29,35,50,1541.0,77050.0
2021011103013964,NRIC,16,35,30,1541.0,46230.0
2021011103013963,NRIC,40,35,20,1541.0,30820.0
2021011103013520,NRIC,16,36,40,1545.0,61800.0
2021011103013650,NRIC,26,19,10,1546.0,15460.0
2021011103013632,NRIC,45,19,23,1546.0,35558.0
2021011103013608,NRIC,45,6,30,1546.0,46380.0
2021011103013560,NRIC,45,42,10,1546.0,15460.0
2021011103013540,NRIC,45,59,12,1546.0,18552.0
2021011103013524,NRIC,28,59,10,1546.0,15460.0
2021011103013697,NRIC,45,26,40,1544.0,61760.0
2021011103013692,NRIC,40,54,10,1545.0,15450.0
2021011103013691,NRIC,55,54,110,1545.0,169950.0
2021011103013690,NRIC,50,54,100,1545.0,154500.0
2021011103013689,NRIC,5,54,100,1545.0,154500.0
2021011103013688,NRIC,16,54,29,1545.0,44805.0
2021011103013811,NRIC,22,22,100,1544.0,154400.0
2021011103013771,NRIC,35,54,100,1545.0,154500.0
2021011103013763,NRIC,22,34,40,1544.0,61760.0
2021011103013762,NRIC,45,34,10,1544.0,15440.0
2021011103013736,NRIC,45,54,10,1545.0,15450.0
2021011103013718,NRIC,48,42,6,1545.0,9270.0
2021011103013956,NRIC,57,35,50,1544.0,77200.0
2021011103013955,NRIC,57,35,20,1544.0,30880.0
2021011103013926,NRIC,57,21,80,1544.0,123520.0
2021011103013925,NRIC,22,21,60,1544.0,92640.0
2021011103013879,NRIC,25,54,10,1545.0,15450.0
2021011103013828,NRIC,56,54,50,1545.0,77250.0
2021011103013962,NRIC,38,35,100,1542.0,154200.0
2021011103013961,NRIC,28,35,200,1542.0,308400.0
2021011103013960,NRIC,22,35,40,1542.0,61680.0
2021011103013959,NRIC,34,35,10,1543.0,15430.0
2021011103013958,NRIC,13,35,100,1543.0,154300.0
2021011103013957,NRIC,32,35,80,1543.0,123440.0
2021011103013983,NRN,47,6,250,360.0,90000.0
2021011103013966,NRN,52,26,10,359.0,3590.0
2021011103013915,NRN,52,38,10,359.0,3590.0
2021011103013914,NRN,52,3,10,359.0,3590.0
2021011103013866,NRN,52,38,10,359.0,3590.0
2021011103013864,NRN,52,34,10,359.0,3590.0
2021011103013586,NRN,52,48,10,359.0,3590.0
2021011103013494,NRN,52,14,10,359.0,3590.0
2021011103013809,NRN,52,3,10,359.0,3590.0
2021011103013805,NRN,52,38,10,359.0,3590.0
2021011103013761,NRN,52,38,10,359.0,3590.0
2021011103013704,NRN,52,48,10,359.0,3590.0
2021011103013675,NRN,52,3,10,359.0,3590.0
2021011103013644,NRN,52,3,10,359.0,3590.0
2021011103013982,NTC,16,56,160,1234.0,197440.0
2021011103013976,NTC,32,56,10,1234.0,12340.0
2021011103013973,NTC,10,56,30,1234.0,37020.0
2021011103013946,NTC,43,56,50,1234.0,61700.0
2021011103013945,NTC,38,56,100,1234.0,123400.0
2021011103013944,NTC,17,56,100,1234.0,123400.0
2021011103013521,NTC,51,42,10,1240.0,12400.0
2021011103013490,NTC,51,29,90,1240.0,111600.0
2021011103013678,NTC,34,22,15,1239.0,18585.0
2021011103013674,NTC,34,34,35,1239.0,43365.0
2021011103013673,NTC,39,34,15,1239.0,18585.0
2021011103013625,NTC,1,19,110,1240.0,136400.0
2021011103013624,NTC,1,45,10,1240.0,12400.0
2021011103013532,NTC,51,45,100,1240.0,124000.0
2021011103013712,NTC,53,1,20,1238.0,24760.0
2021011103013711,NTC,17,1,100,1238.0,123800.0
2021011103013710,NTC,38,1,100,1238.0,123800.0
2021011103013703,NTC,34,43,35,1239.0,43365.0
2021011103013702,NTC,34,22,65,1239.0,80535.0
2021011103013683,NTC,49,22,20,1239.0,24780.0
2021011103013723,NTC,40,49,140,1236.0,173040.0
2021011103013722,NTC,42,49,10,1237.0,12370.0
2021011103013721,NTC,42,49,100,1237.0,123700.0
2021011103013720,NTC,57,49,50,1237.0,61850.0
2021011103013719,NTC,43,49,50,1237.0,61850.0
2021011103013713,NTC,53,45,80,1238.0,99040.0
2021011103013751,NTC,42,47,80,1238.0,99040.0
2021011103013739,NTC,42,45,120,1238.0,148560.0
2021011103013729,NTC,55,45,100,1238.0,123800.0
2021011103013726,NTC,50,49,50,1236.0,61800.0
2021011103013725,NTC,58,49,50,1236.0,61800.0
2021011103013724,NTC,35,49,50,1236.0,61800.0
2021011103013803,NTC,53,49,50,1236.0,61800.0
2021011103013802,NTC,19,49,110,1236.0,135960.0
2021011103013801,NTC,48,49,200,1236.0,247200.0
2021011103013800,NTC,14,49,20,1236.0,24720.0
2021011103013799,NTC,50,49,30,1236.0,37080.0
2021011103013778,NTC,49,47,10,1237.0,12370.0
2021011103013863,NTC,34,45,10,1236.0,12360.0
2021011103013820,NTC,51,45,48,1236.0,59328.0
2021011103013819,NTC,36,45,22,1236.0,27192.0
2021011103013818,NTC,38,45,10,1237.0,12370.0
2021011103013810,NTC,38,47,10,1237.0,12370.0
2021011103013804,NTC,36,49,78,1236.0,96408.0
2021011103013892,NTC,57,45,100,1235.0,123500.0
2021011103013891,NTC,51,45,300,1235.0,370500.0
2021011103013890,NTC,57,45,100,1235.0,123500.0
2021011103013889,NTC,57,45,100,1235.0,123500.0
2021011103013873,NTC,34,49,100,1235.0,123500.0
2021011103013867,NTC,55,33,100,1235.0,123500.0
2021011103013903,NTC,46,1,50,1235.0,61750.0
2021011103013902,NTC,57,1,100,1235.0,123500.0
2021011103013901,NTC,41,1,50,1235.0,61750.0
2021011103013895,NTC,41,45,30,1235.0,37050.0
2021011103013894,NTC,44,45,100,1235.0,123500.0
2021011103013893,NTC,57,45,110,1235.0,135850.0
2021011103013942,NTC,34,45,100,1236.0,123600.0
2021011103013916,NTC,32,43,100,1235.0,123500.0
2021011103013907,NTC,21,43,20,1235.0,24700.0
2021011103013906,NTC,51,43,50,1235.0,61750.0
2021011103013905,NTC,49,43,80,1235.0,98800.0
2021011103013904,NTC,49,1,20,1235.0,24700.0
2021011103013701,NUBL,34,22,100,1308.0,130800.0
2021011103013677,NUBL,47,22,15,1308.0,19620.0
2021011103013626,NUBL,34,19,100,1308.0,130800.0
2021011103013546,NUBL,33,26,84,1302.0,109368.0
2021011103013545,NUBL,39,26,30,1305.0,39150.0
2021011103013544,NUBL,39,26,30,1306.0,39180.0
2021011103013543,NUBL,39,26,20,1306.0,26120.0
2021011103013542,NUBL,47,26,10,1306.0,13060.0
2021011103013541,NUBL,25,26,76,1307.0,99332.0
2021011103013948,PFL,29,33,297,189.0,56133.0
2021011103013947,PFL,29,45,703,189.0,132867.0
2021011103013733,PFL,38,36,71,188.0,13348.0
2021011103013538,PLIC,57,49,25,780.0,19500.0
2021011103013972,PROFL,54,38,30,133.0,3990.0
2021011103013652,PROFL,19,38,330,133.0,43890.0
2021011103013651,PROFL,19,7,670,133.0,89110.0
2021011103013568,PROFL,19,7,"1,330",133.0,176890.0
2021011103013567,PROFL,19,54,400,133.0,53200.0
2021011103013566,PROFL,19,22,100,133.0,13300.0
2021011103013565,PROFL,19,34,120,133.0,15960.0
2021011103013564,PROFL,19,34,50,133.0,6650.0
2021011103013623,RLFL,52,37,150,180.0,27000.0
2021011103013622,RLFL,29,37,"3,000",180.0,540000.0
2021011103013621,RLFL,38,37,335,180.0,60300.0
2021011103013507,RLFL,38,41,365,180.0,65700.0
2021011103013506,RLFL,17,41,635,180.0,114300.0
2021011103013984,RLI,55,16,10,621.0,6210.0
2021011103013975,RLI,55,37,20,621.0,12420.0
2021011103013974,RLI,57,37,30,621.0,18630.0
2021011103013968,RLI,57,34,10,621.0,6210.0
2021011103013943,RLI,57,38,10,621.0,6210.0
2021011103013937,RLI,57,44,10,621.0,6210.0
2021011103013631,RLI,28,48,10,621.0,6210.0
2021011103013594,RLI,28,56,10,621.0,6210.0
2021011103013588,RLI,28,57,10,621.0,6210.0
2021011103013700,RLI,57,34,10,621.0,6210.0
2021011103013699,RLI,28,3,10,621.0,6210.0
2021011103013693,RLI,28,21,10,621.0,6210.0
2021011103013682,RLI,28,48,10,621.0,6210.0
2021011103013655,RLI,28,20,10,621.0,6210.0
2021011103013653,RLI,28,59,10,621.0,6210.0
2021011103013812,RLI,57,38,10,621.0,6210.0
2021011103013808,RLI,57,25,10,621.0,6210.0
2021011103013779,RLI,57,16,10,621.0,6210.0
2021011103013748,RLI,57,20,10,621.0,6210.0
2021011103013734,RLI,57,38,10,621.0,6210.0
2021011103013716,RLI,57,26,10,621.0,6210.0
2021011103013837,RLI,22,41,10,622.0,6220.0
2021011103013836,RLI,22,49,10,622.0,6220.0
2021011103013835,RLI,22,45,110,622.0,68420.0
2021011103013829,RLI,57,22,10,621.0,6210.0
2021011103013827,RLI,57,39,10,621.0,6210.0
2021011103013825,RLI,57,3,10,621.0,6210.0
2021011103013909,RLI,57,48,10,621.0,6210.0
2021011103013908,RLI,50,22,10,622.0,6220.0
2021011103013859,RLI,57,38,10,621.0,6210.0
2021011103013840,RLI,57,49,10,621.0,6210.0
2021011103013839,RLI,22,22,270,622.0,167940.0
2021011103013838,RLI,22,53,100,622.0,62200.0
2021011103013921,RSDC,42,59,200,629.0,125800.0
2021011103013738,RSDC,38,7,28,630.0,17640.0
2021011103013737,RSDC,38,49,22,628.0,13816.0
2021011103013679,RSDC,42,57,222,630.0,139860.0
2021011103013620,RSDC,36,51,20,631.0,12620.0
2021011103013550,RSDC,34,49,19,630.0,11970.0
2021011103013549,RSDC,34,5,100,630.0,63000.0
2021011103013548,RSDC,34,26,100,630.0,63000.0
2021011103013491,RSDC,34,55,100,629.0,62900.0
2021011103013556,RSDC,34,42,67,630.0,42210.0
2021011103013555,RSDC,34,45,161,630.0,101430.0
2021011103013554,RSDC,34,13,20,630.0,12600.0
2021011103013553,RSDC,34,6,101,630.0,63630.0
2021011103013552,RSDC,34,39,10,630.0,6300.0
2021011103013551,RSDC,34,17,50,630.0,31500.0
2021011103013619,RSDC,36,49,127,631.0,80137.0
2021011103013618,RSDC,36,10,100,631.0,63100.0
2021011103013617,RSDC,36,7,53,630.0,33390.0
2021011103013611,RSDC,34,7,222,630.0,139860.0
2021011103013558,RSDC,34,57,50,630.0,31500.0
2021011103013557,RSDC,34,25,100,630.0,63000.0
2021011103013659,SABSL,46,52,13,1110.0,14430.0
2021011103013776,SADBL,41,49,300,196.0,58800.0
2021011103013775,SADBL,50,49,100,196.0,19600.0
2021011103013774,SADBL,21,49,100,196.0,19600.0
2021011103013773,SADBL,21,49,50,196.0,9800.0
2021011103013772,SADBL,50,49,67,196.0,13132.0
2021011103013876,SAPDBL,28,41,86,158.0,13588.0
2021011103013783,SAPDBL,22,41,412,158.0,65096.0
2021011103013709,SAPDBL,22,48,98,158.0,15484.0
2021011103013708,SAPDBL,22,7,54,158.0,8532.0
2021011103013707,SAPDBL,22,35,436,158.0,68888.0
2021011103013516,SAPDBL,3,34,89,157.0,13973.0
2021011103013515,SAPDBL,3,45,64,157.0,10048.0
2021011103013514,SAPDBL,3,25,100,157.0,15700.0
2021011103013513,SAPDBL,3,49,42,157.0,6594.0
2021011103013664,SAPDBL,22,35,"1,000",158.0,158000.0
2021011103013647,SAPDBL,17,35,500,158.0,79000.0
2021011103013616,SAPDBL,22,35,"1,000",158.0,158000.0
2021011103013519,SAPDBL,3,20,53,157.0,8321.0
2021011103013518,SAPDBL,3,43,500,157.0,78500.0
2021011103013517,SAPDBL,3,58,30,157.0,4710.0
2021011103013826,SDLBSL,11,49,20,1098.0,21960.0
2021011103013786,SDLBSL,10,14,10,1097.0,10970.0
2021011103013728,SDLBSL,10,20,10,1097.0,10970.0
2021011103013629,SDLBSL,10,29,10,1097.0,10970.0
2021011103013571,SEF,47,14,"3,000",10.65,31950.0
2021011103013824,SFCL,8,18,368,135.0,49680.0
2021011103013823,SFCL,8,41,88,135.0,11880.0
2021011103013499,SFCL,8,45,44,134.0,5896.0
2021011103013860,SHINE,28,13,19,249.0,4731.0
2021011103013715,SHL,46,47,100,196.0,19600.0
2021011103013714,SHL,33,47,100,196.0,19600.0
2021011103013732,SKBBL,45,36,50,1468.0,73400.0
2021011103013731,SKBBL,45,47,20,1468.0,29360.0
2021011103013730,SKBBL,45,25,30,1468.0,44040.0
2021011103013630,SKBBL,17,40,14,1465.0,20510.0
2021011103013886,SLBBL,45,17,100,1167.0,116700.0
2021011103013885,SLBBL,45,49,50,1165.0,58250.0
2021011103013884,SLBBL,45,58,20,1164.0,23280.0
2021011103013883,SLBBL,45,6,100,1163.0,116300.0
2021011103013663,SLBBL,45,6,38,1150.0,43700.0
2021011103013662,SLBBL,32,6,62,1151.0,71362.0
2021011103013530,SLBBL,32,29,38,1151.0,43738.0
2021011103013529,SLBBL,16,29,100,1151.0,115100.0
2021011103013528,SLBBL,53,29,30,1152.0,34560.0
2021011103013527,SLBBL,52,29,14,1152.0,16128.0
2021011103013936,SLBS,21,34,12,1327.0,15924.0
2021011103013747,SLICL,41,44,134,717.0,96078.0
2021011103013742,SLICL,41,38,30,719.0,21570.0
2021011103013665,SLICL,41,35,200,719.0,143800.0
2021011103013833,SMB,34,14,11,1162.0,12782.0
2021011103013861,SMFDB,45,22,10,1030.0,10300.0
2021011103013717,SMFDB,45,41,10,1033.0,10330.0
2021011103013607,SMFDB,41,41,300,1026.0,307800.0
2021011103013606,SMFDB,41,45,102,1026.0,104652.0
2021011103013636,STC,56,35,40,6950.0,278000.0
2021011103013635,STC,56,7,20,6948.0,138960.0
2021011103013509,STC,56,7,10,6948.0,69480.0
2021011103013488,STC,41,25,20,6935.0,138700.0
2021011103013684,SWBBL,47,53,10,1678.0,16780.0
2021011103013489,TRH,56,57,50,304.0,15200.0
2021011103013932,USLB,34,1,18,1400.0,25200.0
2021011103013931,USLB,34,35,20,1400.0,28000.0
2021011103013816,VLBS,26,32,10,1099.0,10990.0
2021011103013680,VLBS,26,32,10,1099.0,10990.0
2021011103013646,VLBS,17,40,13,1094.0,14222.0
2021011103013493,VLBS,17,40,10,1094.0,10940.0
2021011103013306,ALBSL,59,43,100,1220.0,122000.0
2021011103013293,ALBSL,49,38,11,1226.0,13486.0
2021011103013218,ALBSL,49,8,83,1225.0,101675.0
2021011103013154,ALBSL,21,8,17,1225.0,20825.0
2021011103013102,ALBSL,21,38,11,1225.0,13475.0
2021011103013070,ALBSL,21,14,33,1225.0,40425.0
2021011103013069,ALBSL,59,14,28,1225.0,34300.0
2021011103013007,ALBSL,59,8,50,1225.0,61250.0
2021011103013294,ALICL,4,38,25,981.0,24525.0
2021011103013275,ALICL,4,58,75,981.0,73575.0
2021011103013216,ALICL,33,22,300,980.0,294000.0
2021011103013215,ALICL,33,49,60,980.0,58800.0
2021011103013214,ALICL,33,45,91,980.0,89180.0
2021011103013213,ALICL,33,13,30,980.0,29400.0
2021011103013182,ALICL,33,36,150,975.0,146250.0
2021011103013181,ALICL,33,57,50,975.0,48750.0
2021011103013180,ALICL,33,35,900,974.0,876600.0
2021011103013179,ALICL,33,52,15,974.0,14610.0
2021011103013188,ALICL,33,55,200,975.0,195000.0
2021011103013187,ALICL,33,43,20,975.0,19500.0
2021011103013186,ALICL,33,49,200,975.0,195000.0
2021011103013185,ALICL,33,10,600,975.0,585000.0
2021011103013184,ALICL,33,57,101,975.0,98475.0
2021011103013183,ALICL,33,21,67,975.0,65325.0
2021011103013194,ALICL,33,56,473,978.0,462594.0
2021011103013193,ALICL,33,38,500,977.0,488500.0
2021011103013192,ALICL,33,47,200,977.0,195400.0
2021011103013191,ALICL,33,28,333,976.0,325008.0
2021011103013190,ALICL,33,57,50,976.0,48800.0
2021011103013189,ALICL,33,21,100,976.0,97600.0
2021011103013200,ALICL,33,57,11,979.0,10769.0
2021011103013199,ALICL,33,6,121,979.0,118459.0
2021011103013198,ALICL,33,7,50,979.0,48950.0
2021011103013197,ALICL,33,48,50,979.0,48950.0
2021011103013196,ALICL,33,10,"2,000",978.0,1956000.0
2021011103013195,ALICL,33,28,624,978.0,610272.0
2021011103013206,ALICL,33,50,300,980.0,294000.0
2021011103013205,ALICL,33,38,100,980.0,98000.0
2021011103013204,ALICL,33,34,217,980.0,212660.0
2021011103013203,ALICL,33,19,20,979.0,19580.0
2021011103013202,ALICL,33,48,100,979.0,97900.0
2021011103013201,ALICL,33,39,50,979.0,48950.0
2021011103013212,ALICL,33,35,180,980.0,176400.0
2021011103013211,ALICL,33,38,200,980.0,196000.0
2021011103013210,ALICL,33,3,30,980.0,29400.0
2021011103013209,ALICL,33,50,300,980.0,294000.0
2021011103013208,ALICL,33,46,50,980.0,49000.0
2021011103013207,ALICL,33,11,20,980.0,19600.0
2021011103013269,CBBL,44,45,100,1225.0,122500.0
2021011103013268,CBBL,57,45,100,1225.0,122500.0
2021011103013161,CBBL,43,34,200,1228.0,245600.0
2021011103013385,CIT,39,56,25,3456.0,86400.0
2021011103013334,CIT,39,52,60,3455.0,207300.0
2021011103013333,CIT,39,45,30,3455.0,103650.0
2021011103013273,CIT,33,40,20,3455.0,69100.0
2021011103013217,CIT,21,40,10,3455.0,34550.0
2021011103013110,CIT,38,40,35,3455.0,120925.0
2021011103013009,CIT,45,40,10,3455.0,34550.0
2021011103013380,CLBSL,21,11,50,901.0,45050.0
2021011103013151,CLBSL,3,49,100,898.0,89800.0
2021011103013044,CLBSL,40,49,111,898.0,99678.0
2021011103013043,CLBSL,49,49,500,898.0,449000.0
2021011103013484,DDBL,49,17,239,1465.0,350135.0
2021011103013483,DDBL,49,7,248,1465.0,363320.0
2021011103013482,DDBL,49,32,500,1465.0,732500.0
2021011103013481,DDBL,49,48,130,1465.0,190450.0
2021011103013480,DDBL,49,16,101,1464.0,147864.0
2021011103013135,DDBL,11,39,90,1463.0,131670.0
2021011103013134,DDBL,11,35,25,1463.0,36575.0
2021011103013133,DDBL,13,35,100,1463.0,146300.0
2021011103013457,EDBL,8,57,50,365.0,18250.0
2021011103013288,EDBL,45,19,208,364.0,75712.0
2021011103013303,FMDBL,26,37,300,610.0,183000.0
2021011103013302,FMDBL,46,37,100,611.0,61100.0
2021011103013286,FMDBL,57,44,100,615.0,61500.0
2021011103013235,FMDBL,26,29,500,614.0,307000.0
2021011103013234,FMDBL,26,47,70,614.0,42980.0
2021011103013076,FMDBL,26,42,400,610.0,244000.0
2021011103013075,FMDBL,26,42,100,611.0,61100.0
2021011103013046,FOWAD,49,29,10,2283.0,22830.0
2021011103013045,FOWAD,17,29,15,2283.0,34245.0
2021011103013379,GBBL,20,6,23,326.0,7498.0
2021011103013378,GBBL,20,58,977,326.0,318502.0
2021011103013037,GBBL,45,47,21,325.0,6825.0
2021011103013464,GBLBS,29,14,10,600.0,6000.0
2021011103013397,GBLBS,29,7,125,600.0,75000.0
2021011103013396,GBLBS,29,42,10,600.0,6000.0
2021011103013251,GFCL,34,13,140,203.0,28420.0
2021011103013026,GFCL,13,34,142,202.0,28684.0
2021011103013025,GFCL,49,34,50,202.0,10100.0
2021011103013024,GFCL,36,34,458,202.0,92516.0
2021011103013338,GILB,14,57,50,1413.0,70650.0
2021011103013312,GLICL,6,22,200,631.0,126200.0
2021011103013311,GLICL,6,56,500,630.0,315000.0
2021011103013427,GMFBS,7,59,10,1157.0,11570.0
2021011103013310,GMFBS,28,21,16,1156.0,18496.0
2021011103013256,GMFBS,1,21,47,1157.0,54379.0
2021011103013444,GRDBL,42,48,50,158.0,7900.0
2021011103013331,GUFL,17,33,442,229.0,101218.0
2021011103013330,GUFL,28,33,10,229.0,2290.0
2021011103013329,GUFL,17,33,"2,000",229.0,458000.0
2021011103013328,GUFL,17,33,"1,000",229.0,229000.0
2021011103013327,GUFL,39,33,25,229.0,5725.0
2021011103013326,GUFL,45,33,"1,000",230.0,230000.0
2021011103013319,GUFL,46,33,500,230.0,115000.0
2021011103013318,GUFL,45,33,"1,000",231.0,231000.0
2021011103013317,GUFL,17,33,200,231.0,46200.0
2021011103013316,GUFL,29,33,325,231.0,75075.0
2021011103013315,GUFL,46,33,217,231.0,50127.0
2021011103013271,GUFL,38,56,505,232.0,117160.0
2021011103013325,GUFL,56,33,800,230.0,184000.0
2021011103013324,GUFL,17,33,50,230.0,11500.0
2021011103013323,GUFL,22,33,21,230.0,4830.0
2021011103013322,GUFL,57,33,100,230.0,23000.0
2021011103013321,GUFL,17,33,500,230.0,115000.0
2021011103013320,GUFL,17,33,"1,000",230.0,230000.0
2021011103013374,HIDCL,49,35,237,267.0,63279.0
2021011103013132,HIDCL,43,55,"1,099",266.0,292334.0
2021011103013131,HIDCL,32,55,120,266.0,31920.0
2021011103013130,HIDCL,14,55,200,266.0,53200.0
2021011103013129,HIDCL,14,55,200,266.0,53200.0
2021011103013128,HIDCL,39,55,100,266.0,26600.0
2021011103013033,HIDCL,39,6,300,268.0,80400.0
2021011103013032,HIDCL,39,52,31,268.0,8308.0
2021011103013031,HIDCL,39,36,500,268.0,134000.0
2021011103013030,HIDCL,39,42,116,268.0,31088.0
2021011103013029,HIDCL,39,7,61,268.0,16348.0
2021011103013028,HIDCL,39,49,180,268.0,48240.0
2021011103013127,HIDCL,17,55,651,266.0,173166.0
2021011103013124,HIDCL,49,32,500,267.0,133500.0
2021011103013123,HIDCL,39,32,186,267.0,49662.0
2021011103013036,HIDCL,17,40,17,266.0,4522.0
2021011103013035,HIDCL,39,4,31,268.0,8308.0
2021011103013034,HIDCL,39,45,95,268.0,25460.0
2021011103013356,ILBS,47,57,50,1160.0,58000.0
2021011103013233,ILBS,7,1,11,1163.0,12793.0
2021011103013119,ILBS,47,11,11,1160.0,12760.0
2021011103013118,ILBS,47,48,12,1160.0,13920.0
2021011103013002,ILBS,17,38,11,1152.0,12672.0
2021011103013429,JBBL,56,52,83,239.0,19837.0
2021011103013428,JBBL,52,52,270,239.0,64530.0
2021011103013304,JBBL,52,57,300,239.0,71700.0
2021011103013300,JBBL,39,3,100,240.0,24000.0
2021011103013272,JBBL,52,26,400,239.0,95600.0
2021011103013171,JBBL,22,3,181,240.0,43440.0
2021011103013065,JBBL,35,41,80,240.0,19200.0
2021011103013056,JBBL,52,26,708,239.0,169212.0
2021011103013005,JBBL,48,26,"1,000",239.0,239000.0
2021011103013004,JBBL,41,26,200,239.0,47800.0
2021011103013003,JBBL,33,26,92,239.0,21988.0
2021011103013169,JBBL,36,3,88,240.0,21120.0
2021011103013168,JBBL,36,50,300,240.0,72000.0
2021011103013167,JBBL,36,41,12,240.0,2880.0
2021011103013160,JBBL,52,45,230,239.0,54970.0
2021011103013159,JBBL,52,45,242,239.0,57838.0
2021011103013066,JBBL,52,47,50,239.0,11950.0
2021011103013360,JSLBB,29,57,236,2170.0,512120.0
2021011103013349,JSLBB,6,40,18,2161.0,38898.0
2021011103013158,JSLBB,6,49,50,2161.0,108050.0
2021011103013091,JSLBB,3,40,10,2162.0,21620.0
2021011103013289,KLBSL,49,11,10,1177.0,11770.0
2021011103013099,KLBSL,48,34,39,1165.0,45435.0
2021011103013358,KMCDB,44,38,10,960.0,9600.0
2021011103013266,KMCDB,44,44,468,960.0,449280.0
2021011103013265,KMCDB,34,44,100,960.0,96000.0
2021011103013264,KMCDB,44,44,250,960.0,240000.0
2021011103013263,KMCDB,35,44,50,961.0,48050.0
2021011103013262,KMCDB,48,44,15,961.0,14415.0
2021011103013261,KMCDB,22,44,20,961.0,19220.0
2021011103013260,KMCDB,59,44,21,961.0,20181.0
2021011103013223,KMCDB,59,17,29,961.0,27869.0
2021011103013222,KMCDB,10,17,21,961.0,20181.0
2021011103013465,KSBBL,42,49,930,239.0,222270.0
2021011103013393,KSBBL,41,57,100,240.0,24000.0
2021011103013392,KSBBL,41,41,100,240.0,24000.0
2021011103013391,KSBBL,41,42,97,240.0,23280.0
2021011103013390,KSBBL,41,44,100,240.0,24000.0
2021011103013389,KSBBL,41,25,50,240.0,12000.0
2021011103013053,KSBBL,39,14,10,238.0,2380.0
2021011103013052,KSBBL,39,19,11,238.0,2618.0
2021011103013051,KSBBL,39,36,100,238.0,23800.0
2021011103013244,KSBBL,14,49,30,240.0,7200.0
2021011103013243,KSBBL,14,35,25,240.0,6000.0
2021011103013242,KSBBL,14,42,21,240.0,5040.0
2021011103013241,KSBBL,14,36,104,240.0,24960.0
2021011103013240,KSBBL,14,14,20,239.0,4780.0
2021011103013054,KSBBL,39,36,179,240.0,42960.0
2021011103013388,KSBBL,41,58,47,240.0,11280.0
2021011103013345,KSBBL,28,58,83,240.0,19920.0
2021011103013344,KSBBL,28,25,30,240.0,7200.0
2021011103013343,KSBBL,28,13,100,240.0,24000.0
2021011103013342,KSBBL,28,40,150,240.0,36000.0
2021011103013341,KSBBL,28,49,137,240.0,32880.0
2021011103013418,LICN,49,26,280,2030.0,568400.0
2021011103013417,LICN,49,35,200,2030.0,406000.0
2021011103013416,LICN,49,16,100,2030.0,203000.0
2021011103013415,LICN,49,44,500,2030.0,1015000.0
2021011103013414,LICN,49,36,40,2030.0,81200.0
2021011103013413,LICN,49,45,100,2030.0,203000.0
2021011103013406,LICN,49,52,50,2025.0,101250.0
2021011103013405,LICN,49,40,30,2024.0,60720.0
2021011103013404,LICN,49,52,100,2020.0,202000.0
2021011103013403,LICN,49,45,15,2020.0,30300.0
2021011103013395,LICN,33,6,24,2015.0,48360.0
2021011103013412,LICN,49,25,30,2030.0,60900.0
2021011103013411,LICN,49,33,10,2030.0,20300.0
2021011103013410,LICN,49,58,829,2029.0,1682041.0
2021011103013409,LICN,49,38,500,2028.0,1014000.0
2021011103013408,LICN,49,57,20,2025.0,40500.0
2021011103013407,LICN,49,54,50,2025.0,101250.0
2021011103013394,MDB,49,48,170,339.0,57630.0
2021011103013354,MDB,49,55,300,339.0,101700.0
2021011103013347,MDB,1,55,100,339.0,33900.0
2021011103013006,MDB,29,55,100,339.0,33900.0
2021011103013337,MERO,49,51,100,1009.0,100900.0
2021011103013336,MERO,49,51,50,1009.0,50450.0
2021011103013291,MERO,49,57,50,1009.0,50450.0
2021011103013278,MERO,49,51,97,1009.0,97873.0
2021011103013248,MERO,49,29,100,1008.0,100800.0
2021011103013021,MERO,49,51,30,1003.0,30090.0
2021011103013340,MFIL,38,49,50,332.0,16600.0
2021011103013101,MFIL,38,36,172,332.0,57104.0
2021011103013100,MFIL,4,36,138,332.0,45816.0
2021011103013442,MLBL,59,51,26,270.0,7020.0
2021011103013434,MLBL,59,17,100,270.0,27000.0
2021011103013365,MLBL,59,48,58,270.0,15660.0
2021011103013068,MLBL,34,14,"1,741",271.0,471811.0
2021011103013067,MLBL,42,14,"5,000",271.0,1355000.0
2021011103013430,MMFDB,42,40,17,1270.0,21590.0
2021011103013357,MMFDB,20,10,43,1290.0,55470.0
2021011103013125,MMFDB,20,21,31,1270.0,39370.0
2021011103013461,MNBBL,4,49,30,370.0,11100.0
2021011103013443,MNBBL,29,17,100,369.0,36900.0
2021011103013362,MNBBL,29,37,50,369.0,18450.0
2021011103013224,MNBBL,29,10,505,370.0,186850.0
2021011103013072,MNBBL,6,16,500,370.0,185000.0
2021011103013050,MNBBL,45,10,200,370.0,74000.0
2021011103013049,MNBBL,11,10,200,370.0,74000.0
2021011103013048,MNBBL,45,10,95,370.0,35150.0
2021011103013084,MPFL,54,59,30,160.0,4800.0
2021011103013108,NABBC,53,52,10,764.0,7640.0
2021011103013117,NFS,32,33,92,247.0,22724.0
2021011103013082,NFS,32,33,800,247.0,197600.0
2021011103013437,NIBLPF,21,10,"7,000",10.68,74760.0
2021011103013148,NIBLPF,35,55,201,10.66,2142.66
2021011103013138,NIBLPF,35,10,"9,799",10.66,104457.34
2021011103013137,NIBLPF,38,10,"5,000",10.66,53300.0
2021011103013136,NIBLPF,21,10,201,10.67,2144.67
2021011103013083,NIBSF1,17,42,"3,478",11.6,40344.8
2021011103013440,NLBBL,6,21,156,1132.0,176592.0
2021011103013439,NLBBL,6,21,142,1132.0,160744.0
2021011103013419,NLBBL,6,26,500,1132.0,566000.0
2021011103013456,NLIC,33,5,97,2383.0,231151.0
2021011103013455,NLIC,33,40,23,2381.0,54763.0
2021011103013454,NLIC,33,7,80,2381.0,190480.0
2021011103013423,NLIC,41,40,27,2381.0,64287.0
2021011103013387,NLIC,41,49,23,2381.0,54763.0
2021011103013371,NLIC,42,57,20,2380.0,47600.0
2021011103013149,NLIC,37,35,86,2383.0,204938.0
2021011103013074,NLIC,45,35,14,2383.0,33362.0
2021011103013022,NLIC,3,36,14,2383.0,33362.0
2021011103013298,NLIC,51,49,30,2381.0,71430.0
2021011103013297,NLIC,50,49,228,2381.0,542868.0
2021011103013296,NLIC,22,49,11,2382.0,26202.0
2021011103013284,NLIC,22,44,17,2382.0,40494.0
2021011103013249,NLIC,50,5,100,2383.0,238300.0
2021011103013150,NLIC,37,5,14,2383.0,33362.0
2021011103013369,NLIC,42,21,24,2380.0,57120.0
2021011103013368,NLIC,8,21,85,2380.0,202300.0
2021011103013367,NLIC,50,49,78,2381.0,185718.0
2021011103013364,NLIC,8,56,22,2380.0,52360.0
2021011103013348,NLIC,36,49,40,2381.0,95240.0
2021011103013299,NLIC,33,49,100,2381.0,238100.0
2021011103013466,NLICL,42,7,67,1152.0,77184.0
2021011103013436,NLICL,50,44,200,1151.0,230200.0
2021011103013402,NLICL,50,52,200,1153.0,230600.0
2021011103013332,NLICL,40,52,200,1153.0,230600.0
2021011103013258,NLICL,52,13,75,1152.0,86400.0
2021011103013257,NLICL,52,17,58,1152.0,66816.0
2021011103013042,NLICL,20,42,50,1147.0,57350.0
2021011103013144,NLICL,52,29,205,1151.0,235955.0
2021011103013143,NLICL,52,16,40,1150.0,46000.0
2021011103013142,NLICL,52,50,100,1150.0,115000.0
2021011103013141,NLICL,52,57,155,1150.0,178250.0
2021011103013086,NLICL,20,57,250,1150.0,287500.0
2021011103013085,NLICL,20,19,50,1149.0,57450.0
2021011103013250,NLICL,20,17,442,1152.0,509184.0
2021011103013239,NLICL,50,52,100,1151.0,115100.0
2021011103013229,NLICL,50,42,10,1151.0,11510.0
2021011103013228,NLICL,50,58,200,1151.0,230200.0
2021011103013227,NLICL,50,29,150,1151.0,172650.0
2021011103013221,NLICL,39,29,431,1151.0,496081.0
2021011103013279,NMBHF1,19,29,"1,664",10.22,17006.08
2021011103013361,NMBMF,1,57,41,1025.0,42025.0
2021011103013285,NMFBS,6,17,15,2321.0,34815.0
2021011103013093,NMFBS,59,22,26,2320.0,60320.0
2021011103013475,NRIC,48,59,18,1546.0,27828.0
2021011103013474,NRIC,48,19,260,1546.0,401960.0
2021011103013473,NRIC,48,51,100,1546.0,154600.0
2021011103013435,NRIC,16,17,40,1545.0,61800.0
2021011103013422,NRIC,16,52,240,1545.0,370800.0
2021011103013421,NRIC,43,52,90,1546.0,139140.0
2021011103013080,NRIC,43,49,40,1545.0,61800.0
2021011103013020,NRIC,43,41,200,1545.0,309000.0
2021011103013163,NRIC,43,22,10,1545.0,15450.0
2021011103013146,NRIC,36,45,65,1550.0,100750.0
2021011103013145,NRIC,36,49,35,1550.0,54250.0
2021011103013126,NRIC,43,40,11,1545.0,16995.0
2021011103013104,NRIC,43,49,15,1545.0,23175.0
2021011103013103,NRIC,50,49,25,1546.0,38650.0
2021011103013270,NRIC,26,1,10,1550.0,15500.0
2021011103013231,NRIC,43,38,50,1545.0,77250.0
2021011103013220,NRIC,43,52,100,1545.0,154500.0
2021011103013176,NRIC,43,38,40,1545.0,61800.0
2021011103013165,NRIC,6,1,10,1550.0,15500.0
2021011103013164,NRIC,6,45,40,1550.0,62000.0
2021011103013359,NRIC,41,26,40,1546.0,61840.0
2021011103013350,NRIC,16,51,300,1545.0,463500.0
2021011103013308,NRIC,16,38,40,1545.0,61800.0
2021011103013295,NRIC,16,41,100,1545.0,154500.0
2021011103013281,NRIC,16,38,26,1545.0,40170.0
2021011103013280,NRIC,43,38,24,1545.0,37080.0
2021011103013420,NRIC,41,52,260,1546.0,401960.0
2021011103013398,NRIC,6,21,50,1550.0,77500.0
2021011103013384,NRIC,40,21,50,1550.0,77500.0
2021011103013383,NRIC,40,1,35,1550.0,54250.0
2021011103013382,NRIC,40,53,50,1549.0,77450.0
2021011103013381,NRIC,40,10,65,1549.0,100685.0
2021011103013471,NRN,52,16,10,359.0,3590.0
2021011103013463,NRN,52,3,10,359.0,3590.0
2021011103013458,NRN,38,34,10,359.0,3590.0
2021011103013432,NRN,41,48,10,359.0,3590.0
2021011103013346,NRN,41,3,10,359.0,3590.0
2021011103013287,NRN,41,6,10,359.0,3590.0
2021011103013089,NRN,35,6,39,360.0,14040.0
2021011103013055,NRN,52,38,10,358.0,3580.0
2021011103013283,NRN,41,48,10,359.0,3590.0
2021011103013219,NRN,41,38,10,359.0,3590.0
2021011103013172,NRN,41,38,10,359.0,3590.0
2021011103013115,NRN,41,48,10,359.0,3590.0
2021011103013109,NRN,41,6,10,359.0,3590.0
2021011103013090,NRN,35,6,61,360.0,21960.0
2021011103013426,NTC,39,41,135,1239.0,167265.0
2021011103013425,NTC,6,41,25,1240.0,31000.0
2021011103013424,NTC,41,41,30,1241.0,37230.0
2021011103013376,NTC,39,21,50,1239.0,61950.0
2021011103013375,NTC,17,21,50,1240.0,62000.0
2021011103013363,NTC,20,49,12,1242.0,14904.0
2021011103013011,NTC,34,43,33,1243.0,41019.0
2021011103013010,NTC,38,43,30,1245.0,37350.0
2021011103013001,NTC,51,37,230,1246.0,286580.0
2021011103013000,NTC,51,42,70,1246.0,87220.0
2021011103013017,NTC,13,43,40,1240.0,49600.0
2021011103013016,NTC,42,43,100,1240.0,124000.0
2021011103013015,NTC,38,43,100,1241.0,124100.0
2021011103013014,NTC,14,43,205,1242.0,254610.0
2021011103013013,NTC,38,43,200,1243.0,248600.0
2021011103013012,NTC,56,43,50,1243.0,62150.0
2021011103013140,NTC,49,45,330,1244.0,410520.0
2021011103013073,NTC,43,43,"6,000",1233.0,7398000.0
2021011103013040,NTC,51,45,128,1245.0,159360.0
2021011103013039,NTC,51,43,167,1240.0,207080.0
2021011103013019,NTC,19,43,40,1240.0,49600.0
2021011103013018,NTC,41,43,35,1240.0,43400.0
2021011103013478,NUBL,25,50,170,1307.0,222190.0
2021011103013477,NUBL,25,28,254,1307.0,331978.0
2021011103013232,NUBL,33,32,50,1306.0,65300.0
2021011103013098,NUBL,39,6,30,1305.0,39150.0
2021011103013097,NUBL,39,6,30,1305.0,39150.0
2021011103013096,NUBL,39,6,30,1305.0,39150.0
2021011103013095,NUBL,39,6,30,1305.0,39150.0
2021011103013094,NUBL,39,6,30,1306.0,39180.0
2021011103013309,PFL,38,57,14,188.0,2632.0
2021011103013313,PLIC,43,42,500,776.0,388000.0
2021011103013225,PLIC,44,49,100,780.0,78000.0
2021011103013107,PROFL,4,57,150,132.0,19800.0
2021011103013106,PROFL,4,21,60,132.0,7920.0
2021011103013047,PROFL,19,45,946,131.0,123926.0
2021011103013077,RLFL,17,38,25,180.0,4500.0
2021011103013061,RLFL,17,37,340,180.0,61200.0
2021011103013060,RLFL,28,37,"1,000",180.0,180000.0
2021011103013059,RLFL,34,37,500,180.0,90000.0
2021011103013058,RLFL,34,37,500,180.0,90000.0
2021011103013057,RLFL,38,37,450,180.0,81000.0
2021011103013027,RLFL,38,38,25,180.0,4500.0
2021011103013476,RLI,28,3,10,621.0,6210.0
2021011103013460,RLI,28,48,10,621.0,6210.0
2021011103013459,RLI,55,4,10,621.0,6210.0
2021011103013448,RLI,55,48,10,621.0,6210.0
2021011103013386,RLI,55,6,10,621.0,6210.0
2021011103013373,RLI,55,41,10,621.0,6210.0
2021011103013092,RLI,34,38,10,621.0,6210.0
2021011103013088,RLI,34,49,10,621.0,6210.0
2021011103013078,RLI,34,1,10,621.0,6210.0
2021011103013071,RLI,34,38,10,621.0,6210.0
2021011103013041,RLI,34,1,10,621.0,6210.0
2021011103013038,RLI,34,38,10,621.0,6210.0
2021011103013175,RLI,26,36,10,621.0,6210.0
2021011103013153,RLI,26,48,10,621.0,6210.0
2021011103013152,RLI,26,56,200,621.0,124200.0
2021011103013147,RLI,26,21,10,621.0,6210.0
2021011103013139,RLI,34,1,10,621.0,6210.0
2021011103013116,RLI,34,21,10,621.0,6210.0
2021011103013252,RLI,55,38,10,621.0,6210.0
2021011103013247,RLI,55,37,40,621.0,24840.0
2021011103013246,RLI,17,37,100,621.0,62100.0
2021011103013245,RLI,26,37,60,621.0,37260.0
2021011103013226,RLI,45,48,50,622.0,31100.0
2021011103013178,RLI,26,38,10,621.0,6210.0
2021011103013292,RLI,55,6,10,621.0,6210.0
2021011103013290,RLI,55,45,10,621.0,6210.0
2021011103013282,RLI,55,17,10,621.0,6210.0
2021011103013274,RLI,55,21,10,621.0,6210.0
2021011103013267,RLI,55,48,10,621.0,6210.0
2021011103013259,RLI,55,34,10,621.0,6210.0
2021011103013372,RLI,55,3,10,621.0,6210.0
2021011103013366,RLI,55,6,10,621.0,6210.0
2021011103013355,RLI,55,48,100,621.0,62100.0
2021011103013352,RLI,55,57,10,621.0,6210.0
2021011103013351,RLI,55,6,10,621.0,6210.0
2021011103013314,RLI,55,38,10,621.0,6210.0
2021011103013462,RMDC,14,33,11,1159.0,12749.0
2021011103013433,RMDC,47,4,20,1164.0,23280.0
2021011103013008,RMDC,10,56,50,1164.0,58200.0
2021011103013339,RSDC,34,57,50,629.0,31450.0
2021011103013305,RSDC,34,38,25,628.0,15700.0
2021011103013062,RSDC,3,3,21,627.0,13167.0
2021011103013370,SABSL,46,57,11,1109.0,12199.0
2021011103013162,SABSL,3,3,11,1117.0,12287.0
2021011103013301,SADBL,50,47,33,196.0,6468.0
2021011103013122,SADBL,42,26,248,196.0,48608.0
2021011103013121,SADBL,58,26,200,196.0,39200.0
2021011103013120,SADBL,58,26,16,196.0,3136.0
2021011103013114,SADBL,58,59,84,196.0,16464.0
2021011103013113,SADBL,44,59,416,196.0,81536.0
2021011103013079,SADBL,44,13,500,196.0,98000.0
2021011103013335,SAEF,21,6,"1,000",11.7,11700.0
2021011103013467,SAPDBL,28,19,400,156.0,62400.0
2021011103013401,SAPDBL,57,49,58,157.0,9106.0
2021011103013400,SAPDBL,57,51,10,157.0,1570.0
2021011103013399,SAPDBL,57,58,132,157.0,20724.0
2021011103013230,SAPDBL,28,1,14,156.0,2184.0
2021011103013177,SAPDBL,51,21,63,155.0,9765.0
2021011103013064,SAPDBL,28,1,186,156.0,29016.0
2021011103013063,SAPDBL,28,34,72,156.0,11232.0
2021011103013479,SDLBSL,10,38,10,1097.0,10970.0
2021011103013174,SEF,33,14,"2,500",10.65,26625.0
2021011103013155,SEF,33,14,"5,000",10.65,53250.0
2021011103013470,SFCL,8,45,150,134.0,20100.0
2021011103013438,SFCL,14,45,84,134.0,11256.0
2021011103013170,SFCL,14,45,116,134.0,15544.0
2021011103013353,SHL,38,29,100,197.0,19700.0
2021011103013105,SINDU,41,25,200,158.0,31600.0
2021011103013472,SKBBL,51,40,10,1464.0,14640.0
2021011103013087,SKBBL,51,53,30,1464.0,43920.0
2021011103013081,SKBBL,38,22,490,1465.0,717850.0
2021011103013157,SLBBL,52,52,86,1152.0,99072.0
2021011103013156,SLBBL,22,52,100,1152.0,115200.0
2021011103013453,SLICL,6,51,355,720.0,255600.0
2021011103013452,SLICL,6,33,20,720.0,14400.0
2021011103013451,SLICL,6,59,225,720.0,162000.0
2021011103013450,SLICL,6,32,200,720.0,144000.0
2021011103013449,SLICL,6,32,200,720.0,144000.0
2021011103013431,SLICL,4,35,100,719.0,71900.0
2021011103013377,SLICL,26,50,100,720.0,72000.0
2021011103013255,SLICL,4,26,300,719.0,215700.0
2021011103013254,SLICL,4,51,87,718.0,62466.0
2021011103013253,SLICL,4,52,329,718.0,236222.0
2021011103013112,SLICL,41,22,149,717.0,106833.0
2021011103013111,SLICL,41,43,100,717.0,71700.0
2021011103013469,SMFBS,47,45,12,1488.0,17856.0
2021011103013277,SMFDB,22,45,188,1026.0,192888.0
2021011103013276,SMFDB,45,45,10,1030.0,10300.0
2021011103013023,SMFDB,22,16,12,1026.0,12312.0
2021011103013238,STC,39,57,10,6940.0,69400.0
2021011103013237,STC,39,52,10,6940.0,69400.0
2021011103013236,STC,39,7,20,6938.0,138760.0
2021011103013447,SWBBL,5,53,26,1678.0,43628.0
2021011103013446,SWBBL,5,50,493,1677.0,826761.0
2021011103013445,SWBBL,5,21,181,1676.0,303356.0
2021011103012999,UFL,53,28,35,293.0,10255.0
2021011103012998,UFL,51,28,300,293.0,87900.0
2021011103012997,UFL,56,28,300,293.0,87900.0
2021011103012996,UFL,43,28,"1,660",293.0,486380.0
2021011103012995,UFL,45,28,"10,100",293.0,2959300.0
2021011103012994,UFL,45,28,"5,000",293.0,1465000.0
2021011103012987,UFL,1,28,"10,000",293.0,2930000.0
2021011103012986,UFL,8,28,100,293.0,29300.0
2021011103012985,UFL,39,28,"1,000",293.0,293000.0
2021011103012993,UFL,22,28,100,293.0,29300.0
2021011103012992,UFL,58,28,500,293.0,146500.0
2021011103012991,UFL,26,28,500,293.0,146500.0
2021011103012990,UFL,26,28,500,293.0,146500.0
2021011103012989,UFL,26,28,500,293.0,146500.0
2021011103012988,UFL,26,28,500,293.0,146500.0
2021011103013307,USLB,32,38,22,1391.0,30602.0
2021011103013468,VLBS,17,17,80,1094.0,87520.0
2021011103013441,VLBS,17,40,13,1094.0,14222.0
2021011103013173,VLBS,51,44,13,1093.0,14209.0
2021011103013166,VLBS,51,40,13,1093.0,14209.0
2021011103012982,ALBSL,59,17,11,1225.0,13475.0
2021011103012896,ALBSL,59,38,11,1225.0,13475.0
2021011103012808,ALBSL,46,25,10,1230.0,12300.0
2021011103012763,ALBSL,3,3,11,1226.0,13486.0
2021011103012762,ALBSL,3,3,11,1226.0,13486.0
2021011103012727,ALBSL,39,25,11,1230.0,13530.0
2021011103012627,ALBSL,22,11,150,1229.0,184350.0
2021011103012951,ALICL,43,22,110,974.0,107140.0
2021011103012575,ALICL,4,22,90,974.0,87660.0
2021011103012574,ALICL,4,38,500,973.0,486500.0
2021011103012573,ALICL,4,25,400,972.0,388800.0
2021011103012572,ALICL,4,43,10,970.0,9700.0
2021011103012662,BFC,10,22,18,137.0,2466.0
2021011103012631,BFC,10,45,78,137.0,10686.0
2021011103012630,BFC,41,45,10,138.0,1380.0
2021011103012629,BFC,38,45,14,138.0,1932.0
2021011103012876,CBBL,16,26,500,1227.0,613500.0
2021011103012735,CBBL,50,38,50,1230.0,61500.0
2021011103012579,CBBL,34,22,69,1228.0,84732.0
2021011103012519,CBBL,58,22,300,1228.0,368400.0
2021011103012515,CBBL,58,22,631,1228.0,774868.0
2021011103012514,CBBL,58,45,300,1228.0,368400.0
2021011103012513,CBBL,58,36,69,1227.0,84663.0
2021011103012682,CIT,38,40,115,3455.0,397325.0
2021011103012602,CIT,49,40,10,3455.0,34550.0
2021011103012589,CLBSL,33,14,13,897.0,11661.0
2021011103012954,DDBL,11,48,30,1461.0,43830.0
2021011103012953,DDBL,10,48,20,1461.0,29220.0
2021011103012894,DDBL,49,56,300,1460.0,438000.0
2021011103012893,DDBL,49,45,52,1460.0,75920.0
2021011103012818,DDBL,11,45,21,1460.0,30660.0
2021011103012817,DDBL,11,56,250,1460.0,365000.0
2021011103012816,DDBL,11,22,100,1460.0,146000.0
2021011103012815,DDBL,11,26,29,1460.0,42340.0
2021011103012765,DDBL,17,45,11,1459.0,16049.0
2021011103012891,EDBL,56,19,500,364.0,182000.0
2021011103012807,EDBL,14,19,90,364.0,32760.0
2021011103012764,EDBL,14,36,110,364.0,40040.0
2021011103012726,EDBL,47,36,110,364.0,40040.0
2021011103012924,FMDBL,40,57,140,614.0,85960.0
2021011103012923,FMDBL,40,19,322,614.0,197708.0
2021011103012922,FMDBL,40,57,231,614.0,141834.0
2021011103012906,FMDBL,40,57,390,614.0,239460.0
2021011103012905,FMDBL,40,42,10,613.0,6130.0
2021011103012904,FMDBL,40,19,100,612.0,61200.0
2021011103012902,FOWAD,51,10,14,2283.0,31962.0
2021011103012901,FOWAD,11,10,20,2283.0,45660.0
2021011103012900,FOWAD,22,10,30,2283.0,68490.0
2021011103012820,FOWAD,37,52,20,2284.0,45680.0
2021011103012819,FOWAD,14,52,100,2284.0,228400.0
2021011103012720,FOWAD,1,3,25,2289.0,57225.0
2021011103012569,FOWAD,28,54,18,2283.0,41094.0
2021011103012568,FOWAD,26,54,34,2283.0,77622.0
2021011103012567,FOWAD,58,54,10,2285.0,22850.0
2021011103012971,GBBL,1,47,49,325.0,15925.0
2021011103012970,GBBL,1,34,151,325.0,49075.0
2021011103012942,GBBL,55,39,"1,800",324.0,583200.0
2021011103012888,GBBL,14,39,65,323.0,20995.0
2021011103012887,GBBL,38,39,100,323.0,32300.0
2021011103012886,GBBL,40,39,265,323.0,85595.0
2021011103012545,GBBL,28,42,74,325.0,24050.0
2021011103012499,GBBL,28,45,300,325.0,97500.0
2021011103012493,GBBL,45,58,23,326.0,7498.0
2021011103012492,GBBL,45,58,49,326.0,15974.0
2021011103012491,GBBL,45,41,18,326.0,5868.0
2021011103012609,GBBL,57,40,100,324.0,32400.0
2021011103012560,GBBL,57,39,443,324.0,143532.0
2021011103012559,GBBL,49,39,100,324.0,32400.0
2021011103012558,GBBL,4,39,457,325.0,148525.0
2021011103012547,GBBL,4,42,43,325.0,13975.0
2021011103012546,GBBL,1,42,500,325.0,162500.0
2021011103012754,GBBL,6,39,20,323.0,6460.0
2021011103012753,GBBL,14,39,140,323.0,45220.0
2021011103012745,GBBL,26,34,100,325.0,32500.0
2021011103012742,GBBL,14,44,60,323.0,19380.0
2021011103012741,GBBL,35,44,440,323.0,142120.0
2021011103012733,GBBL,35,39,310,323.0,100130.0
2021011103012859,GBBL,40,39,240,323.0,77520.0
2021011103012813,GBBL,40,39,400,323.0,129200.0
2021011103012793,GBBL,40,39,460,323.0,148580.0
2021011103012780,GBBL,40,55,135,323.0,43605.0
2021011103012779,GBBL,6,55,305,323.0,98515.0
2021011103012776,GBBL,6,39,210,323.0,67830.0
2021011103012862,GBLBS,56,38,15,599.0,8985.0
2021011103012827,GFCL,36,22,200,202.0,40400.0
2021011103012777,GFCL,59,13,200,203.0,40600.0
2021011103012648,GLBSL,1,32,10,910.0,9100.0
2021011103012969,GLICL,6,56,500,630.0,315000.0
2021011103012950,GLICL,16,50,49,633.0,31017.0
2021011103012949,GLICL,16,26,20,632.0,12640.0
2021011103012948,GLICL,16,7,26,632.0,16432.0
2021011103012947,GLICL,16,51,55,632.0,34760.0
2021011103012946,GLICL,16,5,470,631.0,296570.0
2021011103012506,GLICL,32,46,500,627.0,313500.0
2021011103012505,GLICL,59,46,"1,658",628.0,1041224.0
2021011103012504,GLICL,32,46,500,629.0,314500.0
2021011103012503,GLICL,5,46,100,629.0,62900.0
2021011103012502,GLICL,44,46,200,630.0,126000.0
2021011103012501,GLICL,43,46,11,630.0,6930.0
2021011103012945,GLICL,16,22,200,631.0,126200.0
2021011103012738,GLICL,26,1,53,630.0,33390.0
2021011103012675,GLICL,14,46,430,626.0,269180.0
2021011103012667,GLICL,47,46,60,626.0,37560.0
2021011103012659,GLICL,5,46,100,626.0,62600.0
2021011103012507,GLICL,10,46,300,626.0,187800.0
2021011103012489,GMFBS,28,47,10,1156.0,11560.0
2021011103012600,GRDBL,49,42,50,157.0,7850.0
2021011103012563,GRDBL,49,40,50,157.0,7850.0
2021011103012976,GUFL,56,44,80,233.0,18640.0
2021011103012975,GUFL,56,44,420,233.0,97860.0
2021011103012705,GUFL,10,44,580,233.0,135140.0
2021011103012704,GUFL,10,45,100,233.0,23300.0
2021011103012703,GUFL,10,44,320,233.0,74560.0
2021011103012625,GUFL,38,42,495,232.0,114840.0
2021011103012497,GUFL,26,44,500,233.0,116500.0
2021011103012858,HIDCL,17,38,332,266.0,88312.0
2021011103012857,HIDCL,55,38,668,266.0,177688.0
2021011103012814,HIDCL,49,49,10,268.0,2680.0
2021011103012752,HIDCL,49,49,20,267.0,5340.0
2021011103012645,HIDCL,55,5,61,266.0,16226.0
2021011103012624,HIDCL,53,49,130,267.0,34710.0
2021011103012623,HIDCL,49,49,250,267.0,66750.0
2021011103012782,ICFC,38,49,21,268.0,5628.0
2021011103012744,ICFC,38,20,500,268.0,134000.0
2021011103012696,ICFC,38,50,500,268.0,134000.0
2021011103012599,ICFC,38,22,37,268.0,9916.0
2021011103012911,ILBS,39,38,11,1153.0,12683.0
2021011103012842,ILBS,46,48,10,1160.0,11600.0
2021011103012596,ILBS,39,26,10,1153.0,11530.0
2021011103012570,ILBS,39,14,11,1153.0,12683.0
2021011103012508,ILBS,39,58,11,1153.0,12683.0
2021011103012972,JBBL,33,48,50,239.0,11950.0
2021011103012939,JBBL,33,47,58,239.0,13862.0
2021011103012938,JBBL,44,47,12,239.0,2868.0
2021011103012899,JBBL,42,41,100,240.0,24000.0
2021011103012789,JBBL,44,54,225,239.0,53775.0
2021011103012788,JBBL,44,47,200,239.0,47800.0
2021011103012663,JBBL,3,22,40,238.0,9520.0
2021011103012651,JBBL,3,51,105,238.0,24990.0
2021011103012633,JBBL,47,3,10,239.0,2390.0
2021011103012632,JBBL,47,13,50,239.0,11950.0
2021011103012787,JBBL,44,28,312,239.0,74568.0
2021011103012786,JBBL,44,42,69,239.0,16491.0
2021011103012785,JBBL,44,28,"2,000",239.0,478000.0
2021011103012784,JBBL,44,11,"1,000",239.0,239000.0
2021011103012783,JBBL,44,3,478,239.0,114242.0
2021011103012761,JBBL,45,3,12,239.0,2868.0
2021011103012683,KRBL,52,42,217,141.0,30597.0
2021011103012618,KRBL,52,16,124,141.0,17484.0
2021011103012823,KSBBL,7,36,500,238.0,119000.0
2021011103012700,KSBBL,38,22,218,237.0,51666.0
2021011103012671,KSBBL,41,36,200,238.0,47600.0
2021011103012613,KSBBL,42,36,200,238.0,47600.0
2021011103012612,KSBBL,42,52,800,238.0,190400.0
2021011103012934,LBBL,47,44,"9,712",225.0,2185200.0
2021011103012933,LBBL,58,44,220,225.0,49500.0
2021011103012932,LBBL,53,44,100,225.0,22500.0
2021011103012931,LBBL,44,44,78,225.0,17550.0
2021011103012930,LBBL,14,44,200,226.0,45200.0
2021011103012929,LBBL,42,44,100,226.0,22600.0
2021011103012594,LBBL,33,55,500,227.0,113500.0
