Transact. No.,Symbol,Buyer,Seller,Quantity,Rate,Amount
2021011203016644,ALICL,18,38,200,1021.0,204200.0
2021011203016377,ALICL,56,38,10,1021.0,10210.0
2021011203016369,ALICL,55,38,100,1021.0,102100.0
2021011203016296,ALICL,34,16,64,1023.0,65472.0
2021011203016295,ALICL,34,29,10,1023.0,10230.0
2021011203016294,ALICL,34,51,26,1023.0,26598.0
2021011203016273,ALICL,34,51,50,1023.0,51150.0
2021011203016272,ALICL,34,44,100,1022.0,102200.0
2021011203016271,ALICL,34,43,50,1022.0,51100.0
2021011203016233,ALICL,34,43,200,1022.0,204400.0
2021011203016229,ALICL,21,17,10,1020.0,10200.0
2021011203016535,BFC,57,42,200,143.0,28600.0
2021011203016367,BFC,21,42,40,143.0,5720.0
2021011203016262,CBBL,49,6,15,1234.0,18510.0
2021011203016241,CBBL,35,6,530,1232.0,652960.0
2021011203016240,CBBL,56,6,200,1232.0,246400.0
2021011203016239,CBBL,39,6,100,1233.0,123300.0
2021011203016199,CBBL,52,50,50,1237.0,61850.0
2021011203016646,CIT,26,41,10,3441.0,34410.0
2021011203016606,CIT,8,41,10,3441.0,34410.0
2021011203016370,CIT,58,41,29,3436.0,99644.0
2021011203016365,CIT,41,41,100,3441.0,344100.0
2021011203016301,CIT,41,41,10,3437.0,34370.0
2021011203016300,CIT,26,41,27,3441.0,92907.0
2021011203016299,CIT,26,55,23,3441.0,79143.0
2021011203016276,CMF2,43,57,100,10.2,1020.0
2021011203016196,CORBL,34,33,10,310.0,3100.0
2021011203016612,DDBL,50,13,10,1475.0,14750.0
2021011203016366,DDBL,45,33,68,1474.0,100232.0
2021011203016298,DDBL,50,33,82,1474.0,120868.0
2021011203016285,DDBL,50,44,18,1474.0,26532.0
2021011203016284,DDBL,40,44,82,1474.0,120868.0
2021011203016211,DDBL,6,13,37,1475.0,54575.0
2021011203016210,DDBL,6,50,50,1475.0,73750.0
2021011203016209,DDBL,6,22,25,1475.0,36875.0
2021011203016208,DDBL,6,45,62,1475.0,91450.0
2021011203016207,DDBL,6,45,26,1475.0,38350.0
2021011203016327,EDBL,16,43,50,369.0,18450.0
2021011203016326,EDBL,16,10,160,369.0,59040.0
2021011203016562,FMDBL,25,57,30,632.0,18960.0
2021011203016382,FOWAD,44,42,50,2288.0,114400.0
2021011203016381,FOWAD,26,42,20,2288.0,45760.0
2021011203016575,GBBL,45,4,365,325.0,118625.0
2021011203016520,GBLBS,33,19,100,619.0,61900.0
2021011203016519,GBLBS,25,19,100,619.0,61900.0
2021011203016518,GBLBS,3,19,85,619.0,52615.0
2021011203016460,GBLBS,17,45,285,620.0,176700.0
2021011203016459,GBLBS,17,34,15,620.0,9300.0
2021011203016174,GBLBS,3,42,15,618.0,9270.0
2021011203016557,GFCL,39,11,10,207.0,2070.0
2021011203016397,GFCL,51,25,50,206.0,10300.0
2021011203016396,GFCL,51,25,50,206.0,10300.0
2021011203016384,GFCL,51,21,700,206.0,144200.0
2021011203016483,GILB,38,37,30,1439.0,43170.0
2021011203016604,GLICL,50,1,400,647.0,258800.0
2021011203016570,GLICL,50,6,500,647.0,323500.0
2021011203016541,GLICL,50,57,200,647.0,129400.0
2021011203016522,GLICL,50,43,31,647.0,20057.0
2021011203016521,GLICL,49,48,25,648.0,16200.0
2021011203016476,GLICL,56,48,50,648.0,32400.0
2021011203016448,GLICL,28,48,100,648.0,64800.0
2021011203016440,GLICL,50,6,120,647.0,77640.0
2021011203016439,GLICL,21,6,130,647.0,84110.0
2021011203016393,GLICL,21,32,21,647.0,13587.0
2021011203016282,GLICL,21,34,100,647.0,64700.0
2021011203016527,GRDBL,48,34,60,158.0,9480.0
2021011203016526,GRDBL,48,21,20,158.0,3160.0
2021011203016481,GRDBL,3,3,45,157.0,7065.0
2021011203016480,GRDBL,58,3,250,157.0,39250.0
2021011203016479,GRDBL,53,3,105,157.0,16485.0
2021011203016238,GRDBL,53,36,805,157.0,126385.0
2021011203016550,GUFL,28,44,461,253.0,116633.0
2021011203016549,GUFL,28,57,39,253.0,9867.0
2021011203016415,GUFL,39,57,10,253.0,2530.0
2021011203016386,GUFL,49,13,27,252.0,6804.0
2021011203016385,GUFL,57,13,73,252.0,18396.0
2021011203016279,GUFL,57,41,427,252.0,107604.0
2021011203016173,GUFL,8,41,250,252.0,63000.0
2021011203016278,GUFL,8,41,73,252.0,18396.0
2021011203016232,GUFL,29,57,301,253.0,76153.0
2021011203016231,GUFL,29,59,100,253.0,25300.0
2021011203016230,GUFL,29,58,599,253.0,151547.0
2021011203016221,GUFL,39,58,10,253.0,2530.0
2021011203016198,GUFL,21,58,100,253.0,25300.0
2021011203016594,HIDCL,6,46,500,275.0,137500.0
2021011203016593,HIDCL,6,56,11,275.0,3025.0
2021011203016592,HIDCL,6,53,500,275.0,137500.0
2021011203016591,HIDCL,6,56,500,275.0,137500.0
2021011203016590,HIDCL,6,22,20,275.0,5500.0
2021011203016589,HIDCL,6,4,200,275.0,55000.0
2021011203016395,HIDCL,34,16,"1,000",274.0,274000.0
2021011203016348,HIDCL,54,16,85,274.0,23290.0
2021011203016197,HIDCL,34,16,"1,000",274.0,274000.0
2021011203016588,HIDCL,6,3,159,275.0,43725.0
2021011203016587,HIDCL,6,58,11,275.0,3025.0
2021011203016531,HIDCL,35,21,100,274.0,27400.0
2021011203016530,HIDCL,35,46,40,274.0,10960.0
2021011203016529,HIDCL,35,16,334,274.0,91516.0
2021011203016437,HIDCL,51,16,500,274.0,137000.0
2021011203016576,ICFC,43,49,100,270.0,27000.0
2021011203016291,ICFC,50,25,190,269.0,51110.0
2021011203016290,ICFC,22,25,321,269.0,86349.0
2021011203016205,ICFC,14,49,45,270.0,12150.0
2021011203016583,ILBS,13,14,100,1165.0,116500.0
2021011203016582,ILBS,41,14,100,1165.0,116500.0
2021011203016581,ILBS,18,14,200,1165.0,233000.0
2021011203016580,ILBS,56,14,28,1165.0,32620.0
2021011203016579,ILBS,13,14,250,1166.0,291500.0
2021011203016645,JBBL,40,35,100,241.0,24100.0
2021011203016613,JBBL,42,46,"1,000",242.0,242000.0
2021011203016586,JBBL,40,14,330,241.0,79530.0
2021011203016585,JBBL,52,14,670,241.0,161470.0
2021011203016578,JBBL,34,46,100,242.0,24200.0
2021011203016567,JBBL,52,44,330,241.0,79530.0
2021011203016202,JBBL,6,19,60,241.0,14460.0
2021011203016201,JBBL,6,51,620,241.0,149420.0
2021011203016200,JBBL,6,8,320,241.0,77120.0
2021011203016180,JBBL,52,8,10,241.0,2410.0
2021011203016334,JBBL,46,19,"2,430",241.0,585630.0
2021011203016313,JBBL,35,19,10,241.0,2410.0
2021011203016288,JBBL,43,19,500,241.0,120500.0
2021011203016237,JBBL,47,57,38,240.0,9120.0
2021011203016236,JBBL,21,57,200,240.0,48000.0
2021011203016235,JBBL,22,57,262,240.0,62880.0
2021011203016545,JBBL,46,34,10,241.0,2410.0
2021011203016444,JBBL,59,46,200,242.0,48400.0
2021011203016338,JBBL,46,55,500,241.0,120500.0
2021011203016337,JBBL,46,39,700,241.0,168700.0
2021011203016336,JBBL,46,33,160,241.0,38560.0
2021011203016335,JBBL,46,45,"2,000",241.0,482000.0
2021011203016566,JBBL,11,44,10,241.0,2410.0
2021011203016565,JBBL,28,44,160,241.0,38560.0
2021011203016564,JBBL,29,44,500,241.0,120500.0
2021011203016563,JBBL,44,44,"1,000",241.0,241000.0
2021011203016553,JBBL,34,46,50,242.0,12100.0
2021011203016546,JBBL,28,34,40,241.0,9640.0
2021011203016443,JSLBB,43,5,60,2220.0,133200.0
2021011203016394,JSLBB,38,45,10,2235.0,22350.0
2021011203016245,JSLBB,43,17,40,2220.0,88800.0
2021011203016572,KLBSL,16,52,22,1175.0,25850.0
2021011203016547,KLBSL,16,25,20,1180.0,23600.0
2021011203016548,KMCDB,39,47,10,967.0,9670.0
2021011203016333,KRBL,59,34,100,144.0,14400.0
2021011203016226,KSBBL,47,28,84,237.0,19908.0
2021011203016350,LBBL,28,5,19,227.0,4313.0
2021011203016349,LBBL,45,5,181,227.0,41087.0
2021011203016630,LICN,47,22,10,2135.0,21350.0
2021011203016628,LICN,45,22,200,2135.0,427000.0
2021011203016597,LICN,25,22,10,2135.0,21350.0
2021011203016584,LICN,55,22,200,2135.0,427000.0
2021011203016552,LICN,36,37,50,2132.0,106600.0
2021011203016551,LICN,21,37,10,2132.0,21320.0
2021011203016368,LICN,45,1,100,2132.0,213200.0
2021011203016172,LICN,21,22,72,2135.0,153720.0
2021011203016171,LICN,21,1,78,2135.0,166530.0
2021011203016170,LICN,21,10,40,2135.0,85400.0
2021011203016169,LICN,21,35,50,2134.0,106700.0
2021011203016344,LLBS,50,21,20,1400.0,28000.0
2021011203016343,LLBS,50,43,119,1400.0,166600.0
2021011203016342,LLBS,50,18,126,1395.0,175770.0
2021011203016341,LLBS,50,17,200,1395.0,279000.0
2021011203016340,LLBS,50,58,13,1390.0,18070.0
2021011203016339,LLBS,50,19,20,1390.0,27800.0
2021011203016438,MDB,7,48,100,342.0,34200.0
2021011203016346,MDB,7,25,100,342.0,34200.0
2021011203016345,MDB,7,34,120,342.0,41040.0
2021011203016601,MERO,34,56,10,1030.0,10300.0
2021011203016281,MERO,41,19,20,1020.0,20400.0
2021011203016280,MERO,42,19,200,1020.0,204000.0
2021011203016175,MERO,42,7,42,1020.0,42840.0
2021011203016571,MFIL,53,34,166,334.0,55444.0
2021011203016261,MLBBL,55,38,199,1301.0,258899.0
2021011203016648,MLBL,36,45,10,274.0,2740.0
2021011203016647,MLBL,57,45,190,274.0,52060.0
2021011203016544,MLBL,57,7,500,274.0,137000.0
2021011203016359,MLBL,57,21,50,274.0,13700.0
2021011203016603,MMFDB,42,17,200,1421.0,284200.0
2021011203016179,MMFDB,34,1,32,1449.0,46368.0
2021011203016178,MMFDB,34,46,248,1421.0,352408.0
2021011203016177,MMFDB,34,21,100,1421.0,142100.0
2021011203016176,MMFDB,34,3,20,1421.0,28420.0
2021011203016574,MNBBL,25,33,100,374.0,37400.0
2021011203016528,MNBBL,38,8,50,373.0,18650.0
2021011203016466,MNBBL,38,40,117,373.0,43641.0
2021011203016465,MNBBL,57,40,50,373.0,18650.0
2021011203016464,MNBBL,59,40,100,373.0,37300.0
2021011203016463,MNBBL,16,40,100,373.0,37300.0
2021011203016462,MNBBL,6,40,633,373.0,236109.0
2021011203016461,MNBBL,6,29,260,373.0,96980.0
2021011203016436,MNBBL,57,33,25,374.0,9350.0
2021011203016212,MNBBL,6,34,260,373.0,96980.0
2021011203016458,MSLB,14,40,16,1670.0,26720.0
2021011203016457,MSLB,45,40,10,1671.0,16710.0
2021011203016610,NABBC,41,42,20,829.0,16580.0
2021011203016602,NABBC,34,42,100,829.0,82900.0
2021011203016536,NABBC,43,42,30,829.0,24870.0
2021011203016268,NABBC,41,13,15,829.0,12435.0
2021011203016267,NABBC,41,59,15,829.0,12435.0
2021011203016308,NBF2,43,10,"2,300",10.15,23345.0
2021011203016307,NBF2,43,58,100,10.09,1009.0
2021011203016306,NBF2,43,47,200,10.05,2010.0
2021011203016305,NBF2,43,47,100,10.05,1005.0
2021011203016304,NBF2,43,39,500,10.05,5025.0
2021011203016303,NBF2,43,11,"1,000",10.05,10050.0
2021011203016302,NBF2,43,37,800,10.05,8040.0
2021011203016376,NFS,34,44,88,245.0,21560.0
2021011203016375,NFS,32,44,592,245.0,145040.0
2021011203016374,NFS,32,44,80,246.0,19680.0
2021011203016373,NFS,32,44,80,246.0,19680.0
2021011203016372,NFS,32,44,80,246.0,19680.0
2021011203016371,NFS,32,44,80,246.0,19680.0
2021011203016410,NIBLPF,21,14,"2,000",10.76,21520.0
2021011203016325,NIBLPF,21,14,"2,000",10.76,21520.0
2021011203016203,NIBLPF,21,14,"2,000",10.76,21520.0
2021011203016475,NICBF,39,58,400,10.3,4120.0
2021011203016596,NLBBL,50,49,865,1176.0,1017240.0
2021011203016265,NLBBL,3,41,426,1175.0,500550.0
2021011203016627,NLIC,33,17,120,2414.0,289680.0
2021011203016435,NLIC,52,6,476,2420.0,1151920.0
2021011203016434,NLIC,52,55,10,2420.0,24200.0
2021011203016433,NLIC,52,52,190,2420.0,459800.0
2021011203016432,NLIC,52,53,10,2420.0,24200.0
2021011203016431,NLIC,52,42,52,2420.0,125840.0
2021011203016362,NLIC,6,34,22,2416.0,53152.0
2021011203016314,NLIC,6,17,12,2416.0,28992.0
2021011203016286,NLIC,6,42,22,2416.0,53152.0
2021011203016244,NLIC,6,35,260,2416.0,628160.0
2021011203016243,NLIC,40,35,10,2416.0,24160.0
2021011203016242,NLIC,19,35,230,2416.0,555680.0
2021011203016418,NLIC,52,37,"1,000",2416.0,2416000.0
2021011203016417,NLIC,52,21,22,2415.0,53130.0
2021011203016390,NLIC,33,52,45,2414.0,108630.0
2021011203016389,NLIC,28,52,10,2414.0,24140.0
2021011203016388,NLIC,43,52,21,2414.0,50694.0
2021011203016387,NLIC,6,52,24,2416.0,57984.0
2021011203016424,NLIC,52,38,50,2417.0,120850.0
2021011203016423,NLIC,52,37,50,2417.0,120850.0
2021011203016422,NLIC,52,28,26,2417.0,62842.0
2021011203016421,NLIC,52,38,22,2417.0,53174.0
2021011203016420,NLIC,52,34,100,2417.0,241700.0
2021011203016419,NLIC,52,45,10,2416.0,24160.0
2021011203016430,NLIC,52,50,10,2420.0,24200.0
2021011203016429,NLIC,52,25,22,2420.0,53240.0
2021011203016428,NLIC,52,46,100,2419.0,241900.0
2021011203016427,NLIC,52,39,50,2419.0,120950.0
2021011203016426,NLIC,52,5,200,2418.0,483600.0
2021011203016425,NLIC,52,58,300,2418.0,725400.0
2021011203016626,NLICL,4,39,230,1180.0,271400.0
2021011203016607,NLICL,56,39,65,1180.0,76700.0
2021011203016605,NLICL,50,39,300,1180.0,354000.0
2021011203016223,NLICL,52,39,300,1180.0,354000.0
2021011203016573,NMBMF,28,32,60,1042.0,62520.0
2021011203016414,NMBMF,28,10,690,1042.0,718980.0
2021011203016413,NMBMF,25,10,30,1042.0,31260.0
2021011203016412,NMBMF,50,10,280,1042.0,291760.0
2021011203016332,NMBMF,50,55,20,1042.0,20840.0
2021011203016598,NMFBS,33,21,10,2374.0,23740.0
2021011203016254,NMFBS,39,21,26,2375.0,61750.0
2021011203016650,NRIC,34,14,30,1535.0,46050.0
2021011203016649,NRIC,25,14,10,1536.0,15360.0
2021011203016616,NRIC,55,53,40,1538.0,61520.0
2021011203016615,NRIC,55,50,50,1538.0,76900.0
2021011203016614,NRIC,55,52,10,1538.0,15380.0
2021011203016561,NRIC,34,14,45,1535.0,69075.0
2021011203016264,NRIC,25,46,10,1537.0,15370.0
2021011203016263,NRIC,25,46,10,1537.0,15370.0
2021011203016222,NRIC,57,46,20,1537.0,30740.0
2021011203016206,NRIC,21,46,30,1537.0,46110.0
2021011203016322,NRIC,45,32,75,1536.0,115200.0
2021011203016321,NRIC,45,32,500,1536.0,768000.0
2021011203016320,NRIC,34,32,150,1536.0,230400.0
2021011203016319,NRIC,50,32,100,1536.0,153600.0
2021011203016318,NRIC,36,32,50,1536.0,76800.0
2021011203016317,NRIC,39,32,30,1536.0,46080.0
2021011203016445,NRIC,25,35,100,1537.0,153700.0
2021011203016330,NRIC,52,52,10,1538.0,15380.0
2021011203016329,NRIC,52,28,110,1538.0,169180.0
2021011203016328,NRIC,52,46,380,1537.0,584060.0
2021011203016324,NRIC,8,32,20,1535.0,30700.0
2021011203016323,NRIC,1,32,75,1535.0,115125.0
2021011203016502,NRIC,26,48,60,1535.0,92100.0
2021011203016501,NRIC,8,48,682,1535.0,1046870.0
2021011203016500,NRIC,41,48,462,1536.0,709632.0
2021011203016494,NRIC,41,32,38,1536.0,58368.0
2021011203016482,NRIC,53,32,22,1536.0,33792.0
2021011203016447,NRIC,51,32,10,1537.0,15370.0
2021011203016508,NRIC,43,48,30,1535.0,46050.0
2021011203016507,NRIC,43,48,30,1535.0,46050.0
2021011203016506,NRIC,43,48,30,1535.0,46050.0
2021011203016505,NRIC,43,48,30,1535.0,46050.0
2021011203016504,NRIC,59,48,100,1535.0,153500.0
2021011203016503,NRIC,57,48,50,1535.0,76750.0
2021011203016514,NRIC,29,48,50,1535.0,76750.0
2021011203016513,NRIC,45,48,200,1535.0,307000.0
2021011203016512,NRIC,26,48,100,1535.0,153500.0
2021011203016511,NRIC,21,48,100,1535.0,153500.0
2021011203016510,NRIC,16,48,80,1535.0,122800.0
2021011203016509,NRIC,43,48,30,1535.0,46050.0
2021011203016560,NRIC,39,14,35,1535.0,53725.0
2021011203016559,NRIC,17,14,25,1535.0,38375.0
2021011203016558,NRIC,4,14,75,1536.0,115200.0
2021011203016517,NRIC,17,48,275,1535.0,422125.0
2021011203016516,NRIC,18,48,100,1535.0,153500.0
2021011203016515,NRIC,39,48,91,1535.0,139685.0
2021011203016608,NRN,6,21,10,357.0,3570.0
2021011203016534,NRN,6,43,10,357.0,3570.0
2021011203016498,NRN,6,41,50,357.0,17850.0
2021011203016497,NRN,32,41,100,357.0,35700.0
2021011203016496,NRN,41,41,100,357.0,35700.0
2021011203016495,NRN,43,41,40,357.0,14280.0
2021011203016540,NTC,57,28,50,1253.0,62650.0
2021011203016539,NTC,50,28,100,1253.0,125300.0
2021011203016538,NTC,35,28,10,1253.0,12530.0
2021011203016537,NTC,45,28,55,1253.0,68915.0
2021011203016532,NTC,56,37,50,1255.0,62750.0
2021011203016499,NTC,35,37,100,1255.0,125500.0
2021011203016274,NTC,42,59,15,1254.0,18810.0
2021011203016468,NTC,8,3,100,1254.0,125400.0
2021011203016467,NTC,21,3,15,1254.0,18810.0
2021011203016454,NTC,26,37,50,1255.0,62750.0
2021011203016383,NTC,1,37,100,1255.0,125500.0
2021011203016378,NTC,54,37,200,1255.0,251000.0
2021011203016275,NTC,21,59,35,1254.0,43890.0
2021011203016474,NTC,45,3,145,1253.0,181685.0
2021011203016473,NTC,57,3,10,1253.0,12530.0
2021011203016472,NTC,13,3,100,1253.0,125300.0
2021011203016471,NTC,38,3,10,1253.0,12530.0
2021011203016470,NTC,22,3,20,1253.0,25060.0
2021011203016469,NTC,48,3,100,1254.0,125400.0
2021011203016625,NUBL,49,38,600,1340.0,804000.0
2021011203016624,NUBL,49,50,460,1340.0,616400.0
2021011203016623,NUBL,49,52,50,1340.0,67000.0
2021011203016622,NUBL,49,6,"2,000",1340.0,2680000.0
2021011203016621,NUBL,49,38,25,1340.0,33500.0
2021011203016620,NUBL,49,50,180,1339.0,241020.0
2021011203016401,NUBL,48,6,100,1330.0,133000.0
2021011203016400,NUBL,35,6,11,1330.0,14630.0
2021011203016399,NUBL,38,6,15,1331.0,19965.0
2021011203016619,NUBL,49,49,40,1339.0,53560.0
2021011203016618,NUBL,49,51,80,1338.0,107040.0
2021011203016617,NUBL,49,32,83,1335.0,110805.0
2021011203016404,NUBL,49,6,344,1325.0,455800.0
2021011203016403,NUBL,58,6,30,1325.0,39750.0
2021011203016402,NUBL,34,6,500,1326.0,663000.0
2021011203016629,PFL,13,50,10,198.0,1980.0
2021011203016453,PFL,52,40,24,197.0,4728.0
2021011204000017,PLI,48,51,10,247.0,2470.0
2021011204000016,PLI,48,10,10,247.0,2470.0
2021011204000015,PLI,48,57,10,247.0,2470.0
2021011204000014,PLI,48,48,10,247.0,2470.0
2021011204000013,PLI,48,57,10,247.0,2470.0
2021011204000012,PLI,48,17,10,247.0,2470.0
2021011204000005,PLI,48,50,10,245.0,2450.0
2021011204000004,PLI,35,42,10,241.0,2410.0
2021011204000003,PLI,35,41,10,237.0,2370.0
2021011204000002,PLI,48,4,10,233.0,2330.0
2021011204000001,PLI,35,17,10,229.0,2290.0
2021011204000011,PLI,17,48,5,245.0,1225.0
2021011204000010,PLI,48,37,10,247.0,2470.0
2021011204000009,PLI,48,41,10,247.0,2470.0
2021011204000008,PLI,48,22,10,247.0,2470.0
2021011204000007,PLI,48,22,10,247.0,2470.0
2021011204000006,PLI,48,17,10,247.0,2470.0
2021011203016600,PLIC,39,28,150,808.0,121200.0
2021011203016398,PLIC,39,57,240,809.0,194160.0
2021011203016364,PLIC,17,38,100,807.0,80700.0
2021011203016363,PLIC,26,38,100,807.0,80700.0
2021011203016257,PLIC,39,57,48,809.0,38832.0
2021011203016256,PLIC,39,35,30,808.0,24240.0
2021011203016255,PLIC,39,20,82,808.0,66256.0
2021011203016204,PLIC,26,1,100,807.0,80700.0
2021011203016477,RLFL,11,45,30,182.0,5460.0
2021011203016411,RLFL,49,45,47,182.0,8554.0
2021011203016360,RLFL,38,45,100,182.0,18200.0
2021011203016611,RLI,1,45,50,632.0,31600.0
2021011203016609,RLI,57,34,600,633.0,379800.0
2021011203016595,RLI,1,40,10,632.0,6320.0
2021011203016409,RLI,1,39,10,632.0,6320.0
2021011203016408,RLI,1,33,10,632.0,6320.0
2021011203016407,RLI,1,52,20,632.0,12640.0
2021011203016168,RLI,26,34,160,633.0,101280.0
2021011203016316,RLI,49,52,10,631.0,6310.0
2021011203016310,RLI,48,52,100,632.0,63200.0
2021011203016309,RLI,49,52,380,632.0,240160.0
2021011203016289,RLI,49,39,10,631.0,6310.0
2021011203016277,RLI,49,48,10,631.0,6310.0
2021011203016181,RLI,49,44,10,631.0,6310.0
2021011203016631,RMDC,28,6,200,1151.0,230200.0
2021011203016569,RSDC,34,46,110,677.0,74470.0
2021011203016568,RSDC,21,46,90,677.0,60930.0
2021011203016525,RSDC,21,45,10,677.0,6770.0
2021011203016478,RSDC,38,1,25,675.0,16875.0
2021011203016297,RSDC,17,49,50,676.0,33800.0
2021011203016234,RSDC,38,35,80,675.0,54000.0
2021011203016228,RSDC,38,46,20,675.0,13500.0
2021011203016227,RSDC,38,46,80,675.0,54000.0
2021011203016452,RSDC,38,50,290,675.0,195750.0
2021011203016451,RSDC,5,50,80,676.0,54080.0
2021011203016450,RSDC,17,50,30,676.0,20280.0
2021011203016449,RSDC,48,50,100,677.0,67700.0
2021011203016406,RSDC,38,45,5,677.0,3385.0
2021011203016405,RSDC,19,45,10,677.0,6770.0
2021011203016347,SABSL,45,17,85,1132.0,96220.0
2021011203016287,SABSL,16,42,20,1115.0,22300.0
2021011203016599,SADBL,46,11,100,203.0,20300.0
2021011203016392,SADBL,28,16,10,204.0,2040.0
2021011203016193,SADBL,39,7,25,203.0,5075.0
2021011203016195,SADBL,39,28,10,203.0,2030.0
2021011203016194,SADBL,39,35,100,203.0,20300.0
2021011203016293,SAEF,21,59,900,12.0,10800.0
2021011203016292,SAEF,21,34,100,12.0,1200.0
2021011203016577,SAPDBL,35,6,10,158.0,1580.0
2021011203016643,SDLBSL,41,17,10,1238.0,12380.0
2021011203016642,SDLBSL,41,58,10,1238.0,12380.0
2021011203016641,SDLBSL,41,7,10,1235.0,12350.0
2021011203016640,SDLBSL,41,44,10,1235.0,12350.0
2021011203016639,SDLBSL,41,34,50,1234.0,61700.0
2021011203016638,SDLBSL,41,1,100,1233.0,123300.0
2021011203016214,SDLBSL,41,48,45,1180.0,53100.0
2021011203016213,SDLBSL,41,38,25,1180.0,29500.0
2021011203016220,SDLBSL,41,36,305,1190.0,362950.0
2021011203016219,SDLBSL,41,8,10,1190.0,11900.0
2021011203016218,SDLBSL,41,40,95,1189.0,112955.0
2021011203016217,SDLBSL,41,16,250,1186.0,296500.0
2021011203016216,SDLBSL,41,16,100,1185.0,118500.0
2021011203016215,SDLBSL,41,11,170,1183.0,201110.0
2021011203016356,SDLBSL,41,36,200,1198.0,239600.0
2021011203016355,SDLBSL,41,22,10,1198.0,11980.0
2021011203016354,SDLBSL,41,41,50,1198.0,59900.0
2021011203016353,SDLBSL,41,38,10,1193.0,11930.0
2021011203016352,SDLBSL,41,16,200,1193.0,238600.0
2021011203016351,SDLBSL,41,36,10,1190.0,11900.0
2021011203016487,SDLBSL,41,47,10,1217.0,12170.0
2021011203016486,SDLBSL,41,47,10,1217.0,12170.0
2021011203016485,SDLBSL,41,47,64,1217.0,77888.0
2021011203016484,SDLBSL,41,7,100,1216.0,121600.0
2021011203016358,SDLBSL,41,29,110,1210.0,133100.0
2021011203016357,SDLBSL,41,1,30,1198.0,35940.0
2021011203016493,SDLBSL,41,36,150,1230.0,184500.0
2021011203016492,SDLBSL,41,25,50,1217.0,60850.0
2021011203016491,SDLBSL,41,6,10,1217.0,12170.0
2021011203016490,SDLBSL,41,45,16,1217.0,19472.0
2021011203016489,SDLBSL,41,3,20,1217.0,24340.0
2021011203016488,SDLBSL,41,49,70,1217.0,85190.0
2021011203016637,SDLBSL,41,53,10,1230.0,12300.0
2021011203016636,SDLBSL,41,36,10,1230.0,12300.0
2021011203016635,SDLBSL,41,38,10,1213.0,12130.0
2021011203016634,SDLBSL,41,6,50,1213.0,60650.0
2021011203016633,SDLBSL,41,33,200,1213.0,242600.0
2021011203016632,SDLBSL,41,42,30,1212.0,36360.0
2021011203016253,SEF,1,14,"2,000",10.76,21520.0
2021011203016252,SEF,1,14,"1,000",10.76,10760.0
2021011203016251,SEF,1,47,"20,000",10.76,215200.0
2021011203016250,SEF,1,39,"3,950",10.76,42502.0
2021011203016249,SEF,1,44,"2,000",10.75,21500.0
2021011203016248,SEF,1,41,"5,000",10.75,53750.0
2021011203016247,SEF,1,42,"2,000",10.75,21500.0
2021011203016246,SEF,1,39,"13,000",10.75,139750.0
2021011203016456,SHINE,57,3,113,254.0,28702.0
2021011203016455,SHINE,18,3,227,254.0,57658.0
2021011203016442,SHINE,18,48,23,254.0,5842.0
2021011203016441,SHINE,57,48,77,254.0,19558.0
2021011203016391,SHINE,57,51,210,254.0,53340.0
2021011203016524,SIFC,20,43,"1,000",184.0,184000.0
2021011203016523,SIFC,20,5,100,184.0,18400.0
2021011203016380,SIFC,41,18,"1,000",184.0,184000.0
2021011203016555,SLBBL,20,45,10,1170.0,11700.0
2021011203016554,SLBBL,20,17,20,1170.0,23400.0
2021011203016331,SLBBL,51,34,165,1168.0,192720.0
2021011203016266,SLBBL,51,42,90,1168.0,105120.0
2021011203016416,SLBSL,57,18,13,1026.0,13338.0
2021011203016556,SLICL,56,48,150,741.0,111150.0
2021011203016315,SLICL,17,45,30,740.0,22200.0
2021011203016270,SLICL,56,48,150,741.0,111150.0
2021011203016269,SLICL,56,6,50,741.0,37050.0
2021011203016260,SLICL,35,6,150,741.0,111150.0
2021011203016259,SLICL,35,32,10,741.0,7410.0
2021011203016187,SLICL,17,41,300,740.0,222000.0
2021011203016186,SLICL,17,42,10,740.0,7400.0
2021011203016185,SLICL,17,32,500,740.0,370000.0
2021011203016184,SLICL,17,42,100,740.0,74000.0
2021011203016183,SLICL,17,41,100,740.0,74000.0
2021011203016182,SLICL,17,5,500,740.0,370000.0
2021011203016258,SLICL,35,34,40,741.0,29640.0
2021011203016192,SLICL,17,4,100,740.0,74000.0
2021011203016191,SLICL,17,25,25,740.0,18500.0
2021011203016190,SLICL,17,25,30,740.0,22200.0
2021011203016189,SLICL,17,49,100,740.0,74000.0
2021011203016188,SLICL,17,52,35,740.0,25900.0
2021011203016225,SMFDB,49,19,10,1030.0,10300.0
2021011203016224,SMFDB,49,44,500,1029.0,514500.0
2021011203016543,STC,34,17,10,6900.0,69000.0
2021011203016542,STC,34,19,10,6890.0,68900.0
2021011203016533,STC,49,55,10,6850.0,68500.0
2021011203016379,SWBBL,1,48,20,1680.0,33600.0
2021011203016361,USLB,56,52,10,1422.0,14220.0
2021011203016312,USLB,56,38,148,1414.0,209272.0
2021011203016311,USLB,56,38,190,1414.0,268660.0
2021011203016446,VLBS,3,28,10,1119.0,11190.0
2021011203016283,VLBS,21,36,50,1115.0,55750.0
2021011203016105,ALBSL,47,20,11,1260.0,13860.0
2021011203016068,ALBSL,47,39,52,1256.0,65312.0
2021011203015939,ALBSL,47,57,100,1256.0,125600.0
2021011203015918,ALICL,49,34,150,1021.0,153150.0
2021011203015917,ALICL,49,56,150,1021.0,153150.0
2021011203015916,ALICL,49,50,200,1021.0,204200.0
2021011203016122,BBC,36,58,50,2764.0,138200.0
2021011203016080,BBC,36,58,210,2764.0,580440.0
2021011203016079,BBC,36,55,40,2760.0,110400.0
2021011203016011,BBC,35,41,10,2750.0,27500.0
2021011203016010,BBC,52,41,10,2750.0,27500.0
2021011203016009,BBC,22,41,10,2750.0,27500.0
2021011203016091,BFC,3,42,100,143.0,14300.0
2021011203016088,CBBL,29,6,35,1234.0,43190.0
2021011203016087,CBBL,29,3,50,1234.0,61700.0
2021011203015940,CBBL,49,6,40,1235.0,49400.0
2021011203015816,CBBL,45,6,10,1235.0,12350.0
2021011203015815,CBBL,37,6,60,1235.0,74100.0
2021011203015814,CBBL,37,6,70,1235.0,86450.0
2021011203015813,CBBL,37,6,70,1235.0,86450.0
2021011203015812,CBBL,16,6,100,1236.0,123600.0
2021011203015866,CFCL,28,34,60,184.0,11040.0
2021011203015865,CFCL,28,13,600,184.0,110400.0
2021011203016126,CIT,32,57,10,3436.0,34360.0
2021011203016047,CIT,45,55,40,3441.0,137640.0
2021011203016027,CIT,42,55,100,3441.0,344100.0
2021011203016014,CIT,57,55,110,3441.0,378510.0
2021011203016006,CIT,22,55,30,3441.0,103230.0
2021011203016005,CIT,38,55,25,3441.0,86025.0
2021011203015681,CIT,55,6,12,3441.0,41292.0
2021011203015788,CIT,11,48,10,3440.0,34400.0
2021011203015787,CIT,22,48,10,3440.0,34400.0
2021011203015747,CIT,49,6,40,3441.0,137640.0
2021011203015684,CIT,25,6,10,3441.0,34410.0
2021011203015683,CIT,34,6,30,3441.0,103230.0
2021011203015682,CIT,34,6,30,3441.0,103230.0
2021011203016004,CIT,42,55,172,3441.0,591852.0
2021011203015928,CIT,42,45,280,3441.0,963480.0
2021011203015850,CIT,42,6,48,3441.0,165168.0
2021011203015791,CIT,11,48,10,3440.0,34400.0
2021011203015790,CIT,11,48,10,3440.0,34400.0
2021011203015789,CIT,11,48,10,3440.0,34400.0
2021011203016073,DDBL,40,33,100,1474.0,147400.0
2021011203016063,DDBL,40,53,118,1474.0,173932.0
2021011203016062,DDBL,52,53,50,1474.0,73700.0
2021011203016061,DDBL,45,53,100,1474.0,147400.0
2021011203016060,DDBL,32,53,22,1474.0,32428.0
2021011203016000,DDBL,32,42,80,1474.0,117920.0
2021011203015854,DDBL,32,49,21,1474.0,30954.0
2021011203015853,DDBL,32,35,77,1474.0,113498.0
2021011203016076,FMDBL,11,48,100,631.0,63100.0
2021011203016031,FMDBL,38,42,100,629.0,62900.0
2021011203016012,FMDBL,40,34,100,630.0,63000.0
2021011203015919,FMDBL,59,36,100,628.0,62800.0
2021011203015781,FMDBL,59,6,16,628.0,10048.0
2021011203015780,FMDBL,33,6,500,628.0,314000.0
2021011203015773,FMDBL,25,6,500,629.0,314500.0
2021011203015772,FMDBL,57,6,34,630.0,21420.0
2021011203015754,FMDBL,38,6,200,631.0,126200.0
2021011203015752,FMDBL,57,33,133,630.0,83790.0
2021011203015779,FMDBL,50,6,500,628.0,314000.0
2021011203015778,FMDBL,50,6,500,628.0,314000.0
2021011203015777,FMDBL,43,6,100,628.0,62800.0
2021011203015776,FMDBL,43,6,500,628.0,314000.0
2021011203015775,FMDBL,25,6,150,629.0,94350.0
2021011203015774,FMDBL,57,6,200,629.0,125800.0
2021011203016030,GBBL,45,4,600,325.0,195000.0
2021011203015691,GBBL,1,4,300,325.0,97500.0
2021011203016106,GBLBS,35,52,100,619.0,61900.0
2021011203015930,GBLBS,33,47,10,617.0,6170.0
2021011203015671,GBLBS,3,10,265,617.0,163505.0
2021011203016072,GFCL,39,11,10,207.0,2070.0
2021011203016065,GFCL,51,22,100,206.0,20600.0
2021011203015808,GFCL,51,45,150,206.0,30900.0
2021011203015807,GFCL,21,45,50,206.0,10300.0
2021011203015806,GFCL,1,45,100,206.0,20600.0
2021011203015805,GFCL,58,45,200,206.0,41200.0
2021011203016121,GLICL,21,55,200,647.0,129400.0
2021011203016120,GLICL,21,34,21,647.0,13587.0
2021011203016119,GLICL,21,44,28,647.0,18116.0
2021011203016095,GLICL,25,44,200,647.0,129400.0
2021011203016093,GLICL,45,53,100,646.0,64600.0
2021011203016044,GLICL,43,44,200,647.0,129400.0
2021011203015841,GLICL,50,44,"1,092",647.0,706524.0
2021011203015811,GLICL,56,3,34,648.0,22032.0
2021011203015810,GLICL,56,25,16,648.0,10368.0
2021011203015771,GLICL,50,1,500,647.0,323500.0
2021011203015693,GLICL,50,17,105,647.0,67935.0
2021011203016034,GLICL,29,44,100,647.0,64700.0
2021011203016021,GLICL,45,53,20,646.0,12920.0
2021011203015943,GLICL,16,44,180,647.0,116460.0
2021011203015904,GLICL,17,44,500,647.0,323500.0
2021011203015892,GLICL,43,44,500,647.0,323500.0
2021011203015842,GLICL,32,44,200,647.0,129400.0
2021011203015680,GMFBS,53,39,55,1186.0,65230.0
2021011203015679,GMFBS,53,56,10,1185.0,11850.0
2021011203015678,GMFBS,53,36,10,1185.0,11850.0
2021011203015677,GMFBS,53,41,20,1185.0,23700.0
2021011203015901,GMFIL,46,57,120,191.0,22920.0
2021011203015900,GMFIL,57,57,80,191.0,15280.0
2021011203016151,GUFL,8,17,100,252.0,25200.0
2021011203016017,GUFL,19,58,500,253.0,126500.0
2021011203015902,GUFL,6,58,50,253.0,12650.0
2021011203015839,GUFL,17,58,300,253.0,75900.0
2021011203015753,GUFL,34,58,500,253.0,126500.0
2021011203015687,GUFL,39,58,10,253.0,2530.0
2021011203016112,HIDCL,34,16,"1,000",274.0,274000.0
2021011203015924,HIDCL,51,55,"1,000",273.0,273000.0
2021011203015744,HIDCL,51,1,159,273.0,43407.0
2021011203015859,ICFC,57,49,100,270.0,27000.0
2021011203015809,ICFC,22,50,50,269.0,13450.0
2021011203015770,ILBS,26,51,11,1170.0,12870.0
2021011203016145,JBBL,13,8,170,241.0,40970.0
2021011203016144,JBBL,13,44,230,241.0,55430.0
2021011203016143,JBBL,13,50,100,241.0,24100.0
2021011203016116,JBBL,22,17,100,240.0,24000.0
2021011203016041,JBBL,44,22,362,241.0,87242.0
2021011203016040,JBBL,44,34,30,241.0,7230.0
2021011203015708,JBBL,51,21,18,241.0,4338.0
2021011203015707,JBBL,51,42,751,241.0,180991.0
2021011203015689,JBBL,26,26,11,240.0,2640.0
2021011203015732,JBBL,52,46,37,241.0,8917.0
2021011203015731,JBBL,52,6,19,241.0,4579.0
2021011203015713,JBBL,22,34,138,240.0,33120.0
2021011203015712,JBBL,49,34,150,240.0,36000.0
2021011203015711,JBBL,26,34,12,240.0,2880.0
2021011203015709,JBBL,51,6,231,241.0,55671.0
2021011203015848,JBBL,38,38,74,241.0,17834.0
2021011203015847,JBBL,38,22,20,241.0,4820.0
2021011203015846,JBBL,38,35,250,241.0,60250.0
2021011203015845,JBBL,38,17,156,241.0,37596.0
2021011203015837,JBBL,47,17,200,241.0,48200.0
2021011203015733,JBBL,52,17,144,241.0,34704.0
2021011203016007,JBBL,52,17,92,241.0,22172.0
2021011203015911,JBBL,44,17,208,241.0,50128.0
2021011203015910,JBBL,44,39,16,241.0,3856.0
2021011203015909,JBBL,44,37,100,241.0,24100.0
2021011203015908,JBBL,44,22,150,241.0,36150.0
2021011203015907,JBBL,44,38,26,241.0,6266.0
2021011203016039,JBBL,44,19,300,241.0,72300.0
2021011203016038,JBBL,44,41,100,241.0,24100.0
2021011203016037,JBBL,44,26,274,241.0,66034.0
2021011203016036,JBBL,44,21,45,241.0,10845.0
2021011203016035,JBBL,44,52,400,241.0,96400.0
2021011203016015,JBBL,21,52,100,241.0,24100.0
2021011203016146,JFL,38,16,220,254.0,55880.0
2021011203015923,JFL,38,51,200,253.0,50600.0
2021011203015922,JFL,38,57,175,253.0,44275.0
2021011203015921,JFL,38,59,46,253.0,11638.0
2021011203016051,JSLBB,43,16,100,2225.0,222500.0
2021011203016090,KLBSL,26,25,20,1180.0,23600.0
2021011203016139,KMCDB,37,28,244,953.0,232532.0
2021011203016138,KMCDB,26,28,117,953.0,111501.0
2021011203016137,KMCDB,38,28,20,954.0,19080.0
2021011203016136,KMCDB,49,28,50,954.0,47700.0
2021011203016135,KMCDB,42,28,59,955.0,56345.0
2021011203016134,KMCDB,51,28,60,956.0,57360.0
2021011203016133,KMCDB,19,28,150,957.0,143550.0
2021011203016132,KMCDB,41,28,40,957.0,38280.0
2021011203016131,KMCDB,6,28,80,958.0,76640.0
2021011203016130,KMCDB,51,28,30,959.0,28770.0
2021011203016129,KMCDB,13,28,100,960.0,96000.0
2021011203016128,KMCDB,52,28,50,961.0,48050.0
2021011203015938,KRBL,21,26,62,143.0,8866.0
2021011203016058,KSBBL,49,17,94,237.0,22278.0
2021011203016057,KSBBL,49,45,500,237.0,118500.0
2021011203016056,KSBBL,49,13,100,237.0,23700.0
2021011203016055,KSBBL,49,58,226,237.0,53562.0
2021011203016054,KSBBL,49,38,100,237.0,23700.0
2021011203016053,KSBBL,49,34,497,237.0,117789.0
2021011203015695,KSBBL,41,34,100,237.0,23700.0
2021011203015706,LBBL,11,40,488,229.0,111752.0
2021011203015705,LBBL,11,11,12,229.0,2748.0
2021011203016110,LICN,47,35,50,2134.0,106700.0
2021011203015894,LLBS,21,45,10,1388.0,13880.0
2021011203015893,LLBS,21,42,100,1388.0,138800.0
2021011203016111,MERO,42,11,43,1020.0,43860.0
2021011203016067,MERO,42,11,43,1020.0,43860.0
2021011203015927,MERO,34,56,10,1030.0,10300.0
2021011203015867,MERO,42,48,43,1020.0,43860.0
2021011203015765,MERO,42,35,250,1027.0,256750.0
2021011203016097,MFIL,53,55,875,335.0,293125.0
2021011203016096,MFIL,53,33,625,335.0,209375.0
2021011203016066,MFIL,56,33,100,335.0,33500.0
2021011203015926,MFIL,26,33,275,335.0,92125.0
2021011203015925,MFIL,26,35,65,335.0,21775.0
2021011203016163,MLBBL,59,38,401,1301.0,521701.0
2021011203016113,MLBBL,59,55,13,1315.0,17095.0
2021011203015920,MLBL,57,52,200,274.0,54800.0
2021011203015903,MLBL,57,5,60,274.0,16440.0
2021011203015734,MLBL,8,56,187,274.0,51238.0
2021011203016029,MMFDB,21,3,80,1421.0,113680.0
2021011203016028,MMFDB,21,20,20,1421.0,28420.0
2021011203015951,MMFDB,20,37,45,1394.0,62730.0
2021011203015950,MMFDB,20,38,100,1394.0,139400.0
2021011203015949,MMFDB,20,11,36,1394.0,50184.0
2021011203015948,MMFDB,20,40,10,1394.0,13940.0
2021011203015820,MMFDB,20,35,78,1337.0,104286.0
2021011203015819,MMFDB,20,35,100,1336.0,133600.0
2021011203015818,MMFDB,20,19,136,1335.0,181560.0
2021011203015741,MMFDB,46,59,100,1326.0,132600.0
2021011203015740,MMFDB,46,38,50,1325.0,66250.0
2021011203015826,MMFDB,20,52,100,1340.0,134000.0
2021011203015825,MMFDB,20,14,24,1340.0,32160.0
2021011203015824,MMFDB,20,35,200,1339.0,267800.0
2021011203015823,MMFDB,20,25,50,1339.0,66950.0
2021011203015822,MMFDB,20,46,450,1338.0,602100.0
2021011203015821,MMFDB,20,52,100,1337.0,133700.0
2021011203015832,MMFDB,20,41,219,1350.0,295650.0
2021011203015831,MMFDB,20,45,125,1348.0,168500.0
2021011203015830,MMFDB,20,25,100,1345.0,134500.0
2021011203015829,MMFDB,20,54,256,1342.0,343552.0
2021011203015828,MMFDB,20,59,20,1342.0,26840.0
2021011203015827,MMFDB,20,25,100,1342.0,134200.0
2021011203015870,MMFDB,20,45,135,1350.0,182250.0
2021011203015869,MMFDB,20,56,639,1350.0,862650.0
2021011203015836,MMFDB,20,56,361,1350.0,487350.0
2021011203015835,MMFDB,20,10,500,1350.0,675000.0
2021011203015834,MMFDB,20,34,71,1350.0,95850.0
2021011203015833,MMFDB,20,41,10,1350.0,13500.0
2021011203015876,MMFDB,20,46,300,1353.0,405900.0
2021011203015875,MMFDB,20,26,50,1352.0,67600.0
2021011203015874,MMFDB,20,38,100,1352.0,135200.0
2021011203015873,MMFDB,20,21,100,1352.0,135200.0
2021011203015872,MMFDB,20,50,150,1352.0,202800.0
2021011203015871,MMFDB,20,58,500,1350.0,675000.0
2021011203015882,MMFDB,20,41,65,1364.0,88660.0
2021011203015881,MMFDB,20,25,200,1361.0,272200.0
2021011203015880,MMFDB,20,3,100,1361.0,136100.0
2021011203015879,MMFDB,20,29,200,1361.0,272200.0
2021011203015878,MMFDB,20,10,50,1360.0,68000.0
2021011203015877,MMFDB,20,52,130,1355.0,176150.0
2021011203015888,MMFDB,20,50,50,1366.0,68300.0
2021011203015887,MMFDB,20,28,15,1366.0,20490.0
2021011203015886,MMFDB,20,58,25,1366.0,34150.0
2021011203015885,MMFDB,20,41,15,1366.0,20490.0
2021011203015884,MMFDB,20,17,150,1365.0,204750.0
2021011203015883,MMFDB,20,14,20,1364.0,27280.0
2021011203015947,MMFDB,20,29,126,1394.0,175644.0
2021011203015946,MMFDB,20,49,86,1394.0,119884.0
2021011203015945,MMFDB,20,49,200,1394.0,278800.0
2021011203015944,MMFDB,20,49,"1,000",1393.0,1393000.0
2021011203015890,MMFDB,20,11,37,1366.0,50542.0
2021011203015889,MMFDB,20,45,100,1366.0,136600.0
2021011203016142,MNBBL,6,34,50,373.0,18650.0
2021011203015840,MNBBL,6,17,300,373.0,111900.0
2021011203015755,MNBBL,6,35,"1,000",373.0,373000.0
2021011203016094,MPFL,46,4,90,170.0,15300.0
2021011203015750,MPFL,34,4,500,170.0,85000.0
2021011203015749,MPFL,43,4,500,170.0,85000.0
2021011203015748,MPFL,51,4,97,170.0,16490.0
2021011203016083,NABBC,45,59,25,829.0,20725.0
2021011203016082,NABBC,45,52,25,825.0,20625.0
2021011203016042,NABBC,51,52,25,825.0,20625.0
2021011203015802,NABBC,21,52,10,830.0,8300.0
2021011203015782,NABBC,43,52,100,830.0,83000.0
2021011203015694,NABBC,45,3,50,821.0,41050.0
2021011203015688,NABBC,57,52,50,830.0,41500.0
2021011203015999,NBF2,43,37,"19,200",10.05,192960.0
2021011203015998,NBF2,43,34,"1,500",10.05,15075.0
2021011203015997,NBF2,43,10,"13,800",10.05,138690.0
2021011203015996,NBF2,43,29,700,10.04,7028.0
2021011203015995,NBF2,43,41,800,10.0,8000.0
2021011203015994,NBF2,43,43,"9,000",10.0,90000.0
2021011203016069,NEF,29,33,966,10.31,9959.46
2021011203016125,NIBLPF,21,14,"2,000",10.76,21520.0
2021011203016050,NIBLPF,21,14,"1,242",10.76,13363.92
2021011203016049,NIBLPF,21,49,253,10.76,2722.28
2021011203016048,NIBLPF,21,26,505,10.75,5428.75
2021011203016002,NIBLPF,13,33,505,10.66,5383.3
2021011203015794,NICBF,17,45,200,10.19,2038.0
2021011203016166,NICGF,43,6,800,10.94,8752.0
2021011203016165,NICGF,47,6,"1,500",10.94,16410.0
2021011203016046,NLBBL,3,34,23,1175.0,27025.0
2021011203016045,NLBBL,3,1,84,1174.0,98616.0
2021011203015803,NLBBL,7,35,82,1173.0,96186.0
2021011203016154,NLIC,19,25,240,2416.0,579840.0
2021011203016124,NLIC,4,6,40,2415.0,96600.0
2021011203016118,NLIC,4,21,10,2415.0,24150.0
2021011203016064,NLIC,36,45,100,2414.0,241400.0
2021011203015936,NLIC,6,50,660,2413.0,1592580.0
2021011203015935,NLIC,45,50,50,2413.0,120650.0
2021011203015674,NLIC,32,21,22,2416.0,53152.0
2021011203015673,NLIC,32,52,65,2416.0,157040.0
2021011203015672,NLIC,32,34,10,2416.0,24160.0
2021011203015668,NLIC,22,16,3,2415.0,7245.0
2021011203015934,NLIC,45,50,50,2414.0,120700.0
2021011203015933,NLIC,47,50,20,2414.0,48280.0
2021011203015932,NLIC,5,50,200,2416.0,483200.0
2021011203015931,NLIC,47,50,20,2416.0,48320.0
2021011203015838,NLIC,32,44,200,2416.0,483200.0
2021011203015675,NLIC,32,22,200,2416.0,483200.0
2021011203016115,NLICL,21,39,100,1180.0,118000.0
2021011203016114,NLICL,26,39,65,1180.0,76700.0
2021011203016022,NLICL,26,11,235,1180.0,277300.0
2021011203016013,NLICL,48,50,15,1179.0,17685.0
2021011203015959,NLICL,56,54,200,1179.0,235800.0
2021011203015958,NLICL,33,54,200,1179.0,235800.0
2021011203015704,NLICL,56,18,24,1180.0,28320.0
2021011203015703,NLICL,56,25,100,1180.0,118000.0
2021011203015942,NLICL,45,11,65,1180.0,76700.0
2021011203015899,NLICL,45,11,30,1180.0,35400.0
2021011203015868,NLICL,25,11,14,1180.0,16520.0
2021011203015856,NLICL,52,11,500,1180.0,590000.0
2021011203015855,NLICL,56,11,156,1180.0,184080.0
2021011203015761,NLICL,56,43,200,1180.0,236000.0
2021011203015913,NMBHF1,17,47,738,10.35,7638.3
2021011203015912,NMBHF1,17,47,"3,423",10.35,35428.05
2021011203016109,NMBMF,25,32,100,1043.0,104300.0
2021011203016100,NMBMF,17,32,20,1043.0,20860.0
2021011203016099,NMBMF,1,32,300,1043.0,312900.0
2021011203016098,NMBMF,42,32,10,1043.0,10430.0
2021011203016081,NMBMF,49,3,50,1043.0,52150.0
2021011203015941,NMBMF,49,32,100,1043.0,104300.0
2021011203015864,NMBMF,49,32,50,1043.0,52150.0
2021011203015863,NMBMF,57,32,50,1044.0,52200.0
2021011203016149,NMFBS,49,26,26,2350.0,61100.0
2021011203016148,NMFBS,59,26,74,2350.0,173900.0
2021011203016092,NRIC,25,28,10,1538.0,15380.0
2021011203016089,NRIC,1,21,325,1535.0,498875.0
2021011203016086,NRIC,1,34,100,1535.0,153500.0
2021011203016085,NRIC,59,34,50,1536.0,76800.0
2021011203016084,NRIC,6,34,50,1536.0,76800.0
2021011203016052,NRIC,19,3,200,1539.0,307800.0
2021011203015676,NRIC,39,3,10,1539.0,15390.0
2021011203015717,NRIC,52,59,25,1537.0,38425.0
2021011203015716,NRIC,1,59,30,1537.0,46110.0
2021011203015715,NRIC,57,59,100,1537.0,153700.0
2021011203015714,NRIC,45,59,181,1537.0,278197.0
2021011203015710,NRIC,37,3,70,1539.0,107730.0
2021011203015692,NRIC,48,3,60,1539.0,92340.0
2021011203015723,NRIC,51,59,50,1536.0,76800.0
2021011203015722,NRIC,35,59,"1,000",1536.0,1536000.0
2021011203015721,NRIC,21,59,30,1536.0,46080.0
2021011203015720,NRIC,18,59,50,1536.0,76800.0
2021011203015719,NRIC,7,59,50,1537.0,76850.0
2021011203015718,NRIC,34,59,140,1537.0,215180.0
2021011203015729,NRIC,1,59,450,1535.0,690750.0
2021011203015728,NRIC,16,59,200,1535.0,307000.0
2021011203015727,NRIC,10,59,500,1535.0,767500.0
2021011203015726,NRIC,44,59,389,1535.0,597115.0
2021011203015725,NRIC,25,59,10,1536.0,15360.0
2021011203015724,NRIC,21,59,105,1536.0,161280.0
2021011203015955,NRIC,48,13,100,1538.0,153800.0
2021011203015954,NRIC,48,13,30,1538.0,46140.0
2021011203015953,NRIC,57,13,10,1538.0,15380.0
2021011203015795,NRIC,1,5,50,1535.0,76750.0
2021011203015767,NRIC,25,3,15,1539.0,23085.0
2021011203015766,NRIC,25,54,40,1538.0,61520.0
2021011203015739,NRN,34,32,90,358.0,32220.0
2021011203015738,NRN,38,32,140,358.0,50120.0
2021011203015737,NRN,41,32,60,358.0,21480.0
2021011203015736,NRN,22,32,600,358.0,214800.0
2021011203015735,NRN,46,32,50,358.0,17900.0
2021011203015702,NRN,42,5,10,359.0,3590.0
2021011203015701,NRN,42,8,10,359.0,3590.0
2021011203015915,NTC,35,45,100,1255.0,125500.0
2021011203015746,NTC,47,19,100,1255.0,125500.0
2021011203015745,NTC,21,19,100,1255.0,125500.0
2021011203016071,NUBL,39,32,217,1335.0,289695.0
2021011203016070,NUBL,39,45,83,1334.0,110722.0
2021011203015730,OHL,34,49,10,475.0,4750.0
2021011203016075,PFL,52,13,317,197.0,62449.0
2021011203016074,PFL,53,13,683,197.0,134551.0
2021011203015898,PFL,10,50,283,198.0,56034.0
2021011203015897,PFL,10,38,11,198.0,2178.0
2021011203015896,PFL,10,38,27,198.0,5346.0
2021011203015895,PFL,10,32,179,198.0,35442.0
2021011203015891,PFL,39,32,10,198.0,1980.0
2021011203016141,PLIC,39,20,40,808.0,32320.0
2021011203016140,PLIC,39,59,40,808.0,32320.0
2021011203016101,PLIC,25,53,100,807.0,80700.0
2021011203016026,PLIC,39,59,130,808.0,105040.0
2021011203015906,PLIC,39,59,130,808.0,105040.0
2021011203015905,PLIC,39,53,50,808.0,40400.0
2021011203015756,PLIC,6,20,94,808.0,75952.0
2021011203015764,PLIC,39,53,36,808.0,29088.0
2021011203015763,PLIC,39,55,50,808.0,40400.0
2021011203015762,PLIC,39,1,94,808.0,75952.0
2021011203015759,PLIC,6,1,106,808.0,85648.0
2021011203015758,PLIC,6,14,50,808.0,40400.0
2021011203015757,PLIC,6,14,50,808.0,40400.0
2021011203016167,RLI,26,34,80,632.0,50560.0
2021011203016016,RLI,1,34,70,632.0,44240.0
2021011203016008,RLI,1,38,10,632.0,6320.0
2021011203015993,RLI,5,57,220,635.0,139700.0
2021011203015992,RLI,5,29,10,635.0,6350.0
2021011203015991,RLI,5,6,40,635.0,25400.0
2021011203015743,RLI,6,3,10,631.0,6310.0
2021011203015699,RLI,57,14,10,633.0,6330.0
2021011203015698,RLI,57,51,10,633.0,6330.0
2021011203015697,RLI,57,51,100,632.0,63200.0
2021011203015696,RLI,57,47,10,632.0,6320.0
2021011203015960,RLI,5,52,70,633.0,44310.0
2021011203015957,RLI,38,52,30,633.0,18990.0
2021011203015929,RLI,1,43,10,632.0,6320.0
2021011203015914,RLI,1,48,10,632.0,6320.0
2021011203015760,RLI,49,59,10,631.0,6310.0
2021011203015751,RLI,6,48,10,631.0,6310.0
2021011203015966,RLI,5,22,250,635.0,158750.0
2021011203015965,RLI,5,51,10,634.0,6340.0
2021011203015964,RLI,5,35,200,634.0,126800.0
2021011203015963,RLI,5,52,10,634.0,6340.0
2021011203015962,RLI,5,33,510,634.0,323340.0
2021011203015961,RLI,5,4,10,633.0,6330.0
2021011203015972,RLI,5,22,10,635.0,6350.0
2021011203015971,RLI,5,22,10,635.0,6350.0
2021011203015970,RLI,5,7,10,635.0,6350.0
2021011203015969,RLI,5,39,10,635.0,6350.0
2021011203015968,RLI,5,58,10,635.0,6350.0
2021011203015967,RLI,5,32,10,635.0,6350.0
2021011203015978,RLI,5,45,10,635.0,6350.0
2021011203015977,RLI,5,22,10,635.0,6350.0
2021011203015976,RLI,5,22,10,635.0,6350.0
2021011203015975,RLI,5,25,250,635.0,158750.0
2021011203015974,RLI,5,32,10,635.0,6350.0
2021011203015973,RLI,5,38,10,635.0,6350.0
2021011203015984,RLI,5,58,10,635.0,6350.0
2021011203015983,RLI,5,50,10,635.0,6350.0
2021011203015982,RLI,5,41,10,635.0,6350.0
2021011203015981,RLI,5,42,10,635.0,6350.0
2021011203015980,RLI,5,25,10,635.0,6350.0
2021011203015979,RLI,5,51,10,635.0,6350.0
2021011203015990,RLI,5,45,100,635.0,63500.0
2021011203015989,RLI,5,42,10,635.0,6350.0
2021011203015988,RLI,5,34,10,635.0,6350.0
2021011203015987,RLI,5,42,110,635.0,69850.0
2021011203015986,RLI,5,17,10,635.0,6350.0
2021011203015985,RLI,5,38,10,635.0,6350.0
2021011203016104,RMDC,17,48,10,1155.0,11550.0
2021011203015690,RMDC,44,6,90,1160.0,104400.0
2021011203016123,RSDC,38,57,20,675.0,13500.0
2021011203016108,RSDC,21,39,5,675.0,3375.0
2021011203016107,RSDC,25,39,100,675.0,67500.0
2021011203016043,RSDC,37,35,20,676.0,13520.0
2021011203016020,RSDC,37,49,80,676.0,54080.0
2021011203016019,RSDC,42,49,20,676.0,13520.0
2021011203015860,RSDC,22,39,1,680.0,680.0
2021011203015742,RSDC,42,19,80,676.0,54080.0
2021011203016150,SABSL,17,17,15,1132.0,16980.0
2021011203016025,SABSL,17,57,79,1132.0,89428.0
2021011203016024,SABSL,17,21,33,1130.0,37290.0
2021011203015769,SABSL,42,57,48,1132.0,54336.0
2021011203015768,SABSL,42,39,152,1130.0,171760.0
2021011203016153,SADBL,20,29,865,202.0,174730.0
2021011203016152,SADBL,44,29,135,202.0,27270.0
2021011203016127,SADBL,44,48,100,202.0,20200.0
2021011203016003,SADBL,35,54,100,203.0,20300.0
2021011203015952,SADBL,39,16,300,204.0,61200.0
2021011203015857,SADBL,35,35,400,203.0,81200.0
2021011203015852,SADBL,35,59,500,203.0,101500.0
2021011203015851,SADBL,39,59,500,203.0,101500.0
2021011203015700,SADBL,39,34,"1,000",204.0,204000.0
2021011203015796,SAEF,45,33,200,11.93,2386.0
2021011203015858,SAEF,45,37,200,11.95,2390.0
2021011203015801,SAEF,45,28,"1,000",11.95,11950.0
2021011203015800,SAEF,45,41,"5,000",11.95,59750.0
2021011203015799,SAEF,45,41,"5,000",11.93,59650.0
2021011203015798,SAEF,45,40,100,11.93,1193.0
2021011203015797,SAEF,45,54,500,11.93,5965.0
2021011203016164,SAPDBL,21,21,285,157.0,44745.0
2021011203016059,SAPDBL,51,21,200,157.0,31400.0
2021011203016023,SDLBSL,8,33,10,1170.0,11700.0
2021011203015817,SDLBSL,8,3,10,1170.0,11700.0
2021011203015793,SDLBSL,19,38,75,1180.0,88500.0
2021011203015792,SDLBSL,19,20,25,1179.0,29475.0
2021011203016078,SEF,45,14,"7,500",10.71,80325.0
2021011203016077,SEF,45,57,"1,000",10.7,10700.0
2021011203015849,SEF,1,26,400,10.6,4240.0
2021011203015861,SFCL,40,25,100,147.0,14700.0
2021011203016162,SKBBL,42,17,100,1495.0,149500.0
2021011203016161,SKBBL,42,48,30,1494.0,44820.0
2021011203016155,SLBBL,34,34,26,1166.0,30316.0
2021011203016117,SLBBL,34,42,10,1169.0,11690.0
2021011203015956,SLBBL,34,55,11,1166.0,12826.0
2021011203015937,SLBBL,44,39,200,1168.0,233600.0
2021011203015804,SLBBL,39,42,100,1167.0,116700.0
2021011203016103,SLBSL,29,42,82,1026.0,84132.0
2021011203016033,SLICL,26,33,20,739.0,14780.0
2021011203016032,SLICL,26,25,133,739.0,98287.0
2021011203016018,SLICL,41,4,300,739.0,221700.0
2021011203016001,SLICL,56,4,200,739.0,147800.0
2021011203015786,SLICL,28,41,500,738.0,369000.0
2021011203015785,SLICL,28,49,84,738.0,61992.0
2021011203015784,SLICL,28,4,100,737.0,73700.0
2021011203015783,SLICL,28,46,100,737.0,73700.0
2021011203015670,SLICL,21,52,91,737.0,67067.0
2021011203015669,SLICL,21,17,39,737.0,28743.0
2021011203015862,SMB,47,11,97,1255.0,121735.0
2021011203015686,SMFDB,49,44,200,1020.0,204000.0
2021011203015685,SMFDB,21,44,50,1020.0,51000.0
2021011203015844,STC,56,44,10,6840.0,68400.0
2021011203015843,STC,34,44,10,6841.0,68410.0
2021011203016160,SWBBL,3,6,100,1683.0,168300.0
2021011203016159,SWBBL,41,6,200,1683.0,336600.0
2021011203016158,SWBBL,42,6,209,1683.0,351747.0
2021011203016157,SWBBL,40,6,200,1684.0,336800.0
2021011203016156,SWBBL,13,6,100,1685.0,168500.0
2021011203016147,SWBBL,13,38,100,1685.0,168500.0
2021011203016102,USLB,14,57,109,1405.0,153145.0
2021011203015651,ALBSL,47,34,12,1256.0,15072.0
2021011203015599,ALICL,21,59,100,1020.0,102000.0
2021011203015598,ALICL,21,49,159,1020.0,162180.0
2021011203015506,ALICL,22,49,100,1020.0,102000.0
2021011203015487,ALICL,36,49,150,1020.0,153000.0
2021011203015385,ALICL,42,49,521,1020.0,531420.0
2021011203015341,ALICL,42,13,149,1020.0,151980.0
2021011203015204,ALICL,50,50,144,1020.0,146880.0
2021011203015203,ALICL,50,42,50,1020.0,51000.0
2021011203015202,ALICL,50,50,100,1020.0,102000.0
2021011203015201,ALICL,50,50,153,1018.0,155754.0
2021011203015182,ALICL,8,50,47,1018.0,47846.0
2021011203015340,ALICL,42,43,10,1020.0,10200.0
2021011203015339,ALICL,42,42,100,1020.0,102000.0
2021011203015338,ALICL,42,19,100,1020.0,102000.0
2021011203015337,ALICL,42,46,120,1020.0,122400.0
2021011203015206,ALICL,50,58,"1,000",1020.0,1020000.0
2021011203015205,ALICL,50,22,50,1020.0,51000.0
2021011203015290,BBC,22,38,10,2750.0,27500.0
2021011203015307,BFC,21,42,40,143.0,5720.0
2021011203015387,CBBL,21,47,190,1237.0,235030.0
2021011203015386,CBBL,45,47,10,1237.0,12370.0
2021011203015269,CBBL,13,6,70,1238.0,86660.0
2021011203015253,CBBL,45,41,90,1237.0,111330.0
2021011203015360,CFCL,36,10,155,184.0,28520.0
2021011203015359,CFCL,36,51,100,184.0,18400.0
2021011203015358,CFCL,36,49,132,184.0,24288.0
2021011203015357,CFCL,36,38,100,184.0,18400.0
2021011203015356,CFCL,36,14,13,184.0,2392.0
2021011203015538,CIT,39,53,10,3445.0,34450.0
2021011203015508,CIT,3,21,15,3446.0,51690.0
2021011203015393,CIT,21,21,86,3446.0,296356.0
2021011203015392,CIT,21,41,54,3445.0,186030.0
2021011203015315,CIT,25,8,10,3444.0,34440.0
2021011203015314,CIT,28,8,10,3444.0,34440.0
2021011203015281,CIT,56,41,30,3445.0,103350.0
2021011203015267,CIT,49,41,30,3445.0,103350.0
2021011203015266,CIT,57,57,34,3447.0,117198.0
2021011203015263,CIT,57,6,50,3447.0,172350.0
2021011203015181,CIT,13,6,50,3447.0,172350.0
2021011203015283,CMF2,17,41,"9,200",10.05,92460.0
2021011203015282,CMF2,43,41,800,10.1,8080.0
2021011203015517,DDBL,3,57,50,1473.0,73650.0
2021011203015390,DDBL,3,38,100,1473.0,147300.0
2021011203015638,FMDBL,57,29,100,630.0,63000.0
2021011203015637,FMDBL,57,41,100,630.0,63000.0
2021011203015636,FMDBL,57,6,633,630.0,398790.0
2021011203015597,FMDBL,11,6,200,630.0,126000.0
2021011203015564,FMDBL,49,6,100,630.0,63000.0
2021011203015563,FMDBL,34,6,100,630.0,63000.0
2021011203015446,FMDBL,49,19,80,630.0,50400.0
2021011203015379,FMDBL,49,11,63,630.0,39690.0
2021011203015378,FMDBL,45,11,92,631.0,58052.0
2021011203015377,FMDBL,17,11,95,632.0,60040.0
2021011203015235,FMDBL,17,33,50,632.0,31600.0
2021011203015562,FMDBL,42,6,10,630.0,6300.0
2021011203015561,FMDBL,10,6,200,630.0,126000.0
2021011203015560,FMDBL,56,6,400,630.0,252000.0
2021011203015559,FMDBL,49,6,157,630.0,98910.0
2021011203015558,FMDBL,49,46,100,630.0,63000.0
2021011203015542,FMDBL,49,13,100,630.0,63000.0
2021011203015641,FOWAD,51,32,50,2287.0,114350.0
2021011203015382,GBBL,46,4,200,325.0,65000.0
2021011203015376,GBBL,13,4,50,325.0,16250.0
2021011203015207,GBBL,44,4,200,325.0,65000.0
2021011203015187,GBBL,28,4,100,325.0,32500.0
2021011203015596,GBLBS,4,10,100,617.0,61700.0
2021011203015591,GBLBS,11,10,50,617.0,30850.0
2021011203015590,GBLBS,17,10,85,617.0,52445.0
2021011203015317,GBLBS,17,51,15,617.0,9255.0
2021011203015467,GFCL,58,11,40,207.0,8280.0
2021011203015466,GFCL,57,11,200,207.0,41400.0
2021011203015495,GILB,3,3,2,1435.0,2870.0
2021011203015391,GILB,51,37,10,1439.0,14390.0
2021011203015260,GILB,3,3,2,1430.0,2860.0
2021011203015192,GILB,43,58,40,1430.0,57200.0
2021011203015219,GILB,14,51,60,1435.0,86100.0
2021011203015218,GILB,14,45,10,1435.0,14350.0
2021011203015217,GILB,14,49,50,1434.0,71700.0
2021011203015216,GILB,14,51,100,1433.0,143300.0
2021011203015215,GILB,14,42,54,1432.0,77328.0
2021011203015193,GILB,43,58,17,1430.0,24310.0
2021011203015333,GIMES1,49,49,"25,100",12.28,308228.0
2021011203015332,GIMES1,7,49,"1,900",12.29,23351.0
2021011203015640,GLBSL,33,22,30,908.0,27240.0
2021011203015639,GLBSL,33,43,333,908.0,302364.0
2021011203015655,GLICL,50,13,50,647.0,32350.0
2021011203015629,GLICL,50,25,29,647.0,18763.0
2021011203015628,GLICL,50,41,100,647.0,64700.0
2021011203015627,GLICL,50,38,100,647.0,64700.0
2021011203015626,GLICL,50,37,"3,024",647.0,1956528.0
2021011203015502,GLICL,45,43,20,646.0,12920.0
2021011203015346,GLICL,43,55,110,646.0,71060.0
2021011203015345,GLICL,43,57,10,646.0,6460.0
2021011203015285,GLICL,43,1,101,645.0,65145.0
2021011203015279,GLICL,56,51,36,643.0,23148.0
2021011203015278,GLICL,40,51,16,643.0,10288.0
2021011203015169,GMFIL,57,52,100,191.0,19100.0
2021011203015551,GRDBL,32,21,10,158.0,1580.0
2021011203015603,GUFL,8,44,577,252.0,145404.0
2021011203015575,GUFL,32,44,23,252.0,5796.0
2021011203015498,GUFL,34,56,50,251.0,12550.0
2021011203015484,GUFL,34,44,400,252.0,100800.0
2021011203015331,GUFL,34,4,100,251.0,25100.0
2021011203015239,GUFL,51,25,20,251.0,5020.0
2021011203015642,HIDCL,51,28,200,273.0,54600.0
2021011203015611,HIDCL,51,1,242,273.0,66066.0
2021011203015556,HIDCL,1,1,100,273.0,27300.0
2021011203015545,HIDCL,51,1,"2,258",273.0,616434.0
2021011203015535,HIDCL,51,53,300,273.0,81900.0
2021011203015527,HIDCL,34,16,"1,081",274.0,296194.0
2021011203015199,HIDCL,51,20,61,273.0,16653.0
2021011203015320,HIDCL,17,6,150,274.0,41100.0
2021011203015319,HIDCL,17,45,168,274.0,46032.0
2021011203015287,HIDCL,51,21,61,273.0,16653.0
2021011203015270,HIDCL,38,45,30,274.0,8220.0
2021011203015228,HIDCL,51,1,40,273.0,10920.0
2021011203015200,HIDCL,51,55,"1,000",273.0,273000.0
2021011203015336,HIDCL,51,33,"1,200",273.0,327600.0
2021011203015325,HIDCL,17,40,310,274.0,84940.0
2021011203015324,HIDCL,17,42,50,274.0,13700.0
2021011203015323,HIDCL,17,39,61,274.0,16714.0
2021011203015322,HIDCL,17,4,200,274.0,54800.0
2021011203015321,HIDCL,17,1,61,274.0,16714.0
2021011203015520,HIDCL,34,22,500,274.0,137000.0
2021011203015519,HIDCL,34,42,50,274.0,13700.0
2021011203015518,HIDCL,34,40,85,274.0,23290.0
2021011203015429,HIDCL,51,48,30,273.0,8190.0
2021011203015362,HIDCL,38,40,200,274.0,54800.0
2021011203015344,HIDCL,51,45,50,273.0,13650.0
2021011203015526,HIDCL,34,43,132,274.0,36168.0
2021011203015525,HIDCL,34,49,67,274.0,18358.0
2021011203015524,HIDCL,34,49,67,274.0,18358.0
2021011203015523,HIDCL,34,25,900,274.0,246600.0
2021011203015522,HIDCL,34,28,55,274.0,15070.0
2021011203015521,HIDCL,34,11,63,274.0,17262.0
2021011203015557,ICFC,22,22,13,269.0,3497.0
2021011203015632,ILBS,35,38,30,1166.0,34980.0
2021011203015554,ILBS,18,38,61,1169.0,71309.0
2021011203015455,ILBS,21,38,89,1169.0,104041.0
2021011203015454,ILBS,21,17,11,1169.0,12859.0
2021011203015373,ILBS,35,35,966,1166.0,1126356.0
2021011203015372,ILBS,41,35,100,1167.0,116700.0
2021011203015647,JBBL,26,43,77,240.0,18480.0
2021011203015646,JBBL,56,43,23,240.0,5520.0
2021011203015645,JBBL,10,42,"1,171",241.0,282211.0
2021011203015644,JBBL,10,36,64,241.0,15424.0
2021011203015643,JBBL,10,57,365,241.0,87965.0
2021011203015618,JBBL,45,57,"1,000",241.0,241000.0
2021011203015189,JBBL,33,42,14,241.0,3374.0
2021011203015188,JBBL,33,44,"1,300",241.0,313300.0
2021011203015303,JBBL,41,57,13,241.0,3133.0
2021011203015264,JBBL,41,5,100,240.0,24000.0
2021011203015245,JBBL,36,57,"1,000",241.0,241000.0
2021011203015230,JBBL,43,57,200,241.0,48200.0
2021011203015191,JBBL,33,57,186,241.0,44826.0
2021011203015190,JBBL,33,40,500,241.0,120500.0
2021011203015528,JBBL,41,57,100,240.0,24000.0
2021011203015470,JBBL,19,57,100,241.0,24100.0
2021011203015469,JBBL,38,57,15,241.0,3615.0
2021011203015462,JBBL,41,25,500,240.0,120000.0
2021011203015351,JBBL,45,57,10,241.0,2410.0
2021011203015347,JBBL,47,57,11,241.0,2651.0
2021011203015610,JBBL,57,57,100,241.0,24100.0
2021011203015553,JBBL,39,57,500,241.0,120500.0
2021011203015539,JBBL,56,21,32,240.0,7680.0
2021011203015531,JBBL,56,1,145,240.0,34800.0
2021011203015530,JBBL,25,1,50,240.0,12000.0
2021011203015529,JBBL,41,1,55,240.0,13200.0
2021011203015555,JFL,32,41,55,252.0,13860.0
2021011203015463,JFL,47,22,50,251.0,12550.0
2021011203015299,JFL,47,22,89,251.0,22339.0
2021011203015631,KMCDB,29,47,20,967.0,19340.0
2021011203015630,KMCDB,25,47,100,967.0,96700.0
2021011203015612,KMCDB,29,44,10,967.0,9670.0
2021011203015439,KMCDB,25,25,80,968.0,77440.0
2021011203015438,KMCDB,25,56,20,967.0,19340.0
2021011203015431,KMCDB,22,39,8,968.0,7744.0
2021011203015430,KMCDB,25,56,10,967.0,9670.0
2021011203015578,KRBL,52,34,10,144.0,1440.0
2021011203015658,KSBBL,38,34,200,237.0,47400.0
2021011203015552,KSBBL,50,19,150,236.0,35400.0
2021011203015453,KSBBL,50,21,50,236.0,11800.0
2021011203015404,KSBBL,50,50,64,236.0,15104.0
2021011203015403,KSBBL,56,50,81,236.0,19116.0
2021011203015402,KSBBL,39,50,50,236.0,11800.0
2021011203015395,KSBBL,29,50,185,236.0,43660.0
2021011203015241,KSBBL,29,22,90,236.0,21240.0
2021011203015401,KSBBL,19,50,500,236.0,118000.0
2021011203015400,KSBBL,57,50,300,236.0,70800.0
2021011203015399,KSBBL,53,50,50,236.0,11800.0
2021011203015398,KSBBL,52,50,20,236.0,4720.0
2021011203015397,KSBBL,57,50,"1,600",236.0,377600.0
2021011203015396,KSBBL,34,50,150,236.0,35400.0
2021011203015288,LBBL,45,17,119,227.0,27013.0
2021011203015316,LICN,25,10,10,2135.0,21350.0
2021011203015313,LICN,35,17,62,2120.0,131440.0
2021011203015312,LICN,19,17,120,2120.0,254400.0
2021011203015265,LICN,19,37,80,2120.0,169600.0
2021011203015242,LICN,45,37,200,2120.0,424000.0
2021011203015220,MDB,53,51,15,341.0,5115.0
2021011203015305,MERO,33,38,350,1025.0,358750.0
2021011203015240,MERO,45,35,357,1025.0,365925.0
2021011203015461,MERO,42,50,500,1027.0,513500.0
2021011203015460,MERO,42,44,50,1027.0,51350.0
2021011203015459,MERO,42,50,100,1025.0,102500.0
2021011203015584,MFIL,42,35,85,335.0,28475.0
2021011203015583,MFIL,17,33,50,334.0,16700.0
2021011203015582,MFIL,29,33,150,334.0,50100.0
2021011203015581,MFIL,48,33,100,334.0,33400.0
2021011203015580,MFIL,45,33,200,334.0,66800.0
2021011203015549,MLBL,52,56,13,274.0,3562.0
2021011203015548,MLBL,52,36,500,274.0,137000.0
2021011203015547,MLBL,52,42,695,274.0,190430.0
2021011203015546,MLBL,52,25,592,274.0,162208.0
2021011203015497,MLBL,45,21,151,273.0,41223.0
2021011203015496,MLBL,22,21,49,273.0,13377.0
2021011203015184,MLBL,19,34,85,274.0,23290.0
2021011203015328,MLBL,52,33,200,274.0,54800.0
2021011203015327,MLBL,52,34,111,274.0,30414.0
2021011203015227,MLBL,46,34,20,274.0,5480.0
2021011203015210,MLBL,22,42,116,273.0,31668.0
2021011203015449,MLBL,52,56,51,274.0,13974.0
2021011203015448,MLBL,52,6,311,274.0,85214.0
2021011203015443,MLBL,22,17,100,273.0,27300.0
2021011203015407,MLBL,17,6,100,274.0,27400.0
2021011203015330,MLBL,52,6,89,274.0,24386.0
2021011203015329,MLBL,52,58,"1,000",274.0,274000.0
2021011203015452,MLBL,52,25,408,274.0,111792.0
2021011203015451,MLBL,52,34,"1,000",274.0,274000.0
2021011203015450,MLBL,52,32,30,274.0,8220.0
2021011203015648,MMFDB,22,38,100,1325.0,132500.0
2021011203015468,MMFDB,22,39,6,1337.0,8022.0
2021011203015652,MNBBL,6,45,100,373.0,37300.0
2021011203015565,MNBBL,49,33,100,374.0,37400.0
2021011203015499,MNBBL,6,3,100,373.0,37300.0
2021011203015486,MNBBL,6,45,100,373.0,37300.0
2021011203015480,MNBBL,6,17,100,373.0,37300.0
2021011203015335,MNBBL,6,42,100,373.0,37300.0
2021011203015246,MNBBL,25,33,20,374.0,7480.0
2021011203015259,MPFL,51,45,703,170.0,119510.0
2021011203015258,MPFL,10,45,150,170.0,25500.0
2021011203015257,MPFL,26,45,147,170.0,24990.0
2021011203015226,MPFL,8,4,20,171.0,3420.0
2021011203015602,NABBC,39,52,45,830.0,37350.0
2021011203015601,NABBC,39,50,25,829.0,20725.0
2021011203015600,NABBC,39,42,30,829.0,24870.0
2021011203015485,NBF2,8,21,100,9.93,993.0
2021011203015586,NEF,35,36,483,10.35,4999.05
2021011203015585,NEF,35,36,483,10.35,4999.05
2021011203015413,NEF,29,52,300,10.31,3093.0
2021011203015442,NIBLPF,13,17,"8,180",10.66,87198.8
2021011203015441,NIBLPF,34,17,"1,820",10.67,19419.4
2021011203015177,NICGF,43,10,200,10.94,2188.0
2021011203015176,NICGF,47,10,"2,500",10.94,27350.0
2021011203015175,NICGF,47,10,"2,500",10.94,27350.0
2021011203015667,NLIC,34,16,200,2415.0,483000.0
2021011203015666,NLIC,50,16,197,2415.0,475755.0
2021011203015607,NLIC,50,55,20,2415.0,48300.0
2021011203015606,NLIC,50,45,50,2415.0,120750.0
2021011203015605,NLIC,50,34,60,2415.0,144900.0
2021011203015604,NLIC,50,41,48,2415.0,115920.0
2021011203015352,NLIC,50,54,233,2414.0,562462.0
2021011203015271,NLIC,6,57,50,2415.0,120750.0
2021011203015198,NLIC,57,57,25,2415.0,60375.0
2021011203015541,NLIC,22,38,22,2414.0,53108.0
2021011203015507,NLIC,56,41,100,2415.0,241500.0
2021011203015411,NLIC,25,51,10,2414.0,24140.0
2021011203015355,NLIC,34,54,103,2412.0,248436.0
2021011203015354,NLIC,48,54,25,2413.0,60325.0
2021011203015353,NLIC,25,54,329,2413.0,793877.0
2021011203015571,NLIC,21,41,52,2415.0,125580.0
2021011203015570,NLIC,21,52,22,2415.0,53130.0
2021011203015569,NLIC,21,53,50,2415.0,120750.0
2021011203015568,NLIC,21,41,35,2415.0,84525.0
2021011203015567,NLIC,21,46,66,2415.0,159390.0
2021011203015566,NLIC,21,57,75,2415.0,181125.0
2021011203015665,NLICL,56,5,20,1180.0,23600.0
2021011203015664,NLICL,19,5,10,1182.0,11820.0
2021011203015620,NLICL,32,10,200,1180.0,236000.0
2021011203015478,NLICL,48,17,188,1178.0,221464.0
2021011203015477,NLICL,21,17,100,1179.0,117900.0
2021011203015476,NLICL,6,17,125,1179.0,147375.0
2021011203015444,NLICL,39,45,120,1181.0,141720.0
2021011203015384,NLICL,37,45,50,1181.0,59050.0
2021011203015306,NLICL,26,35,100,1181.0,118100.0
2021011203015302,NLICL,28,56,10,1182.0,11820.0
2021011203015250,NLICL,25,56,20,1182.0,23640.0
2021011203015231,NLICL,19,39,25,1183.0,29575.0
2021011203015475,NLICL,49,17,120,1180.0,141600.0
2021011203015474,NLICL,49,17,100,1180.0,118000.0
2021011203015473,NLICL,21,17,10,1180.0,11800.0
2021011203015472,NLICL,21,17,100,1180.0,118000.0
2021011203015471,NLICL,52,17,72,1180.0,84960.0
2021011203015445,NLICL,39,56,50,1181.0,59050.0
2021011203015237,NMB50,47,49,"23,000",10.55,242650.0
2021011203015236,NMB50,47,49,"1,000",10.56,10560.0
2021011203015609,NMBHF1,56,33,416,10.35,4305.6
2021011203015550,NMBMF,22,39,4,1050.0,4200.0
2021011203015197,NMBMF,33,46,50,1043.0,52150.0
2021011203015482,NMFBS,33,22,22,2379.0,52338.0
2021011203015437,NMFBS,33,33,197,2370.0,466890.0
2021011203015436,NMFBS,33,36,50,2361.0,118050.0
2021011203015435,NMFBS,33,36,17,2360.0,40120.0
2021011203015434,NMFBS,33,42,20,2360.0,47200.0
2021011203015433,NMFBS,33,38,16,2360.0,37760.0
2021011203015367,NMFBS,33,22,26,2355.0,61230.0
2021011203015366,NMFBS,33,17,50,2354.0,117700.0
2021011203015432,NMFBS,33,58,50,2359.0,117950.0
2021011203015375,NMFBS,59,13,13,2350.0,30550.0
2021011203015371,NMFBS,33,58,20,2359.0,47180.0
2021011203015370,NMFBS,33,34,26,2358.0,61308.0
2021011203015369,NMFBS,33,36,50,2355.0,117750.0
2021011203015368,NMFBS,33,14,26,2355.0,61230.0
2021011203015663,NRIC,50,3,16,1539.0,24624.0
2021011203015662,NRIC,6,3,170,1539.0,261630.0
2021011203015661,NRIC,6,42,30,1538.0,46140.0
2021011203015625,NRIC,53,42,10,1538.0,15380.0
2021011203015624,NRIC,45,42,50,1538.0,76900.0
2021011203015623,NRIC,32,42,90,1538.0,138420.0
2021011203015262,NRIC,55,36,100,1537.0,153700.0
2021011203015243,NRIC,53,21,10,1537.0,15370.0
2021011203015172,NRIC,53,47,14,1537.0,21518.0
2021011203015171,NRIC,51,47,26,1538.0,39988.0
2021011203015410,NRIC,59,45,50,1538.0,76900.0
2021011203015297,NRIC,45,42,379,1537.0,582523.0
2021011203015296,NRIC,40,42,10,1537.0,15370.0
2021011203015295,NRIC,25,42,50,1537.0,76850.0
2021011203015294,NRIC,53,42,16,1537.0,24592.0
2021011203015268,NRIC,36,3,85,1539.0,130815.0
2021011203015481,NRIC,49,38,100,1538.0,153800.0
2021011203015458,NRIC,45,50,440,1537.0,676280.0
2021011203015457,NRIC,48,50,20,1538.0,30760.0
2021011203015456,NRIC,59,50,60,1538.0,92280.0
2021011203015447,NRIC,59,45,60,1538.0,92280.0
2021011203015440,NRIC,59,38,30,1538.0,46140.0
2021011203015622,NRIC,32,3,10,1538.0,15380.0
2021011203015621,NRIC,57,3,40,1538.0,61520.0
2021011203015543,NRIC,57,32,10,1538.0,15380.0
2021011203015540,NRIC,7,32,30,1538.0,46140.0
2021011203015537,NRIC,7,38,20,1538.0,30760.0
2021011203015536,NRIC,51,38,30,1538.0,46140.0
2021011203015660,NRN,46,3,10,358.0,3580.0
2021011203015576,NRN,46,49,10,358.0,3580.0
2021011203015516,NRN,35,51,10,359.0,3590.0
2021011203015515,NRN,35,46,10,359.0,3590.0
2021011203015514,NRN,35,42,10,359.0,3590.0
2021011203015513,NRN,35,42,10,359.0,3590.0
2021011203015300,NRN,45,42,100,358.0,35800.0
2021011203015280,NRN,22,16,10,358.0,3580.0
2021011203015221,NRN,22,47,10,358.0,3580.0
2021011203015185,NRN,22,50,10,358.0,3580.0
2021011203015170,NRN,22,33,10,358.0,3580.0
2021011203015512,NRN,35,42,10,359.0,3590.0
2021011203015511,NRN,35,49,66,359.0,23694.0
2021011203015465,NRN,46,48,10,358.0,3580.0
2021011203015394,NRN,46,16,10,358.0,3580.0
2021011203015380,NRN,46,49,10,358.0,3580.0
2021011203015301,NRN,46,42,550,358.0,196900.0
2021011203015633,NTC,21,55,50,1255.0,62750.0
2021011203015589,NTC,42,21,200,1254.0,250800.0
2021011203015588,NTC,8,21,50,1254.0,62700.0
2021011203015587,NTC,57,21,50,1255.0,62750.0
2021011203015505,NTC,42,32,21,1255.0,26355.0
2021011203015504,NTC,49,32,50,1255.0,62750.0
2021011203015194,NTC,29,50,75,1255.0,94125.0
2021011203015503,NTC,35,32,20,1255.0,25100.0
2021011203015292,NTC,48,35,75,1257.0,94275.0
2021011203015291,NTC,48,19,75,1254.0,94050.0
2021011203015244,NTC,35,50,95,1255.0,119225.0
2021011203015238,NTC,52,50,10,1255.0,12550.0
2021011203015229,NTC,29,50,25,1255.0,31375.0
2021011203015289,NUBL,38,41,35,1331.0,46585.0
2021011203015256,OHL,48,22,47,472.0,22184.0
2021011203015255,OHL,45,22,10,472.0,4720.0
2021011203015254,OHL,38,22,100,472.0,47200.0
2021011203015619,PFL,53,3,16,197.0,3152.0
2021011203015464,PFL,53,48,301,197.0,59297.0
2021011203015412,PFL,13,32,200,198.0,39600.0
2021011203015650,PLIC,39,25,18,807.0,14526.0
2021011203015649,PLIC,39,48,182,807.0,146874.0
2021011203015634,PLIC,17,3,500,806.0,403000.0
2021011203015534,PLIC,39,48,218,807.0,175926.0
2021011203015533,PLIC,39,55,242,807.0,195294.0
2021011203015510,PLIC,45,55,33,807.0,26631.0
2021011203015249,PLIC,39,35,150,806.0,120900.0
2021011203015409,PLIC,39,55,25,807.0,20175.0
2021011203015408,PLIC,39,59,75,807.0,60525.0
2021011203015365,PLIC,45,35,40,806.0,32240.0
2021011203015364,PLIC,45,43,20,806.0,16120.0
2021011203015363,PLIC,45,35,257,806.0,207142.0
2021011203015304,PLIC,39,35,100,806.0,80600.0
2021011203015483,RLFL,57,37,670,182.0,121940.0
2021011203015383,RLFL,16,37,300,182.0,54600.0
2021011203015261,RLFL,35,37,"4,000",182.0,728000.0
2021011203015224,RLFL,44,37,20,182.0,3640.0
2021011203015223,RLFL,57,37,10,183.0,1830.0
2021011203015579,RLI,40,41,10,632.0,6320.0
2021011203015488,RLI,40,57,100,632.0,63200.0
2021011203015479,RLI,40,51,20,632.0,12640.0
2021011203015381,RLI,35,59,10,632.0,6320.0
2021011203015350,RLI,35,59,10,632.0,6320.0
2021011203015349,RLI,6,59,90,632.0,56880.0
2021011203015334,RLI,6,37,10,632.0,6320.0
2021011203015247,RLI,6,48,10,631.0,6310.0
2021011203015209,RLI,16,37,90,632.0,56880.0
2021011203015208,RLI,16,6,10,632.0,6320.0
2021011203015174,RLI,6,39,108,631.0,68148.0
2021011203015173,RLI,13,39,102,632.0,64464.0
2021011203015274,RMDC,28,35,350,1151.0,402850.0
2021011203015273,RMDC,45,35,50,1151.0,57550.0
2021011203015272,RMDC,53,35,100,1152.0,115200.0
2021011203015659,RSDC,32,44,60,676.0,40560.0
2021011203015654,RSDC,32,41,40,676.0,27040.0
2021011203015635,RSDC,5,45,30,677.0,20310.0
2021011203015608,RSDC,21,4,95,677.0,64315.0
2021011203015389,RSDC,38,4,75,677.0,50775.0
2021011203015388,RSDC,49,4,30,677.0,20310.0
2021011203015343,RSDC,49,45,70,677.0,47390.0
2021011203015342,RSDC,58,45,30,677.0,20310.0
2021011203015298,RSDC,52,52,55,678.0,37290.0
2021011203015275,RSDC,58,45,80,677.0,54160.0
2021011203015222,RSDC,21,52,150,678.0,101700.0
2021011203015196,RSDC,34,52,100,678.0,67800.0
2021011203015657,SABSL,58,57,51,1132.0,57732.0
2021011203015656,SABSL,29,57,19,1132.0,21508.0
2021011203015594,SABSL,32,44,69,1144.0,78936.0
2021011203015593,SABSL,32,22,40,1144.0,45760.0
2021011203015592,SABSL,32,10,30,1143.0,34290.0
2021011203015428,SADBL,36,32,"2,694",204.0,549576.0
2021011203015427,SADBL,36,28,500,204.0,102000.0
2021011203015426,SADBL,36,6,"2,612",204.0,532848.0
2021011203015425,SADBL,36,16,500,204.0,102000.0
2021011203015424,SADBL,36,17,100,204.0,20400.0
2021011203015423,SADBL,36,52,50,204.0,10200.0
2021011203015416,SADBL,36,57,305,204.0,62220.0
2021011203015415,SADBL,36,47,10,204.0,2040.0
2021011203015361,SADBL,39,48,500,203.0,101500.0
2021011203015168,SADBL,44,10,65,202.0,13130.0
2021011203015422,SADBL,36,32,100,204.0,20400.0
2021011203015421,SADBL,36,48,100,204.0,20400.0
2021011203015420,SADBL,36,21,"1,000",204.0,204000.0
2021011203015419,SADBL,36,11,100,204.0,20400.0
2021011203015418,SADBL,36,45,"1,500",204.0,306000.0
2021011203015417,SADBL,36,41,429,204.0,87516.0
2021011203015653,SAEF,45,42,"8,500",11.9,101150.0
2021011203015494,SAEF,21,35,"3,000",11.9,35700.0
2021011203015493,SAEF,21,19,"7,000",11.89,83230.0
2021011203015492,SAEF,21,41,"1,500",11.89,17835.0
2021011203015491,SAEF,21,17,"5,000",11.88,59400.0
2021011203015490,SAEF,21,45,"2,000",11.88,23760.0
2021011203015489,SAEF,21,43,500,11.88,5940.0
2021011203015577,SDLBSL,19,21,100,1179.0,117900.0
2021011203015509,SDLBSL,19,25,95,1178.0,111910.0
2021011203015406,SDLBSL,19,13,10,1175.0,11750.0
2021011203015405,SDLBSL,19,40,94,1175.0,110450.0
2021011203015310,SDLBSL,8,35,10,1170.0,11700.0
2021011203015309,SDLBSL,8,49,10,1169.0,11690.0
2021011203015308,SDLBSL,8,14,10,1168.0,11680.0
2021011203015348,SEF,1,34,500,10.6,5300.0
2021011203015318,SFMF,18,59,"99,000",10.41,1030590.0
2021011203015234,SHINE,57,21,213,254.0,54102.0
2021011203015233,SHINE,54,21,10,254.0,2540.0
2021011203015232,SHINE,57,21,277,254.0,70358.0
2021011203015374,SHL,1,44,188,197.0,37036.0
2021011203015248,SHL,21,22,100,198.0,19800.0
2021011203015183,SKBBL,22,17,54,1491.0,80514.0
2021011203015311,SLBBL,35,16,150,1166.0,174900.0
2021011203015277,SLBBL,35,16,100,1166.0,116600.0
2021011203015276,SLBBL,22,16,50,1166.0,58300.0
2021011203015195,SLBBL,22,48,50,1166.0,58300.0
2021011203015573,SLBSL,29,38,87,1033.0,89871.0
2021011203015572,SLBSL,29,20,13,1030.0,13390.0
2021011203015595,SLICL,21,4,100,736.0,73600.0
2021011203015574,SLICL,21,59,70,736.0,51520.0
2021011203015544,SLICL,29,59,30,736.0,22080.0
2021011203015532,SLICL,49,25,35,735.0,25725.0
2021011203015284,SLICL,49,14,150,735.0,110250.0
2021011203015214,SLICL,6,17,161,737.0,118657.0
2021011203015213,SLICL,6,16,200,737.0,147400.0
2021011203015212,SLICL,6,57,100,736.0,73600.0
2021011203015211,SLICL,6,4,39,736.0,28704.0
2021011203015616,SMFBS,20,57,12,1499.0,17988.0
2021011203015615,SMFBS,20,21,50,1498.0,74900.0
2021011203015614,SMFBS,20,45,200,1497.0,299400.0
2021011203015613,SMFBS,20,53,20,1496.0,29920.0
2021011203015326,SMFBS,42,46,10,1497.0,14970.0
2021011203015252,SNLB,45,38,200,1087.0,217400.0
2021011203015251,SNLB,45,54,100,1087.0,108700.0
2021011203015225,SNLB,34,44,100,1079.0,107900.0
2021011203015180,SNLB,34,17,10,1079.0,10790.0
2021011203015179,SNLB,34,33,50,1079.0,53950.0
2021011203015178,SNLB,34,50,432,1079.0,466128.0
2021011203015617,STC,34,52,10,6850.0,68500.0
2021011203015414,SWBBL,52,44,100,1690.0,169000.0
2021011203015293,SWBBL,42,53,24,1683.0,40392.0
2021011203015286,SWBBL,20,26,202,1684.0,340168.0
2021011203015186,SWBBL,39,26,100,1684.0,168400.0
2021011203015501,USLB,10,38,100,1414.0,141400.0
2021011203015500,USLB,10,38,10,1414.0,14140.0
2021011203015155,ALBSL,38,34,38,1275.0,48450.0
2021011203015154,ALBSL,25,34,20,1279.0,25580.0
2021011203015153,ALBSL,59,34,16,1279.0,20464.0
2021011203014735,ALBSL,38,34,100,1280.0,128000.0
2021011203015163,ALICL,8,25,100,1018.0,101800.0
2021011203015157,ALICL,8,56,200,1018.0,203600.0
2021011203015080,ALICL,8,32,100,1018.0,101800.0
2021011203014882,ALICL,55,50,70,1020.0,71400.0
2021011203014835,ALICL,8,3,20,1018.0,20360.0
2021011203014826,ALICL,56,50,30,1020.0,30600.0
2021011203014715,ALICL,8,51,33,1018.0,33594.0
2021011203014679,ALICL,44,14,500,1020.0,510000.0
2021011203015159,BBC,45,47,20,2750.0,55000.0
2021011203015158,BBC,45,47,10,2751.0,27510.0
2021011203015034,BFC,58,22,100,142.0,14200.0
2021011203015001,CBBL,54,6,80,1238.0,99040.0
2021011203014947,CBBL,6,6,250,1238.0,309500.0
2021011203014931,CBBL,45,6,20,1238.0,24760.0
2021011203014930,CBBL,6,6,250,1238.0,309500.0
2021011203014929,CBBL,58,6,500,1238.0,619000.0
2021011203015070,CFCL,33,14,17,184.0,3128.0
2021011203015069,CFCL,33,45,50,184.0,9200.0
2021011203015068,CFCL,33,46,100,183.0,18300.0
2021011203015067,CFCL,33,46,33,183.0,6039.0
2021011203014921,CFCL,39,46,10,183.0,1830.0
2021011203014905,CFCL,16,46,57,183.0,10431.0
2021011203014904,CFCL,16,34,100,183.0,18300.0
2021011203014903,CFCL,16,52,200,183.0,36600.0
2021011203014902,CFCL,16,45,143,183.0,26169.0
2021011203014742,CFCL,13,13,217,182.0,39494.0
2021011203015121,CIT,44,41,75,3447.0,258525.0
2021011203015081,CIT,19,6,30,3448.0,103440.0
2021011203015061,CIT,44,8,25,3447.0,86175.0
2021011203014730,CIT,22,41,47,3447.0,162009.0
2021011203014714,CIT,40,41,52,3445.0,179140.0
2021011203015161,DDBL,45,6,215,1473.0,316695.0
2021011203015092,DDBL,45,6,45,1473.0,66285.0
2021011203014757,DDBL,38,6,250,1473.0,368250.0
2021011203014741,DDBL,38,6,195,1473.0,287235.0
2021011203014740,DDBL,38,58,25,1472.0,36800.0
2021011203014739,DDBL,38,58,30,1472.0,44160.0
2021011203014858,EDBL,45,58,15,367.0,5505.0
2021011203015145,FMDBL,17,18,25,632.0,15800.0
2021011203015125,FMDBL,17,51,30,632.0,18960.0
2021011203015101,FMDBL,17,38,300,632.0,189600.0
2021011203015100,FMDBL,42,38,200,632.0,126400.0
2021011203014899,FMDBL,17,25,300,635.0,190500.0
2021011203014868,FMDBL,17,34,100,635.0,63500.0
2021011203014808,FMDBL,17,38,50,635.0,31750.0
2021011203014782,FMDBL,17,14,50,632.0,31600.0
2021011203014737,FMDBL,45,52,198,631.0,124938.0
2021011203014736,FMDBL,40,52,52,632.0,32864.0
2021011203014713,FMDBL,40,25,200,632.0,126400.0
2021011203015115,FOWAD,21,58,20,2285.0,45700.0
2021011203015114,FOWAD,40,58,75,2286.0,171450.0
2021011203014954,FOWAD,26,59,100,2290.0,229000.0
2021011203014917,GBBL,59,58,463,324.0,150012.0
2021011203014916,GBBL,34,58,"1,000",324.0,324000.0
2021011203014915,GBBL,34,58,437,324.0,141588.0
2021011203014908,GBBL,44,4,300,325.0,97500.0
2021011203014878,GBBL,49,4,200,325.0,65000.0
2021011203014884,GBLBS,42,39,10,616.0,6160.0
2021011203015134,GLICL,40,16,84,643.0,54012.0
2021011203015133,GLICL,52,16,220,643.0,141460.0
2021011203015132,GLICL,52,16,293,643.0,188399.0
2021011203015131,GLICL,6,16,300,644.0,193200.0
2021011203015120,GLICL,42,37,10,647.0,6470.0
2021011203014997,GLICL,56,46,30,646.0,19380.0
2021011203014723,GLICL,42,44,100,645.0,64500.0
2021011203014722,GLICL,35,44,60,645.0,38700.0
2021011203014721,GLICL,56,44,"1,000",645.0,645000.0
2021011203014720,GLICL,16,44,"1,967",645.0,1268715.0
2021011203014719,GLICL,34,44,32,646.0,20672.0
2021011203014820,GLICL,52,44,241,644.0,155204.0
2021011203014728,GLICL,50,44,"5,000",644.0,3220000.0
2021011203014727,GLICL,41,44,500,644.0,322000.0
2021011203014726,GLICL,56,44,500,644.0,322000.0
2021011203014725,GLICL,34,44,500,644.0,322000.0
2021011203014724,GLICL,35,44,100,644.0,64400.0
2021011203014951,GLICL,52,17,57,643.0,36651.0
2021011203014865,GLICL,52,5,150,643.0,96450.0
2021011203014824,GLICL,52,46,500,646.0,323000.0
2021011203014823,GLICL,52,42,75,646.0,48450.0
2021011203014822,GLICL,52,46,100,645.0,64500.0
2021011203014821,GLICL,52,43,84,645.0,54180.0
2021011203014864,GMFIL,57,6,90,191.0,17190.0
2021011203015011,GRDBL,53,17,50,157.0,7850.0
2021011203014842,GRDBL,53,43,40,157.0,6280.0
2021011203014841,GRDBL,17,43,10,157.0,1570.0
2021011203014765,GRDBL,29,21,100,158.0,15800.0
2021011203015109,GUFL,57,17,100,250.0,25000.0
2021011203014960,GUFL,17,26,137,252.0,34524.0
2021011203014959,GUFL,17,46,80,251.0,20080.0
2021011203014958,GUFL,17,29,92,251.0,23092.0
2021011203014957,GUFL,17,49,29,250.0,7250.0
2021011203014956,GUFL,17,26,162,250.0,40500.0
2021011203014892,GUFL,34,13,200,249.0,49800.0
2021011203014825,GUFL,58,26,150,250.0,37500.0
2021011203014718,GUFL,56,33,312,248.0,77376.0
2021011203014682,GUFL,42,33,500,248.0,124000.0
2021011203015166,HIDCL,49,20,500,273.0,136500.0
2021011203015144,HIDCL,43,38,500,273.0,136500.0
2021011203015103,HIDCL,49,17,31,272.0,8432.0
2021011203015033,HIDCL,21,20,439,273.0,119847.0
2021011203015032,HIDCL,21,43,61,273.0,16653.0
2021011203015028,HIDCL,49,57,22,272.0,5984.0
2021011203014790,HIDCL,4,10,20,273.0,5460.0
2021011203014779,HIDCL,44,59,69,273.0,18837.0
2021011203014758,HIDCL,44,59,100,273.0,27300.0
2021011203014756,HIDCL,49,16,49,272.0,13328.0
2021011203014755,HIDCL,3,16,"1,462",272.0,397664.0
2021011203014979,HIDCL,49,58,50,272.0,13600.0
2021011203014965,HIDCL,6,11,165,273.0,45045.0
2021011203014964,HIDCL,6,50,400,273.0,109200.0
2021011203014963,HIDCL,6,58,50,273.0,13650.0
2021011203014962,HIDCL,6,53,31,273.0,8463.0
2021011203014837,HIDCL,4,53,69,273.0,18837.0
2021011203015136,ICFC,42,49,50,270.0,13500.0
2021011203014909,ICFC,22,25,100,269.0,26900.0
2021011203014898,ICFC,22,36,16,269.0,4304.0
2021011203015140,JBBL,41,50,245,240.0,58800.0
2021011203015139,JBBL,57,50,300,240.0,72000.0
2021011203015138,JBBL,49,50,155,240.0,37200.0
2021011203015118,JBBL,35,49,"3,254",241.0,784214.0
2021011203015117,JBBL,35,40,242,241.0,58322.0
2021011203015104,JBBL,41,40,50,241.0,12050.0
2021011203014693,JBBL,40,29,100,241.0,24100.0
2021011203014683,JBBL,40,13,34,241.0,8194.0
2021011203014681,JBBL,57,37,100,242.0,24200.0
2021011203014745,JBBL,16,39,200,241.0,48200.0
2021011203014744,JBBL,29,39,500,241.0,120500.0
2021011203014743,JBBL,45,39,267,241.0,64347.0
2021011203014704,JBBL,45,25,733,241.0,176653.0
2021011203014703,JBBL,1,25,136,241.0,32776.0
2021011203014702,JBBL,40,25,131,241.0,31571.0
2021011203014793,JBBL,34,43,"2,000",241.0,482000.0
2021011203014792,JBBL,26,43,32,241.0,7712.0
2021011203014791,JBBL,49,43,267,241.0,64347.0
2021011203014749,JBBL,49,41,100,241.0,24100.0
2021011203014747,JBBL,49,39,33,241.0,7953.0
2021011203014746,JBBL,44,39,500,241.0,120500.0
2021011203014876,JBBL,49,56,201,241.0,48441.0
2021011203014875,JBBL,34,56,"1,799",241.0,433559.0
2021011203014846,JBBL,26,37,119,242.0,28798.0
2021011203014845,JBBL,26,45,381,242.0,92202.0
2021011203014838,JBBL,34,40,500,241.0,120500.0
2021011203014794,JBBL,34,43,701,241.0,168941.0
2021011203014937,JBBL,49,42,108,241.0,26028.0
2021011203014934,JBBL,49,32,150,241.0,36150.0
2021011203014925,JBBL,1,46,229,242.0,55418.0
2021011203014924,JBBL,1,37,271,242.0,65582.0
2021011203014923,JBBL,49,16,592,241.0,142672.0
2021011203014922,JBBL,49,16,299,241.0,72059.0
2021011203015014,JBBL,17,49,82,240.0,19680.0
2021011203015013,JBBL,22,49,100,240.0,24000.0
2021011203015012,JBBL,44,49,173,240.0,41520.0
2021011203014994,JBBL,44,57,127,240.0,30480.0
2021011203014993,JBBL,6,57,473,240.0,113520.0
2021011203014938,JBBL,45,42,200,241.0,48200.0
2021011203015020,JBBL,42,49,100,240.0,24000.0
2021011203015019,JBBL,5,49,50,240.0,12000.0
2021011203015018,JBBL,58,49,50,240.0,12000.0
2021011203015017,JBBL,4,49,10,240.0,2400.0
2021011203015016,JBBL,32,49,100,240.0,24000.0
2021011203015015,JBBL,35,49,10,240.0,2400.0
2021011203015027,JBBL,41,42,100,241.0,24100.0
2021011203015025,JBBL,29,49,55,240.0,13200.0
2021011203015024,JBBL,26,49,100,240.0,24000.0
2021011203015023,JBBL,16,49,100,240.0,24000.0
2021011203015022,JBBL,49,49,20,240.0,4800.0
2021011203015021,JBBL,40,49,300,240.0,72000.0
2021011203015050,JBBL,28,19,10,240.0,2400.0
2021011203015049,JBBL,22,19,300,240.0,72000.0
2021011203015048,JBBL,36,19,45,240.0,10800.0
2021011203015045,JBBL,36,34,455,240.0,109200.0
2021011203015044,JBBL,20,34,400,240.0,96000.0
2021011203015043,JBBL,29,34,145,240.0,34800.0
2021011203015057,JBBL,57,40,208,241.0,50128.0
2021011203015056,JBBL,57,29,200,241.0,48200.0
2021011203015055,JBBL,57,42,592,241.0,142672.0
2021011203015053,JBBL,49,19,345,240.0,82800.0
2021011203015052,JBBL,39,19,200,240.0,48000.0
2021011203015051,JBBL,52,19,100,240.0,24000.0
2021011203015119,JFL,47,45,100,251.0,25100.0
2021011203014843,JFL,33,58,100,252.0,25200.0
2021011203014920,JSLBB,43,14,10,2240.0,22400.0
2021011203015097,KRBL,49,39,30,143.0,4290.0
2021011203015096,KRBL,41,39,50,143.0,7150.0
2021011203014712,KRBL,41,41,150,143.0,21450.0
2021011203014711,KRBL,52,41,50,143.0,7150.0
2021011203014710,KRBL,21,41,10,143.0,1430.0
2021011203014709,KRBL,34,41,500,143.0,71500.0
2021011203014708,KRBL,50,41,200,143.0,28600.0
2021011203014707,KRBL,3,41,300,143.0,42900.0
2021011203014706,KRBL,53,41,200,143.0,28600.0
2021011203014705,KRBL,58,41,90,143.0,12870.0
2021011203015085,LBBL,33,14,100,228.0,22800.0
2021011203015084,LBBL,33,25,660,228.0,150480.0
2021011203015083,LBBL,33,14,677,228.0,154356.0
2021011203015082,LBBL,33,41,65,228.0,14820.0
2021011203014692,LBBL,34,22,"1,000",227.0,227000.0
2021011203014691,LBBL,55,22,200,227.0,45400.0
2021011203014819,LBBL,59,34,500,227.0,113500.0
2021011203015165,LICN,55,50,50,2138.0,106900.0
2021011203015031,LICN,38,50,50,2138.0,106900.0
2021011203014939,MDB,53,25,22,341.0,7502.0
2021011203015152,MERO,45,50,625,1025.0,640625.0
2021011203015151,MERO,45,33,150,1025.0,153750.0
2021011203015150,MERO,45,50,43,1025.0,44075.0
2021011203015149,MERO,45,5,225,1024.0,230400.0
2021011203015148,MERO,45,51,100,1023.0,102300.0
2021011203014795,MERO,42,59,176,1020.0,179520.0
2021011203014685,MLBL,22,44,50,273.0,13650.0
2021011203014670,MLBL,22,47,135,273.0,36855.0
2021011203014669,MLBL,52,47,100,273.0,27300.0
2021011203014668,MLBL,52,47,266,273.0,72618.0
2021011203015098,MMFDB,58,41,12,1326.0,15912.0
2021011203015066,MMFDB,19,38,155,1320.0,204600.0
2021011203015065,MMFDB,42,38,45,1321.0,59445.0
2021011203014996,MMFDB,42,38,155,1321.0,204755.0
2021011203014911,MMFDB,14,41,100,1326.0,132600.0
2021011203014910,MMFDB,16,41,160,1327.0,212320.0
2021011203014789,MMFDB,16,57,50,1327.0,66350.0
2021011203015123,MNBBL,6,42,250,373.0,93250.0
2021011203015026,MNBBL,17,33,50,374.0,18700.0
2021011203014955,MNBBL,6,42,100,373.0,37300.0
2021011203014948,MNBBL,16,33,50,374.0,18700.0
2021011203014893,MNBBL,49,33,120,374.0,44880.0
2021011203014886,MNBBL,57,33,20,374.0,7480.0
2021011203014883,MNBBL,6,40,"1,000",373.0,373000.0
2021011203014881,MPFL,43,4,200,171.0,34200.0
2021011203015091,NABBC,44,20,67,815.0,54605.0
2021011203015090,NABBC,58,20,300,820.0,246000.0
2021011203015089,NABBC,49,20,219,820.0,179580.0
2021011203015088,NABBC,38,20,20,825.0,16500.0
2021011203014840,NABBC,55,52,82,830.0,68060.0
2021011203014839,NABBC,55,17,18,824.0,14832.0
2021011203014801,NABBC,49,49,281,820.0,230420.0
2021011203014800,NABBC,5,49,15,820.0,12300.0
2021011203014799,NABBC,4,49,34,820.0,27880.0
2021011203014798,NABBC,13,49,100,821.0,82100.0
2021011203014764,NABBC,45,49,50,825.0,41250.0
2021011203015126,NBF2,53,35,"3,200",9.99,31968.0
2021011203014857,NBF2,43,43,"1,000",10.0,10000.0
2021011203014897,NEF,29,34,"12,414",10.31,127988.34
2021011203014787,NEF,35,34,"37,586",10.31,387511.66
2021011203014750,NEF,35,47,"2,414",10.31,24888.34
2021011203014891,NIBLPF,34,47,"2,525",10.67,26941.75
2021011203015164,NLBBL,28,53,33,1174.0,38742.0
2021011203015010,NLBBL,58,37,256,1168.0,299008.0
2021011203015009,NLBBL,38,37,39,1168.0,45552.0
2021011203015008,NLBBL,45,37,100,1169.0,116900.0
2021011203015000,NLBBL,7,17,101,1173.0,118473.0
2021011203014999,NLBBL,7,10,150,1173.0,175950.0
2021011203014694,NLBBL,52,34,35,1171.0,40985.0
2021011203014998,NLBBL,7,19,10,1173.0,11730.0
2021011203014928,NLBBL,7,6,74,1170.0,86580.0
2021011203014698,NLBBL,52,19,300,1172.0,351600.0
2021011203014697,NLBBL,52,28,100,1171.0,117100.0
2021011203014696,NLBBL,52,6,50,1171.0,58550.0
2021011203014695,NLBBL,52,6,50,1171.0,58550.0
2021011203015142,NLIC,57,43,225,2415.0,543375.0
2021011203015111,NLIC,50,43,10,2414.0,24140.0
2021011203015110,NLIC,44,36,50,2415.0,120750.0
2021011203015102,NLIC,16,22,200,2415.0,483000.0
2021011203015086,NLIC,50,43,215,2414.0,519010.0
2021011203015063,NLIC,50,22,42,2414.0,101388.0
2021011203014752,NLIC,22,57,3,2416.0,7248.0
2021011203014751,NLIC,22,16,22,2416.0,53152.0
2021011203014717,NLIC,22,57,25,2416.0,60400.0
2021011203014678,NLIC,22,57,10,2416.0,24160.0
2021011203014933,NLIC,50,28,500,2415.0,1207500.0
2021011203014890,NLIC,39,47,12,2414.0,28968.0
2021011203014889,NLIC,1,47,10,2415.0,24150.0
2021011203014877,NLIC,54,14,42,2416.0,101472.0
2021011203014754,NLIC,25,52,846,2413.0,2041398.0
2021011203014753,NLIC,34,52,33,2414.0,79662.0
2021011203014953,NLIC,25,38,135,2413.0,325755.0
2021011203014952,NLIC,48,38,15,2414.0,36210.0
2021011203014946,NLIC,48,49,102,2414.0,246228.0
2021011203014945,NLIC,42,49,20,2414.0,48280.0
2021011203014944,NLIC,50,49,40,2414.0,96560.0
2021011203014943,NLIC,39,49,38,2414.0,91732.0
2021011203015042,NLIC,25,42,20,2413.0,48260.0
2021011203015030,NLIC,21,22,10,2416.0,24160.0
2021011203015007,NLIC,21,46,50,2415.0,120750.0
2021011203015006,NLIC,21,21,20,2415.0,48300.0
2021011203015005,NLIC,21,10,100,2414.0,241400.0
2021011203015004,NLIC,25,14,170,2413.0,410210.0
2021011203015129,NLICL,26,39,50,1183.0,59150.0
2021011203015128,NLICL,26,39,50,1183.0,59150.0
2021011203014942,NLICL,20,39,60,1183.0,70980.0
2021011203014941,NLICL,20,39,50,1183.0,59150.0
2021011203014940,NLICL,20,49,381,1183.0,450723.0
2021011203014927,NLICL,55,49,25,1183.0,29575.0
2021011203014700,NLICL,1,5,100,1179.0,117900.0
2021011203014926,NLICL,55,34,25,1182.0,29550.0
2021011203014874,NLICL,52,45,128,1180.0,151040.0
2021011203014828,NLICL,32,45,72,1180.0,84960.0
2021011203014805,NLICL,32,6,128,1180.0,151040.0
2021011203014775,NLICL,38,6,300,1180.0,354000.0
2021011203014701,NLICL,6,5,75,1179.0,88425.0
2021011203014734,NMFBS,59,42,26,2350.0,61100.0
2021011203015160,NRIC,58,3,20,1539.0,30780.0
2021011203015143,NRIC,48,22,40,1537.0,61480.0
2021011203015079,NRIC,56,46,10,1540.0,15400.0
2021011203015078,NRIC,56,50,50,1540.0,77000.0
2021011203015040,NRIC,39,3,100,1537.0,153700.0
2021011203015039,NRIC,58,3,20,1537.0,30740.0
2021011203014677,NRIC,45,58,20,1539.0,30780.0
2021011203014676,NRIC,45,53,200,1539.0,307800.0
2021011203014769,NRIC,25,48,10,1540.0,15400.0
2021011203014768,NRIC,25,14,40,1540.0,61600.0
2021011203014767,NRIC,25,1,30,1540.0,46200.0
2021011203014760,NRIC,25,1,20,1540.0,30800.0
2021011203014759,NRIC,25,41,10,1540.0,15400.0
2021011203014699,NRIC,29,41,50,1540.0,77000.0
2021011203014776,NRIC,14,57,20,1541.0,30820.0
2021011203014774,NRIC,50,7,190,1539.0,292410.0
2021011203014773,NRIC,38,7,30,1539.0,46170.0
2021011203014772,NRIC,45,7,50,1539.0,76950.0
2021011203014771,NRIC,25,7,30,1540.0,46200.0
2021011203014770,NRIC,25,49,50,1540.0,77000.0
2021011203014848,NRIC,50,51,110,1539.0,169290.0
2021011203014847,NRIC,50,51,105,1540.0,161700.0
2021011203014814,NRIC,50,41,55,1540.0,84700.0
2021011203014813,NRIC,47,41,110,1540.0,169400.0
2021011203014781,NRIC,47,57,40,1540.0,61600.0
2021011203014777,NRIC,14,50,480,1541.0,739680.0
2021011203014854,NRIC,39,51,110,1537.0,169070.0
2021011203014853,NRIC,26,51,100,1537.0,153700.0
2021011203014852,NRIC,28,51,300,1537.0,461100.0
2021011203014851,NRIC,36,51,50,1537.0,76850.0
2021011203014850,NRIC,41,51,25,1538.0,38450.0
2021011203014849,NRIC,50,51,200,1539.0,307800.0
2021011203015038,NRIC,42,3,19,1537.0,29203.0
2021011203015037,NRIC,59,3,500,1537.0,768500.0
2021011203015036,NRIC,39,3,10,1537.0,15370.0
2021011203014977,NRIC,39,56,40,1537.0,61480.0
2021011203014932,NRIC,48,50,100,1540.0,154000.0
2021011203014885,NRIC,39,56,40,1537.0,61480.0
2021011203015135,NRN,22,45,10,358.0,3580.0
2021011203015099,NRN,34,39,10,358.0,3580.0
2021011203015054,NRN,34,41,70,358.0,25060.0
2021011203015029,NRN,34,53,10,358.0,3580.0
2021011203014980,NRN,34,42,10,358.0,3580.0
2021011203014936,NRN,22,6,300,358.0,107400.0
2021011203014860,NRN,42,57,10,358.0,3580.0
2021011203014859,NRN,42,32,320,358.0,114560.0
2021011203014935,NRN,42,6,120,358.0,42960.0
2021011203014887,NRN,42,3,10,358.0,3580.0
2021011203014869,NRN,42,42,10,358.0,3580.0
2021011203014863,NRN,42,11,10,358.0,3580.0
2021011203014862,NRN,42,5,10,358.0,3580.0
2021011203014861,NRN,42,49,10,358.0,3580.0
2021011203015162,NTC,10,50,10,1255.0,12550.0
2021011203015156,NTC,52,50,20,1255.0,25100.0
2021011203015146,NTC,26,50,100,1255.0,125500.0
2021011203015130,NTC,58,50,100,1255.0,125500.0
2021011203015127,NTC,10,50,100,1255.0,125500.0
2021011203015002,NTC,57,50,20,1255.0,25100.0
2021011203014785,NTC,58,17,40,1255.0,50200.0
2021011203014784,NTC,16,17,460,1255.0,577300.0
2021011203014783,NTC,57,17,300,1256.0,376800.0
2021011203014748,NTC,16,47,15,1255.0,18825.0
2021011203014966,NTC,48,50,25,1256.0,31400.0
2021011203014919,NTC,48,57,25,1256.0,31400.0
2021011203014918,NTC,34,57,100,1256.0,125600.0
2021011203014831,NTC,42,32,180,1258.0,226440.0
2021011203014830,NTC,42,48,20,1258.0,25160.0
2021011203014786,NTC,7,17,100,1255.0,125500.0
2021011203014972,NTC,43,50,"1,000",1255.0,1255000.0
2021011203014971,NTC,56,50,200,1255.0,251000.0
2021011203014970,NTC,58,50,70,1255.0,87850.0
2021011203014969,NTC,26,50,20,1255.0,25100.0
2021011203014968,NTC,7,50,490,1255.0,614950.0
2021011203014967,NTC,50,50,40,1256.0,50240.0
2021011203014995,NTC,22,50,100,1255.0,125500.0
2021011203014978,NTC,52,50,"1,000",1255.0,1255000.0
2021011203014976,NTC,19,50,500,1255.0,627500.0
2021011203014975,NTC,16,50,100,1255.0,125500.0
2021011203014974,NTC,50,50,100,1255.0,125500.0
2021011203014973,NTC,11,50,300,1255.0,376500.0
2021011203015087,NUBL,35,42,30,1330.0,39900.0
2021011203014803,NUBL,35,5,159,1330.0,211470.0
2021011203014802,NUBL,49,5,741,1330.0,985530.0
2021011203014894,PFL,53,32,500,198.0,99000.0
2021011203014873,PFL,53,32,111,198.0,21978.0
2021011203014872,PFL,53,41,36,198.0,7128.0
2021011203014871,PFL,53,54,100,198.0,19800.0
2021011203014870,PFL,53,49,253,198.0,50094.0
2021011203014836,PFL,53,49,500,198.0,99000.0
2021011203014834,PFL,39,49,10,198.0,1980.0
2021011203014818,PFL,53,49,237,198.0,46926.0
2021011203014817,PFL,53,39,500,198.0,99000.0
2021011203014816,PFL,53,38,27,198.0,5346.0
2021011203014815,PFL,53,3,236,198.0,46728.0
2021011203015095,PLIC,17,21,281,805.0,226205.0
2021011203015094,PLIC,14,21,35,805.0,28175.0
2021011203015093,PLIC,6,21,34,806.0,27404.0
2021011203014807,PLIC,6,47,15,806.0,12090.0
2021011203014806,PLIC,6,42,151,806.0,121706.0
2021011203014763,PLIC,25,42,29,806.0,23374.0
2021011203014762,PLIC,25,49,21,806.0,16926.0
2021011203014780,PROFL,45,29,170,132.0,22440.0
2021011203015141,RLI,13,59,10,632.0,6320.0
2021011203015137,RLI,13,37,100,632.0,63200.0
2021011203015106,RLI,13,37,100,632.0,63200.0
2021011203015046,RLI,13,57,10,632.0,6320.0
2021011203015035,RLI,13,42,10,632.0,6320.0
2021011203014989,RLI,13,6,10,633.0,6330.0
2021011203014797,RLI,6,59,200,631.0,126200.0
2021011203014796,RLI,6,34,60,631.0,37860.0
2021011203014766,RLI,6,6,10,631.0,6310.0
2021011203014761,RLI,6,19,10,631.0,6310.0
2021011203014675,RLI,6,57,10,631.0,6310.0
2021011203014672,RLI,6,49,10,631.0,6310.0
2021011203014895,RLI,6,6,200,631.0,126200.0
2021011203014879,RLI,51,34,52,632.0,32864.0
2021011203014844,RLI,6,58,10,631.0,6310.0
2021011203014833,RLI,6,51,10,631.0,6310.0
2021011203014832,RLI,6,59,10,631.0,6310.0
2021011203014812,RLI,6,56,10,631.0,6310.0
2021011203014982,RLI,13,17,10,632.0,6320.0
2021011203014981,RLI,13,34,238,632.0,150416.0
2021011203014961,RLI,6,3,10,631.0,6310.0
2021011203014907,RLI,6,45,10,631.0,6310.0
2021011203014901,RLI,6,42,10,631.0,6310.0
2021011203014900,RLI,45,34,300,632.0,189600.0
2021011203014988,RLI,13,46,10,633.0,6330.0
2021011203014987,RLI,13,35,10,633.0,6330.0
2021011203014986,RLI,13,32,30,633.0,18990.0
2021011203014985,RLI,13,34,150,633.0,94950.0
2021011203014984,RLI,13,41,20,632.0,12640.0
2021011203014983,RLI,13,50,90,632.0,56880.0
2021011203014913,RMDC,10,34,98,1152.0,112896.0
2021011203014912,RMDC,45,34,50,1155.0,57750.0
2021011203015147,RSDC,34,4,500,678.0,339000.0
2021011203015122,RSDC,19,16,15,679.0,10185.0
2021011203015116,RSDC,38,16,145,679.0,98455.0
2021011203015105,RSDC,38,18,55,679.0,37345.0
2021011203015062,RSDC,40,16,400,680.0,272000.0
2021011203014880,RSDC,34,49,400,678.0,271200.0
2021011203014827,RSDC,58,11,50,677.0,33850.0
2021011203014738,RSDC,13,16,100,680.0,68000.0
2021011203014729,RSDC,58,13,40,677.0,27080.0
2021011203014674,RSDC,58,16,50,680.0,34000.0
2021011203015058,SABSL,3,3,11,1143.0,12573.0
2021011203014809,SABSL,17,33,11,1132.0,12452.0
2021011203014686,SABSL,17,41,11,1132.0,12452.0
2021011203015167,SADBL,37,10,98,202.0,19796.0
2021011203015060,SADBL,16,47,90,204.0,18360.0
2021011203015059,SADBL,16,26,110,204.0,22440.0
2021011203014950,SADBL,34,26,200,203.0,40600.0
2021011203014949,SADBL,34,26,100,203.0,20300.0
2021011203014888,SADBL,34,16,100,203.0,20300.0
2021011203014690,SADBL,39,1,500,203.0,101500.0
2021011203014689,SADBL,39,32,100,203.0,20300.0
2021011203014688,SADBL,39,28,10,203.0,2030.0
2021011203014687,SADBL,39,56,80,203.0,16240.0
2021011203015107,SAEF,21,32,500,11.84,5920.0
2021011203015077,SAPDBL,45,42,100,156.0,15600.0
2021011203014906,SAPDBL,58,21,15,157.0,2355.0
2021011203014733,SDLBSL,19,35,90,1170.0,105300.0
2021011203014732,SDLBSL,19,26,50,1170.0,58500.0
2021011203014731,SDLBSL,19,42,10,1170.0,11700.0
2021011203014716,SDLBSL,19,57,10,1160.0,11600.0
2021011203014867,SFMF,22,59,"1,000",10.41,10410.0
2021011203015076,SHL,1,13,947,197.0,186559.0
2021011203015075,SHL,1,25,100,197.0,19700.0
2021011203015074,SHL,1,19,200,197.0,39400.0
2021011203015073,SHL,1,26,104,196.0,20384.0
2021011203015072,SHL,1,6,140,196.0,27440.0
2021011203015071,SHL,1,57,321,196.0,62916.0
2021011203014680,SIFC,41,42,"1,000",184.0,184000.0
2021011203014992,SINDU,39,22,100,162.0,16200.0
2021011203014991,SINDU,39,26,61,162.0,9882.0
2021011203014811,SINDU,41,26,200,162.0,32400.0
2021011203014810,SINDU,41,47,200,162.0,32400.0
2021011203015047,SLBBL,20,37,14,1165.0,16310.0
2021011203014990,SLBBL,36,37,211,1169.0,246659.0
2021011203015124,SLBSL,42,53,13,1025.0,13325.0
2021011203014856,SLBSL,29,57,30,1030.0,30900.0
2021011203014855,SLBSL,29,5,506,1030.0,521180.0
2021011203015113,SLICL,49,6,200,735.0,147000.0
2021011203015112,SLICL,49,45,90,735.0,66150.0
2021011203014829,SMB,29,50,50,1255.0,62750.0
2021011203014914,SMFBS,41,43,50,1489.0,74450.0
2021011203014788,SNLB,56,17,44,1075.0,47300.0
2021011203014866,STC,34,45,10,6831.0,68310.0
2021011203015108,SWBBL,20,26,50,1684.0,84200.0
2021011203015064,SWBBL,32,26,148,1684.0,249232.0
2021011203015041,SWBBL,49,6,"2,000",1685.0,3370000.0
2021011203015003,SWBBL,32,47,52,1684.0,87568.0
2021011203014896,SWBBL,42,18,300,1683.0,504900.0
2021011203014778,SWBBL,42,18,180,1683.0,302940.0
2021011203014671,TRH,43,34,85,301.0,25585.0
2021011203014804,USLB,10,44,200,1423.0,284600.0
2021011203014684,USLB,10,41,140,1414.0,197960.0
2021011203014673,VLBS,10,47,11,1106.0,12166.0
2021011203014230,ACLBSL,52,45,10,981.0,9810.0
2021011203014464,ALBSL,38,14,10,1304.0,13040.0
2021011203014179,ALBSL,59,28,100,1279.0,127900.0
2021011203014178,ALBSL,59,33,11,1279.0,14069.0
2021011203014177,ALBSL,59,29,38,1275.0,48450.0
2021011203014658,ALICL,38,19,100,1020.0,102000.0
2021011203014657,ALICL,38,38,600,1020.0,612000.0
2021011203014656,ALICL,38,14,100,1020.0,102000.0
2021011203014545,ALICL,58,32,20,1020.0,20400.0
2021011203014435,ALICL,21,41,100,1015.0,101500.0
2021011203014288,ALICL,36,14,200,1020.0,204000.0
2021011203014287,ALICL,36,38,100,1019.0,101900.0
2021011203014278,ALICL,37,41,100,1016.0,101600.0
2021011203014491,BFC,58,4,300,142.0,42600.0
2021011203014649,CIT,40,47,20,3445.0,68900.0
2021011203014640,CIT,41,47,50,3445.0,172250.0
2021011203014606,CIT,41,47,30,3445.0,103350.0
2021011203014317,CIT,55,6,38,3441.0,130758.0
2021011203014175,CIT,57,52,16,3440.0,55040.0
2021011203014174,CIT,57,52,20,3440.0,68800.0
2021011203014173,CIT,3,52,16,3440.0,55040.0
2021011203014408,CMF2,43,7,200,10.06,2012.0
2021011203014286,CORBL,34,13,40,310.0,12400.0
2021011203014171,CORBL,34,6,100,310.0,31000.0
2021011203014637,DDBL,10,26,50,1470.0,73500.0
2021011203014604,DDBL,10,25,30,1470.0,44100.0
2021011203014603,DDBL,13,25,30,1470.0,44100.0
2021011203014362,DDBL,41,16,100,1472.0,147200.0
2021011203014328,DDBL,17,26,20,1472.0,29440.0
2021011203014232,DDBL,13,26,200,1472.0,294400.0
2021011203014202,DDBL,51,26,171,1472.0,251712.0
2021011203014201,DDBL,51,52,100,1472.0,147200.0
2021011203014200,DDBL,51,20,71,1472.0,104512.0
2021011203014199,DDBL,51,26,90,1471.0,132390.0
2021011203014621,FMDBL,40,48,48,632.0,30336.0
2021011203014620,FMDBL,32,48,452,632.0,285664.0
2021011203014619,FMDBL,32,48,145,632.0,91640.0
2021011203014618,FMDBL,56,48,105,632.0,66360.0
2021011203014601,FMDBL,50,11,50,636.0,31800.0
2021011203014600,FMDBL,50,45,50,635.0,31750.0
2021011203014188,FMDBL,52,36,300,641.0,192300.0
2021011203014187,FMDBL,52,6,100,641.0,64100.0
2021011203014186,FMDBL,52,34,100,640.0,64000.0
2021011203014172,FMDBL,17,34,200,640.0,128000.0
2021011203014348,FMDBL,7,29,87,636.0,55332.0
2021011203014326,FMDBL,7,41,13,636.0,8268.0
2021011203014325,FMDBL,28,6,100,637.0,63700.0
2021011203014290,FMDBL,58,6,500,637.0,318500.0
2021011203014283,FMDBL,16,6,20,637.0,12740.0
2021011203014282,FMDBL,34,6,50,638.0,31900.0
2021011203014489,FMDBL,40,6,170,637.0,108290.0
2021011203014427,FMDBL,14,6,310,637.0,197470.0
2021011203014423,FMDBL,13,6,50,637.0,31850.0
2021011203014392,FMDBL,41,6,"1,000",637.0,637000.0
2021011203014350,FMDBL,49,29,48,636.0,30528.0
2021011203014349,FMDBL,40,29,150,636.0,95400.0
2021011203014580,FMDBL,55,43,150,634.0,95100.0
2021011203014572,FMDBL,55,44,50,634.0,31700.0
2021011203014571,FMDBL,44,44,20,634.0,12680.0
2021011203014527,FMDBL,40,36,75,635.0,47625.0
2021011203014495,FMDBL,32,36,411,635.0,260985.0
2021011203014494,FMDBL,35,36,100,636.0,63600.0
2021011203014295,FOWAD,40,47,25,2286.0,57150.0
2021011203014648,GBBL,51,4,10,325.0,3250.0
2021011203014537,GBBL,34,13,70,324.0,22680.0
2021011203014378,GBBL,34,7,180,324.0,58320.0
2021011203014654,GBLBS,22,34,50,620.0,31000.0
2021011203014653,GBLBS,47,34,50,620.0,31000.0
2021011203014540,GBLBS,58,19,10,620.0,6200.0
2021011203014539,GBLBS,33,19,100,620.0,62000.0
2021011203014538,GBLBS,26,19,85,620.0,52700.0
2021011203014502,GBLBS,26,19,15,620.0,9300.0
2021011203014291,GBLBS,47,48,40,622.0,24880.0
2021011203014198,GBLBS,17,10,15,622.0,9330.0
2021011203014501,GBLBS,26,19,185,620.0,114700.0
2021011203014476,GBLBS,26,13,15,620.0,9300.0
2021011203014475,GBLBS,20,13,185,620.0,114700.0
2021011203014402,GBLBS,20,47,15,620.0,9300.0
2021011203014296,GBLBS,41,16,40,622.0,24880.0
2021011203014292,GBLBS,47,16,10,622.0,6220.0
2021011203014655,GILB,16,58,20,1430.0,28600.0
2021011203014554,GILB,34,6,41,1430.0,58630.0
2021011203014425,GILB,34,42,15,1427.0,21405.0
2021011203014396,GLBSL,10,41,139,905.0,125795.0
2021011203014602,GLICL,34,47,18,646.0,11628.0
2021011203014532,GLICL,34,48,50,646.0,32300.0
2021011203014531,GLICL,25,48,150,646.0,96900.0
2021011203014519,GLICL,25,34,50,646.0,32300.0
2021011203014407,GLICL,16,17,33,645.0,21285.0
2021011203014406,GLICL,59,17,100,645.0,64500.0
2021011203014168,GLICL,58,58,250,645.0,161250.0
2021011203014405,GLICL,59,17,99,645.0,63855.0
2021011203014404,GLICL,49,17,68,646.0,43928.0
2021011203014379,GLICL,49,55,100,646.0,64600.0
2021011203014330,GLICL,56,16,168,646.0,108528.0
2021011203014170,GLICL,59,58,401,645.0,258645.0
2021011203014169,GLICL,56,58,50,645.0,32250.0
2021011203014447,GMFBS,56,49,10,1182.0,11820.0
2021011203014616,GUFL,3,33,188,248.0,46624.0
2021011203014615,GUFL,3,56,98,247.0,24206.0
2021011203014614,GUFL,3,1,90,247.0,22230.0
2021011203014613,GUFL,3,46,19,247.0,4693.0
2021011203014612,GUFL,3,58,105,247.0,25935.0
2021011203014329,GUFL,14,58,314,247.0,77558.0
2021011203014321,GUFL,32,52,47,246.0,11562.0
2021011203014320,GUFL,32,17,30,246.0,7380.0
2021011203014284,GUFL,41,17,70,246.0,17220.0
2021011203014208,GUFL,14,26,200,245.0,49000.0
2021011203014207,GUFL,14,26,486,245.0,119070.0
2021011203014631,HIDCL,50,59,80,273.0,21840.0
2021011203014630,HIDCL,32,59,69,273.0,18837.0
2021011203014629,HIDCL,42,59,100,273.0,27300.0
2021011203014628,HIDCL,39,59,730,273.0,199290.0
2021011203014486,HIDCL,39,42,270,273.0,73710.0
2021011203014627,ICFC,51,36,367,269.0,98723.0
2021011203014547,ICFC,51,22,37,269.0,9953.0
2021011203014500,ICFC,51,42,96,269.0,25824.0
2021011203014275,ICFC,44,49,100,270.0,27000.0
2021011203014623,JBBL,34,37,10,242.0,2420.0
2021011203014622,JBBL,34,13,41,242.0,9922.0
2021011203014610,JBBL,6,13,159,242.0,38478.0
2021011203014609,JBBL,6,56,200,242.0,48400.0
2021011203014608,JBBL,6,57,24,242.0,5808.0
2021011203014607,JBBL,6,34,617,242.0,149314.0
2021011203014361,JBBL,50,34,100,241.0,24100.0
2021011203014333,JBBL,47,43,400,241.0,96400.0
2021011203014316,JBBL,47,42,400,241.0,96400.0
2021011203014234,JBBL,28,3,30,242.0,7260.0
2021011203014233,JBBL,28,56,70,242.0,16940.0
2021011203014231,JBBL,10,56,100,242.0,24200.0
2021011203014504,JBBL,49,50,35,241.0,8435.0
2021011203014440,JBBL,16,3,50,242.0,12100.0
2021011203014411,JBBL,11,3,100,242.0,24200.0
2021011203014377,JBBL,49,41,65,241.0,15665.0
2021011203014376,JBBL,1,41,35,241.0,8435.0
2021011203014375,JBBL,50,41,400,241.0,96400.0
2021011203014553,JBBL,51,34,383,242.0,92686.0
2021011203014552,JBBL,51,3,117,242.0,28314.0
2021011203014528,JBBL,40,19,"1,700",241.0,409700.0
2021011203014507,JBBL,40,50,35,241.0,8435.0
2021011203014506,JBBL,16,50,200,241.0,48200.0
2021011203014505,JBBL,16,50,30,241.0,7230.0
2021011203014294,JFL,42,16,290,252.0,73080.0
2021011203014567,JSLBB,43,16,90,2240.0,201600.0
2021011203014566,JSLBB,38,16,10,2241.0,22410.0
2021011203014324,JSLBB,4,34,16,2280.0,36480.0
2021011203014323,JSLBB,4,1,20,2275.0,45500.0
2021011203014229,JSLBB,43,33,100,2260.0,226000.0
2021011203014222,JSLBB,17,33,50,2261.0,113050.0
2021011203014499,KSBBL,34,34,73,237.0,17301.0
2021011203014498,KSBBL,57,34,"1,000",237.0,237000.0
2021011203014497,KSBBL,25,34,500,237.0,118500.0
2021011203014496,KSBBL,38,34,630,237.0,149310.0
2021011203014410,KSBBL,47,17,50,238.0,11900.0
2021011203014570,LBBL,1,41,50,228.0,11400.0
2021011203014513,LBBL,34,39,500,227.0,113500.0
2021011203014488,LBBL,53,41,185,228.0,42180.0
2021011203014479,LBBL,53,41,25,228.0,5700.0
2021011203014478,LBBL,53,44,500,228.0,114000.0
