Transact. No.,Symbol,Buyer,Seller,Quantity,Rate,Amount
2021011003018017,ALBSL,29,57,100,1262.0,126200.0
2021011003017729,ALBSL,37,57,90,1263.0,113670.0
2021011003018176,ALICL,1,28,120,956.0,114720.0
2021011003018067,ALICL,52,45,50,955.0,47750.0
2021011003018066,ALICL,44,45,100,955.0,95500.0
2021011003018065,ALICL,59,45,200,955.0,191000.0
2021011003018064,ALICL,44,45,500,955.0,477500.0
2021011003017947,ALICL,57,28,80,956.0,76480.0
2021011003017946,ALICL,57,5,70,956.0,66920.0
2021011003018106,BFC,47,57,20,140.0,2800.0
2021011003018099,CBBL,43,28,332,1228.0,407696.0
2021011003018098,CBBL,52,28,68,1230.0,83640.0
2021011003018093,CBBL,52,47,32,1230.0,39360.0
2021011003017961,CBBL,45,47,33,1230.0,40590.0
2021011003017960,CBBL,45,34,15,1230.0,18450.0
2021011003017959,CBBL,45,25,52,1230.0,63960.0
2021011003017804,CBBL,45,25,50,1230.0,61500.0
2021011003017967,CFCL,16,16,500,173.0,86500.0
2021011003017924,CFCL,45,1,50,174.0,8700.0
2021011003018072,CLBSL,45,21,55,934.0,51370.0
2021011003018071,CLBSL,25,21,45,934.0,42030.0
2021011003018051,CLBSL,37,43,20,936.0,18720.0
2021011003017807,CLBSL,25,5,35,934.0,32690.0
2021011003017802,CLBSL,25,45,20,934.0,18680.0
2021011003017893,CMF1,43,54,100,10.1,1010.0
2021011003018140,DDBL,55,32,30,1472.0,44160.0
2021011003018097,DDBL,38,32,20,1472.0,29440.0
2021011003018049,DDBL,10,56,67,1470.0,98490.0
2021011003017962,DDBL,17,51,100,1473.0,147300.0
2021011003017877,DDBL,39,51,35,1473.0,51555.0
2021011003017876,DDBL,39,35,65,1472.0,95680.0
2021011003018039,EDBL,50,19,40,360.0,14400.0
2021011003018038,EDBL,39,19,50,360.0,18000.0
2021011003018037,EDBL,50,19,500,360.0,180000.0
2021011003017740,EDBL,41,45,500,361.0,180500.0
2021011003018158,FMDBL,52,35,20,607.0,12140.0
2021011003018157,FMDBL,52,25,130,606.0,78780.0
2021011003017935,FMDBL,25,6,61,606.0,36966.0
2021011003017892,FMDBL,17,35,550,607.0,333850.0
2021011003017836,FMDBL,25,38,39,606.0,23634.0
2021011003017835,FMDBL,3,38,18,606.0,10908.0
2021011003018082,FOWAD,38,45,15,2308.0,34620.0
2021011003018078,FOWAD,38,19,250,2310.0,577500.0
2021011003017917,FOWAD,38,45,64,2308.0,147712.0
2021011003017926,GBLBS,48,36,100,610.0,61000.0
2021011003017878,GBLBS,51,38,185,611.0,113035.0
2021011003017798,GBLBS,55,37,50,610.0,30500.0
2021011003017797,GBLBS,3,37,20,611.0,12220.0
2021011003017806,GFCL,46,55,100,199.0,19900.0
2021011003018178,GILB,57,45,74,1421.0,105154.0
2021011003018011,GILB,47,45,50,1421.0,71050.0
2021011003017731,GILB,57,58,30,1420.0,42600.0
2021011003017945,GLBSL,58,7,10,918.0,9180.0
2021011003017955,GLICL,32,21,200,633.0,126600.0
2021011003018034,GMFBS,53,14,10,1170.0,11700.0
2021011003018033,GMFBS,53,53,10,1170.0,11700.0
2021011003018032,GMFBS,53,57,30,1168.0,35040.0
2021011003017882,GMFBS,17,57,20,1168.0,23360.0
2021011003018128,GRDBL,14,1,17,160.0,2720.0
2021011003017891,GRDBL,6,1,50,160.0,8000.0
2021011003017887,GRDBL,38,1,10,160.0,1600.0
2021011003018081,GUFL,52,48,100,241.0,24100.0
2021011003018084,HIDCL,56,14,34,269.0,9146.0
2021011003018083,HIDCL,56,6,16,268.0,4288.0
2021011003017929,HIDCL,34,5,17,265.0,4505.0
2021011003017928,HIDCL,38,5,14,266.0,3724.0
2021011003017923,HIDCL,56,6,164,268.0,43952.0
2021011003017922,HIDCL,56,13,61,268.0,16348.0
2021011003017921,HIDCL,56,58,18,268.0,4824.0
2021011003017920,HIDCL,56,49,61,268.0,16348.0
2021011003017919,HIDCL,56,34,500,267.0,133500.0
2021011003017918,HIDCL,56,41,16,266.0,4256.0
2021011003017810,HIDCL,38,46,286,266.0,76076.0
2021011003018101,ICFC,47,34,200,263.0,52600.0
2021011003018025,ICFC,25,34,200,264.0,52800.0
2021011003018173,ILBS,41,13,20,1180.0,23600.0
2021011003018029,ILBS,28,13,56,1180.0,66080.0
2021011003018028,ILBS,28,58,11,1180.0,12980.0
2021011003018027,ILBS,28,19,11,1180.0,12980.0
2021011003018026,ILBS,28,56,11,1180.0,12980.0
2021011003018132,JBBL,58,19,"1,000",239.0,239000.0
2021011003018127,JBBL,4,6,293,240.0,70320.0
2021011003018126,JBBL,4,59,200,240.0,48000.0
2021011003018125,JBBL,4,42,339,240.0,81360.0
2021011003018124,JBBL,4,38,100,240.0,24000.0
2021011003018123,JBBL,4,36,68,240.0,16320.0
2021011003017779,JBBL,34,57,90,239.0,21510.0
2021011003017778,JBBL,34,22,22,239.0,5258.0
2021011003017777,JBBL,34,26,190,239.0,45410.0
2021011003017785,JBBL,34,37,19,239.0,4541.0
2021011003017784,JBBL,34,50,300,239.0,71700.0
2021011003017783,JBBL,34,52,"1,229",239.0,293731.0
2021011003017782,JBBL,34,36,100,239.0,23900.0
2021011003017781,JBBL,34,21,200,239.0,47800.0
2021011003017780,JBBL,34,44,100,239.0,23900.0
2021011003017791,JBBL,34,14,150,239.0,35850.0
2021011003017790,JBBL,34,35,200,239.0,47800.0
2021011003017789,JBBL,34,43,500,239.0,119500.0
2021011003017788,JBBL,34,58,100,239.0,23900.0
2021011003017787,JBBL,34,37,19,239.0,4541.0
2021011003017786,JBBL,34,49,50,239.0,11950.0
2021011003017883,JBBL,21,58,377,239.0,90103.0
2021011003017796,JBBL,34,58,123,239.0,29397.0
2021011003017795,JBBL,34,17,"1,000",239.0,239000.0
2021011003017794,JBBL,34,34,308,239.0,73612.0
2021011003017793,JBBL,34,22,200,239.0,47800.0
2021011003017792,JBBL,34,49,100,239.0,23900.0
2021011003017914,JBBL,58,59,77,239.0,18403.0
2021011003017913,JBBL,41,59,100,239.0,23900.0
2021011003017912,JBBL,21,59,23,239.0,5497.0
2021011003017886,JBBL,21,34,"2,000",239.0,478000.0
2021011003017885,JBBL,21,22,100,239.0,23900.0
2021011003017884,JBBL,21,22,200,239.0,47800.0
2021011003018087,JBBL,25,57,200,240.0,48000.0
2021011003018086,JBBL,25,10,50,240.0,12000.0
2021011003018080,JBBL,4,10,100,240.0,24000.0
2021011003018053,JBBL,58,10,100,240.0,24000.0
2021011003018030,JBBL,58,19,"1,000",239.0,239000.0
2021011003018005,JBBL,58,50,10,239.0,2390.0
2021011003018095,JBBL,58,38,"1,500",239.0,358500.0
2021011003018092,JBBL,25,36,32,240.0,7680.0
2021011003018091,JBBL,25,48,48,240.0,11520.0
2021011003018090,JBBL,25,36,100,240.0,24000.0
2021011003018089,JBBL,25,57,70,240.0,16800.0
2021011003018088,JBBL,25,58,500,240.0,120000.0
2021011003018156,JFL,29,32,392,259.0,101528.0
2021011003018155,JFL,29,8,508,258.0,131064.0
2021011003018154,JFL,29,45,100,257.0,25700.0
2021011003018153,JFL,29,57,100,257.0,25700.0
2021011003018152,JFL,29,36,400,256.0,102400.0
2021011003018021,JSLBB,58,44,10,2229.0,22290.0
2021011003017944,JSLBB,58,58,20,2223.0,44460.0
2021011003017943,JSLBB,58,44,40,2213.0,88520.0
2021011003017942,JSLBB,58,41,17,2213.0,37621.0
2021011003017941,JSLBB,58,19,20,2211.0,44220.0
2021011003017860,JSLBB,58,11,12,2210.0,26520.0
2021011003017847,JSLBB,58,26,100,2195.0,219500.0
2021011003017846,JSLBB,58,26,50,2194.0,109700.0
2021011003017845,JSLBB,58,47,62,2193.0,135966.0
2021011003017853,JSLBB,58,41,50,2200.0,110000.0
2021011003017852,JSLBB,58,20,50,2200.0,110000.0
2021011003017851,JSLBB,58,47,30,2200.0,66000.0
2021011003017850,JSLBB,58,37,26,2200.0,57200.0
2021011003017849,JSLBB,58,43,70,2199.0,153930.0
2021011003017848,JSLBB,58,50,30,2195.0,65850.0
2021011003017859,JSLBB,58,32,50,2210.0,110500.0
2021011003017858,JSLBB,58,57,50,2205.0,110250.0
2021011003017857,JSLBB,58,47,30,2203.0,66090.0
2021011003017856,JSLBB,58,16,100,2200.0,220000.0
2021011003017855,JSLBB,58,45,100,2200.0,220000.0
2021011003017854,JSLBB,58,34,40,2200.0,88000.0
2021011003018179,KLBSL,38,58,200,1173.0,234600.0
2021011003018196,KRBL,34,22,42,142.0,5964.0
2021011003018195,KRBL,34,22,500,142.0,71000.0
2021011003018194,KRBL,34,51,20,142.0,2840.0
2021011003018193,KRBL,34,22,500,142.0,71000.0
2021011003018192,KRBL,34,41,"1,000",142.0,142000.0
2021011003018191,KRBL,34,11,295,142.0,41890.0
2021011003018184,KRBL,34,22,500,141.0,70500.0
2021011003018183,KRBL,34,38,358,141.0,50478.0
2021011003017862,KRBL,34,38,20,141.0,2820.0
2021011003018190,KRBL,34,49,300,142.0,42600.0
2021011003018189,KRBL,34,42,111,142.0,15762.0
2021011003018188,KRBL,34,44,200,142.0,28400.0
2021011003018187,KRBL,34,58,40,142.0,5680.0
2021011003018186,KRBL,34,22,196,142.0,27832.0
2021011003018185,KRBL,34,7,337,142.0,47854.0
2021011003018085,KSBBL,17,45,500,228.0,114000.0
2021011003017957,KSBBL,35,45,225,228.0,51300.0
2021011003017940,KSBBL,4,45,202,227.0,45854.0
2021011003017744,KSBBL,29,45,524,228.0,119472.0
2021011003017743,KSBBL,29,56,40,228.0,9120.0
2021011003017742,KSBBL,29,41,"1,436",228.0,327408.0
2021011003018166,LBBL,5,54,200,224.0,44800.0
2021011003018100,LBBL,3,54,200,224.0,44800.0
2021011003017738,LBBL,58,33,100,223.0,22300.0
2021011003017774,LBBL,4,54,"1,000",224.0,224000.0
2021011003018073,LBBL,22,54,100,224.0,22400.0
2021011003018052,LBBL,55,54,30,224.0,6720.0
2021011003017925,LBBL,50,54,200,224.0,44800.0
2021011003017964,LLBS,25,37,56,1351.0,75656.0
2021011003017963,LLBS,38,37,50,1351.0,67550.0
2021011003017725,MERO,16,52,25,1004.0,25100.0
2021011003018165,MFIL,59,55,800,332.0,265600.0
2021011003018009,MFIL,53,33,100,330.0,33000.0
2021011003018004,MFIL,53,56,100,330.0,33000.0
2021011003017809,MFIL,13,55,200,332.0,66400.0
2021011003017953,MLBBL,36,58,10,1313.0,13130.0
2021011003017739,MLBBL,36,55,11,1312.0,14432.0
2021011003018122,MLBL,25,6,100,276.0,27600.0
2021011003018121,MLBL,25,39,"1,161",276.0,320436.0
2021011003018120,MLBL,25,46,400,274.0,109600.0
2021011003018119,MLBL,25,35,200,273.0,54600.0
2021011003018118,MLBL,25,34,285,273.0,77805.0
2021011003018117,MLBL,25,57,150,272.0,40800.0
2021011003017897,MLBL,17,41,100,271.0,27100.0
2021011003017896,MLBL,17,46,200,271.0,54200.0
2021011003017895,MLBL,17,38,300,271.0,81300.0
2021011003017894,MLBL,17,14,100,271.0,27100.0
2021011003018110,MLBL,25,34,500,272.0,136000.0
2021011003018109,MLBL,25,32,150,271.0,40650.0
2021011003017932,MLBL,33,28,100,268.0,26800.0
2021011003017900,MLBL,17,35,100,272.0,27200.0
2021011003017899,MLBL,17,41,100,272.0,27200.0
2021011003017898,MLBL,17,21,100,271.0,27100.0
2021011003018116,MLBL,25,58,50,272.0,13600.0
2021011003018115,MLBL,25,45,400,272.0,108800.0
2021011003018114,MLBL,25,13,500,272.0,136000.0
2021011003018113,MLBL,25,22,150,272.0,40800.0
2021011003018112,MLBL,25,14,500,272.0,136000.0
2021011003018111,MLBL,25,35,100,272.0,27200.0
2021011003018142,MMFDB,34,32,20,1315.0,26300.0
2021011003017980,MMFDB,20,32,73,1315.0,95995.0
2021011003017979,MMFDB,20,10,200,1315.0,263000.0
2021011003017978,MMFDB,20,22,52,1300.0,67600.0
2021011003017977,MMFDB,20,52,100,1295.0,129500.0
2021011003017976,MMFDB,20,43,100,1295.0,129500.0
2021011003017969,MMFDB,20,17,152,1290.0,196080.0
2021011003017968,MMFDB,20,14,581,1290.0,749490.0
2021011003017975,MMFDB,20,3,72,1295.0,93240.0
2021011003017974,MMFDB,20,8,100,1295.0,129500.0
2021011003017973,MMFDB,20,40,10,1290.0,12900.0
2021011003017972,MMFDB,20,32,50,1290.0,64500.0
2021011003017971,MMFDB,20,17,10,1290.0,12900.0
2021011003017970,MMFDB,20,29,200,1290.0,258000.0
2021011003018139,MNBBL,34,59,200,363.0,72600.0
2021011003018105,MNBBL,7,59,72,363.0,26136.0
2021011003018104,MNBBL,7,46,118,363.0,42834.0
2021011003018103,MNBBL,7,42,310,363.0,112530.0
2021011003017734,MNBBL,38,53,"1,170",363.0,424710.0
2021011003017733,MNBBL,38,50,511,363.0,185493.0
2021011003017747,MNBBL,36,42,80,363.0,29040.0
2021011003017746,MNBBL,36,33,70,363.0,25410.0
2021011003017737,MNBBL,38,33,930,363.0,337590.0
2021011003017736,MNBBL,38,58,289,363.0,104907.0
2021011003017735,MNBBL,38,3,100,363.0,36300.0
2021011003017824,MNBBL,1,17,100,361.0,36100.0
2021011003017823,MNBBL,39,17,100,361.0,36100.0
2021011003017822,MNBBL,25,17,410,361.0,148010.0
2021011003017821,MNBBL,45,17,412,362.0,149144.0
2021011003017755,MNBBL,57,42,100,363.0,36300.0
2021011003017830,MNBBL,29,17,"1,641",360.0,590760.0
2021011003017829,MNBBL,48,17,850,361.0,306850.0
2021011003017828,MNBBL,50,17,300,361.0,108300.0
2021011003017827,MNBBL,3,17,200,361.0,72200.0
2021011003017826,MNBBL,51,17,100,361.0,36100.0
2021011003017825,MNBBL,50,17,300,361.0,108300.0
2021011003017879,MNBBL,22,42,10,363.0,3630.0
2021011003017832,MNBBL,52,17,387,360.0,139320.0
2021011003017831,MNBBL,13,17,200,360.0,72000.0
2021011003018138,MPFL,4,32,36,168.0,6048.0
2021011003018137,MPFL,4,32,20,168.0,3360.0
2021011003018136,MPFL,4,35,50,167.0,8350.0
2021011003018135,MPFL,4,21,10,167.0,1670.0
2021011003018134,MPFL,4,32,"1,000",167.0,167000.0
2021011003018133,MPFL,4,4,640,166.0,106240.0
2021011003018048,MPFL,4,58,500,165.0,82500.0
2021011003018047,MPFL,4,21,120,164.0,19680.0
2021011003018046,MPFL,4,32,941,164.0,154324.0
2021011003018045,MPFL,4,18,200,163.0,32600.0
2021011003017954,MPFL,4,1,483,162.0,78246.0
2021011003018151,MSLB,58,41,10,1698.0,16980.0
2021011003018150,MSLB,58,57,31,1698.0,52638.0
2021011003018149,MSLB,58,34,31,1698.0,52638.0
2021011003018148,MSLB,58,34,31,1698.0,52638.0
2021011003018147,MSLB,58,35,50,1698.0,84900.0
2021011003018146,MSLB,58,11,21,1698.0,35658.0
2021011003017771,MSLB,1,54,31,1685.0,52235.0
2021011003017770,MSLB,1,55,21,1685.0,35385.0
2021011003017754,MSLB,1,33,80,1684.0,134720.0
2021011003017983,MSLB,1,45,100,1689.0,168900.0
2021011003017982,MSLB,1,50,31,1688.0,52328.0
2021011003017981,MSLB,1,33,31,1688.0,52328.0
2021011003017927,MSLB,1,43,31,1687.0,52297.0
2021011003017773,MSLB,1,5,10,1687.0,16870.0
2021011003017772,MSLB,1,25,65,1686.0,109590.0
2021011003018145,MSLB,58,5,31,1697.0,52607.0
2021011003018144,MSLB,58,29,21,1695.0,35595.0
2021011003018044,MSLB,58,17,13,1690.0,21970.0
2021011003018043,MSLB,58,56,20,1690.0,33800.0
2021011003017985,MSLB,1,22,31,1689.0,52359.0
2021011003017984,MSLB,1,33,100,1689.0,168900.0
2021011003017948,NEF,17,41,575,10.35,5951.25
2021011003018070,NFS,53,3,130,250.0,32500.0
2021011003018069,NFS,53,8,200,250.0,50000.0
2021011003018068,NFS,53,52,370,250.0,92500.0
2021011003018010,NFS,38,52,68,250.0,17000.0
2021011003017956,NFS,38,52,30,250.0,7500.0
2021011003017776,NFS,22,52,10,250.0,2500.0
2021011003017775,NFS,22,14,90,250.0,22500.0
2021011003017934,NICGF,47,1,"5,000",10.67,53350.0
2021011003018036,NLBBL,58,33,50,1137.0,56850.0
2021011003017801,NLBBL,21,43,20,1137.0,22740.0
2021011003018163,NLIC,21,41,330,2374.0,783420.0
2021011003018162,NLIC,59,41,30,2374.0,71220.0
2021011003018161,NLIC,16,41,40,2374.0,94960.0
2021011003018160,NLIC,56,41,100,2374.0,237400.0
2021011003018143,NLIC,53,57,200,2375.0,475000.0
2021011003018108,NLIC,50,36,301,2373.0,714273.0
2021011003017840,NLIC,45,3,22,2373.0,52206.0
2021011003017839,NLIC,20,3,40,2373.0,94920.0
2021011003017837,NLIC,53,38,80,2374.0,189920.0
2021011003017745,NLIC,17,38,200,2374.0,474800.0
2021011003018107,NLIC,21,36,203,2374.0,481922.0
2021011003018007,NLIC,21,45,25,2374.0,59350.0
2021011003018006,NLIC,21,38,72,2374.0,170928.0
2021011003017931,NLIC,50,25,10,2373.0,23730.0
2021011003017861,NLIC,50,32,300,2373.0,711900.0
2021011003017841,NLIC,50,3,38,2373.0,90174.0
2021011003018076,NLICL,39,57,69,1115.0,76935.0
2021011003018075,NLICL,25,57,60,1115.0,66900.0
2021011003018074,NLICL,37,57,30,1115.0,33450.0
2021011003017930,NLICL,58,34,25,1118.0,27950.0
2021011003017803,NLICL,57,34,20,1118.0,22360.0
2021011003018003,NMBMF,7,8,31,1039.0,32209.0
2021011003018002,NMBMF,7,59,153,1039.0,158967.0
2021011003018001,NMBMF,7,32,16,1038.0,16608.0
2021011003018177,NRIC,28,41,10,1555.0,15550.0
2021011003018175,NRIC,48,25,200,1554.0,310800.0
2021011003018174,NRIC,48,25,100,1554.0,155400.0
2021011003018063,NRIC,58,46,143,1550.0,221650.0
2021011003018062,NRIC,39,46,20,1550.0,31000.0
2021011003018061,NRIC,14,46,50,1550.0,77500.0
2021011003017834,NRIC,8,38,488,1553.0,757864.0
2021011003017752,NRIC,43,38,50,1553.0,77650.0
2021011003017726,NRIC,45,46,38,1552.0,58976.0
2021011003017905,NRIC,5,50,100,1552.0,155200.0
2021011003017904,NRIC,1,50,40,1552.0,62080.0
2021011003017903,NRIC,32,50,100,1552.0,155200.0
2021011003017902,NRIC,52,50,50,1552.0,77600.0
2021011003017901,NRIC,16,50,10,1553.0,15530.0
2021011003017890,NRIC,16,17,40,1553.0,62120.0
2021011003018012,NRIC,44,58,50,1553.0,77650.0
2021011003017910,NRIC,1,50,47,1551.0,72897.0
2021011003017909,NRIC,47,50,100,1551.0,155100.0
2021011003017908,NRIC,40,50,100,1551.0,155100.0
2021011003017907,NRIC,57,50,90,1551.0,139590.0
2021011003017906,NRIC,53,50,38,1552.0,58976.0
2021011003018054,NRIC,52,46,100,1552.0,155200.0
2021011003018040,NRIC,7,45,10,1554.0,15540.0
2021011003018016,NRIC,45,58,77,1550.0,119350.0
2021011003018015,NRIC,5,58,50,1551.0,77550.0
2021011003018014,NRIC,39,58,10,1551.0,15510.0
2021011003018013,NRIC,1,58,53,1551.0,82203.0
2021011003018060,NRIC,1,46,10,1550.0,15500.0
2021011003018059,NRIC,35,46,10,1550.0,15500.0
2021011003018058,NRIC,1,46,10,1550.0,15500.0
2021011003018057,NRIC,40,46,100,1550.0,155000.0
2021011003018056,NRIC,45,46,317,1550.0,491350.0
2021011003018055,NRIC,34,46,40,1552.0,62080.0
2021011003018182,NRN,33,37,300,360.0,108000.0
2021011003017916,NRN,38,37,200,360.0,72000.0
2021011003017911,NRN,45,37,20,360.0,7200.0
2021011003017842,NRN,45,22,10,360.0,3600.0
2021011003018181,NTC,34,40,150,1255.0,188250.0
2021011003018180,NTC,56,40,50,1255.0,62750.0
2021011003018167,NTC,34,48,50,1260.0,63000.0
2021011003018094,NTC,34,48,680,1260.0,856800.0
2021011003018024,NTC,34,33,170,1260.0,214200.0
2021011003018023,NTC,43,33,30,1261.0,37830.0
2021011003017769,NTC,34,52,50,1260.0,63000.0
2021011003017768,NTC,34,20,100,1260.0,126000.0
2021011003018159,NUBL,8,29,80,1311.0,104880.0
2021011003018130,NUBL,55,39,200,1314.0,262800.0
2021011003017939,NUBL,40,53,50,1313.0,65650.0
2021011003017938,NUBL,40,6,310,1313.0,407030.0
2021011003017937,NUBL,40,54,100,1312.0,131200.0
2021011003017936,NUBL,40,58,32,1312.0,41984.0
2021011003017820,NUBL,3,59,25,1310.0,32750.0
2021011003018079,PFL,36,49,300,187.0,56100.0
2021011004000013,PLI,48,42,10,209.0,2090.0
2021011004000012,PLI,48,48,10,209.0,2090.0
2021011004000011,PLI,48,17,10,209.0,2090.0
2021011004000010,PLI,48,37,10,209.0,2090.0
2021011004000009,PLI,48,58,10,209.0,2090.0
2021011004000008,PLI,48,58,10,209.0,2090.0
2021011004000001,PLI,48,17,10,193.0,1930.0
2021011004000007,PLI,48,58,10,206.0,2060.0
2021011004000006,PLI,26,42,10,202.0,2020.0
2021011004000005,PLI,48,35,10,199.0,1990.0
2021011004000004,PLI,35,49,3,199.0,597.0
2021011004000003,PLI,49,49,7,197.0,1379.0
2021011004000002,PLI,48,58,10,196.0,1960.0
2021011003018019,PLIC,5,57,150,769.0,115350.0
2021011003018018,PLIC,5,38,50,768.0,38400.0
2021011003017952,PLIC,5,38,200,768.0,153600.0
2021011003017951,PLIC,34,38,100,768.0,76800.0
2021011003017950,PLIC,6,38,100,768.0,76800.0
2021011003017949,PLIC,37,38,50,768.0,38400.0
2021011003018172,PROFL,21,52,157,133.0,20881.0
2021011003018171,PROFL,21,22,93,132.0,12276.0
2021011003017881,RLFL,59,13,500,172.0,86000.0
2021011003017880,RLFL,52,13,500,172.0,86000.0
2021011003018077,RLI,57,52,10,619.0,6190.0
2021011003018035,RLI,57,55,10,619.0,6190.0
2021011003017863,RLI,22,48,100,620.0,62000.0
2021011003017819,RLI,48,48,200,620.0,124000.0
2021011003017732,RLI,57,17,15,619.0,9285.0
2021011003018020,RMDC,25,45,50,1180.0,59000.0
2021011003018129,RSDC,34,45,50,621.0,31050.0
2021011003017889,RSDC,34,33,112,621.0,69552.0
2021011003017808,RSDC,34,17,112,619.0,69328.0
2021011003018000,SABSL,44,46,119,1122.0,133518.0
2021011003017999,SABSL,44,53,11,1122.0,12342.0
2021011003017998,SABSL,44,42,11,1122.0,12342.0
2021011003017997,SABSL,44,43,22,1121.0,24662.0
2021011003017996,SABSL,44,4,11,1120.0,12320.0
2021011003017995,SABSL,44,4,11,1120.0,12320.0
2021011003017811,SABSL,44,1,11,1114.0,12254.0
2021011003017730,SABSL,16,46,198,1113.0,220374.0
2021011003017988,SABSL,44,8,11,1119.0,12309.0
2021011003017987,SABSL,44,51,24,1119.0,26856.0
2021011003017986,SABSL,44,52,24,1118.0,26832.0
2021011003017814,SABSL,44,17,100,1117.0,111700.0
2021011003017813,SABSL,44,43,11,1116.0,12276.0
2021011003017812,SABSL,44,45,11,1115.0,12265.0
2021011003017994,SABSL,44,21,11,1120.0,12320.0
2021011003017993,SABSL,44,59,33,1120.0,36960.0
2021011003017992,SABSL,44,51,11,1120.0,12320.0
2021011003017991,SABSL,44,50,11,1120.0,12320.0
2021011003017990,SABSL,44,17,80,1119.0,89520.0
2021011003017989,SABSL,44,36,110,1119.0,123090.0
2021011003018164,SADBL,50,37,100,191.0,19100.0
2021011003017915,SADBL,58,57,495,191.0,94545.0
2021011003017844,SADBL,58,50,115,191.0,21965.0
2021011003017843,SADBL,58,17,"1,000",191.0,191000.0
2021011003017818,SADBL,4,50,85,191.0,16235.0
2021011003017817,SADBL,4,53,90,191.0,17190.0
2021011003017748,SADBL,4,19,"1,300",191.0,248300.0
2021011003017741,SADBL,21,5,200,191.0,38200.0
2021011003017758,SADBL,54,17,93,190.0,17670.0
2021011003017757,SADBL,41,17,434,190.0,82460.0
2021011003017753,SADBL,41,14,25,191.0,4775.0
2021011003017751,SADBL,4,14,250,191.0,47750.0
2021011003017750,SADBL,4,46,"1,000",191.0,191000.0
2021011003017749,SADBL,4,5,450,191.0,85950.0
2021011003017816,SADBL,4,51,100,191.0,19100.0
2021011003017815,SADBL,4,14,225,191.0,42975.0
2021011003017762,SADBL,6,17,138,190.0,26220.0
2021011003017761,SADBL,50,17,100,190.0,19000.0
2021011003017760,SADBL,46,17,35,190.0,6650.0
2021011003017759,SADBL,34,17,200,190.0,38000.0
2021011003017765,SAEF,37,17,"3,500",11.65,40775.0
2021011003017764,SAEF,7,17,"3,000",11.66,34980.0
2021011003017763,SAEF,7,17,"3,500",11.66,40810.0
2021011003017756,SAEF,7,40,"2,000",11.66,23320.0
2021011003018141,SAPDBL,20,6,200,149.0,29800.0
2021011003018170,SDLBSL,6,40,10,1115.0,11150.0
2021011003018169,SDLBSL,6,32,10,1113.0,11130.0
2021011003018168,SDLBSL,6,44,50,1110.0,55500.0
2021011003018102,SHINE,50,29,500,248.0,124000.0
2021011003017805,SHINE,21,29,100,248.0,24800.0
2021011003017728,SHINE,54,29,85,248.0,21080.0
2021011003017727,SHINE,4,29,"1,721",248.0,426808.0
2021011003017800,SHL,49,5,"3,093",195.0,603135.0
2021011003017799,SHL,49,57,115,194.0,22310.0
2021011003018008,SINDU,40,22,400,157.0,62800.0
2021011003018031,SKBBL,36,6,100,1457.0,145700.0
2021011003017767,SLBBL,52,48,10,1190.0,11900.0
2021011003017766,SLBBL,52,34,70,1180.0,82600.0
2021011003018096,SLBSL,16,55,25,1031.0,25775.0
2021011003018022,SMFBS,57,56,12,1501.0,18012.0
2021011003017838,SMFBS,38,44,10,1520.0,15200.0
2021011003017933,SMFDB,52,45,100,1048.0,104800.0
2021011003017966,STC,8,7,20,6988.0,139760.0
2021011003017965,STC,8,41,10,6987.0,69870.0
2021011003017833,STC,52,41,20,6987.0,139740.0
2021011003017958,SWBBL,52,34,100,1672.0,167200.0
2021011003018042,TRH,34,59,10,305.0,3050.0
2021011003018041,TRH,34,5,190,305.0,57950.0
2021011003018050,UFL,1,57,490,267.0,130830.0
2021011003017888,UFL,1,52,200,267.0,53400.0
2021011003017875,UFL,1,6,105,267.0,28035.0
2021011003017874,UFL,1,46,200,267.0,53400.0
2021011003017873,UFL,1,47,231,267.0,61677.0
2021011003017872,UFL,1,34,500,267.0,133500.0
2021011003017714,UFL,1,50,990,264.0,261360.0
2021011003017713,UFL,1,41,62,262.0,16244.0
2021011003017712,UFL,1,56,600,262.0,157200.0
2021011003017711,UFL,1,14,100,262.0,26200.0
2021011003017710,UFL,1,28,200,261.0,52200.0
2021011003017720,UFL,1,26,290,265.0,76850.0
2021011003017719,UFL,1,51,500,264.0,132000.0
2021011003017718,UFL,1,54,100,264.0,26400.0
2021011003017717,UFL,1,21,60,264.0,15840.0
2021011003017716,UFL,1,34,100,264.0,26400.0
2021011003017715,UFL,1,52,100,264.0,26400.0
2021011003017865,UFL,1,36,200,266.0,53200.0
2021011003017864,UFL,1,26,"1,000",266.0,266000.0
2021011003017724,UFL,1,58,30,265.0,7950.0
2021011003017723,UFL,1,54,500,265.0,132500.0
2021011003017722,UFL,1,26,100,265.0,26500.0
2021011003017721,UFL,1,14,850,265.0,225250.0
2021011003017871,UFL,1,42,30,267.0,8010.0
2021011003017870,UFL,1,41,200,267.0,53400.0
2021011003017869,UFL,1,29,540,267.0,144180.0
2021011003017868,UFL,1,13,470,267.0,125490.0
2021011003017867,UFL,1,5,100,267.0,26700.0
2021011003017866,UFL,1,7,250,266.0,66500.0
2021011003018131,USLB,32,57,10,1400.0,14000.0
2021011003017613,ALBSL,37,57,100,1263.0,126300.0
2021011003017703,ALICL,45,38,27,957.0,25839.0
2021011003017626,BBC,34,17,50,2760.0,138000.0
2021011003017380,BBC,45,49,50,2758.0,137900.0
2021011003017379,BBC,45,49,20,2758.0,55160.0
2021011003017378,BBC,33,49,50,2762.0,138100.0
2021011003017377,BBC,5,49,10,2781.0,27810.0
2021011003017376,BBC,42,49,50,2785.0,139250.0
2021011003017375,BBC,45,49,10,2790.0,27900.0
2021011003017412,CBBL,34,25,50,1230.0,61500.0
2021011003017250,CBBL,48,25,50,1230.0,61500.0
2021011003017249,CBBL,53,25,100,1230.0,123000.0
2021011003017248,CBBL,17,25,698,1230.0,858540.0
2021011003017530,CFCL,41,1,283,174.0,49242.0
2021011003017701,CIT,11,28,30,3459.0,103770.0
2021011003017327,CIT,6,37,50,3451.0,172550.0
2021011003017234,CIT,36,49,10,3456.0,34560.0
2021011003017529,CLBSL,17,17,13,938.0,12194.0
2021011003017704,DDBL,57,35,35,1472.0,51520.0
2021011003017642,DDBL,57,46,100,1472.0,147200.0
2021011003017641,DDBL,57,38,15,1469.0,22035.0
2021011003017629,DDBL,38,38,50,1469.0,73450.0
2021011003017625,DDBL,47,38,100,1469.0,146900.0
2021011003017624,DDBL,34,38,300,1469.0,440700.0
2021011003017273,DDBL,21,45,17,1470.0,24990.0
2021011003017251,DDBL,34,1,50,1471.0,73550.0
2021011003017541,DDBL,55,17,108,1470.0,158760.0
2021011003017540,DDBL,35,17,50,1470.0,73500.0
2021011003017539,DDBL,40,17,267,1470.0,392490.0
2021011003017514,DDBL,40,57,200,1470.0,294000.0
2021011003017275,DDBL,40,45,33,1470.0,48510.0
2021011003017274,DDBL,21,45,50,1470.0,73500.0
2021011003017623,DDBL,22,38,535,1471.0,786985.0
2021011003017609,DDBL,22,4,10,1471.0,14710.0
2021011003017608,DDBL,22,1,50,1471.0,73550.0
2021011003017607,DDBL,22,17,45,1470.0,66150.0
2021011003017566,DDBL,19,17,10,1470.0,14700.0
2021011003017542,DDBL,34,17,120,1470.0,176400.0
2021011003017590,EDBL,34,59,500,362.0,181000.0
2021011003017350,FMDBL,45,35,100,607.0,60700.0
2021011003017349,FMDBL,17,35,750,607.0,455250.0
2021011003017348,FMDBL,13,35,200,608.0,121600.0
2021011003017347,FMDBL,58,35,10,608.0,6080.0
2021011003017346,FMDBL,56,35,20,608.0,12160.0
2021011003017215,FMDBL,39,1,50,609.0,30450.0
2021011003017416,FOWAD,53,19,50,2310.0,115500.0
2021011003017382,FOWAD,45,33,20,2310.0,46200.0
2021011003017230,FOWAD,45,29,10,2310.0,23100.0
2021011003017698,GBBL,45,11,200,326.0,65200.0
2021011003017697,GBBL,45,14,200,326.0,65200.0
2021011003017696,GBBL,45,59,500,326.0,163000.0
2021011003017596,GBBL,45,16,100,325.0,32500.0
2021011003017595,GBBL,45,50,500,325.0,162500.0
2021011003017538,GBBL,4,34,115,322.0,37030.0
2021011003017217,GBBL,13,58,200,322.0,64400.0
2021011003017216,GBBL,48,58,50,322.0,16100.0
2021011003017393,GBBL,37,41,200,321.0,64200.0
2021011003017392,GBBL,53,41,500,321.0,160500.0
2021011003017372,GBBL,4,4,898,322.0,289156.0
2021011003017371,GBBL,4,19,"1,130",322.0,363860.0
2021011003017370,GBBL,4,58,"1,250",322.0,402500.0
2021011003017295,GBBL,4,19,20,321.0,6420.0
2021011003017452,GBBL,45,38,20,323.0,6460.0
2021011003017451,GBBL,45,35,244,323.0,78812.0
2021011003017450,GBBL,45,49,540,323.0,174420.0
2021011003017431,GBBL,4,25,12,322.0,3864.0
2021011003017430,GBBL,4,4,"3,102",322.0,998844.0
2021011003017394,GBBL,6,41,300,321.0,96300.0
2021011003017458,GBBL,45,6,500,324.0,162000.0
2021011003017457,GBBL,45,42,200,324.0,64800.0
2021011003017456,GBBL,45,1,500,324.0,162000.0
2021011003017455,GBBL,45,16,100,323.0,32300.0
2021011003017454,GBBL,45,40,500,323.0,161500.0
2021011003017453,GBBL,45,58,61,323.0,19703.0
2021011003017464,GBBL,45,37,30,324.0,9720.0
2021011003017463,GBBL,45,41,100,324.0,32400.0
2021011003017462,GBBL,45,20,50,324.0,16200.0
2021011003017461,GBBL,45,13,100,324.0,32400.0
2021011003017460,GBBL,45,48,232,324.0,75168.0
2021011003017459,GBBL,45,34,500,324.0,162000.0
2021011003017470,GBBL,45,52,568,324.0,184032.0
2021011003017469,GBBL,45,13,30,324.0,9720.0
2021011003017468,GBBL,45,39,500,324.0,162000.0
2021011003017467,GBBL,45,14,100,324.0,32400.0
2021011003017466,GBBL,45,45,100,324.0,32400.0
2021011003017465,GBBL,45,14,"1,000",324.0,324000.0
2021011003017476,GBBL,45,4,100,325.0,32500.0
2021011003017475,GBBL,45,42,70,325.0,22750.0
2021011003017474,GBBL,45,45,60,324.0,19440.0
2021011003017473,GBBL,45,17,200,324.0,64800.0
2021011003017472,GBBL,45,51,200,324.0,64800.0
2021011003017471,GBBL,45,17,100,324.0,32400.0
2021011003017482,GBBL,45,4,70,325.0,22750.0
2021011003017481,GBBL,45,43,100,325.0,32500.0
2021011003017480,GBBL,45,6,"1,000",325.0,325000.0
2021011003017479,GBBL,45,46,305,325.0,99125.0
2021011003017478,GBBL,45,51,700,325.0,227500.0
2021011003017477,GBBL,45,56,100,325.0,32500.0
2021011003017488,GBBL,45,32,50,325.0,16250.0
2021011003017487,GBBL,45,57,90,325.0,29250.0
2021011003017486,GBBL,45,43,300,325.0,97500.0
2021011003017485,GBBL,45,49,"1,174",325.0,381550.0
2021011003017484,GBBL,45,46,305,325.0,99125.0
2021011003017483,GBBL,45,17,154,325.0,50050.0
2021011003017494,GBBL,45,51,100,325.0,32500.0
2021011003017493,GBBL,45,42,50,325.0,16250.0
2021011003017492,GBBL,45,41,50,325.0,16250.0
2021011003017491,GBBL,45,55,100,325.0,32500.0
2021011003017490,GBBL,45,44,300,325.0,97500.0
2021011003017489,GBBL,45,21,926,325.0,300950.0
2021011003017500,GBBL,45,41,200,325.0,65000.0
2021011003017499,GBBL,45,57,100,325.0,32500.0
2021011003017498,GBBL,45,13,34,325.0,11050.0
2021011003017497,GBBL,45,19,186,325.0,60450.0
2021011003017496,GBBL,45,25,100,325.0,32500.0
2021011003017495,GBBL,45,25,200,325.0,65000.0
2021011003017537,GBBL,45,34,385,325.0,125125.0
2021011003017507,GBBL,45,52,100,325.0,32500.0
2021011003017504,GBBL,45,1,116,325.0,37700.0
2021011003017503,GBBL,45,14,200,325.0,65000.0
2021011003017502,GBBL,45,22,200,325.0,65000.0
2021011003017501,GBBL,45,41,600,325.0,195000.0
2021011003017428,GBLBS,10,29,180,612.0,110160.0
2021011003017427,GBLBS,10,47,25,612.0,15300.0
2021011003017426,GBLBS,10,36,80,611.0,48880.0
2021011003017425,GBLBS,10,22,15,611.0,9165.0
2021011003017424,GBLBS,10,54,90,611.0,54990.0
2021011003017423,GBLBS,10,44,140,611.0,85540.0
2021011003017422,GBLBS,10,38,100,610.0,61000.0
2021011003017415,GBLBS,26,6,10,609.0,6090.0
2021011003017409,GBLBS,26,52,15,609.0,9135.0
2021011003017680,GLICL,37,41,300,631.0,189300.0
2021011003017631,GLICL,37,40,105,631.0,66255.0
2021011003017622,GLICL,52,45,100,632.0,63200.0
2021011003017612,GLICL,10,39,15,631.0,9465.0
2021011003017586,GLICL,10,48,15,631.0,9465.0
2021011003017449,GLICL,10,22,27,631.0,17037.0
2021011003017448,GLICL,10,37,142,631.0,89602.0
2021011003017304,GLICL,32,58,54,630.0,34020.0
2021011003017294,GLICL,32,6,45,630.0,28350.0
2021011003017227,GLICL,37,37,60,631.0,37860.0
2021011003017218,GLICL,5,37,100,631.0,63100.0
2021011003017708,GRDBL,14,5,50,159.0,7950.0
2021011003017643,GUFL,38,47,10,241.0,2410.0
2021011003017535,GUFL,43,47,10,241.0,2410.0
2021011003017298,GUFL,43,19,660,240.0,158400.0
2021011003017297,GUFL,43,43,374,240.0,89760.0
2021011003017268,GUFL,28,43,26,240.0,6240.0
2021011003017267,GUFL,28,43,150,240.0,36000.0
2021011003017260,GUFL,28,45,50,240.0,12000.0
2021011003017259,GUFL,28,4,49,240.0,11760.0
2021011003017266,GUFL,28,28,45,240.0,10800.0
2021011003017265,GUFL,28,38,200,240.0,48000.0
2021011003017264,GUFL,28,5,30,240.0,7200.0
2021011003017263,GUFL,28,49,300,240.0,72000.0
2021011003017262,GUFL,28,53,100,240.0,24000.0
2021011003017261,GUFL,28,52,50,240.0,12000.0
2021011003017688,HIDCL,33,46,214,266.0,56924.0
2021011003017580,HIDCL,34,43,141,265.0,37365.0
2021011003017579,HIDCL,34,43,"1,000",265.0,265000.0
2021011003017578,HIDCL,34,43,836,265.0,221540.0
2021011003017527,HIDCL,34,49,31,265.0,8215.0
2021011003017341,HIDCL,43,43,100,266.0,26600.0
2021011003017296,HIDCL,32,43,100,266.0,26600.0
2021011003017291,HIDCL,10,43,250,266.0,66500.0
2021011003017253,HIDCL,37,58,233,266.0,61978.0
2021011003017606,JBBL,44,26,310,239.0,74090.0
2021011003017605,JBBL,44,58,300,239.0,71700.0
2021011003017604,JBBL,44,19,850,239.0,203150.0
2021011003017603,JBBL,44,50,"1,500",238.0,357000.0
2021011003017602,JBBL,44,50,500,238.0,119000.0
2021011003017601,JBBL,44,43,200,238.0,47600.0
2021011003017323,JBBL,1,38,"1,000",238.0,238000.0
2021011003017592,JBBL,41,34,250,238.0,59500.0
2021011003017591,JBBL,41,48,120,238.0,28560.0
2021011003017547,JBBL,32,48,680,238.0,161840.0
2021011003017546,JBBL,32,38,320,238.0,76160.0
2021011003017545,JBBL,49,38,80,238.0,19040.0
2021011003017395,JBBL,45,38,100,238.0,23800.0
2021011003017510,JSLBB,58,52,20,2170.0,43400.0
2021011003017509,JSLBB,58,36,93,2170.0,201810.0
2021011003017322,JSLBB,58,36,117,2170.0,253890.0
2021011003017321,JSLBB,58,1,40,2170.0,86800.0
2021011003017320,JSLBB,58,45,43,2170.0,93310.0
2021011003017620,KMCDB,25,44,10,993.0,9930.0
2021011003017619,KMCDB,25,55,10,992.0,9920.0
2021011003017618,KMCDB,25,48,34,990.0,33660.0
2021011003017549,KMCDB,25,48,20,990.0,19800.0
2021011003017429,KMCDB,25,55,20,992.0,19840.0
2021011003017397,KMCDB,25,44,20,993.0,19860.0
2021011003017299,KMCDB,25,39,10,992.0,9920.0
2021011003017687,KRBL,43,34,800,140.0,112000.0
2021011003017686,KRBL,29,34,"2,600",140.0,364000.0
2021011003017516,KRBL,29,57,"1,708",140.0,239120.0
2021011003017515,KRBL,11,57,89,141.0,12549.0
2021011003017339,KRBL,11,16,151,141.0,21291.0
2021011003017683,KSBBL,57,41,564,228.0,128592.0
2021011003017682,KSBBL,57,6,258,228.0,58824.0
2021011003017681,KSBBL,57,34,"1,060",228.0,241680.0
2021011003017572,KSBBL,17,20,192,227.0,43584.0
2021011003017523,KSBBL,17,4,32,227.0,7264.0
2021011003017511,KSBBL,57,4,130,227.0,29510.0
2021011003017508,KSBBL,57,4,32,227.0,7264.0
2021011003017308,KSBBL,57,14,300,227.0,68100.0
2021011003017292,KSBBL,37,34,"2,000",228.0,456000.0
2021011003017695,LBBL,13,54,95,224.0,21280.0
2021011003017694,LBBL,13,56,405,224.0,90720.0
2021011003017640,LBBL,59,56,345,224.0,77280.0
2021011003017639,LBBL,59,44,155,224.0,34720.0
2021011003017634,LBBL,53,44,845,224.0,189280.0
2021011003017633,LBBL,53,25,155,224.0,34720.0
2021011003017576,LBBL,58,39,22,223.0,4906.0
2021011003017575,LBBL,55,39,378,223.0,84294.0
2021011003017532,LBBL,4,25,345,224.0,77280.0
2021011003017531,LBBL,4,44,155,224.0,34720.0
2021011003017565,LICN,59,49,66,2014.0,132924.0
2021011003017564,LICN,59,34,134,2010.0,269340.0
2021011003017522,LLBS,50,37,27,1356.0,36612.0
2021011003017521,LLBS,38,37,173,1356.0,234588.0
2021011003017552,MDB,50,17,216,336.0,72576.0
2021011003017293,MERO,50,58,52,1005.0,52260.0
2021011003017391,MERO,57,3,60,1004.0,60240.0
2021011003017333,MERO,57,59,40,1004.0,40160.0
2021011003017551,MERO,16,52,15,1004.0,15060.0
2021011003017550,MERO,57,52,10,1004.0,10040.0
2021011003017534,MERO,57,22,20,1004.0,20080.0
2021011003017593,MERO,16,3,20,1004.0,20080.0
2021011003017679,MFIL,13,45,200,332.0,66400.0
2021011003017399,MFIL,13,33,100,332.0,33200.0
2021011003017290,MFIL,59,55,375,333.0,124875.0
2021011003017289,MFIL,59,6,10,333.0,3330.0
2021011003017288,MFIL,59,34,180,333.0,59940.0
2021011003017239,MLBBL,45,56,100,1301.0,130100.0
2021011003017238,MLBBL,57,56,100,1304.0,130400.0
2021011003017655,MLBL,25,39,639,271.0,173169.0
2021011003017654,MLBL,25,10,500,271.0,135500.0
2021011003017653,MLBL,25,51,100,271.0,27100.0
2021011003017652,MLBL,25,8,100,270.0,27000.0
2021011003017651,MLBL,25,29,46,270.0,12420.0
2021011003017650,MLBL,25,14,200,270.0,54000.0
2021011003017315,MLBL,25,35,90,268.0,24120.0
2021011003017314,MLBL,25,54,"2,270",268.0,608360.0
2021011003017303,MLBL,45,5,300,267.0,80100.0
2021011003017319,MLBL,25,33,500,268.0,134000.0
2021011003017318,MLBL,25,52,150,268.0,40200.0
2021011003017317,MLBL,25,45,50,268.0,13400.0
2021011003017316,MLBL,25,13,200,268.0,53600.0
2021011003017555,MLBL,35,26,300,269.0,80700.0
2021011003017407,MLBL,21,26,100,269.0,26900.0
2021011003017400,MLBL,50,26,100,269.0,26900.0
2021011003017600,MLBL,3,58,150,269.0,40350.0
2021011003017599,MLBL,3,50,50,269.0,13450.0
2021011003017598,MLBL,3,34,500,269.0,134500.0
2021011003017597,MLBL,3,25,200,269.0,53800.0
2021011003017574,MLBL,33,25,200,269.0,53800.0
2021011003017649,MLBL,25,57,500,270.0,135000.0
2021011003017648,MLBL,25,6,250,270.0,67500.0
2021011003017647,MLBL,25,59,500,270.0,135000.0
2021011003017646,MLBL,25,6,200,270.0,54000.0
2021011003017645,MLBL,25,58,150,269.0,40350.0
2021011003017644,MLBL,25,59,500,269.0,134500.0
2021011003017677,MMFDB,20,14,273,1290.0,352170.0
2021011003017676,MMFDB,20,1,50,1289.0,64450.0
2021011003017675,MMFDB,20,25,20,1288.0,25760.0
2021011003017674,MMFDB,20,59,51,1287.0,65637.0
2021011003017673,MMFDB,20,42,250,1285.0,321250.0
2021011003017672,MMFDB,20,49,13,1285.0,16705.0
2021011003017279,MMFDB,20,33,"1,360",1260.0,1713600.0
2021011003017278,MMFDB,20,33,440,1260.0,554400.0
2021011003017277,MMFDB,20,57,100,1259.0,125900.0
2021011003017559,MMFDB,20,56,250,1268.0,317000.0
2021011003017558,MMFDB,20,22,100,1265.0,126500.0
2021011003017557,MMFDB,20,33,500,1265.0,632500.0
2021011003017556,MMFDB,20,45,20,1265.0,25300.0
2021011003017281,MMFDB,20,45,50,1265.0,63250.0
2021011003017280,MMFDB,20,52,50,1265.0,63250.0
2021011003017659,MMFDB,20,25,72,1270.0,91440.0
2021011003017658,MMFDB,20,42,22,1270.0,27940.0
2021011003017657,MMFDB,20,26,124,1270.0,157480.0
2021011003017562,MMFDB,20,26,580,1270.0,736600.0
2021011003017561,MMFDB,20,56,300,1269.0,380700.0
2021011003017560,MMFDB,20,56,250,1269.0,317250.0
2021011003017665,MMFDB,20,26,100,1280.0,128000.0
2021011003017664,MMFDB,20,22,25,1280.0,32000.0
2021011003017663,MMFDB,20,22,18,1275.0,22950.0
2021011003017662,MMFDB,20,29,100,1272.0,127200.0
2021011003017661,MMFDB,20,16,142,1270.0,180340.0
2021011003017660,MMFDB,20,33,86,1270.0,109220.0
2021011003017671,MMFDB,20,55,248,1285.0,318680.0
2021011003017670,MMFDB,20,11,50,1285.0,64250.0
2021011003017669,MMFDB,20,14,30,1282.0,38460.0
2021011003017668,MMFDB,20,49,200,1281.0,256200.0
2021011003017667,MMFDB,20,3,45,1280.0,57600.0
2021011003017666,MMFDB,20,45,81,1280.0,103680.0
2021011003017685,MNBBL,57,53,500,363.0,181500.0
2021011003017220,MNBBL,45,6,200,363.0,72600.0
2021011003017214,MNBBL,45,46,88,362.0,31856.0
2021011003017213,MNBBL,7,46,500,362.0,181000.0
2021011003017256,MNBBL,7,53,300,363.0,108900.0
2021011003017255,MNBBL,7,4,200,363.0,72600.0
2021011003017245,MNBBL,45,22,200,363.0,72600.0
2021011003017223,MNBBL,45,1,200,363.0,72600.0
2021011003017222,MNBBL,45,28,100,363.0,36300.0
2021011003017221,MNBBL,45,39,500,363.0,181500.0
2021011003017577,MNBBL,22,53,30,363.0,10890.0
2021011003017272,MPFL,46,45,190,159.0,30210.0
2021011003017271,MPFL,49,45,100,159.0,15900.0
2021011003017270,MPFL,57,45,200,159.0,31800.0
2021011003017269,MPFL,48,45,50,160.0,8000.0
2021011003017519,MSMBS,58,39,123,945.0,116235.0
2021011003017518,MSMBS,45,39,200,946.0,189200.0
2021011003017517,MSMBS,38,39,49,948.0,46452.0
2021011003017621,NEF,17,38,713,10.35,7379.55
2021011003017446,NEF,17,45,"17,502",10.35,181145.7
2021011003017445,NEF,17,25,"2,414",10.35,24984.9
2021011003017444,NEF,17,37,"2,414",10.35,24984.9
2021011003017443,NEF,17,53,"2,000",10.35,20700.0
2021011003017442,NEF,17,57,"3,127",10.35,32364.45
2021011003017435,NEF,17,55,"2,414",10.22,24671.08
2021011003017434,NEF,17,42,"2,816",10.22,28779.52
2021011003017433,NEF,17,40,"1,127",10.17,11461.59
2021011003017441,NEF,17,43,"2,414",10.35,24984.9
2021011003017440,NEF,17,45,"1,127",10.3,11608.1
2021011003017439,NEF,17,38,"2,414",10.28,24815.92
2021011003017438,NEF,17,22,"2,414",10.25,24743.5
2021011003017437,NEF,17,41,"2,414",10.25,24743.5
2021011003017436,NEF,17,55,"1,448",10.25,14842.0
2021011003017588,NFS,22,14,10,250.0,2500.0
2021011003017587,NFS,22,49,90,250.0,22500.0
2021011003017233,NFS,53,32,90,248.0,22320.0
2021011003017232,NFS,53,32,40,249.0,9960.0
2021011003017689,NIBSF1,7,35,"2,500",11.65,29125.0
2021011003017707,NLBBL,57,43,15,1138.0,17070.0
2021011003017706,NLBBL,57,21,66,1138.0,75108.0
2021011003017705,NLBBL,57,28,19,1138.0,21622.0
2021011003017410,NLBBL,21,59,30,1137.0,34110.0
2021011003017334,NLBBL,50,28,11,1138.0,12518.0
2021011003017690,NLIC,20,17,20,2373.0,47460.0
2021011003017684,NLIC,20,14,40,2373.0,94920.0
2021011003017656,NLIC,20,29,300,2373.0,711900.0
2021011003017554,NLIC,52,57,20,2372.0,47440.0
2021011003017553,NLIC,52,36,130,2372.0,308360.0
2021011003017544,NLIC,53,36,20,2372.0,47440.0
2021011003017257,NLIC,53,29,50,2372.0,118600.0
2021011003017244,NLIC,58,29,38,2372.0,90136.0
2021011003017243,NLIC,58,29,50,2372.0,118600.0
2021011003017242,NLIC,4,29,44,2373.0,104412.0
2021011003017226,NLIC,4,55,20,2373.0,47460.0
2021011003017447,NLIC,17,36,150,2372.0,355800.0
2021011003017411,NLIC,50,58,20,2371.0,47420.0
2021011003017313,NLIC,50,38,148,2374.0,351352.0
2021011003017312,NLIC,50,29,18,2372.0,42696.0
2021011003017300,NLIC,19,29,50,2372.0,118600.0
2021011003017258,NLIC,36,29,50,2372.0,118600.0
2021011003017627,NLICL,50,55,10,1117.0,11170.0
2021011003017548,NLICL,34,55,100,1117.0,111700.0
2021011003017398,NLICL,22,55,10,1117.0,11170.0
2021011003017276,NLICL,57,55,150,1117.0,167550.0
2021011003017225,NLICL,50,1,170,1117.0,189890.0
2021011003017615,NMBMF,16,32,484,1038.0,502392.0
2021011003017614,NMBMF,16,57,16,1037.0,16592.0
2021011003017700,NRIC,48,36,40,1552.0,62080.0
2021011003017573,NRIC,48,38,350,1553.0,543550.0
2021011003017543,NRIC,21,38,100,1553.0,155300.0
2021011003017536,NRIC,45,58,40,1550.0,62000.0
2021011003017413,NRIC,48,25,25,1552.0,38800.0
2021011003017384,NRIC,35,25,20,1552.0,31040.0
2021011003017351,NRIC,4,3,48,1551.0,74448.0
2021011003017342,NRIC,1,25,50,1552.0,77600.0
2021011003017326,NRIC,48,38,12,1553.0,18636.0
2021011003017302,NRIC,4,50,90,1551.0,139590.0
2021011003017301,NRIC,28,50,10,1552.0,15520.0
2021011003017357,NRIC,37,3,83,1550.0,128650.0
2021011003017356,NRIC,52,3,85,1551.0,131835.0
2021011003017355,NRIC,19,3,50,1551.0,77550.0
2021011003017354,NRIC,58,3,18,1551.0,27918.0
2021011003017353,NRIC,1,3,100,1551.0,155100.0
2021011003017352,NRIC,53,3,70,1551.0,108570.0
2021011003017363,NRIC,35,3,20,1550.0,31000.0
2021011003017362,NRIC,32,3,300,1550.0,465000.0
2021011003017361,NRIC,38,3,20,1550.0,31000.0
2021011003017360,NRIC,37,3,200,1550.0,310000.0
2021011003017359,NRIC,8,3,60,1550.0,93000.0
2021011003017358,NRIC,37,3,200,1550.0,310000.0
2021011003017369,NRIC,45,3,56,1550.0,86800.0
2021011003017368,NRIC,38,3,50,1550.0,77500.0
2021011003017367,NRIC,13,3,10,1550.0,15500.0
2021011003017366,NRIC,46,3,50,1550.0,77500.0
2021011003017365,NRIC,37,3,40,1550.0,62000.0
2021011003017364,NRIC,52,3,40,1550.0,62000.0
2021011003017528,NRN,45,40,10,360.0,3600.0
2021011003017231,NRN,19,1,10,359.0,3590.0
2021011003017585,NTC,34,20,900,1260.0,1134000.0
2021011003017584,NTC,34,41,20,1260.0,25200.0
2021011003017583,NTC,34,25,100,1259.0,125900.0
2021011003017526,NTC,34,38,800,1259.0,1007200.0
2021011003017525,NTC,34,25,363,1255.0,455565.0
2021011003017396,NTC,34,25,137,1262.0,172894.0
2021011003017282,NTC,34,37,425,1254.0,532950.0
2021011003017229,NTC,34,37,620,1254.0,777480.0
2021011003017228,NTC,34,58,380,1250.0,475000.0
2021011003017212,NTC,34,37,155,1254.0,194370.0
2021011003017211,NTC,34,47,330,1253.0,413490.0
2021011003017210,NTC,34,58,150,1252.0,187800.0
2021011003017309,NTC,34,49,50,1250.0,62500.0
2021011003017287,NTC,34,44,95,1260.0,119700.0
2021011003017286,NTC,34,18,50,1260.0,63000.0
2021011003017285,NTC,34,28,10,1258.0,12580.0
2021011003017284,NTC,34,53,100,1258.0,125800.0
2021011003017283,NTC,34,58,320,1255.0,401600.0
2021011003017381,NTC,46,49,10,1250.0,12500.0
2021011003017345,NTC,34,54,45,1261.0,56745.0
2021011003017344,NTC,34,3,500,1260.0,630000.0
2021011003017343,NTC,34,44,455,1260.0,573300.0
2021011003017311,NTC,34,44,450,1260.0,567000.0
2021011003017310,NTC,34,22,500,1259.0,629500.0
2021011003017390,NTC,34,58,110,1262.0,138820.0
2021011003017389,NTC,34,41,20,1262.0,25240.0
2021011003017388,NTC,34,42,80,1262.0,100960.0
2021011003017387,NTC,34,22,137,1262.0,172894.0
2021011003017386,NTC,34,38,61,1262.0,76982.0
2021011003017385,NTC,34,54,455,1261.0,573755.0
2021011003017611,NUBL,56,11,40,1310.0,52400.0
2021011003017610,NUBL,58,11,10,1310.0,13100.0
2021011003017325,NUBL,55,41,10,1309.0,13090.0
2021011003017307,NUBL,34,58,43,1312.0,56416.0
2021011003017306,NUBL,34,40,57,1310.0,74670.0
2021011003017237,NUBL,55,34,90,1309.0,117810.0
2021011003017414,PFL,58,49,10,187.0,1870.0
2021011003017240,PFL,59,57,42,186.0,7812.0
2021011003017432,PLIC,14,45,94,768.0,72192.0
2021011003017324,PLIC,57,45,200,768.0,153600.0
2021011003017421,PROFL,19,29,100,132.0,13200.0
2021011003017305,RLFL,22,58,498,173.0,86154.0
2021011003017236,RLFL,22,38,50,173.0,8650.0
2021011003017224,RLFL,22,52,200,173.0,34600.0
2021011003017693,RLI,57,47,130,619.0,80470.0
2021011003017692,RLI,51,47,200,619.0,123800.0
2021011003017691,RLI,51,47,170,619.0,105230.0
2021011003017594,RLI,51,48,10,619.0,6190.0
2021011003017520,RLI,51,45,10,619.0,6190.0
2021011003017513,RLI,51,36,10,619.0,6190.0
2021011003017329,RLI,55,44,10,619.0,6190.0
2021011003017328,RLI,55,38,10,619.0,6190.0
2021011003017254,RLI,6,48,10,620.0,6200.0
2021011003017241,RLI,55,53,10,619.0,6190.0
2021011003017219,RLI,55,16,10,619.0,6190.0
2021011003017374,RLI,11,1,10,619.0,6190.0
2021011003017338,RLI,11,38,30,619.0,18570.0
2021011003017337,RLI,4,38,20,619.0,12380.0
2021011003017336,RLI,58,38,90,619.0,55710.0
2021011003017335,RLI,55,38,20,619.0,12380.0
2021011003017332,RLI,55,43,10,619.0,6190.0
2021011003017512,RMDC,38,5,10,1184.0,11840.0
2021011003017616,RSDC,34,33,100,621.0,62100.0
2021011003017567,RSDC,52,33,500,621.0,310500.0
2021011003017506,RSDC,41,33,67,621.0,41607.0
2021011003017505,RSDC,41,40,93,620.0,57660.0
2021011003017383,RSDC,34,40,100,620.0,62000.0
2021011003017632,SABSL,22,57,11,1100.0,12100.0
2021011003017589,SABSL,59,16,30,1110.0,33300.0
2021011003017702,SAPDBL,18,6,200,149.0,29800.0
2021011003017638,SAPDBL,18,6,300,149.0,44700.0
2021011003017630,SAPDBL,17,6,75,149.0,11175.0
2021011003017637,SDLBSL,6,40,10,1115.0,11150.0
2021011003017636,SDLBSL,6,59,30,1114.0,33420.0
2021011003017635,SDLBSL,6,38,10,1110.0,11100.0
2021011003017524,SDLBSL,58,6,40,1114.0,44560.0
2021011003017699,SHINE,4,33,279,248.0,69192.0
2021011003017563,SHINE,53,29,10,249.0,2490.0
2021011003017533,SHINE,4,38,"1,000",248.0,248000.0
2021011003017373,SHL,34,44,175,195.0,34125.0
2021011003017235,SINDU,40,10,500,155.0,77500.0
2021011003017340,SLBBL,41,34,430,1180.0,507400.0
2021011003017247,SLBBL,49,48,60,1190.0,71400.0
2021011003017246,SLBBL,49,32,20,1190.0,23800.0
2021011003017628,SLICL,41,39,500,700.0,350000.0
2021011003017252,SLICL,38,1,100,699.0,69900.0
2021011003017571,SMFBS,57,34,277,1501.0,415777.0
2021011003017570,SMFBS,49,34,24,1501.0,36024.0
2021011003017569,SMFBS,34,34,100,1502.0,150200.0
2021011003017568,SMFBS,6,34,100,1503.0,150300.0
2021011003017406,SMFDB,41,57,70,1045.0,73150.0
2021011003017405,SMFDB,41,44,90,1043.0,93870.0
2021011003017404,SMFDB,41,28,300,1043.0,312900.0
2021011003017403,SMFDB,41,59,283,1042.0,294886.0
2021011003017402,SMFDB,41,25,100,1041.0,104100.0
2021011003017401,SMFDB,41,28,100,1040.0,104000.0
2021011003017617,SNLB,56,32,252,1070.0,269640.0
2021011003017582,SNLB,56,34,500,1069.0,534500.0
2021011003017581,SNLB,56,22,130,1068.0,138840.0
2021011003017709,STC,38,6,10,6955.0,69550.0
2021011003017408,STC,33,6,10,6956.0,69560.0
2021011003017331,STC,49,7,10,6988.0,69880.0
2021011003017330,STC,49,49,10,6965.0,69650.0
2021011003017678,UFL,1,37,500,260.0,130000.0
2021011003017420,USLB,41,57,68,1400.0,95200.0
2021011003017419,USLB,41,45,22,1399.0,30778.0
2021011003017418,USLB,41,22,10,1397.0,13970.0
2021011003017417,USLB,41,56,100,1397.0,139700.0
2021011003017019,ACLBSL,26,49,20,811.0,16220.0
2021011003017168,ALBSL,45,36,11,1265.0,13915.0
2021011003017080,ALBSL,5,57,50,1259.0,62950.0
2021011003017079,ALBSL,17,57,50,1259.0,62950.0
2021011003017078,ALBSL,34,57,10,1259.0,12590.0
2021011003016904,ALBSL,22,57,44,1260.0,55440.0
2021011003016861,ALBSL,34,57,156,1260.0,196560.0
2021011003016852,ALBSL,22,6,10,1262.0,12620.0
2021011003016851,ALBSL,22,1,92,1261.0,116012.0
2021011003016769,ALBSL,34,20,100,1260.0,126000.0
2021011003016909,ALICL,58,38,257,957.0,245949.0
2021011003016774,ALICL,11,38,300,957.0,287100.0
2021011003016768,ALICL,45,11,33,956.0,31548.0
2021011003016767,ALICL,48,11,115,956.0,109940.0
2021011003016952,CBBL,17,47,93,1230.0,114390.0
2021011003016951,CBBL,16,47,10,1230.0,12300.0
2021011003016950,CBBL,52,47,100,1230.0,123000.0
2021011003016949,CBBL,17,47,927,1230.0,1140210.0
2021011003016948,CBBL,28,47,300,1231.0,369300.0
2021011003016947,CBBL,16,47,20,1231.0,24620.0
2021011003016726,CBBL,43,28,200,1234.0,246800.0
2021011003016725,CBBL,43,49,70,1234.0,86380.0
2021011003016946,CBBL,45,47,50,1232.0,61600.0
2021011003016761,CBBL,43,50,100,1235.0,123500.0
2021011003016760,CBBL,43,43,20,1235.0,24700.0
2021011003016759,CBBL,43,38,10,1235.0,12350.0
2021011003016758,CBBL,43,17,100,1235.0,123500.0
2021011003016757,CBBL,43,6,150,1235.0,185250.0
2021011003017027,CIT,58,51,10,3451.0,34510.0
2021011003016750,CLBSL,58,17,50,938.0,46900.0
2021011003017095,CMF2,29,19,100,10.0,1000.0
2021011003017094,CMF2,29,58,100,10.0,1000.0
2021011003017093,CMF2,29,49,300,9.95,2985.0
2021011003017197,DDBL,22,32,760,1471.0,1117960.0
2021011003017148,DDBL,49,57,300,1471.0,441300.0
2021011003016953,DDBL,49,57,100,1471.0,147100.0
2021011003016895,DDBL,21,32,83,1470.0,122010.0
2021011003016894,DDBL,20,32,67,1471.0,98557.0
2021011003016843,DDBL,20,55,33,1471.0,48543.0
2021011003017085,GBBL,34,35,50,323.0,16150.0
2021011003016882,GBBL,4,20,"1,183",321.0,379743.0
2021011003016881,GBBL,45,20,500,322.0,161000.0
2021011003016880,GBBL,14,20,500,322.0,161000.0
2021011003016879,GBBL,39,20,817,322.0,263074.0
2021011003016812,GBLBS,11,44,50,611.0,30550.0
2021011003016753,GFCL,38,35,50,200.0,10000.0
2021011003017058,GLICL,11,37,198,631.0,124938.0
2021011003017056,GLICL,11,45,66,631.0,41646.0
2021011003017008,GLICL,11,48,"1,666",631.0,1051246.0
2021011003016905,GLICL,11,11,70,631.0,44170.0
2021011003016862,GLICL,53,11,95,631.0,59945.0
2021011003016731,GLICL,53,55,111,631.0,70041.0
2021011003017183,GMFBS,53,45,69,1170.0,80730.0
2021011003017182,GMFBS,53,46,20,1170.0,23400.0
2021011003017181,GMFBS,53,44,435,1170.0,508950.0
2021011003017180,GMFBS,53,4,10,1169.0,11690.0
2021011003017179,GMFBS,53,11,40,1169.0,46760.0
2021011003017178,GMFBS,53,1,56,1168.0,65408.0
2021011003016998,GMFBS,48,11,10,1145.0,11450.0
2021011003017037,GMFBS,53,8,100,1160.0,116000.0
2021011003017036,GMFBS,53,13,50,1160.0,58000.0
2021011003017035,GMFBS,53,11,50,1159.0,57950.0
2021011003017034,GMFBS,53,25,80,1159.0,92720.0
2021011003017033,GMFBS,53,11,80,1158.0,92640.0
2021011003016999,GMFBS,26,11,10,1145.0,11450.0
2021011003017177,GMFBS,53,14,10,1167.0,11670.0
2021011003017176,GMFBS,53,42,50,1165.0,58250.0
2021011003017175,GMFBS,53,28,10,1165.0,11650.0
2021011003017040,GMFBS,53,35,40,1163.0,46520.0
2021011003017039,GMFBS,53,34,10,1162.0,11620.0
2021011003017038,GMFBS,53,57,40,1162.0,46480.0
2021011003016814,GMFIL,56,25,200,192.0,38400.0
2021011003016813,GMFIL,13,25,100,192.0,19200.0
2021011003016766,GRDBL,14,14,100,159.0,15900.0
2021011003016765,GRDBL,14,52,225,159.0,35775.0
2021011003017195,GUFL,49,41,490,239.0,117110.0
2021011003017194,GUFL,43,41,10,239.0,2390.0
2021011003017204,HIDCL,34,47,13,265.0,3445.0
2021011003017112,HIDCL,37,58,40,266.0,10640.0
2021011003017071,HIDCL,46,58,62,266.0,16492.0
2021011003017070,HIDCL,46,6,199,266.0,52934.0
2021011003017069,HIDCL,46,41,39,266.0,10374.0
2021011003016903,HIDCL,6,41,370,266.0,98420.0
2021011003016733,HIDCL,46,6,200,266.0,53200.0
2021011003016856,HIDCL,50,6,200,265.0,53000.0
2021011003016855,HIDCL,20,6,"1,000",265.0,265000.0
2021011003016854,HIDCL,50,6,63,265.0,16695.0
2021011003016853,HIDCL,37,6,500,265.0,132500.0
2021011003016752,HIDCL,50,5,13,265.0,3445.0
2021011003016751,HIDCL,22,5,18,265.0,4770.0
2021011003016900,HIDCL,52,41,300,266.0,79800.0
2021011003016869,HIDCL,34,22,13,265.0,3445.0
2021011003016860,HIDCL,34,6,107,265.0,28355.0
2021011003016859,HIDCL,34,6,"1,000",265.0,265000.0
2021011003016858,HIDCL,45,6,10,265.0,2650.0
2021011003016857,HIDCL,45,6,10,265.0,2650.0
2021011003017001,ICFC,22,34,100,264.0,26400.0
2021011003017120,ILBS,28,34,28,1180.0,33040.0
2021011003017119,ILBS,28,37,100,1180.0,118000.0
2021011003017118,ILBS,28,55,47,1180.0,55460.0
2021011003017117,ILBS,28,1,11,1179.0,12969.0
2021011003017116,ILBS,28,38,11,1175.0,12925.0
2021011003017115,ILBS,28,17,15,1175.0,17625.0
2021011003017114,ILBS,28,11,100,1174.0,117400.0
2021011003017166,JBBL,1,38,500,238.0,119000.0
2021011003017092,JBBL,34,50,200,238.0,47600.0
2021011003017075,JBBL,52,50,299,238.0,71162.0
2021011003017074,JBBL,52,50,300,238.0,71400.0
2021011003017073,JBBL,52,44,113,238.0,26894.0
2021011003017072,JBBL,52,51,288,238.0,68544.0
2021011003016715,JBBL,45,26,200,238.0,47600.0
2021011003016714,JBBL,45,57,100,238.0,23800.0
2021011003016713,JBBL,45,17,111,238.0,26418.0
2021011003016712,JBBL,45,1,200,238.0,47600.0
2021011003016711,JBBL,45,7,425,238.0,101150.0
2021011003016710,JBBL,45,34,"1,000",238.0,238000.0
2021011003016721,JBBL,45,14,30,238.0,7140.0
2021011003016720,JBBL,45,35,10,238.0,2380.0
2021011003016719,JBBL,45,58,25,238.0,5950.0
2021011003016718,JBBL,45,50,10,238.0,2380.0
2021011003016717,JBBL,45,17,500,238.0,119000.0
2021011003016716,JBBL,45,11,300,238.0,71400.0
2021011003017044,JBBL,44,43,300,238.0,71400.0
2021011003017043,JBBL,44,29,700,238.0,166600.0
2021011003016816,JBBL,43,29,100,238.0,23800.0
2021011003016724,JBBL,45,29,616,238.0,146608.0
2021011003016723,JBBL,45,42,27,238.0,6426.0
2021011003016722,JBBL,45,45,100,238.0,23800.0
2021011003017052,JBBL,52,51,712,238.0,169456.0
2021011003017051,JBBL,52,17,"1,000",238.0,238000.0
2021011003017050,JBBL,52,29,50,238.0,11900.0
2021011003017049,JBBL,52,41,88,238.0,20944.0
2021011003017048,JBBL,52,50,500,238.0,119000.0
2021011003017047,JBBL,52,43,150,238.0,35700.0
2021011003016808,JFL,29,36,600,256.0,153600.0
2021011003017171,JSLBB,58,45,31,2170.0,67270.0
2021011003017170,JSLBB,58,17,19,2162.0,41078.0
2021011003016887,JSLBB,58,17,346,2162.0,748052.0
2021011003016886,JSLBB,58,11,100,2161.0,216100.0
2021011003016885,JSLBB,58,57,250,2160.0,540000.0
2021011003016884,JSLBB,58,44,94,2160.0,203040.0
2021011003016883,JSLBB,58,19,10,2159.0,21590.0
2021011003017169,KMCDB,25,5,20,994.0,19880.0
2021011003017053,KMCDB,44,58,10,983.0,9830.0
2021011003017016,KMCDB,25,5,10,994.0,9940.0
2021011003016958,KMCDB,44,33,10,983.0,9830.0
2021011003017091,KRBL,11,34,250,141.0,35250.0
2021011003017090,KRBL,11,51,10,141.0,1410.0
2021011003017158,KSBBL,57,41,38,227.0,8626.0
2021011003017003,KSBBL,41,41,60,227.0,13620.0
2021011003017002,KSBBL,39,41,82,227.0,18614.0
2021011003016870,KSBBL,41,34,50,228.0,11400.0
2021011003016810,KSBBL,39,1,100,227.0,22700.0
2021011003016730,KSBBL,39,41,200,227.0,45400.0
2021011003016815,LBBL,55,10,200,223.0,44600.0
2021011003016864,LICN,57,49,100,2014.0,201400.0
2021011003016744,LICN,7,53,200,2010.0,402000.0
2021011003016743,LICN,7,38,100,2010.0,201000.0
2021011003016892,MDB,16,55,50,337.0,16850.0
2021011003017013,MERO,57,57,50,1004.0,50200.0
2021011003016849,MERO,44,58,30,1005.0,30150.0
2021011003016848,MERO,45,58,135,1005.0,135675.0
2021011003016847,MERO,50,58,200,1006.0,201200.0
2021011003016846,MERO,34,58,"1,000",1006.0,1006000.0
2021011003016845,MERO,34,58,176,1006.0,177056.0
2021011003016844,MERO,16,58,407,1007.0,409849.0
2021011003016868,MFIL,59,28,59,332.0,19588.0
2021011003016997,MLBBL,6,7,100,1305.0,130500.0
2021011003016996,MLBBL,45,7,100,1305.0,130500.0
2021011003016747,MLBBL,59,6,40,1311.0,52440.0
2021011003017111,MLBL,45,38,500,267.0,133500.0
2021011003016791,MLBL,45,36,"1,050",265.0,278250.0
2021011003017089,MMFDB,45,33,60,1260.0,75600.0
2021011003017088,MMFDB,45,39,40,1260.0,50400.0
2021011003017143,MNBBL,51,59,30,362.0,10860.0
2021011003017142,MNBBL,51,59,100,362.0,36200.0
2021011003017141,MNBBL,51,16,100,362.0,36200.0
2021011003017140,MNBBL,51,49,972,362.0,351864.0
2021011003017139,MNBBL,51,37,500,362.0,181000.0
2021011003017138,MNBBL,51,26,200,362.0,72400.0
2021011003016945,MNBBL,51,20,50,362.0,18100.0
2021011003016944,MNBBL,51,17,100,362.0,36200.0
2021011003016896,MNBBL,29,26,300,362.0,108600.0
2021011003016762,MNBBL,25,11,13,361.0,4693.0
2021011003017125,MNBBL,51,34,100,362.0,36200.0
2021011003017124,MNBBL,51,22,110,362.0,39820.0
2021011003017123,MNBBL,51,25,50,362.0,18100.0
2021011003017122,MNBBL,51,53,300,362.0,108600.0
2021011003017113,MNBBL,25,50,50,361.0,18050.0
2021011003017004,MNBBL,4,1,200,362.0,72400.0
2021011003017131,MNBBL,51,1,143,362.0,51766.0
2021011003017130,MNBBL,51,26,100,362.0,36200.0
2021011003017129,MNBBL,51,22,200,362.0,72400.0
2021011003017128,MNBBL,51,58,280,362.0,101360.0
2021011003017127,MNBBL,51,49,175,362.0,63350.0
2021011003017126,MNBBL,51,11,13,362.0,4706.0
2021011003017137,MNBBL,51,3,100,362.0,36200.0
2021011003017136,MNBBL,51,34,20,362.0,7240.0
2021011003017135,MNBBL,51,45,200,362.0,72400.0
2021011003017134,MNBBL,51,32,90,362.0,32580.0
2021011003017133,MNBBL,51,11,13,362.0,4706.0
2021011003017132,MNBBL,51,4,200,362.0,72400.0
2021011003016933,NBF2,32,34,100,9.97,997.0
2021011003017110,NEF,13,40,"1,127",10.17,11461.59
2021011003017081,NEF,13,40,"1,127",10.17,11461.59
2021011003017026,NEF,13,40,679,10.17,6905.43
2021011003017025,NEF,10,40,448,10.2,4569.6
2021011003017165,NFS,53,57,20,249.0,4980.0
2021011003017164,NFS,53,37,400,249.0,99600.0
2021011003017163,NFS,53,52,40,249.0,9960.0
2021011003017100,NFS,53,57,10,248.0,2480.0
2021011003017046,NFS,58,52,10,249.0,2490.0
2021011003016932,NIBLPF,21,57,"1,263",10.59,13375.17
2021011003017186,NICGF,41,50,"2,490",10.7,26643.0
2021011003017185,NICGF,41,1,"3,000",10.69,32070.0
2021011003017184,NICGF,41,56,"1,000",10.67,10670.0
2021011003017150,NLBBL,50,39,39,1138.0,44382.0
2021011003017149,NLBBL,50,39,11,1138.0,12518.0
2021011003017193,NLIC,4,16,100,2373.0,237300.0
2021011003017192,NLIC,4,35,150,2373.0,355950.0
2021011003017191,NLIC,4,19,200,2373.0,474600.0
2021011003017190,NLIC,4,55,10,2373.0,23730.0
2021011003017189,NLIC,4,51,200,2373.0,474600.0
2021011003017188,NLIC,4,51,76,2373.0,180348.0
2021011003016763,NLIC,20,38,266,2373.0,631218.0
2021011003016728,NLIC,22,16,90,2372.0,213480.0
2021011003016727,NLIC,22,57,100,2372.0,237200.0
2021011003016955,NLIC,44,34,88,2372.0,208736.0
2021011003016954,NLIC,22,34,10,2372.0,23720.0
2021011003016878,NLIC,44,19,12,2372.0,28464.0
2021011003016819,NLIC,50,51,34,2373.0,80682.0
2021011003016818,NLIC,50,51,66,2373.0,156618.0
2021011003016764,NLIC,20,51,134,2373.0,317982.0
2021011003017054,NLIC,34,38,116,2372.0,275152.0
2021011003017015,NLIC,34,51,84,2372.0,199248.0
2021011003017014,NLIC,45,51,16,2372.0,37952.0
2021011003017000,NLIC,6,51,20,2373.0,47460.0
2021011003016957,NLIC,45,34,34,2372.0,80648.0
2021011003016956,NLIC,6,34,18,2372.0,42696.0
2021011003017167,NLIC,33,39,65,2372.0,154180.0
2021011003017156,NLIC,53,51,60,2373.0,142380.0
2021011003017146,NLIC,38,51,10,2373.0,23730.0
2021011003017086,NLIC,33,57,30,2372.0,71160.0
2021011003017057,NLIC,7,38,16,2372.0,37952.0
2021011003017055,NLIC,7,38,34,2372.0,80648.0
2021011003017161,NLICL,50,45,38,1114.0,42332.0
2021011003017160,NLICL,32,45,562,1115.0,626630.0
2021011003017084,NLICL,32,14,28,1115.0,31220.0
2021011003017083,NLICL,50,58,474,1114.0,528036.0
2021011003017082,NLICL,58,58,26,1114.0,28964.0
2021011003017007,NLICL,16,14,172,1115.0,191780.0
2021011003016994,NLICL,16,43,101,1115.0,112615.0
2021011003016935,NLICL,16,45,27,1115.0,30105.0
2021011003016934,NLICL,21,45,73,1115.0,81395.0
2021011003016793,NLICL,59,1,100,1117.0,111700.0
2021011003016784,NMB50,56,22,300,10.45,3135.0
2021011003016873,NMBHF1,39,38,"1,026",10.24,10506.24
2021011003016779,NMBHF1,39,58,748,10.2,7629.6
2021011003016778,NMBHF1,39,45,"4,161",10.2,42442.2
2021011003016777,NMBHF1,39,19,"2,496",10.2,25459.2
2021011003016776,NMBHF1,39,22,"22,000",10.2,224400.0
2021011003016775,NMBHF1,39,4,"4,161",10.2,42442.2
2021011003016746,NMBHF1,43,41,"2,913",10.16,29596.08
2021011003017203,NMFBS,33,42,13,2340.0,30420.0
2021011003017202,NMFBS,33,5,10,2335.0,23350.0
2021011003017201,NMFBS,33,49,30,2334.0,70020.0
2021011003017200,NMFBS,33,58,11,2334.0,25674.0
2021011003017199,NMFBS,33,10,50,2333.0,116650.0
2021011003017198,NMFBS,33,47,16,2333.0,37328.0
2021011003017062,NMFBS,33,45,26,2330.0,60580.0
2021011003017061,NMFBS,33,49,26,2330.0,60580.0
2021011003017060,NMFBS,33,22,216,2329.0,503064.0
2021011003017059,NMFBS,33,43,20,2320.0,46400.0
2021011003017068,NMFBS,33,47,24,2333.0,55992.0
2021011003017067,NMFBS,33,22,22,2332.0,51304.0
2021011003017066,NMFBS,33,51,62,2331.0,144522.0
2021011003017065,NMFBS,33,42,44,2331.0,102564.0
2021011003017064,NMFBS,33,19,50,2330.0,116500.0
2021011003017063,NMFBS,33,26,10,2330.0,23300.0
2021011003017147,NRIC,4,57,40,1551.0,62040.0
2021011003017121,NRIC,39,25,50,1554.0,77700.0
2021011003017108,NRIC,4,38,22,1551.0,34122.0
2021011003017045,NRIC,39,25,20,1554.0,31080.0
2021011003017042,NRIC,6,25,30,1555.0,46650.0
2021011003017041,NRIC,6,58,20,1553.0,31060.0
2021011003016771,NRIC,38,50,100,1553.0,155300.0
2021011003016770,NRIC,55,50,10,1553.0,15530.0
2021011003016748,NRIC,55,6,50,1553.0,77650.0
2021011003016742,NRIC,14,3,10,1556.0,15560.0
2021011003016741,NRIC,14,57,40,1556.0,62240.0
2021011003016962,NRIC,41,25,50,1553.0,77650.0
2021011003016961,NRIC,49,25,20,1553.0,31060.0
2021011003016899,NRIC,35,51,10,1555.0,15550.0
2021011003016865,NRIC,59,50,30,1553.0,46590.0
2021011003016787,NRIC,59,58,20,1553.0,31060.0
2021011003016786,NRIC,39,58,20,1554.0,31080.0
2021011003016968,NRIC,28,25,30,1551.0,46530.0
2021011003016967,NRIC,11,25,100,1552.0,155200.0
2021011003016966,NRIC,22,25,32,1552.0,49664.0
2021011003016965,NRIC,16,25,200,1552.0,310400.0
2021011003016964,NRIC,8,25,131,1552.0,203312.0
2021011003016963,NRIC,1,25,100,1553.0,155300.0
2021011003016974,NRIC,57,25,500,1550.0,775000.0
2021011003016973,NRIC,41,25,40,1550.0,62000.0
2021011003016972,NRIC,19,25,50,1550.0,77500.0
2021011003016971,NRIC,29,25,50,1551.0,77550.0
2021011003016970,NRIC,28,25,200,1551.0,310200.0
2021011003016969,NRIC,48,25,"2,000",1551.0,3102000.0
2021011003016980,NRIC,25,25,150,1550.0,232500.0
2021011003016979,NRIC,53,25,200,1550.0,310000.0
2021011003016978,NRIC,13,25,20,1550.0,31000.0
2021011003016977,NRIC,52,25,100,1550.0,155000.0
2021011003016976,NRIC,6,25,150,1550.0,232500.0
2021011003016975,NRIC,1,25,20,1550.0,31000.0
2021011003016986,NRIC,37,25,217,1550.0,336350.0
2021011003016985,NRIC,37,25,200,1550.0,310000.0
2021011003016984,NRIC,37,25,300,1550.0,465000.0
2021011003016983,NRIC,34,25,10,1550.0,15500.0
2021011003016982,NRIC,28,25,30,1550.0,46500.0
2021011003016981,NRIC,43,25,100,1550.0,155000.0
2021011003017024,NRIC,57,38,30,1557.0,46710.0
2021011003017023,NRIC,57,3,290,1556.0,451240.0
2021011003017022,NRIC,57,19,40,1555.0,62200.0
2021011003017021,NRIC,57,35,200,1555.0,311000.0
2021011003017020,NRIC,57,22,40,1555.0,62200.0
2021011003016987,NRIC,28,45,100,1552.0,155200.0
2021011003017196,NRN,19,57,10,359.0,3590.0
2021011003017173,NRN,49,50,10,360.0,3600.0
2021011003017172,NRN,49,45,10,360.0,3600.0
2021011003017107,NRN,19,16,10,359.0,3590.0
2021011003016907,NRN,45,34,10,360.0,3600.0
2021011003016773,NRN,32,41,35,360.0,12600.0
2021011003016772,NRN,26,41,15,360.0,5400.0
2021011003016755,NRN,32,16,10,360.0,3600.0
2021011003016745,NRN,32,50,10,360.0,3600.0
2021011003017209,NTC,34,38,110,1252.0,137720.0
2021011003017208,NTC,34,49,55,1250.0,68750.0
2021011003017207,NTC,34,55,50,1250.0,62500.0
2021011003017206,NTC,34,3,50,1247.0,62350.0
2021011003017205,NTC,34,58,100,1247.0,124700.0
2021011003017145,NTC,11,48,50,1244.0,62200.0
2021011003016738,NTC,34,19,300,1249.0,374700.0
2021011003016737,NTC,25,19,50,1249.0,62450.0
2021011003016736,NTC,32,19,50,1249.0,62450.0
2021011003016735,NTC,45,19,131,1250.0,163750.0
2021011003016732,NTC,45,6,50,1250.0,62500.0
2021011003016729,NTC,28,38,200,1252.0,250400.0
2021011003016797,NTC,50,52,200,1248.0,249600.0
2021011003016796,NTC,34,52,100,1248.0,124800.0
2021011003016795,NTC,58,52,200,1248.0,249600.0
2021011003016794,NTC,57,52,20,1249.0,24980.0
2021011003016788,NTC,52,55,50,1250.0,62500.0
2021011003016739,NTC,19,19,25,1249.0,31225.0
2021011003016803,NTC,55,52,500,1247.0,623500.0
2021011003016802,NTC,57,52,50,1247.0,62350.0
2021011003016801,NTC,49,52,50,1247.0,62350.0
2021011003016800,NTC,48,52,99,1247.0,123453.0
2021011003016799,NTC,38,52,50,1248.0,62400.0
2021011003016798,NTC,1,52,400,1248.0,499200.0
2021011003016817,NTC,6,50,50,1247.0,62350.0
2021011003016811,NTC,44,50,"4,969",1247.0,6196343.0
2021011003016807,NTC,44,52,31,1247.0,38657.0
2021011003016806,NTC,49,52,100,1247.0,124700.0
2021011003016805,NTC,58,52,100,1247.0,124700.0
2021011003016804,NTC,58,52,100,1247.0,124700.0
2021011003016825,NTC,43,25,20,1246.0,24920.0
2021011003016824,NTC,38,25,100,1246.0,124600.0
2021011003016823,NTC,53,25,300,1246.0,373800.0
2021011003016822,NTC,49,25,60,1246.0,74760.0
2021011003016821,NTC,37,25,500,1246.0,623000.0
2021011003016820,NTC,49,50,100,1247.0,124700.0
2021011003016831,NTC,55,25,80,1245.0,99600.0
2021011003016830,NTC,50,25,20,1245.0,24900.0
2021011003016829,NTC,4,25,100,1245.0,124500.0
2021011003016828,NTC,45,25,50,1245.0,62250.0
2021011003016827,NTC,1,25,10,1245.0,12450.0
2021011003016826,NTC,51,25,150,1245.0,186750.0
2021011003016837,NTC,33,25,50,1245.0,62250.0
2021011003016836,NTC,45,25,15,1245.0,18675.0
2021011003016835,NTC,57,25,20,1245.0,24900.0
2021011003016834,NTC,34,25,"3,000",1245.0,3735000.0
2021011003016833,NTC,34,25,200,1245.0,249000.0
2021011003016832,NTC,28,25,200,1245.0,249000.0
2021011003016875,NTC,16,50,102,1247.0,127194.0
2021011003016872,NTC,29,16,40,1244.0,49760.0
2021011003016842,NTC,53,50,50,1247.0,62350.0
2021011003016840,NTC,29,25,10,1244.0,12440.0
2021011003016839,NTC,42,25,15,1244.0,18660.0
2021011003016838,NTC,49,25,100,1245.0,124500.0
2021011003016917,NTC,38,52,50,1243.0,62150.0
2021011003016916,NTC,57,52,50,1243.0,62150.0
2021011003016915,NTC,19,52,50,1243.0,62150.0
2021011003016914,NTC,47,52,30,1243.0,37290.0
2021011003016913,NTC,3,52,100,1244.0,124400.0
2021011003016902,NTC,57,50,100,1247.0,124700.0
2021011003016923,NTC,38,52,150,1240.0,186000.0
2021011003016922,NTC,34,52,30,1240.0,37200.0
2021011003016921,NTC,37,52,350,1240.0,434000.0
2021011003016920,NTC,37,52,350,1240.0,434000.0
2021011003016919,NTC,50,52,20,1241.0,24820.0
2021011003016918,NTC,34,52,100,1242.0,124200.0
2021011003016929,NTC,1,52,20,1240.0,24800.0
2021011003016928,NTC,35,52,50,1240.0,62000.0
2021011003016927,NTC,45,52,300,1240.0,372000.0
2021011003016926,NTC,56,52,50,1240.0,62000.0
2021011003016925,NTC,51,52,10,1240.0,12400.0
2021011003016924,NTC,3,52,200,1240.0,248000.0
2021011003017144,NTC,32,48,50,1244.0,62200.0
2021011003017109,NTC,4,3,200,1242.0,248400.0
2021011003017096,NTC,52,52,"5,000",1239.0,6195000.0
2021011003017011,NTC,34,21,150,1240.0,186000.0
2021011003016931,NTC,34,52,590,1240.0,731600.0
2021011003016930,NTC,35,52,500,1240.0,620000.0
2021011003017154,NUBL,49,40,57,1310.0,74670.0
2021011003017153,NUBL,14,40,20,1310.0,26200.0
2021011003017152,NUBL,32,40,30,1310.0,39300.0
2021011003017151,NUBL,45,40,36,1310.0,47160.0
2021011003017076,NUBL,36,52,380,1310.0,497800.0
2021011003017030,NUBL,45,45,14,1310.0,18340.0
2021011003016876,NUBL,44,14,275,1310.0,360250.0
2021011003016874,NUBL,44,6,100,1310.0,131000.0
2021011003016867,NUBL,49,35,200,1314.0,262800.0
2021011003016866,NUBL,49,37,100,1313.0,131300.0
2021011003016790,NUBL,44,7,50,1310.0,65500.0
2021011003017029,NUBL,1,45,100,1310.0,131000.0
2021011003017028,NUBL,35,45,66,1310.0,86460.0
2021011003017018,NUBL,35,36,79,1310.0,103490.0
2021011003017017,NUBL,34,36,91,1310.0,119210.0
2021011003016960,NUBL,35,41,30,1310.0,39300.0
2021011003016877,NUBL,35,14,125,1310.0,163750.0
2021011003016789,PFL,51,49,200,187.0,37400.0
2021011003016754,PFL,59,19,24,186.0,4464.0
2021011003017010,PLIC,50,58,200,767.0,153400.0
2021011003017106,PROFL,19,22,907,132.0,119724.0
2021011003017105,PROFL,19,25,240,132.0,31680.0
2021011003017104,PROFL,19,34,500,132.0,66000.0
2021011003017103,PROFL,19,45,105,132.0,13860.0
2021011003017032,PROFL,19,45,595,132.0,78540.0
2021011003017031,PROFL,19,16,405,132.0,53460.0
2021011003017174,RLI,55,43,10,619.0,6190.0
2021011003017101,RLI,55,13,10,619.0,6190.0
2021011003017005,RLI,55,16,10,619.0,6190.0
2021011003016908,RLI,48,49,10,619.0,6190.0
2021011003016891,RLI,48,3,10,619.0,6190.0
2021011003016888,RLI,57,48,30,620.0,18600.0
2021011003016863,RLI,48,56,10,619.0,6190.0
2021011003016792,RLI,48,52,10,619.0,6190.0
2021011003016785,RLI,16,48,10,620.0,6200.0
2021011003016740,RLI,48,50,60,619.0,37140.0
2021011003016898,RMDC,49,19,100,1182.0,118200.0
2021011003016897,RMDC,49,19,100,1184.0,118400.0
2021011003017187,RSDC,34,33,200,621.0,124200.0
2021011003017012,RSDC,3,33,21,621.0,13041.0
2021011003016959,RSDC,34,3,21,620.0,13020.0
2021011003016943,RSDC,34,45,20,620.0,12400.0
2021011003016942,RSDC,34,19,100,620.0,62000.0
2021011003016941,RSDC,34,44,500,620.0,310000.0
2021011003016911,RSDC,55,41,10,619.0,6190.0
2021011003016910,RSDC,55,57,30,619.0,18570.0
2021011003016841,RSDC,34,36,100,619.0,61900.0
2021011003016940,RSDC,34,17,200,620.0,124000.0
2021011003016939,RSDC,34,53,30,620.0,18600.0
2021011003016938,RSDC,34,57,766,620.0,474920.0
2021011003016937,RSDC,34,39,"1,629",620.0,1009980.0
2021011003016936,RSDC,34,57,57,619.0,35283.0
2021011003016912,RSDC,55,57,43,619.0,26617.0
2021011003017099,SABSL,54,57,11,1112.0,12232.0
2021011003017098,SABSL,54,16,50,1112.0,55600.0
2021011003016989,SABSL,54,47,11,1110.0,12210.0
2021011003016988,SABSL,54,19,10,1110.0,11100.0
2021011003016906,SABSL,22,58,11,1099.0,12089.0
2021011003017009,SADBL,34,5,100,191.0,19100.0
2021011003016783,SADBL,32,5,250,191.0,47750.0
2021011003016782,SADBL,32,29,450,191.0,85950.0
2021011003017162,SAPDBL,10,6,15,149.0,2235.0
2021011003017155,SDLBSL,3,3,10,1114.0,11140.0
2021011003016901,SDLBSL,51,16,10,1101.0,11010.0
2021011003016893,SDLBSL,51,38,10,1101.0,11010.0
2021011003016734,SDLBSL,58,6,60,1110.0,66600.0
2021011003016995,SEF,17,1,"1,000",10.6,10600.0
2021011003017102,SFCL,57,6,500,133.0,66500.0
2021011003017087,SHINE,38,19,100,247.0,24700.0
2021011003016756,SHINE,53,45,100,248.0,24800.0
2021011003016749,SLBBL,56,32,80,1190.0,95200.0
2021011003017077,SLBS,34,10,49,1340.0,65660.0
2021011003016871,SLBS,46,14,30,1344.0,40320.0
2021011003016993,SLICL,58,39,50,697.0,34850.0
2021011003016992,SLICL,56,39,500,697.0,348500.0
2021011003016991,SLICL,28,39,200,698.0,139600.0
2021011003016990,SLICL,11,39,50,699.0,34950.0
2021011003017006,SMFDB,41,44,"1,000",1040.0,1040000.0
2021011003016809,SMFDB,56,45,100,1032.0,103200.0
2021011003017159,STC,38,49,10,6965.0,69650.0
2021011003017157,STC,28,49,30,6965.0,208950.0
2021011003016781,STC,56,7,10,6988.0,69880.0
2021011003016780,STC,56,53,10,6980.0,69800.0
2021011003016890,UFL,16,14,100,262.0,26200.0
2021011003016889,UFL,16,52,100,262.0,26200.0
2021011003017097,USLB,44,13,22,1386.0,30492.0
2021011003016850,VLBS,10,38,100,1118.0,111800.0
2021011003016620,ACLBSL,26,49,10,811.0,8110.0
2021011003016334,ACLBSL,26,49,10,811.0,8110.0
2021011003016500,ALBSL,47,58,100,1261.0,126100.0
2021011003016566,ALICL,5,38,50,957.0,47850.0
2021011003016415,ALICL,48,45,385,956.0,368060.0
2021011003016414,ALICL,57,45,100,956.0,95600.0
2021011003016413,ALICL,57,45,11,956.0,10516.0
2021011003016412,ALICL,41,45,100,956.0,95600.0
2021011003016411,ALICL,38,45,500,956.0,478000.0
2021011003016410,ALICL,19,45,100,958.0,95800.0
2021011003016409,ALICL,57,45,200,958.0,191600.0
2021011003016408,ALICL,45,45,10,959.0,9590.0
2021011003016407,ALICL,32,45,100,959.0,95900.0
2021011003016406,ALICL,1,45,88,959.0,84392.0
2021011003016278,ALICL,59,34,100,960.0,96000.0
2021011003016532,BBC,56,35,50,2790.0,139500.0
2021011003016454,BFC,10,1,100,139.0,13900.0
2021011003016321,BFC,42,34,140,138.0,19320.0
2021011003016320,BFC,39,34,60,138.0,8280.0
2021011003016424,CBBL,17,39,18,1230.0,22140.0
2021011003016598,CFCL,16,10,10,174.0,1740.0
2021011003016349,CFCL,16,22,449,174.0,78126.0
2021011003016599,CIT,6,44,30,3451.0,103530.0
2021011003016529,CIT,41,55,88,3450.0,303600.0
2021011003016528,CIT,33,55,10,3450.0,34500.0
2021011003016527,CIT,38,55,10,3450.0,34500.0
2021011003016526,CIT,37,55,10,3450.0,34500.0
2021011003016525,CIT,17,55,10,3450.0,34500.0
2021011003016214,CIT,42,33,11,3452.0,37972.0
2021011003016524,CIT,6,55,100,3451.0,345100.0
2021011003016523,CIT,7,55,100,3451.0,345100.0
2021011003016522,CIT,42,55,62,3451.0,213962.0
2021011003016521,CIT,1,55,10,3452.0,34520.0
2021011003016520,CIT,55,55,50,3452.0,172600.0
2021011003016519,CIT,21,55,50,3452.0,172600.0
2021011003016689,CLBSL,5,17,100,938.0,93800.0
2021011003016677,CLBSL,41,1,20,931.0,18620.0
2021011003016211,CLBSL,6,44,23,930.0,21390.0
2021011003016358,CMF1,7,4,"29,600",10.06,297776.0
2021011003016367,CORBL,25,34,95,257.0,24415.0
2021011003016366,CORBL,25,34,205,257.0,52685.0
2021011003016653,DDBL,52,55,20,1471.0,29420.0
2021011003016593,DDBL,45,7,101,1467.0,148167.0
2021011003016592,DDBL,50,7,100,1468.0,146800.0
2021011003016591,DDBL,11,7,50,1468.0,73400.0
2021011003016590,DDBL,57,7,135,1470.0,198450.0
2021011003016283,DDBL,28,54,3,1468.0,4404.0
2021011003016282,DDBL,28,41,97,1468.0,142396.0
2021011003016281,DDBL,49,41,17,1468.0,24956.0
2021011003016280,DDBL,42,41,35,1468.0,51380.0
2021011003016611,EDBL,39,59,18,362.0,6516.0
2021011003016610,EDBL,39,19,30,362.0,10860.0
2021011003016609,EDBL,39,4,52,362.0,18824.0
2021011003016541,EDBL,41,4,35,362.0,12670.0
2021011003016540,EDBL,41,25,15,362.0,5430.0
2021011003016539,EDBL,41,50,50,361.0,18050.0
2021011003016450,FMDBL,41,6,50,610.0,30500.0
2021011003016449,FMDBL,41,26,100,609.0,60900.0
2021011003016404,FMDBL,3,54,300,606.0,181800.0
2021011003016277,FMDBL,45,54,200,607.0,121400.0
2021011003016562,FOWAD,54,49,26,2310.0,60060.0
2021011003016561,FOWAD,54,40,25,2310.0,57750.0
2021011003016560,FOWAD,54,39,15,2308.0,34620.0
2021011003016690,GBBL,32,35,100,323.0,32300.0
2021011003016597,GBBL,13,35,106,323.0,34238.0
2021011003016596,GBBL,13,34,194,323.0,62662.0
2021011003016676,GBLBS,26,50,15,609.0,9135.0
2021011003016615,GBLBS,58,51,5,610.0,3050.0
2021011003016614,GBLBS,58,41,15,610.0,9150.0
2021011003016601,GBLBS,28,44,200,611.0,122200.0
2021011003016530,GBLBS,11,57,10,610.0,6100.0
2021011003016498,GBLBS,45,57,90,610.0,54900.0
2021011003016327,GBLBS,45,3,10,610.0,6100.0
2021011003016286,GBLBS,26,54,200,609.0,121800.0
2021011003016565,GILB,25,45,20,1419.0,28380.0
2021011003016495,GIMES1,7,47,"1,000",11.86,11860.0
2021011003016383,GLBSL,45,35,20,923.0,18460.0
2021011003016616,GLICL,53,46,150,631.0,94650.0
2021011003016613,GLICL,53,8,644,631.0,406364.0
2021011003016588,GLICL,10,8,74,631.0,46694.0
2021011003016440,GLICL,10,34,26,631.0,16406.0
2021011003016439,GLICL,7,34,74,631.0,46694.0
2021011003016279,GLICL,7,53,12,631.0,7572.0
2021011003016260,GLICL,7,50,14,631.0,8834.0
2021011003016259,GLICL,16,50,80,632.0,50560.0
2021011003016484,GMFBS,48,28,10,1145.0,11450.0
2021011003016381,GMFBS,14,8,53,1155.0,61215.0
2021011003016380,GMFBS,14,7,10,1155.0,11550.0
2021011003016359,GMFBS,48,38,30,1145.0,34350.0
2021011003016287,GMFBS,16,38,10,1145.0,11450.0
2021011003016692,GRDBL,14,50,500,158.0,79000.0
2021011003016691,GRDBL,14,33,50,158.0,7900.0
2021011003016262,GRDBL,25,33,50,158.0,7900.0
2021011003016430,GUFL,57,4,251,240.0,60240.0
2021011003016429,GUFL,57,29,30,240.0,7200.0
2021011003016428,GUFL,57,11,300,240.0,72000.0
2021011003016427,GUFL,57,11,200,240.0,48000.0
2021011003016426,GUFL,57,58,19,240.0,4560.0
2021011003016398,GUFL,10,41,93,239.0,22227.0
2021011003016265,GUFL,45,44,10,238.0,2380.0
2021011003016311,GUFL,1,29,20,238.0,4760.0
2021011003016310,GUFL,1,56,612,238.0,145656.0
2021011003016309,GUFL,1,36,700,238.0,166600.0
2021011003016308,GUFL,1,46,330,238.0,78540.0
2021011003016307,GUFL,1,19,250,238.0,59500.0
2021011003016306,GUFL,1,44,40,238.0,9520.0
2021011003016397,GUFL,10,42,500,239.0,119500.0
2021011003016396,GUFL,10,42,200,239.0,47800.0
2021011003016395,GUFL,10,7,25,239.0,5975.0
2021011003016394,GUFL,10,47,300,239.0,71700.0
2021011003016393,GUFL,10,46,67,239.0,16013.0
2021011003016312,GUFL,1,41,56,238.0,13328.0
2021011003016619,HIDCL,48,55,200,266.0,53200.0
2021011003016618,HIDCL,55,55,"1,000",266.0,266000.0
2021011003016617,HIDCL,7,55,"1,291",266.0,343406.0
2021011003016600,HIDCL,7,34,31,266.0,8246.0
2021011003016563,HIDCL,7,49,63,266.0,16758.0
2021011003016486,HIDCL,7,44,31,266.0,8246.0
2021011003016288,HIDCL,11,41,200,267.0,53400.0
2021011003016240,HIDCL,7,57,95,266.0,25270.0
2021011003016646,ICFC,7,34,82,264.0,21648.0
2021011003016390,ICFC,50,34,10,264.0,2640.0
2021011003016485,ILBS,28,13,11,1172.0,12892.0
2021011003016709,JBBL,45,1,19,238.0,4522.0
2021011003016708,JBBL,45,33,200,238.0,47600.0
2021011003016707,JBBL,45,17,100,238.0,23800.0
2021011003016706,JBBL,45,43,300,238.0,71400.0
2021011003016705,JBBL,45,17,17,238.0,4046.0
2021011003016704,JBBL,45,57,710,238.0,168980.0
2021011003016512,JBBL,33,45,215,237.0,50955.0
2021011003016333,JBBL,33,50,10,237.0,2370.0
2021011003016270,JBBL,33,53,25,237.0,5925.0
2021011003016269,JBBL,22,53,975,237.0,231075.0
2021011003016239,JBBL,33,34,"1,600",238.0,380800.0
2021011003016701,JBBL,45,49,13,237.0,3081.0
2021011003016633,JBBL,51,57,290,238.0,69020.0
2021011003016632,JBBL,51,34,210,238.0,49980.0
2021011003016573,JBBL,45,29,305,237.0,72285.0
2021011003016572,JBBL,58,29,695,237.0,164715.0
2021011003016513,JBBL,58,45,305,237.0,72285.0
2021011003016501,KRBL,21,34,"1,000",141.0,141000.0
2021011003016651,KSBBL,39,45,618,227.0,140286.0
2021011003016612,KSBBL,39,45,"1,000",227.0,227000.0
2021011003016482,KSBBL,34,45,"1,000",227.0,227000.0
2021011003016481,KSBBL,6,45,500,227.0,113500.0
2021011003016480,KSBBL,54,45,10,227.0,2270.0
2021011003016479,KSBBL,38,45,"1,000",227.0,227000.0
2021011003016478,KSBBL,42,45,376,227.0,85352.0
2021011003016425,KSBBL,34,34,500,228.0,114000.0
2021011003016700,LBBL,55,40,422,223.0,94106.0
2021011003016699,LBBL,53,40,200,223.0,44600.0
2021011003016698,LBBL,50,40,400,223.0,89200.0
2021011003016248,LBBL,26,8,250,223.0,55750.0
2021011003016247,LBBL,48,8,178,223.0,39694.0
2021011003016297,LBBL,33,8,572,223.0,127556.0
2021011003016296,LBBL,33,8,"2,000",223.0,446000.0
2021011003016271,LBBL,40,51,300,222.0,66600.0
2021011003016545,LBBL,3,29,100,223.0,22300.0
2021011003016544,LBBL,3,3,200,223.0,44600.0
2021011003016487,LBBL,6,3,300,223.0,66900.0
2021011003016650,LICN,7,38,400,2010.0,804000.0
2021011003016649,LICN,7,19,44,2010.0,88440.0
2021011003016648,LICN,7,22,100,2009.0,200900.0
2021011003016464,LICN,7,16,150,2009.0,301350.0
2021011003016423,LICN,50,26,81,2000.0,162000.0
2021011003016350,LICN,7,46,10,2008.0,20080.0
2021011003016263,LICN,7,54,20,2005.0,40100.0
2021011003016420,LLBS,38,48,72,1375.0,99000.0
2021011003016272,LUK,34,47,300,9.32,2796.0
2021011003016518,MDB,50,4,305,336.0,102480.0
2021011003016261,MDB,50,19,479,336.0,160944.0
2021011003016656,MERO,16,32,30,1007.0,30210.0
2021011003016642,MERO,16,58,43,1007.0,43301.0
2021011003016554,MERO,50,6,50,1008.0,50400.0
2021011003016657,MFIL,59,25,326,332.0,108232.0
2021011003016348,MFIL,55,34,10,333.0,3330.0
2021011003016252,MFIL,59,33,791,332.0,262612.0
2021011003016218,MFIL,32,34,10,333.0,3330.0
2021011003016694,MLBL,35,36,100,265.0,26500.0
2021011003016683,MLBL,41,36,200,265.0,53000.0
2021011003016682,MLBL,7,36,500,265.0,132500.0
2021011003016681,MLBL,34,36,150,266.0,39900.0
2021011003016345,MLBL,45,10,80,267.0,21360.0
2021011003016344,MLBL,45,49,150,267.0,40050.0
2021011003016343,MLBL,45,41,50,267.0,13350.0
2021011003016264,MLBL,22,39,600,265.0,159000.0
2021011003016608,MLBL,34,33,112,265.0,29680.0
2021011003016607,MLBL,22,33,150,265.0,39750.0
2021011003016564,MLBL,34,33,238,267.0,63546.0
2021011003016448,MLBL,34,45,42,267.0,11214.0
2021011003016346,MLBL,45,54,720,268.0,192960.0
2021011003016475,MMFDB,20,26,24,1270.0,30480.0
2021011003016474,MMFDB,20,32,76,1265.0,96140.0
2021011003016623,MNBBL,25,22,27,361.0,9747.0
2021011003016622,MNBBL,32,22,273,361.0,98553.0
2021011003016603,MNBBL,32,55,27,361.0,9747.0
2021011003016249,MNBBL,29,17,50,360.0,18000.0
2021011003016229,MNBBL,45,41,455,361.0,164255.0
2021011003016228,MNBBL,45,33,45,361.0,16245.0
2021011003016213,MNBBL,29,39,280,360.0,100800.0
2021011003016432,MNBBL,1,3,100,361.0,36100.0
2021011003016431,MNBBL,1,41,"1,240",361.0,447640.0
2021011003016332,MNBBL,29,45,393,360.0,141480.0
2021011003016438,MNBBL,1,21,63,361.0,22743.0
2021011003016437,MNBBL,1,45,100,361.0,36100.0
2021011003016436,MNBBL,1,45,84,361.0,30324.0
2021011003016435,MNBBL,1,51,200,361.0,72200.0
2021011003016434,MNBBL,1,11,13,361.0,4693.0
2021011003016433,MNBBL,1,55,200,361.0,72200.0
2021011003016477,MNBBL,58,55,73,361.0,26353.0
2021011003016476,MNBBL,58,21,287,361.0,103607.0
2021011003016451,MNBBL,29,58,200,360.0,72000.0
2021011003016499,MPFL,58,21,75,160.0,12000.0
2021011003016362,MPFL,58,21,100,160.0,16000.0
2021011003016224,MPFL,58,32,825,160.0,132000.0
2021011003016223,MPFL,53,32,600,160.0,96000.0
2021011003016222,MPFL,32,32,520,161.0,83720.0
2021011003016511,MSLB,1,14,200,1683.0,336600.0
2021011003016510,MSLB,1,21,31,1682.0,52142.0
2021011003016509,MSLB,1,5,10,1682.0,16820.0
2021011003016508,MSLB,1,47,31,1680.0,52080.0
2021011003016507,MSLB,1,41,31,1680.0,52080.0
2021011003016506,MSLB,1,29,32,1680.0,53760.0
2021011003016325,MSLB,25,22,10,1677.0,16770.0
2021011003016324,MSLB,25,45,10,1676.0,16760.0
2021011003016323,MSLB,25,20,10,1675.0,16750.0
2021011003016322,MSLB,25,43,21,1675.0,35175.0
2021011003016212,MSLB,25,1,100,1660.0,166000.0
2021011003016505,MSLB,1,14,25,1680.0,42000.0
2021011003016504,MSLB,1,51,31,1680.0,52080.0
2021011003016503,MSLB,1,5,10,1679.0,16790.0
2021011003016502,MSLB,1,14,100,1678.0,167800.0
2021011003016422,MSLB,3,3,21,1677.0,35217.0
2021011003016326,MSLB,25,5,10,1678.0,16780.0
2021011003016546,MSMBS,38,57,11,947.0,10417.0
2021011003016685,NBF2,36,56,900,9.93,8937.0
2021011003016684,NBF2,41,56,100,9.93,993.0
2021011003016652,NBF2,41,57,"1,000",9.93,9930.0
2021011003016548,NBF2,41,16,200,9.93,1986.0
2021011003016586,NEF,10,34,241,10.2,2458.2
2021011003016585,NEF,10,51,311,10.2,3172.2
2021011003016493,NFS,32,28,100,248.0,24800.0
2021011003016492,NFS,32,36,100,248.0,24800.0
2021011003016491,NFS,32,53,50,248.0,12400.0
2021011003016490,NFS,32,8,165,248.0,40920.0
2021011003016489,NFS,32,52,41,247.0,10127.0
2021011003016298,NFS,32,52,10,247.0,2470.0
2021011003016517,NIBLPF,21,16,505,10.59,5347.95
2021011003016421,NICBF,17,11,400,10.27,4108.0
2021011003016697,NLBBL,50,49,15,1138.0,17070.0
2021011003016488,NLBBL,50,35,200,1140.0,228000.0
2021011003016227,NLBBL,50,32,24,1138.0,27312.0
2021011003016226,NLBBL,26,32,26,1138.0,29588.0
2021011003016693,NLIC,35,16,10,2372.0,23720.0
2021011003016645,NLIC,33,56,25,2372.0,59300.0
2021011003016621,NLIC,3,3,22,2371.0,52162.0
2021011003016547,NLIC,4,14,61,2370.0,144570.0
2021011003016537,NLIC,21,14,10,2370.0,23700.0
2021011003016536,NLIC,36,14,29,2370.0,68730.0
2021011003016329,NLIC,35,38,100,2372.0,237200.0
2021011003016328,NLIC,35,58,50,2372.0,118600.0
2021011003016317,NLIC,45,58,82,2371.0,194422.0
2021011003016316,NLIC,33,58,18,2371.0,42678.0
2021011003016254,NLIC,58,58,100,2372.0,237200.0
2021011003016253,NLIC,6,58,50,2372.0,118600.0
2021011003016363,NLIC,50,51,18,2370.0,42660.0
2021011003016353,NLIC,50,26,82,2370.0,194340.0
2021011003016352,NLIC,45,26,200,2371.0,474200.0
2021011003016351,NLIC,45,26,118,2371.0,279778.0
2021011003016331,NLIC,35,38,234,2373.0,555282.0
2021011003016330,NLIC,35,52,116,2373.0,275268.0
2021011003016458,NLIC,36,57,151,2370.0,357870.0
2021011003016455,NLIC,14,57,20,2370.0,47400.0
2021011003016447,NLIC,34,57,29,2372.0,68788.0
2021011003016382,NLIC,34,51,21,2370.0,49770.0
2021011003016365,NLIC,29,51,50,2370.0,118500.0
2021011003016364,NLIC,13,51,11,2370.0,26070.0
2021011003016668,NLICL,21,56,127,1115.0,141605.0
2021011003016667,NLICL,47,56,10,1115.0,11150.0
2021011003016666,NLICL,33,56,500,1115.0,557500.0
2021011003016665,NLICL,47,56,10,1115.0,11150.0
2021011003016664,NLICL,25,56,200,1116.0,223200.0
2021011003016663,NLICL,26,56,50,1116.0,55800.0
2021011003016662,NLICL,34,56,53,1116.0,59148.0
2021011003016661,NLICL,48,56,100,1117.0,111700.0
2021011003016357,NLICL,57,45,200,1118.0,223600.0
2021011003016266,NMB50,10,37,"1,000",10.26,10260.0
2021011003016695,NMBHF1,39,38,"4,161",10.14,42192.54
2021011003016655,NMBHF1,39,51,"1,247",10.08,12569.76
2021011003016361,NMBHF1,43,6,832,10.07,8378.24
2021011003016342,NMFBS,33,5,10,2329.0,23290.0
2021011003016341,NMFBS,33,57,20,2325.0,46500.0
2021011003016340,NMFBS,33,16,18,2325.0,41850.0
2021011003016339,NMFBS,33,47,26,2324.0,60424.0
2021011003016338,NMFBS,33,59,20,2323.0,46460.0
2021011003016305,NMFBS,33,58,50,2322.0,116100.0
2021011003016217,NMFBS,28,32,24,2303.0,55272.0
2021011003016216,NMFBS,28,49,26,2303.0,59878.0
2021011003016274,NMFBS,33,22,22,2319.0,51018.0
2021011003016273,NMFBS,33,20,50,2318.0,115900.0
2021011003016251,NMFBS,59,35,140,2315.0,324100.0
2021011003016250,NMFBS,59,26,152,2314.0,351728.0
2021011003016246,NMFBS,44,34,26,2303.0,59878.0
2021011003016245,NMFBS,44,32,26,2303.0,59878.0
2021011003016304,NMFBS,33,5,10,2321.0,23210.0
2021011003016303,NMFBS,33,42,52,2320.0,120640.0
2021011003016302,NMFBS,33,52,50,2320.0,116000.0
2021011003016301,NMFBS,33,40,26,2320.0,60320.0
2021011003016300,NMFBS,33,45,10,2320.0,23200.0
2021011003016275,NMFBS,33,40,33,2319.0,76527.0
2021011003016679,NRIC,55,49,40,1553.0,62120.0
2021011003016640,NRIC,8,48,369,1552.0,572688.0
2021011003016639,NRIC,57,48,150,1552.0,232800.0
2021011003016638,NRIC,16,48,10,1552.0,15520.0
2021011003016637,NRIC,50,48,300,1552.0,465600.0
2021011003016636,NRIC,29,48,11,1553.0,17083.0
2021011003016291,NRIC,56,38,15,1554.0,23310.0
2021011003016267,NRIC,59,39,20,1554.0,31080.0
2021011003016210,NRIC,17,22,40,1553.0,62120.0
2021011003016335,NRIC,48,40,125,1555.0,194375.0
2021011003016314,NRIC,7,6,12,1554.0,18648.0
2021011003016295,NRIC,35,6,20,1554.0,31080.0
2021011003016294,NRIC,59,6,68,1554.0,105672.0
2021011003016293,NRIC,59,38,12,1554.0,18648.0
2021011003016292,NRIC,47,38,13,1554.0,20202.0
2021011003016401,NRIC,7,38,42,1554.0,65268.0
2021011003016400,NRIC,5,38,100,1555.0,155500.0
2021011003016399,NRIC,48,38,65,1556.0,101140.0
2021011003016378,NRIC,48,49,100,1556.0,155600.0
2021011003016337,NRIC,48,53,200,1556.0,311200.0
2021011003016336,NRIC,48,49,10,1555.0,15550.0
2021011003016446,NRIC,52,14,31,1554.0,48174.0
2021011003016445,NRIC,22,14,32,1554.0,49728.0
2021011003016444,NRIC,38,14,60,1554.0,93240.0
2021011003016443,NRIC,47,14,127,1554.0,197358.0
2021011003016442,NRIC,29,14,50,1556.0,77800.0
2021011003016402,NRIC,47,38,23,1554.0,35742.0
2021011003016470,NRIC,22,25,32,1553.0,49696.0
2021011003016469,NRIC,51,25,100,1553.0,155300.0
2021011003016468,NRIC,14,25,100,1553.0,155300.0
2021011003016467,NRIC,19,25,20,1553.0,31060.0
2021011003016466,NRIC,17,25,79,1553.0,122687.0
2021011003016465,NRIC,52,25,69,1554.0,107226.0
2021011003016550,NRIC,45,16,40,1555.0,62200.0
2021011003016531,NRIC,57,16,20,1555.0,31100.0
2021011003016514,NRIC,3,3,50,1555.0,77750.0
2021011003016473,NRIC,16,25,390,1553.0,605670.0
2021011003016472,NRIC,10,25,200,1553.0,310600.0
2021011003016471,NRIC,21,25,10,1553.0,15530.0
2021011003016635,NRIC,44,48,230,1553.0,357190.0
2021011003016634,NRIC,4,48,30,1555.0,46650.0
2021011003016587,NRIC,4,6,30,1555.0,46650.0
2021011003016570,NRIC,49,50,20,1556.0,31120.0
2021011003016569,NRIC,49,25,40,1556.0,62240.0
2021011003016553,NRIC,4,16,140,1555.0,217700.0
2021011003016658,NRN,32,52,10,360.0,3600.0
2021011003016571,NRN,32,3,10,360.0,3600.0
2021011003016354,NRN,32,49,10,360.0,3600.0
2021011003016268,NRN,32,22,10,360.0,3600.0
2021011003016688,NTC,45,52,319,1250.0,398750.0
2021011003016687,NTC,45,52,100,1250.0,125000.0
2021011003016686,NTC,17,52,281,1250.0,351250.0
2021011003016631,NTC,17,57,19,1250.0,23750.0
2021011003016630,NTC,57,57,50,1250.0,62500.0
2021011003016629,NTC,38,57,12,1250.0,15000.0
2021011003016577,NTC,3,55,100,1251.0,125100.0
2021011003016576,NTC,57,55,30,1252.0,37560.0
2021011003016575,NTC,45,55,100,1252.0,125200.0
2021011003016574,NTC,29,55,100,1252.0,125200.0
2021011003016551,NTC,35,47,100,1253.0,125300.0
2021011003016225,NTC,6,43,335,1254.0,420090.0
2021011003016583,NTC,58,55,20,1250.0,25000.0
2021011003016582,NTC,36,55,50,1250.0,62500.0
2021011003016581,NTC,1,55,39,1250.0,48750.0
2021011003016580,NTC,34,55,100,1251.0,125100.0
2021011003016579,NTC,58,55,10,1251.0,12510.0
2021011003016578,NTC,45,55,100,1251.0,125100.0
2021011003016628,NTC,50,57,100,1250.0,125000.0
2021011003016627,NTC,45,57,100,1250.0,125000.0
2021011003016626,NTC,26,57,15,1250.0,18750.0
2021011003016625,NTC,7,57,150,1250.0,187500.0
2021011003016624,NTC,44,57,149,1250.0,186250.0
2021011003016584,NTC,44,55,351,1250.0,438750.0
2021011003016641,NUBL,35,58,200,1311.0,262200.0
2021011003016606,NUBL,16,35,42,1312.0,55104.0
2021011003016595,NUBL,16,58,100,1312.0,131200.0
2021011003016594,NUBL,38,58,100,1312.0,131200.0
2021011003016589,NUBL,38,37,100,1312.0,131200.0
2021011003016220,NUBL,44,14,310,1310.0,406100.0
2021011003016219,NUBL,44,58,200,1310.0,262000.0
2021011003016675,OHL,32,45,86,481.0,41366.0
2021011003016674,OHL,32,41,50,480.0,24000.0
2021011003016673,OHL,32,5,115,480.0,55200.0
2021011003016672,OHL,32,43,38,479.0,18202.0
2021011003016671,OHL,32,34,30,478.0,14340.0
2021011003016670,OHL,32,46,180,476.0,85680.0
2021011003016604,OHL,57,46,250,476.0,119000.0
2021011003016660,PLIC,50,34,50,767.0,38350.0
2021011003016654,PLIC,50,10,60,767.0,46020.0
2021011003016552,PLIC,50,21,50,767.0,38350.0
2021011003016347,PLIC,32,45,50,768.0,38400.0
2021011003016299,PLIC,1,45,100,768.0,76800.0
2021011003016244,PLIC,39,45,30,768.0,23040.0
2021011003016232,PLIC,45,45,30,768.0,23040.0
2021011003016231,PLIC,36,45,500,768.0,384000.0
2021011003016230,PLIC,37,45,24,768.0,18432.0
2021011003016238,PLIC,44,45,25,768.0,19200.0
2021011003016237,PLIC,44,45,25,768.0,19200.0
2021011003016236,PLIC,44,45,25,768.0,19200.0
2021011003016235,PLIC,51,45,100,768.0,76800.0
2021011003016234,PLIC,32,45,108,768.0,82944.0
2021011003016233,PLIC,49,45,500,768.0,384000.0
2021011003016643,RLFL,22,49,"1,252",173.0,216596.0
2021011003016313,RLFL,38,49,200,173.0,34600.0
2021011003016696,RLI,28,50,10,619.0,6190.0
2021011003016669,RLI,28,16,10,619.0,6190.0
2021011003016659,RLI,28,52,10,619.0,6190.0
2021011003016558,RLI,28,47,10,619.0,6190.0
2021011003016549,RLI,28,45,10,619.0,6190.0
2021011003016457,RLI,28,45,10,619.0,6190.0
2021011003016290,RLI,47,49,10,618.0,6180.0
2021011003016289,RLI,47,41,10,618.0,6180.0
2021011003016221,RLI,47,21,10,618.0,6180.0
2021011003016385,RLI,28,58,10,619.0,6190.0
2021011003016384,RLI,28,17,10,619.0,6190.0
2021011003016368,RLI,47,49,10,618.0,6180.0
2021011003016360,RLI,47,8,10,618.0,6180.0
2021011003016319,RLI,47,6,10,618.0,6180.0
2021011003016318,RLI,47,39,10,618.0,6180.0
2021011003016456,RLI,28,55,10,619.0,6190.0
2021011003016403,RLI,28,16,10,619.0,6190.0
2021011003016389,RLI,28,44,10,619.0,6190.0
2021011003016388,RLI,28,35,70,619.0,43330.0
2021011003016387,RLI,28,38,10,619.0,6190.0
2021011003016386,RLI,28,34,10,619.0,6190.0
2021011003016703,RMDC,5,57,50,1185.0,59250.0
2021011003016702,RMDC,13,57,38,1185.0,45030.0
2021011003016678,RMDC,13,32,12,1185.0,14220.0
2021011003016483,RSDC,34,51,400,619.0,247600.0
2021011003016419,RSDC,49,51,100,619.0,61900.0
2021011003016418,RSDC,49,14,100,619.0,61900.0
2021011003016284,RSDC,56,33,100,618.0,61800.0
2021011003016494,SABSL,1,25,11,1099.0,12089.0
2021011003016644,SADBL,41,29,40,191.0,7640.0
2021011003016496,SADBL,41,45,362,190.0,68780.0
2021011003016356,SAPDBL,10,11,111,149.0,16539.0
2021011003016355,SAPDBL,58,11,15,149.0,2235.0
2021011003016441,SDLBSL,16,40,10,1115.0,11150.0
2021011003016377,SEF,17,45,"42,700",10.6,452620.0
2021011003016376,SEF,17,14,"25,000",10.6,265000.0
2021011003016375,SEF,17,6,200,10.6,2120.0
2021011003016374,SEF,17,1,"5,000",10.59,52950.0
2021011003016373,SEF,17,55,"10,000",10.59,105900.0
2021011003016372,SEF,17,22,"5,000",10.56,52800.0
2021011003016371,SEF,17,13,"10,000",10.56,105600.0
2021011003016370,SEF,17,50,100,10.56,1056.0
2021011003016369,SEF,17,22,"1,000",10.55,10550.0
2021011003016647,SFCL,39,58,50,133.0,6650.0
2021011003016534,SFCL,21,25,400,133.0,53200.0
2021011003016533,SFCL,18,25,180,133.0,23940.0
2021011003016538,SFMF,21,56,"1,000",10.26,10260.0
2021011003016680,SHINE,4,1,200,248.0,49600.0
2021011003016463,SKBBL,1,45,50,1461.0,73050.0
2021011003016379,SKBBL,45,45,50,1461.0,73050.0
2021011003016557,SLBBL,41,57,70,1180.0,82600.0
2021011003016556,SLBBL,14,57,100,1181.0,118100.0
2021011003016555,SLBBL,48,57,30,1182.0,35460.0
2021011003016516,SLBBL,56,51,31,1192.0,36952.0
2021011003016515,SLBBL,56,25,49,1191.0,58359.0
2021011003016605,SLBS,6,14,102,1344.0,137088.0
2021011003016535,SLBSL,16,41,11,1031.0,11341.0
2021011003016392,SLBSL,32,49,13,1025.0,13325.0
2021011003016243,SLBSL,7,6,12,1030.0,12360.0
2021011003016242,SLBSL,7,6,20,1030.0,20600.0
2021011003016241,SLBSL,32,38,100,1025.0,102500.0
2021011003016459,SMB,41,43,10,1200.0,12000.0
2021011003016391,SMB,22,38,150,1203.0,180450.0
2021011003016568,SMFBS,38,5,10,1520.0,15200.0
2021011003016276,SMFBS,38,47,10,1510.0,15100.0
2021011003016559,SMFDB,56,45,100,1032.0,103200.0
2021011003016417,SMFDB,1,49,92,1032.0,94944.0
2021011003016416,SMFDB,1,45,158,1032.0,163056.0
2021011003016258,SMFDB,39,45,100,1032.0,103200.0
2021011003016285,SNLB,11,22,50,1074.0,53700.0
2021011003016543,STC,56,53,10,6980.0,69800.0
2021011003016542,STC,56,22,10,6980.0,69800.0
2021011003016315,SWBBL,4,44,100,1678.0,167800.0
2021011003016452,TRH,51,38,500,304.0,152000.0
2021011003016257,TRH,51,57,992,305.0,302560.0
2021011003016256,TRH,51,21,650,305.0,198250.0
2021011003016255,TRH,51,1,958,305.0,292190.0
2021011003016497,UFL,16,52,80,259.0,20720.0
2021011003016453,UFL,7,52,20,259.0,5180.0
2021011003016405,UFL,7,34,50,256.0,12800.0
2021011003016215,UFL,56,52,100,259.0,25900.0
2021011003016602,VLBS,7,38,102,1118.0,114036.0
2021011003016567,VLBS,41,17,10,1119.0,11190.0
2021011003016462,VLBS,7,34,100,1118.0,111800.0
2021011003016461,VLBS,7,13,16,1118.0,17888.0
2021011003016460,VLBS,7,58,32,1118.0,35776.0
2021011003015917,ACLBSL,26,22,10,811.0,8110.0
2021011003015779,ACLBSL,26,57,20,811.0,16220.0
2021011003016165,ALBSL,11,11,1,1245.0,1245.0
2021011003016120,ALBSL,3,3,11,1261.0,13871.0
2021011003015762,ALBSL,47,1,78,1261.0,98358.0
2021011003015726,ALBSL,47,51,11,1261.0,13871.0
2021011003016161,ALICL,57,34,200,960.0,192000.0
2021011003016021,ALICL,58,33,668,960.0,641280.0
2021011003016188,CBBL,14,6,50,1235.0,61750.0
2021011003015835,CBBL,17,57,100,1235.0,123500.0
2021011003015834,CBBL,17,40,400,1234.0,493600.0
2021011003015833,CBBL,17,49,209,1232.0,257488.0
2021011003015817,CBBL,52,49,100,1232.0,123200.0
2021011003015816,CBBL,47,49,50,1232.0,61600.0
2021011003016079,CFCL,41,17,400,173.0,69200.0
2021011003016097,CIT,42,25,20,3452.0,69040.0
2021011003016096,CIT,6,25,30,3452.0,103560.0
2021011003015877,CIT,40,1,12,3460.0,41520.0
2021011003015876,CIT,40,52,38,3459.0,131442.0
2021011003015875,CIT,40,17,50,3458.0,172900.0
2021011003015860,CIT,39,22,10,3456.0,34560.0
2021011003015773,CIT,6,53,20,3452.0,69040.0
2021011003016003,CLBSL,6,49,13,930.0,12090.0
2021011003016002,CLBSL,38,49,10,930.0,9300.0
2021011003016064,CMF1,51,49,"1,000",10.03,10030.0
2021011003015957,CMF2,34,57,"51,000",9.94,506940.0
2021011003015973,CORBL,25,34,100,257.0,25700.0
2021011003016182,DDBL,39,55,244,1471.0,358924.0
2021011003016181,DDBL,39,20,50,1470.0,73500.0
2021011003016180,DDBL,39,41,20,1470.0,29400.0
2021011003016179,DDBL,39,22,126,1470.0,185220.0
2021011003016178,DDBL,39,50,60,1469.0,88140.0
2021011003016020,DDBL,42,38,465,1468.0,682620.0
2021011003016013,DDBL,38,38,220,1469.0,323180.0
2021011003015918,DDBL,44,41,50,1470.0,73500.0
2021011003015803,DDBL,44,41,20,1470.0,29400.0
2021011003016019,DDBL,35,38,100,1468.0,146800.0
2021011003016018,DDBL,49,38,50,1468.0,73400.0
2021011003016017,DDBL,58,38,10,1468.0,14680.0
2021011003016016,DDBL,22,38,45,1468.0,66060.0
2021011003016015,DDBL,11,38,60,1468.0,88080.0
2021011003016014,DDBL,58,38,50,1469.0,73450.0
2021011003016063,EDBL,44,25,400,362.0,144800.0
2021011003016089,FMDBL,3,21,182,606.0,110292.0
2021011003016088,FMDBL,56,21,48,606.0,29088.0
2021011003016082,FOWAD,45,50,25,2306.0,57650.0
2021011003016060,FOWAD,55,49,24,2305.0,55320.0
2021011003016059,FOWAD,22,49,40,2306.0,92240.0
2021011003016086,GBBL,46,34,306,323.0,98838.0
2021011003016069,GBBL,46,22,57,323.0,18411.0
2021011003016056,GBBL,46,22,44,323.0,14212.0
2021011003016055,GBBL,46,49,93,323.0,30039.0
2021011003016031,GBBL,39,35,110,322.0,35420.0
2021011003015802,GBBL,56,49,72,323.0,23256.0
2021011003015801,GBBL,56,1,100,323.0,32300.0
2021011003015800,GBBL,56,21,249,323.0,80427.0
2021011003015799,GBBL,56,34,79,323.0,25517.0
2021011003015732,GBBL,39,1,73,322.0,23506.0
2021011003015731,GBBL,28,1,27,322.0,8694.0
2021011003016184,GBLBS,49,51,45,610.0,27450.0
2021011003016080,GBLBS,25,51,50,610.0,30500.0
2021011003016001,GFCL,55,34,45,198.0,8910.0
2021011003016000,GFCL,48,34,100,198.0,19800.0
2021011003015999,GFCL,52,34,500,198.0,99000.0
2021011003015998,GFCL,51,34,150,198.0,29700.0
2021011003015997,GFCL,42,34,10,198.0,1980.0
2021011003015996,GFCL,13,34,395,198.0,78210.0
2021011003015995,GFCL,49,34,100,199.0,19900.0
2021011003015862,GFCL,42,35,10,200.0,2000.0
2021011003015754,GFCL,49,35,33,200.0,6600.0
2021011003016093,GILB,57,25,42,1418.0,59556.0
2021011003016146,GLBSL,35,34,10,920.0,9200.0
2021011003015991,GLBSL,35,26,50,920.0,46000.0
2021011003015985,GLBSL,35,1,38,920.0,34960.0
2021011003015984,GLBSL,58,1,62,920.0,57040.0
2021011003015753,GLBSL,58,45,10,920.0,9200.0
2021011003016164,GLICL,16,8,20,632.0,12640.0
2021011003016202,GMFBS,16,38,10,1145.0,11450.0
2021011003016025,GMFIL,13,42,200,192.0,38400.0
2021011003016158,GRDBL,14,57,50,157.0,7850.0
2021011003015949,GRDBL,14,16,10,157.0,1570.0
2021011003015937,GUFL,39,39,500,237.0,118500.0
2021011003015843,GUFL,39,28,400,237.0,94800.0
2021011003015842,GUFL,39,19,200,237.0,47400.0
2021011003015841,GUFL,39,47,50,237.0,11850.0
2021011003015840,GUFL,39,38,200,237.0,47400.0
2021011003015839,GUFL,39,47,140,237.0,33180.0
2021011003016075,HIDCL,7,45,61,266.0,16226.0
2021011003016073,HIDCL,16,41,31,267.0,8277.0
2021011003015972,HIDCL,7,10,428,266.0,113848.0
2021011003015971,HIDCL,13,10,150,266.0,39900.0
2021011003015970,HIDCL,4,10,"1,000",266.0,266000.0
2021011003015969,HIDCL,17,10,422,266.0,112252.0
2021011003015856,HIDCL,17,42,24,266.0,6384.0
2021011003015767,HIDCL,17,16,13,266.0,3458.0
2021011003015766,HIDCL,52,16,50,266.0,13300.0
2021011003016024,ICFC,7,52,118,261.0,30798.0
2021011003016036,ILBS,38,55,191,1171.0,223661.0
2021011003016035,ILBS,4,55,34,1172.0,39848.0
2021011003016034,ILBS,56,55,55,1174.0,64570.0
2021011003016176,JBBL,22,57,25,237.0,5925.0
2021011003016167,JBBL,25,45,50,237.0,11850.0
2021011003016114,JBBL,46,17,50,237.0,11850.0
2021011003016113,JBBL,46,51,400,237.0,94800.0
2021011003016112,JBBL,46,57,50,237.0,11850.0
2021011003016111,JBBL,46,45,100,237.0,23700.0
2021011003016110,JBBL,46,54,40,237.0,9480.0
2021011003016090,JBBL,33,59,200,236.0,47200.0
2021011003016023,JBBL,33,39,"1,200",236.0,283200.0
2021011003016022,JBBL,34,39,287,236.0,67732.0
2021011003016004,JBBL,25,54,"1,750",237.0,414750.0
2021011003016041,JFL,29,1,185,256.0,47360.0
2021011003016175,JSLBB,58,8,10,2152.0,21520.0
2021011003015913,JSLBB,58,49,40,2152.0,86080.0
2021011003016048,KMCDB,25,5,16,999.0,15984.0
2021011003016047,KMCDB,25,25,10,995.0,9950.0
2021011003016046,KMCDB,25,34,50,990.0,49500.0
2021011003016044,KMCDB,25,58,10,989.0,9890.0
2021011003016028,KMCDB,25,50,20,989.0,19780.0
2021011003016027,KMCDB,25,57,216,988.0,213408.0
2021011003015955,KMCDB,11,42,18,987.0,17766.0
2021011003015954,KMCDB,11,14,100,985.0,98500.0
2021011003015953,KMCDB,11,13,350,985.0,344750.0
2021011003015952,KMCDB,11,5,32,984.0,31488.0
2021011003015921,KMCDB,11,5,68,984.0,66912.0
2021011003015920,KMCDB,11,26,10,984.0,9840.0
2021011003016109,KSBBL,42,58,399,227.0,90573.0
2021011003016083,KSBBL,22,34,"2,000",228.0,456000.0
2021011003016005,KSBBL,55,20,58,229.0,13282.0
2021011003015975,KSBBL,55,38,300,228.0,68400.0
2021011003015974,KSBBL,55,41,80,228.0,18240.0
2021011003015956,KSBBL,54,41,100,228.0,22800.0
2021011003015765,KSBBL,45,47,1,227.0,227.0
2021011003015853,KSBBL,42,45,100,227.0,22700.0
2021011003015790,KSBBL,55,41,700,228.0,159600.0
2021011003015789,KSBBL,55,38,200,228.0,45600.0
2021011003015788,KSBBL,55,59,100,228.0,22800.0
2021011003015787,KSBBL,55,41,"1,000",228.0,228000.0
2021011003015786,KSBBL,55,8,"1,000",228.0,228000.0
2021011003016150,LBBL,3,44,70,224.0,15680.0
2021011003016149,LBBL,3,11,30,224.0,6720.0
2021011003015942,LBBL,26,11,70,224.0,15680.0
2021011003015941,LBBL,26,28,430,224.0,96320.0
2021011003015852,LBBL,49,28,100,224.0,22400.0
2021011003016050,LBBL,48,45,22,223.0,4906.0
2021011003016043,LBBL,37,11,100,224.0,22400.0
2021011003015935,LEMF,21,51,"2,500",10.0,25000.0
2021011003016141,LICN,50,6,100,2000.0,200000.0
2021011003016087,LICN,50,1,50,2000.0,100000.0
2021011003016032,LLBS,38,49,27,1356.0,36612.0
2021011003016125,MERO,45,57,157,1010.0,158570.0
2021011003016124,MERO,45,22,43,1010.0,43430.0
2021011003016123,MERO,45,20,200,1010.0,202000.0
2021011003016122,MERO,45,45,100,1008.0,100800.0
2021011003015946,MERO,42,44,357,1008.0,359856.0
2021011003015815,MERO,42,26,100,1008.0,100800.0
2021011003015761,MERO,42,58,43,1008.0,43344.0
2021011003015976,MERO,34,55,140,1009.0,141260.0
2021011003015947,MERO,34,44,643,1006.0,646858.0
