Transact. No.,Symbol,Buyer,Seller,Quantity,Rate,Amount
2021020705006022,PLI,8,35,30,877.0,26310.0
2021020705006021,PLI,8,45,20,877.0,17540.0
2021020705006020,PLI,8,58,10,877.0,8770.0
2021020705006019,PLI,8,52,10,877.0,8770.0
2021020705006018,PLI,8,17,10,877.0,8770.0
2021020705006017,PLI,8,38,10,877.0,8770.0
2021020705005524,PLI,11,49,10,880.0,8800.0
2021020705005523,PLI,49,58,10,881.0,8810.0
2021020705005530,PLI,13,46,10,880.0,8800.0
2021020705005529,PLI,1,45,90,881.0,79290.0
2021020705005528,PLI,1,36,10,881.0,8810.0
2021020705005527,PLI,13,45,10,880.0,8800.0
2021020705005526,PLI,11,53,10,880.0,8800.0
2021020705005525,PLI,11,28,10,880.0,8800.0
2021020705005536,PLI,13,49,10,880.0,8800.0
2021020705005535,PLI,13,57,10,880.0,8800.0
2021020705005534,PLI,13,21,10,880.0,8800.0
2021020705005533,PLI,13,53,10,880.0,8800.0
2021020705005532,PLI,13,36,10,880.0,8800.0
2021020705005531,PLI,13,49,10,880.0,8800.0
2021020705005542,PLI,46,38,10,880.0,8800.0
2021020705005541,PLI,4,11,10,880.0,8800.0
2021020705005540,PLI,4,58,10,880.0,8800.0
2021020705005539,PLI,49,45,90,881.0,79290.0
2021020705005538,PLI,13,36,10,880.0,8800.0
2021020705005537,PLI,13,42,10,880.0,8800.0
2021020705005548,PLI,43,21,10,880.0,8800.0
2021020705005547,PLI,43,41,40,880.0,35200.0
2021020705005546,PLI,46,41,10,880.0,8800.0
2021020705005545,PLI,46,28,10,880.0,8800.0
2021020705005544,PLI,46,49,10,880.0,8800.0
2021020705005543,PLI,46,36,10,880.0,8800.0
2021020705005554,PLI,43,36,10,880.0,8800.0
2021020705005553,PLI,43,34,10,880.0,8800.0
2021020705005552,PLI,43,28,10,880.0,8800.0
2021020705005551,PLI,43,11,10,880.0,8800.0
2021020705005550,PLI,43,58,10,880.0,8800.0
2021020705005549,PLI,43,29,10,880.0,8800.0
2021020705005560,PLI,42,17,10,880.0,8800.0
2021020705005559,PLI,42,58,10,880.0,8800.0
2021020705005558,PLI,42,28,10,880.0,8800.0
2021020705005557,PLI,42,29,10,880.0,8800.0
2021020705005556,PLI,43,34,30,880.0,26400.0
2021020705005555,PLI,43,6,10,880.0,8800.0
2021020705005566,PLI,8,1,10,880.0,8800.0
2021020705005565,PLI,43,1,60,880.0,52800.0
2021020705005564,PLI,43,1,30,880.0,26400.0
2021020705005563,PLI,42,1,15,880.0,13200.0
2021020705005562,PLI,26,45,50,881.0,44050.0
2021020705005561,PLI,44,45,490,881.0,431690.0
2021020705005572,PLI,36,1,90,880.0,79200.0
2021020705005571,PLI,19,1,50,880.0,44000.0
2021020705005570,PLI,47,1,70,880.0,61600.0
2021020705005569,PLI,47,1,50,880.0,44000.0
2021020705005568,PLI,34,1,20,880.0,17600.0
2021020705005567,PLI,38,1,100,880.0,88000.0
2021020705005578,PLI,1,45,50,881.0,44050.0
2021020705005577,PLI,49,17,10,880.0,8800.0
2021020705005576,PLI,49,21,10,880.0,8800.0
2021020705005575,PLI,49,28,10,880.0,8800.0
2021020705005574,PLI,49,19,10,880.0,8800.0
2021020705005573,PLI,6,1,5,880.0,4400.0
2021020705005584,PLI,49,28,10,880.0,8800.0
2021020705005583,PLI,49,10,10,880.0,8800.0
2021020705005582,PLI,49,29,10,880.0,8800.0
2021020705005581,PLI,49,53,10,880.0,8800.0
2021020705005580,PLI,49,38,10,880.0,8800.0
2021020705005579,PLI,49,28,10,880.0,8800.0
2021020705005590,PLI,44,11,10,879.0,8790.0
2021020705005589,PLI,44,51,100,879.0,87900.0
2021020705005588,PLI,42,51,20,879.0,17580.0
2021020705005587,PLI,26,51,190,879.0,167010.0
2021020705005586,PLI,13,1,20,880.0,17600.0
2021020705005585,PLI,44,1,10,880.0,8800.0
2021020705005596,PLI,51,1,30,880.0,26400.0
2021020705005595,PLI,44,59,10,879.0,8790.0
2021020705005594,PLI,36,1,50,880.0,44000.0
2021020705005593,PLI,44,11,10,879.0,8790.0
2021020705005592,PLI,44,52,10,879.0,8790.0
2021020705005591,PLI,44,53,10,879.0,8790.0
2021020705005602,PLI,44,58,10,879.0,8790.0
2021020705005601,PLI,44,38,10,879.0,8790.0
2021020705005600,PLI,44,1,10,879.0,8790.0
2021020705005599,PLI,21,1,200,880.0,176000.0
2021020705005598,PLI,44,37,10,879.0,8790.0
2021020705005597,PLI,44,28,10,879.0,8790.0
2021020705005608,PLI,32,1,100,880.0,88000.0
2021020705005607,PLI,33,29,10,879.0,8790.0
2021020705005606,PLI,33,41,10,879.0,8790.0
2021020705005605,PLI,33,21,10,879.0,8790.0
2021020705005604,PLI,33,11,10,879.0,8790.0
2021020705005603,PLI,22,1,50,880.0,44000.0
2021020705005614,PLI,33,39,10,879.0,8790.0
2021020705005613,PLI,33,54,10,879.0,8790.0
2021020705005612,PLI,33,11,10,879.0,8790.0
2021020705005611,PLI,33,38,10,879.0,8790.0
2021020705005610,PLI,33,38,10,879.0,8790.0
2021020705005609,PLI,33,22,10,879.0,8790.0
2021020705005620,PLI,39,35,10,878.0,8780.0
2021020705005619,PLI,39,38,10,878.0,8780.0
2021020705005618,PLI,39,51,150,879.0,131850.0
2021020705005617,PLI,40,51,25,879.0,21975.0
2021020705005616,PLI,14,51,100,879.0,87900.0
2021020705005615,PLI,6,51,10,879.0,8790.0
2021020705005626,PLI,26,10,140,878.0,122920.0
2021020705005625,PLI,3,1,35,879.0,30765.0
2021020705005624,PLI,3,21,10,879.0,8790.0
2021020705005623,PLI,3,11,10,879.0,8790.0
2021020705005622,PLI,3,51,45,879.0,39555.0
2021020705005621,PLI,26,28,10,878.0,8780.0
2021020705005632,PLI,26,28,10,878.0,8780.0
2021020705005631,PLI,38,1,10,879.0,8790.0
2021020705005630,PLI,26,6,10,878.0,8780.0
2021020705005629,PLI,26,49,10,878.0,8780.0
2021020705005628,PLI,1,1,200,879.0,175800.0
2021020705005627,PLI,26,16,10,878.0,8780.0
2021020705005638,PLI,26,35,10,878.0,8780.0
2021020705005637,PLI,42,1,10,879.0,8790.0
2021020705005636,PLI,26,43,10,878.0,8780.0
2021020705005635,PLI,26,58,10,878.0,8780.0
2021020705005634,PLI,26,35,10,878.0,8780.0
2021020705005633,PLI,26,38,10,878.0,8780.0
2021020705005644,PLI,26,5,10,878.0,8780.0
2021020705005643,PLI,26,35,10,878.0,8780.0
2021020705005642,PLI,26,44,10,878.0,8780.0
2021020705005641,PLI,26,29,10,878.0,8780.0
2021020705005640,PLI,26,3,10,878.0,8780.0
2021020705005639,PLI,26,11,10,878.0,8780.0
2021020705005650,PLI,26,21,10,878.0,8780.0
2021020705005649,PLI,26,38,10,878.0,8780.0
2021020705005648,PLI,26,52,10,878.0,8780.0
2021020705005647,PLI,38,1,10,879.0,8790.0
2021020705005646,PLI,26,28,10,878.0,8780.0
2021020705005645,PLI,26,11,10,878.0,8780.0
2021020705005656,PLI,26,44,10,878.0,8780.0
2021020705005655,PLI,26,34,10,878.0,8780.0
2021020705005654,PLI,26,26,10,878.0,8780.0
2021020705005653,PLI,26,38,10,878.0,8780.0
2021020705005652,PLI,26,58,10,878.0,8780.0
2021020705005651,PLI,26,38,10,878.0,8780.0
2021020705005662,PLI,26,16,10,878.0,8780.0
2021020705005661,PLI,26,52,10,878.0,8780.0
2021020705005660,PLI,26,21,10,878.0,8780.0
2021020705005659,PLI,1,1,20,879.0,17580.0
2021020705005658,PLI,26,38,10,878.0,8780.0
2021020705005657,PLI,26,58,10,878.0,8780.0
2021020705005668,PLI,51,32,10,878.0,8780.0
2021020705005667,PLI,51,42,10,878.0,8780.0
2021020705005666,PLI,26,52,10,878.0,8780.0
2021020705005665,PLI,26,11,10,878.0,8780.0
2021020705005664,PLI,26,28,10,878.0,8780.0
2021020705005663,PLI,26,35,10,878.0,8780.0
2021020705005674,PLI,25,17,10,878.0,8780.0
2021020705005673,PLI,25,32,10,878.0,8780.0
2021020705005672,PLI,25,3,10,878.0,8780.0
2021020705005671,PLI,25,35,10,878.0,8780.0
2021020705005670,PLI,54,1,100,879.0,87900.0
2021020705005669,PLI,51,28,10,878.0,8780.0
2021020705005680,PLI,42,17,100,877.0,87700.0
2021020705005679,PLI,22,17,50,877.0,43850.0
2021020705005678,PLI,42,17,300,878.0,263400.0
2021020705005677,PLI,56,17,25,878.0,21950.0
2021020705005676,PLI,44,17,200,878.0,175600.0
2021020705005675,PLI,54,17,200,878.0,175600.0
2021020705005686,PLI,26,17,200,877.0,175400.0
2021020705005685,PLI,20,17,10,877.0,8770.0
2021020705005684,PLI,45,17,20,877.0,17540.0
2021020705005683,PLI,28,17,100,877.0,87700.0
2021020705005682,PLI,52,17,50,877.0,43850.0
2021020705005681,PLI,32,17,10,877.0,8770.0
2021020705005692,PLI,11,17,50,876.0,43800.0
2021020705005691,PLI,41,17,10,876.0,8760.0
2021020705005690,PLI,42,17,230,876.0,201480.0
2021020705005689,PLI,36,17,50,877.0,43850.0
2021020705005688,PLI,34,17,50,877.0,43850.0
2021020705005687,PLI,39,17,100,877.0,87700.0
2021020705005698,PLI,42,17,100,875.0,87500.0
2021020705005697,PLI,39,17,20,875.0,17500.0
2021020705005696,PLI,19,17,100,876.0,87600.0
2021020705005695,PLI,43,17,60,876.0,52560.0
2021020705005694,PLI,10,17,100,876.0,87600.0
2021020705005693,PLI,17,17,100,876.0,87600.0
2021020705005704,PLI,6,17,10,875.0,8750.0
2021020705005703,PLI,29,17,200,875.0,175000.0
2021020705005702,PLI,49,17,250,875.0,218750.0
2021020705005701,PLI,59,17,500,875.0,437500.0
2021020705005700,PLI,41,17,25,875.0,21875.0
2021020705005699,PLI,49,17,10,875.0,8750.0
2021020705005710,PLI,32,17,50,875.0,43750.0
2021020705005709,PLI,57,17,100,875.0,87500.0
2021020705005708,PLI,55,17,10,875.0,8750.0
2021020705005707,PLI,34,17,40,875.0,35000.0
2021020705005706,PLI,16,17,20,875.0,17500.0
2021020705005705,PLI,14,17,20,875.0,17500.0
2021020705005716,PLI,54,36,30,875.0,26250.0
2021020705005715,PLI,50,36,80,875.0,70000.0
2021020705005714,PLI,50,11,10,875.0,8750.0
2021020705005713,PLI,50,58,10,875.0,8750.0
2021020705005712,PLI,45,17,200,875.0,175000.0
2021020705005711,PLI,58,17,20,875.0,17500.0
2021020705005722,PLI,43,33,60,875.0,52500.0
2021020705005721,PLI,38,33,20,875.0,17500.0
2021020705005720,PLI,1,33,100,875.0,87500.0
2021020705005719,PLI,1,33,10,875.0,8750.0
2021020705005718,PLI,1,36,90,875.0,78750.0
2021020705005717,PLI,44,36,100,875.0,87500.0
2021020705005728,PLI,58,35,10,875.0,8750.0
2021020705005727,PLI,58,33,185,875.0,161875.0
2021020705005726,PLI,4,33,10,875.0,8750.0
2021020705005725,PLI,44,33,15,875.0,13125.0
2021020705005724,PLI,33,33,50,875.0,43750.0
2021020705005723,PLI,58,33,50,875.0,43750.0
2021020705005734,PLI,34,43,10,879.0,8790.0
2021020705005733,PLI,34,1,10,879.0,8790.0
2021020705005732,PLI,54,44,10,874.0,8740.0
2021020705005731,PLI,54,13,10,874.0,8740.0
2021020705005730,PLI,38,44,10,875.0,8750.0
2021020705005729,PLI,54,14,10,874.0,8740.0
2021020705005740,PLI,54,58,10,874.0,8740.0
2021020705005739,PLI,54,34,10,874.0,8740.0
2021020705005738,PLI,54,14,10,874.0,8740.0
2021020705005737,PLI,54,21,10,874.0,8740.0
2021020705005736,PLI,54,51,10,874.0,8740.0
2021020705005735,PLI,54,11,10,874.0,8740.0
2021020705005746,PLI,11,47,10,875.0,8750.0
2021020705005745,PLI,11,52,10,875.0,8750.0
2021020705005744,PLI,54,11,10,874.0,8740.0
2021020705005743,PLI,54,28,10,874.0,8740.0
2021020705005742,PLI,54,38,10,874.0,8740.0
2021020705005741,PLI,54,6,10,874.0,8740.0
2021020705005752,PLI,42,11,10,875.0,8750.0
2021020705005751,PLI,42,51,10,875.0,8750.0
2021020705005750,PLI,54,34,10,874.0,8740.0
2021020705005749,PLI,11,44,10,875.0,8750.0
2021020705005748,PLI,11,17,10,875.0,8750.0
2021020705005747,PLI,11,35,10,875.0,8750.0
2021020705005758,PLI,42,58,10,875.0,8750.0
2021020705005757,PLI,42,59,10,875.0,8750.0
2021020705005756,PLI,42,35,10,875.0,8750.0
2021020705005755,PLI,42,40,10,875.0,8750.0
2021020705005754,PLI,42,26,10,875.0,8750.0
2021020705005753,PLI,42,25,10,875.0,8750.0
2021020705005764,PLI,41,49,10,877.0,8770.0
2021020705005763,PLI,42,25,10,875.0,8750.0
2021020705005762,PLI,42,33,10,875.0,8750.0
2021020705005761,PLI,42,34,10,875.0,8750.0
2021020705005760,PLI,42,25,10,875.0,8750.0
2021020705005759,PLI,42,47,10,875.0,8750.0
2021020705005770,PLI,42,14,10,875.0,8750.0
2021020705005769,PLI,42,41,10,875.0,8750.0
2021020705005768,PLI,42,48,10,875.0,8750.0
2021020705005767,PLI,42,47,10,875.0,8750.0
2021020705005766,PLI,42,39,50,877.0,43850.0
2021020705005765,PLI,42,41,10,875.0,8750.0
2021020705005776,PLI,42,14,10,875.0,8750.0
2021020705005775,PLI,42,41,10,875.0,8750.0
2021020705005774,PLI,42,49,10,875.0,8750.0
2021020705005773,PLI,42,58,10,875.0,8750.0
2021020705005772,PLI,42,42,10,875.0,8750.0
2021020705005771,PLI,42,52,10,875.0,8750.0
2021020705005782,PLI,42,21,10,875.0,8750.0
2021020705005781,PLI,42,43,10,875.0,8750.0
2021020705005780,PLI,42,42,10,875.0,8750.0
2021020705005779,PLI,42,8,10,875.0,8750.0
2021020705005778,PLI,50,56,10,877.0,8770.0
2021020705005777,PLI,50,39,50,877.0,43850.0
2021020705005788,PLI,6,36,10,875.0,8750.0
2021020705005787,PLI,6,13,10,875.0,8750.0
2021020705005786,PLI,6,8,10,875.0,8750.0
2021020705005785,PLI,6,59,10,875.0,8750.0
2021020705005784,PLI,42,41,10,875.0,8750.0
2021020705005783,PLI,42,11,10,875.0,8750.0
2021020705005794,PLI,1,11,10,875.0,8750.0
2021020705005793,PLI,42,33,10,878.0,8780.0
2021020705005792,PLI,42,21,10,878.0,8780.0
2021020705005791,PLI,1,41,10,875.0,8750.0
2021020705005790,PLI,1,16,10,875.0,8750.0
2021020705005789,PLI,1,45,10,875.0,8750.0
2021020705005800,PLI,45,37,10,875.0,8750.0
2021020705005799,PLI,45,59,10,875.0,8750.0
2021020705005798,PLI,45,13,50,875.0,43750.0
2021020705005797,PLI,54,17,10,874.0,8740.0
2021020705005796,PLI,1,13,50,875.0,43750.0
2021020705005795,PLI,1,49,10,875.0,8750.0
2021020705005806,PLI,45,44,10,875.0,8750.0
2021020705005805,PLI,45,45,50,875.0,43750.0
2021020705005804,PLI,45,17,10,875.0,8750.0
2021020705005803,PLI,45,41,10,875.0,8750.0
2021020705005802,PLI,45,45,10,875.0,8750.0
2021020705005801,PLI,50,48,140,878.0,122920.0
2021020705005812,PLI,40,34,15,875.0,13125.0
2021020705005811,PLI,40,13,10,875.0,8750.0
2021020705005810,PLI,45,11,10,875.0,8750.0
2021020705005809,PLI,45,58,10,875.0,8750.0
2021020705005808,PLI,45,36,10,875.0,8750.0
2021020705005807,PLI,45,13,10,875.0,8750.0
2021020705005818,PLI,16,11,10,875.0,8750.0
2021020705005817,PLI,16,34,25,875.0,21875.0
2021020705005816,PLI,54,49,10,874.0,8740.0
2021020705005815,PLI,54,58,10,874.0,8740.0
2021020705005814,PLI,44,34,10,875.0,8750.0
2021020705005813,PLI,54,21,10,874.0,8740.0
2021020705005824,PLI,54,38,10,874.0,8740.0
2021020705005823,PLI,54,20,10,874.0,8740.0
2021020705005822,PLI,16,42,10,875.0,8750.0
2021020705005821,PLI,16,38,10,875.0,8750.0
2021020705005820,PLI,16,13,10,875.0,8750.0
2021020705005819,PLI,16,36,35,875.0,30625.0
2021020705005830,PLI,58,3,10,875.0,8750.0
2021020705005829,PLI,58,38,10,875.0,8750.0
2021020705005828,PLI,58,46,10,875.0,8750.0
2021020705005827,PLI,58,49,10,875.0,8750.0
2021020705005826,PLI,58,51,10,875.0,8750.0
2021020705005825,PLI,55,11,10,874.0,8740.0
2021020705005836,PLI,55,25,10,874.0,8740.0
2021020705005835,PLI,58,49,10,875.0,8750.0
2021020705005834,PLI,58,20,10,875.0,8750.0
2021020705005833,PLI,58,51,10,875.0,8750.0
2021020705005832,PLI,58,13,10,875.0,8750.0
2021020705005831,PLI,58,58,10,875.0,8750.0
2021020705005842,PLI,40,20,10,875.0,8750.0
2021020705005841,PLI,40,34,10,875.0,8750.0
2021020705005840,PLI,40,8,10,875.0,8750.0
2021020705005839,PLI,40,35,10,875.0,8750.0
2021020705005838,PLI,40,38,10,875.0,8750.0
2021020705005837,PLI,40,11,10,875.0,8750.0
2021020705005848,PLI,50,34,10,874.0,8740.0
2021020705005847,PLI,55,38,10,874.0,8740.0
2021020705005846,PLI,40,28,10,875.0,8750.0
2021020705005845,PLI,40,3,10,875.0,8750.0
2021020705005844,PLI,40,17,10,875.0,8750.0
2021020705005843,PLI,40,49,10,875.0,8750.0
2021020705005854,PLI,50,58,10,874.0,8740.0
2021020705005853,PLI,50,20,10,874.0,8740.0
2021020705005852,PLI,50,13,10,874.0,8740.0
2021020705005851,PLI,50,17,10,874.0,8740.0
2021020705005850,PLI,50,28,10,874.0,8740.0
2021020705005849,PLI,50,49,10,874.0,8740.0
2021020705005860,PLI,50,34,10,875.0,8750.0
2021020705005859,PLI,50,56,10,874.0,8740.0
2021020705005858,PLI,50,17,10,874.0,8740.0
2021020705005857,PLI,47,52,10,875.0,8750.0
2021020705005856,PLI,47,11,10,875.0,8750.0
2021020705005855,PLI,50,49,10,874.0,8740.0
2021020705005866,PLI,34,59,20,875.0,17500.0
2021020705005865,PLI,50,28,10,874.0,8740.0
2021020705005864,PLI,50,43,10,874.0,8740.0
2021020705005863,PLI,50,42,10,874.0,8740.0
2021020705005862,PLI,50,11,10,874.0,8740.0
2021020705005861,PLI,50,59,10,875.0,8750.0
2021020705005872,PLI,41,51,10,875.0,8750.0
2021020705005871,PLI,41,59,20,875.0,17500.0
2021020705005870,PLI,50,56,10,874.0,8740.0
2021020705005869,PLI,50,20,10,874.0,8740.0
2021020705005868,PLI,50,44,10,874.0,8740.0
2021020705005867,PLI,50,8,10,874.0,8740.0
2021020705005878,PLI,11,34,10,875.0,8750.0
2021020705005877,PLI,11,11,10,875.0,8750.0
2021020705005876,PLI,11,17,10,875.0,8750.0
2021020705005875,PLI,41,34,10,875.0,8750.0
2021020705005874,PLI,41,45,10,875.0,8750.0
2021020705005873,PLI,41,46,10,875.0,8750.0
2021020705005884,PLI,22,48,360,878.0,316080.0
2021020705005883,PLI,22,28,10,877.0,8770.0
2021020705005882,PLI,22,49,10,877.0,8770.0
2021020705005881,PLI,22,4,10,877.0,8770.0
2021020705005880,PLI,22,20,10,876.0,8760.0
2021020705005879,PLI,50,58,10,876.0,8760.0
2021020705005890,PLI,11,20,10,875.0,8750.0
2021020705005889,PLI,11,38,10,875.0,8750.0
2021020705005888,PLI,11,56,10,875.0,8750.0
2021020705005887,PLI,22,45,10,878.0,8780.0
2021020705005886,PLI,22,32,10,878.0,8780.0
2021020705005885,PLI,22,58,10,878.0,8780.0
2021020705005896,PLI,50,26,10,874.0,8740.0
2021020705005895,PLI,50,11,10,874.0,8740.0
2021020705005894,PLI,11,17,10,875.0,8750.0
2021020705005893,PLI,11,6,10,875.0,8750.0
2021020705005892,PLI,11,48,10,875.0,8750.0
2021020705005891,PLI,11,49,10,875.0,8750.0
2021020705005902,PLI,50,34,10,876.0,8760.0
2021020705005901,PLI,42,48,10,875.0,8750.0
2021020705005900,PLI,46,49,10,875.0,8750.0
2021020705005899,PLI,46,20,10,875.0,8750.0
2021020705005898,PLI,46,38,10,875.0,8750.0
2021020705005897,PLI,46,58,10,875.0,8750.0
2021020705005908,PLI,42,41,50,875.0,43750.0
2021020705005907,PLI,42,32,10,875.0,8750.0
2021020705005906,PLI,42,38,10,875.0,8750.0
2021020705005905,PLI,42,26,10,875.0,8750.0
2021020705005904,PLI,50,56,10,877.0,8770.0
2021020705005903,PLI,50,34,10,876.0,8760.0
2021020705005914,PLI,42,56,10,877.0,8770.0
2021020705005913,PLI,42,38,10,877.0,8770.0
2021020705005912,PLI,42,34,10,876.0,8760.0
2021020705005911,PLI,42,56,10,875.0,8750.0
2021020705005910,PLI,42,42,10,875.0,8750.0
2021020705005909,PLI,42,26,10,875.0,8750.0
2021020705005920,PLI,42,49,10,877.0,8770.0
2021020705005919,PLI,42,20,10,877.0,8770.0
2021020705005918,PLI,42,22,10,877.0,8770.0
2021020705005917,PLI,42,39,100,877.0,87700.0
2021020705005916,PLI,42,25,10,877.0,8770.0
2021020705005915,PLI,42,26,10,877.0,8770.0
2021020705005926,PLI,42,42,10,875.0,8750.0
2021020705005925,PLI,42,49,10,875.0,8750.0
2021020705005924,PLI,42,36,10,875.0,8750.0
2021020705005923,PLI,5,6,50,876.0,43800.0
2021020705005922,PLI,42,28,10,877.0,8770.0
2021020705005921,PLI,42,58,10,877.0,8770.0
2021020705005932,PLI,49,16,10,877.0,8770.0
2021020705005931,PLI,49,6,25,876.0,21900.0
2021020705005930,PLI,42,17,10,875.0,8750.0
2021020705005929,PLI,42,56,10,875.0,8750.0
2021020705005928,PLI,42,13,10,875.0,8750.0
2021020705005927,PLI,45,6,15,876.0,13140.0
2021020705005938,PLI,49,44,10,877.0,8770.0
2021020705005937,PLI,49,17,10,877.0,8770.0
2021020705005936,PLI,49,36,10,877.0,8770.0
2021020705005935,PLI,49,47,10,877.0,8770.0
2021020705005934,PLI,49,26,10,877.0,8770.0
2021020705005933,PLI,49,44,10,877.0,8770.0
2021020705005944,PLI,32,34,10,878.0,8780.0
2021020705005943,PLI,32,41,10,878.0,8780.0
2021020705005942,PLI,32,58,10,878.0,8780.0
2021020705005941,PLI,32,49,10,878.0,8780.0
2021020705005940,PLI,32,49,20,878.0,17560.0
2021020705005939,PLI,49,5,10,877.0,8770.0
2021020705005950,PLI,7,19,40,878.0,35120.0
2021020705005949,PLI,42,20,235,875.0,205625.0
2021020705005948,PLI,49,20,95,877.0,83315.0
2021020705005947,PLI,32,20,170,878.0,149260.0
2021020705005946,PLI,32,17,10,878.0,8780.0
2021020705005945,PLI,32,58,10,878.0,8780.0
2021020705005956,PLI,19,21,10,879.0,8790.0
2021020705005955,PLI,19,21,10,879.0,8790.0
2021020705005954,PLI,19,11,10,879.0,8790.0
2021020705005953,PLI,19,50,10,879.0,8790.0
2021020705005952,PLI,19,21,10,879.0,8790.0
2021020705005951,PLI,7,17,10,878.0,8780.0
2021020705005962,PLI,19,58,10,879.0,8790.0
2021020705005961,PLI,19,58,10,879.0,8790.0
2021020705005960,PLI,19,59,10,879.0,8790.0
2021020705005959,PLI,19,47,10,879.0,8790.0
2021020705005958,PLI,19,17,10,879.0,8790.0
2021020705005957,PLI,19,47,10,879.0,8790.0
2021020705005968,PLI,19,47,140,879.0,123060.0
2021020705005967,PLI,19,16,10,879.0,8790.0
2021020705005966,PLI,19,17,10,879.0,8790.0
2021020705005965,PLI,19,38,10,879.0,8790.0
2021020705005964,PLI,19,49,10,879.0,8790.0
2021020705005963,PLI,19,38,10,879.0,8790.0
2021020705005974,PLI,42,1,90,879.0,79110.0
2021020705005973,PLI,42,36,10,879.0,8790.0
2021020705005972,PLI,34,58,10,880.0,8800.0
2021020705005971,PLI,34,58,10,880.0,8800.0
2021020705005970,PLI,42,47,10,879.0,8790.0
2021020705005969,PLI,7,47,130,878.0,114140.0
2021020705005980,PLI,17,35,10,878.0,8780.0
2021020705005979,PLI,39,21,10,877.0,8770.0
2021020705005978,PLI,49,1,85,879.0,74715.0
2021020705005977,PLI,26,1,25,879.0,21975.0
2021020705005976,PLI,7,17,10,878.0,8780.0
2021020705005975,PLI,7,35,10,878.0,8780.0
2021020705005986,PLI,44,22,10,877.0,8770.0
2021020705005985,PLI,42,13,10,875.0,8750.0
2021020705005984,PLI,39,13,40,877.0,35080.0
2021020705005983,PLI,39,4,40,877.0,35080.0
2021020705005982,PLI,28,43,10,878.0,8780.0
2021020705005981,PLI,39,58,10,877.0,8770.0
2021020705005992,PLI,42,17,10,875.0,8750.0
2021020705005991,PLI,44,46,10,878.0,8780.0
2021020705005990,PLI,44,13,10,878.0,8780.0
2021020705005989,PLI,44,17,10,878.0,8780.0
2021020705005988,PLI,44,58,10,878.0,8780.0
2021020705005987,PLI,44,14,10,878.0,8780.0
2021020705005998,PLI,8,58,10,877.0,8770.0
2021020705005997,PLI,21,52,10,878.0,8780.0
2021020705005996,PLI,21,26,10,878.0,8780.0
2021020705005995,PLI,21,58,10,878.0,8780.0
2021020705005994,PLI,21,22,10,878.0,8780.0
2021020705005993,PLI,21,47,10,878.0,8780.0
2021020705006004,PLI,57,47,10,878.0,8780.0
2021020705006003,PLI,57,59,10,878.0,8780.0
2021020705006002,PLI,57,53,70,878.0,61460.0
2021020705006001,PLI,57,58,10,878.0,8780.0
2021020705006000,PLI,57,47,10,878.0,8780.0
2021020705005999,PLI,57,34,10,878.0,8780.0
2021020705006010,PLI,47,48,100,878.0,87800.0
2021020705006009,PLI,8,57,10,877.0,8770.0
2021020705006008,PLI,8,41,50,877.0,43850.0
2021020705006007,PLI,45,48,70,878.0,61460.0
2021020705006006,PLI,57,48,90,878.0,79020.0
2021020705006005,PLI,57,17,290,878.0,254620.0
2021020705006016,PLI,45,48,50,878.0,43900.0
2021020705006015,PLI,8,4,10,877.0,8770.0
2021020705006014,PLI,45,48,30,878.0,26340.0
2021020705006013,PLI,8,59,10,877.0,8770.0
2021020705006012,PLI,8,47,10,877.0,8770.0
2021020705006011,PLI,8,21,10,877.0,8770.0
2021020705005522,PLI,49,45,10,881.0,8810.0
2021020705005521,PLI,11,45,10,880.0,8800.0
2021020705005520,PLI,11,39,10,880.0,8800.0
2021020705005519,PLI,11,21,10,880.0,8800.0
2021020705005518,PLI,26,39,10,881.0,8810.0
2021020705005517,PLI,26,36,10,881.0,8810.0
2021020705005024,PLI,42,42,10,885.0,8850.0
2021020705005023,PLI,42,21,10,885.0,8850.0
2021020705005030,PLI,42,45,10,885.0,8850.0
2021020705005029,PLI,42,45,10,885.0,8850.0
2021020705005028,PLI,42,45,10,885.0,8850.0
2021020705005027,PLI,42,32,10,885.0,8850.0
2021020705005026,PLI,42,45,10,885.0,8850.0
2021020705005025,PLI,42,6,10,885.0,8850.0
2021020705005036,PLI,42,54,40,885.0,35400.0
2021020705005035,PLI,42,41,10,885.0,8850.0
2021020705005034,PLI,42,43,100,885.0,88500.0
2021020705005033,PLI,42,4,10,885.0,8850.0
2021020705005032,PLI,42,57,10,885.0,8850.0
2021020705005031,PLI,42,41,10,885.0,8850.0
2021020705005042,PLI,42,25,10,885.0,8850.0
2021020705005041,PLI,42,49,10,885.0,8850.0
2021020705005040,PLI,42,41,10,885.0,8850.0
2021020705005039,PLI,42,16,10,885.0,8850.0
2021020705005038,PLI,42,58,10,885.0,8850.0
2021020705005037,PLI,42,58,10,885.0,8850.0
2021020705005048,PLI,42,16,10,885.0,8850.0
2021020705005047,PLI,42,32,100,885.0,88500.0
2021020705005046,PLI,42,8,10,885.0,8850.0
2021020705005045,PLI,42,58,10,885.0,8850.0
2021020705005044,PLI,42,51,10,885.0,8850.0
2021020705005043,PLI,42,58,10,885.0,8850.0
2021020705005054,PLI,42,46,10,885.0,8850.0
2021020705005053,PLI,42,14,10,885.0,8850.0
2021020705005052,PLI,42,52,10,885.0,8850.0
2021020705005051,PLI,42,25,10,885.0,8850.0
2021020705005050,PLI,42,58,10,885.0,8850.0
2021020705005049,PLI,42,32,10,885.0,8850.0
2021020705005060,PLI,42,25,10,885.0,8850.0
2021020705005059,PLI,42,28,10,885.0,8850.0
2021020705005058,PLI,42,34,10,885.0,8850.0
2021020705005057,PLI,42,58,10,885.0,8850.0
2021020705005056,PLI,42,48,10,885.0,8850.0
2021020705005055,PLI,42,35,10,885.0,8850.0
2021020705005066,PLI,42,37,10,885.0,8850.0
2021020705005065,PLI,42,46,10,885.0,8850.0
2021020705005064,PLI,42,14,10,885.0,8850.0
2021020705005063,PLI,42,13,10,885.0,8850.0
2021020705005062,PLI,42,58,10,885.0,8850.0
2021020705005061,PLI,42,21,10,885.0,8850.0
2021020705005072,PLI,42,57,10,885.0,8850.0
2021020705005071,PLI,42,11,10,885.0,8850.0
2021020705005070,PLI,42,38,10,885.0,8850.0
2021020705005069,PLI,42,29,10,885.0,8850.0
2021020705005068,PLI,42,42,10,885.0,8850.0
2021020705005067,PLI,42,21,10,885.0,8850.0
2021020705005078,PLI,42,36,10,885.0,8850.0
2021020705005077,PLI,42,41,10,885.0,8850.0
2021020705005076,PLI,42,8,10,885.0,8850.0
2021020705005075,PLI,42,35,10,885.0,8850.0
2021020705005074,PLI,42,17,10,885.0,8850.0
2021020705005073,PLI,42,58,10,885.0,8850.0
2021020705005084,PLI,42,57,10,885.0,8850.0
2021020705005083,PLI,42,8,10,885.0,8850.0
2021020705005082,PLI,42,51,10,885.0,8850.0
2021020705005081,PLI,42,59,10,885.0,8850.0
2021020705005080,PLI,42,52,10,885.0,8850.0
2021020705005079,PLI,42,57,10,885.0,8850.0
2021020705005090,PLI,42,42,10,885.0,8850.0
2021020705005089,PLI,42,21,10,885.0,8850.0
2021020705005088,PLI,42,53,10,885.0,8850.0
2021020705005087,PLI,42,8,10,885.0,8850.0
2021020705005086,PLI,42,58,10,885.0,8850.0
2021020705005085,PLI,42,21,10,885.0,8850.0
2021020705005096,PLI,42,32,10,885.0,8850.0
2021020705005095,PLI,42,20,10,885.0,8850.0
2021020705005094,PLI,42,8,10,885.0,8850.0
2021020705005093,PLI,42,8,10,885.0,8850.0
2021020705005092,PLI,42,48,10,885.0,8850.0
2021020705005091,PLI,42,58,10,885.0,8850.0
2021020705005102,PLI,42,8,400,885.0,354000.0
2021020705005101,PLI,42,58,10,885.0,8850.0
2021020705005100,PLI,42,4,30,885.0,26550.0
2021020705005099,PLI,42,8,10,885.0,8850.0
2021020705005098,PLI,42,58,10,885.0,8850.0
2021020705005097,PLI,42,6,10,885.0,8850.0
2021020705005108,PLI,42,57,10,885.0,8850.0
2021020705005107,PLI,42,3,10,885.0,8850.0
2021020705005106,PLI,42,6,10,885.0,8850.0
2021020705005105,PLI,42,21,10,885.0,8850.0
2021020705005104,PLI,42,8,10,885.0,8850.0
2021020705005103,PLI,42,21,10,885.0,8850.0
2021020705005114,PLI,42,22,40,885.0,35400.0
2021020705005113,PLI,42,3,10,885.0,8850.0
2021020705005112,PLI,42,19,10,885.0,8850.0
2021020705005111,PLI,42,8,10,885.0,8850.0
2021020705005110,PLI,42,41,10,885.0,8850.0
2021020705005109,PLI,42,8,10,885.0,8850.0
2021020705005120,PLI,41,58,10,885.0,8850.0
2021020705005119,PLI,41,8,10,885.0,8850.0
2021020705005118,PLI,41,22,30,885.0,26550.0
2021020705005117,PLI,41,4,10,884.0,8840.0
2021020705005116,PLI,45,17,10,881.0,8810.0
2021020705005115,PLI,45,21,10,881.0,8810.0
2021020705005126,PLI,41,36,10,886.0,8860.0
2021020705005125,PLI,41,3,50,886.0,44300.0
2021020705005124,PLI,41,38,10,885.0,8850.0
2021020705005123,PLI,41,45,10,885.0,8850.0
2021020705005122,PLI,41,52,10,885.0,8850.0
2021020705005121,PLI,41,57,10,885.0,8850.0
2021020705005132,PLI,45,21,10,881.0,8810.0
2021020705005131,PLI,41,49,10,886.0,8860.0
2021020705005130,PLI,41,29,10,886.0,8860.0
2021020705005129,PLI,41,21,10,886.0,8860.0
2021020705005128,PLI,41,46,10,886.0,8860.0
2021020705005127,PLI,41,21,110,886.0,97460.0
2021020705005138,PLI,57,21,10,886.0,8860.0
2021020705005137,PLI,57,8,10,881.0,8810.0
2021020705005136,PLI,42,21,10,880.0,8800.0
2021020705005135,PLI,42,42,10,880.0,8800.0
2021020705005134,PLI,50,8,10,881.0,8810.0
2021020705005133,PLI,45,8,10,881.0,8810.0
2021020705005144,PLI,42,45,10,880.0,8800.0
2021020705005143,PLI,42,10,10,880.0,8800.0
2021020705005142,PLI,42,14,10,880.0,8800.0
2021020705005141,PLI,42,40,10,880.0,8800.0
2021020705005140,PLI,57,54,80,886.0,70880.0
2021020705005139,PLI,57,25,10,886.0,8860.0
2021020705005150,PLI,19,4,10,881.0,8810.0
2021020705005149,PLI,49,21,10,880.0,8800.0
2021020705005148,PLI,42,36,10,880.0,8800.0
2021020705005147,PLI,42,42,10,880.0,8800.0
2021020705005146,PLI,42,28,10,880.0,8800.0
2021020705005145,PLI,42,49,10,880.0,8800.0
2021020705005156,PLI,49,18,10,880.0,8800.0
2021020705005155,PLI,49,1,10,880.0,8800.0
2021020705005154,PLI,49,21,10,880.0,8800.0
2021020705005153,PLI,49,58,10,880.0,8800.0
2021020705005152,PLI,19,21,10,881.0,8810.0
2021020705005151,PLI,19,21,10,881.0,8810.0
2021020705005162,PLI,49,29,10,881.0,8810.0
2021020705005161,PLI,49,8,10,880.0,8800.0
2021020705005160,PLI,49,47,10,880.0,8800.0
2021020705005159,PLI,49,21,10,880.0,8800.0
2021020705005158,PLI,49,42,10,880.0,8800.0
2021020705005157,PLI,49,53,10,880.0,8800.0
2021020705005168,PLI,49,54,10,881.0,8810.0
2021020705005167,PLI,49,8,10,881.0,8810.0
2021020705005166,PLI,49,19,10,881.0,8810.0
2021020705005165,PLI,49,42,10,881.0,8810.0
2021020705005164,PLI,49,28,10,881.0,8810.0
2021020705005163,PLI,49,39,10,881.0,8810.0
2021020705005174,PLI,49,38,10,881.0,8810.0
2021020705005173,PLI,49,11,10,881.0,8810.0
2021020705005172,PLI,49,35,10,881.0,8810.0
2021020705005171,PLI,49,8,10,881.0,8810.0
2021020705005170,PLI,49,26,10,881.0,8810.0
2021020705005169,PLI,49,21,10,881.0,8810.0
2021020705005180,PLI,49,38,10,881.0,8810.0
2021020705005179,PLI,49,8,10,881.0,8810.0
2021020705005178,PLI,49,21,10,881.0,8810.0
2021020705005177,PLI,49,58,10,881.0,8810.0
2021020705005176,PLI,49,21,10,881.0,8810.0
2021020705005175,PLI,49,8,10,881.0,8810.0
2021020705005186,PLI,25,38,10,881.0,8810.0
2021020705005185,PLI,25,32,10,881.0,8810.0
2021020705005184,PLI,51,21,10,880.0,8800.0
2021020705005183,PLI,19,40,10,881.0,8810.0
2021020705005182,PLI,19,45,10,881.0,8810.0
2021020705005181,PLI,49,21,10,881.0,8810.0
2021020705005192,PLI,25,56,10,881.0,8810.0
2021020705005191,PLI,25,21,10,881.0,8810.0
2021020705005190,PLI,25,6,10,881.0,8810.0
2021020705005189,PLI,25,21,10,881.0,8810.0
2021020705005188,PLI,25,21,10,881.0,8810.0
2021020705005187,PLI,25,56,10,881.0,8810.0
2021020705005198,PLI,38,52,10,881.0,8810.0
2021020705005197,PLI,51,21,10,880.0,8800.0
2021020705005196,PLI,25,21,10,881.0,8810.0
2021020705005195,PLI,25,28,10,881.0,8810.0
2021020705005194,PLI,25,38,10,881.0,8810.0
2021020705005193,PLI,25,38,10,881.0,8810.0
2021020705005204,PLI,10,53,10,881.0,8810.0
2021020705005203,PLI,51,21,10,880.0,8800.0
2021020705005202,PLI,51,21,10,880.0,8800.0
2021020705005201,PLI,51,21,10,880.0,8800.0
2021020705005200,PLI,51,38,10,880.0,8800.0
2021020705005199,PLI,38,21,50,881.0,44050.0
2021020705005210,PLI,10,58,10,881.0,8810.0
2021020705005209,PLI,10,21,10,881.0,8810.0
2021020705005208,PLI,10,38,10,881.0,8810.0
2021020705005207,PLI,10,25,10,881.0,8810.0
2021020705005206,PLI,10,11,10,881.0,8810.0
2021020705005205,PLI,10,45,10,881.0,8810.0
2021020705005216,PLI,10,38,10,881.0,8810.0
2021020705005215,PLI,10,49,10,881.0,8810.0
2021020705005214,PLI,10,49,10,881.0,8810.0
2021020705005213,PLI,10,21,10,881.0,8810.0
2021020705005212,PLI,10,21,10,881.0,8810.0
2021020705005211,PLI,10,58,10,881.0,8810.0
2021020705005222,PLI,10,21,10,881.0,8810.0
2021020705005221,PLI,10,35,10,881.0,8810.0
2021020705005220,PLI,10,36,10,881.0,8810.0
2021020705005219,PLI,10,28,10,881.0,8810.0
2021020705005218,PLI,10,11,10,881.0,8810.0
2021020705005217,PLI,10,21,10,881.0,8810.0
2021020705005228,PLI,55,11,10,881.0,8810.0
2021020705005227,PLI,55,21,10,881.0,8810.0
2021020705005226,PLI,55,38,10,881.0,8810.0
2021020705005225,PLI,55,21,10,881.0,8810.0
2021020705005224,PLI,55,58,10,881.0,8810.0
2021020705005223,PLI,10,38,10,881.0,8810.0
2021020705005234,PLI,55,29,10,881.0,8810.0
2021020705005233,PLI,55,51,10,881.0,8810.0
2021020705005232,PLI,55,21,10,881.0,8810.0
2021020705005231,PLI,55,21,10,881.0,8810.0
2021020705005230,PLI,55,38,10,881.0,8810.0
2021020705005229,PLI,55,42,10,881.0,8810.0
2021020705005240,PLI,55,13,10,882.0,8820.0
2021020705005239,PLI,55,13,10,882.0,8820.0
2021020705005238,PLI,55,56,10,882.0,8820.0
2021020705005237,PLI,55,41,10,882.0,8820.0
2021020705005236,PLI,55,38,10,881.0,8810.0
2021020705005235,PLI,55,21,10,881.0,8810.0
2021020705005246,PLI,55,32,10,882.0,8820.0
2021020705005245,PLI,55,43,10,882.0,8820.0
2021020705005244,PLI,55,38,10,882.0,8820.0
2021020705005243,PLI,55,57,10,882.0,8820.0
2021020705005242,PLI,55,58,10,882.0,8820.0
2021020705005241,PLI,55,21,10,882.0,8820.0
2021020705005252,PLI,50,38,10,882.0,8820.0
2021020705005251,PLI,50,28,10,882.0,8820.0
2021020705005250,PLI,50,21,10,882.0,8820.0
2021020705005249,PLI,50,17,10,882.0,8820.0
2021020705005248,PLI,50,6,10,882.0,8820.0
2021020705005247,PLI,50,21,10,882.0,8820.0
2021020705005258,PLI,13,50,100,881.0,88100.0
2021020705005257,PLI,50,50,120,882.0,105840.0
2021020705005256,PLI,50,50,30,882.0,26460.0
2021020705005255,PLI,50,38,10,882.0,8820.0
2021020705005254,PLI,50,21,10,882.0,8820.0
2021020705005253,PLI,50,53,10,882.0,8820.0
2021020705005264,PLI,51,17,10,880.0,8800.0
2021020705005263,PLI,51,38,10,880.0,8800.0
2021020705005262,PLI,51,21,10,880.0,8800.0
2021020705005261,PLI,51,21,10,880.0,8800.0
2021020705005260,PLI,38,50,500,881.0,440500.0
2021020705005259,PLI,55,50,60,881.0,52860.0
2021020705005270,PLI,54,17,10,880.0,8800.0
2021020705005269,PLI,54,32,10,880.0,8800.0
2021020705005268,PLI,54,39,100,880.0,88000.0
2021020705005267,PLI,54,38,10,880.0,8800.0
2021020705005266,PLI,54,38,10,880.0,8800.0
2021020705005265,PLI,54,21,10,880.0,8800.0
2021020705005276,PLI,54,56,10,880.0,8800.0
2021020705005275,PLI,54,53,10,880.0,8800.0
2021020705005274,PLI,54,49,10,880.0,8800.0
2021020705005273,PLI,54,8,10,880.0,8800.0
2021020705005272,PLI,54,38,10,880.0,8800.0
2021020705005271,PLI,50,50,20,881.0,17620.0
2021020705005282,PLI,49,21,10,880.0,8800.0
2021020705005281,PLI,49,3,50,880.0,44000.0
2021020705005280,PLI,1,3,40,880.0,35200.0
2021020705005279,PLI,5,3,30,880.0,26400.0
2021020705005278,PLI,54,3,90,880.0,79200.0
2021020705005277,PLI,54,8,10,880.0,8800.0
2021020705005288,PLI,49,50,80,881.0,70480.0
2021020705005287,PLI,17,50,100,881.0,88100.0
2021020705005286,PLI,49,45,10,880.0,8800.0
2021020705005285,PLI,49,4,10,880.0,8800.0
2021020705005284,PLI,49,8,10,880.0,8800.0
2021020705005283,PLI,49,48,10,880.0,8800.0
2021020705005294,PLI,49,14,10,881.0,8810.0
2021020705005293,PLI,49,21,10,881.0,8810.0
2021020705005292,PLI,58,37,10,880.0,8800.0
2021020705005291,PLI,58,59,10,880.0,8800.0
2021020705005290,PLI,49,41,10,881.0,8810.0
2021020705005289,PLI,49,58,10,881.0,8810.0
2021020705005300,PLI,43,58,10,881.0,8810.0
2021020705005299,PLI,43,21,10,881.0,8810.0
2021020705005298,PLI,43,17,10,881.0,8810.0
2021020705005297,PLI,43,55,10,881.0,8810.0
2021020705005296,PLI,43,48,10,881.0,8810.0
2021020705005295,PLI,43,58,10,881.0,8810.0
2021020705005306,PLI,43,58,10,881.0,8810.0
2021020705005305,PLI,43,14,10,881.0,8810.0
2021020705005304,PLI,43,21,10,881.0,8810.0
2021020705005303,PLI,43,21,10,881.0,8810.0
2021020705005302,PLI,43,42,10,881.0,8810.0
2021020705005301,PLI,43,38,10,881.0,8810.0
2021020705005312,PLI,58,21,10,880.0,8800.0
2021020705005311,PLI,58,38,10,880.0,8800.0
2021020705005310,PLI,58,21,10,880.0,8800.0
2021020705005309,PLI,43,38,10,881.0,8810.0
2021020705005308,PLI,43,21,10,881.0,8810.0
2021020705005307,PLI,43,25,10,881.0,8810.0
2021020705005318,PLI,38,53,10,881.0,8810.0
2021020705005317,PLI,58,21,10,880.0,8800.0
2021020705005316,PLI,58,17,10,880.0,8800.0
2021020705005315,PLI,58,21,10,880.0,8800.0
2021020705005314,PLI,58,38,10,880.0,8800.0
2021020705005313,PLI,58,57,10,880.0,8800.0
2021020705005324,PLI,43,5,10,881.0,8810.0
2021020705005323,PLI,43,58,10,881.0,8810.0
2021020705005322,PLI,38,21,10,881.0,8810.0
2021020705005321,PLI,38,17,10,881.0,8810.0
2021020705005320,PLI,38,38,10,881.0,8810.0
2021020705005319,PLI,38,21,10,881.0,8810.0
2021020705005330,PLI,33,25,20,881.0,17620.0
2021020705005329,PLI,33,38,10,881.0,8810.0
2021020705005328,PLI,33,49,10,881.0,8810.0
2021020705005327,PLI,33,28,10,881.0,8810.0
2021020705005326,PLI,58,21,10,880.0,8800.0
2021020705005325,PLI,58,38,10,880.0,8800.0
2021020705005336,PLI,58,21,10,880.0,8800.0
2021020705005335,PLI,33,8,10,881.0,8810.0
2021020705005334,PLI,33,21,10,881.0,8810.0
2021020705005333,PLI,33,41,10,881.0,8810.0
2021020705005332,PLI,33,8,10,881.0,8810.0
2021020705005331,PLI,33,21,10,881.0,8810.0
2021020705005342,PLI,1,38,10,881.0,8810.0
2021020705005341,PLI,34,21,10,881.0,8810.0
2021020705005340,PLI,34,42,10,881.0,8810.0
2021020705005339,PLI,34,25,10,881.0,8810.0
2021020705005338,PLI,34,51,10,881.0,8810.0
2021020705005337,PLI,58,42,10,880.0,8800.0
2021020705005348,PLI,41,58,10,881.0,8810.0
2021020705005347,PLI,41,8,10,881.0,8810.0
2021020705005346,PLI,41,11,10,881.0,8810.0
2021020705005345,PLI,58,8,10,880.0,8800.0
2021020705005344,PLI,58,21,10,880.0,8800.0
2021020705005343,PLI,58,58,10,880.0,8800.0
2021020705005354,PLI,41,48,10,881.0,8810.0
2021020705005353,PLI,41,38,10,881.0,8810.0
2021020705005352,PLI,41,39,10,881.0,8810.0
2021020705005351,PLI,41,57,10,881.0,8810.0
2021020705005350,PLI,41,28,10,881.0,8810.0
2021020705005349,PLI,34,29,10,882.0,8820.0
2021020705005360,PLI,41,21,10,881.0,8810.0
2021020705005359,PLI,41,42,10,881.0,8810.0
2021020705005358,PLI,41,36,10,881.0,8810.0
2021020705005357,PLI,41,51,10,881.0,8810.0
2021020705005356,PLI,41,28,10,881.0,8810.0
2021020705005355,PLI,41,38,10,881.0,8810.0
2021020705005366,PLI,41,34,10,881.0,8810.0
2021020705005365,PLI,41,21,10,881.0,8810.0
2021020705005364,PLI,41,34,10,881.0,8810.0
2021020705005363,PLI,41,14,10,881.0,8810.0
2021020705005362,PLI,41,56,10,881.0,8810.0
2021020705005361,PLI,41,57,10,881.0,8810.0
2021020705005372,PLI,41,58,10,881.0,8810.0
2021020705005371,PLI,41,16,10,881.0,8810.0
2021020705005370,PLI,42,4,10,882.0,8820.0
2021020705005369,PLI,42,28,10,882.0,8820.0
2021020705005368,PLI,42,42,10,882.0,8820.0
2021020705005367,PLI,41,11,10,881.0,8810.0
2021020705005378,PLI,51,58,10,882.0,8820.0
2021020705005377,PLI,51,41,10,882.0,8820.0
2021020705005376,PLI,41,39,10,881.0,8810.0
2021020705005375,PLI,41,21,10,881.0,8810.0
2021020705005374,PLI,41,8,10,881.0,8810.0
2021020705005373,PLI,41,58,10,881.0,8810.0
2021020705005384,PLI,41,22,10,881.0,8810.0
2021020705005383,PLI,41,21,10,881.0,8810.0
2021020705005382,PLI,41,14,10,881.0,8810.0
2021020705005381,PLI,41,38,10,881.0,8810.0
2021020705005380,PLI,51,57,10,882.0,8820.0
2021020705005379,PLI,51,8,10,882.0,8820.0
2021020705005390,PLI,43,38,10,881.0,8810.0
2021020705005389,PLI,43,39,50,881.0,44050.0
2021020705005388,PLI,50,39,80,881.0,70480.0
2021020705005387,PLI,41,39,70,881.0,61670.0
2021020705005386,PLI,41,21,10,881.0,8810.0
2021020705005385,PLI,41,32,10,881.0,8810.0
2021020705005396,PLI,43,57,10,881.0,8810.0
2021020705005395,PLI,43,39,10,881.0,8810.0
2021020705005394,PLI,43,53,10,881.0,8810.0
2021020705005393,PLI,43,38,10,881.0,8810.0
2021020705005392,PLI,43,21,10,881.0,8810.0
2021020705005391,PLI,43,42,10,881.0,8810.0
2021020705005402,PLI,58,49,10,880.0,8800.0
2021020705005401,PLI,58,57,10,880.0,8800.0
2021020705005400,PLI,58,21,10,880.0,8800.0
2021020705005399,PLI,58,39,10,880.0,8800.0
2021020705005398,PLI,43,13,10,881.0,8810.0
2021020705005397,PLI,43,11,10,881.0,8810.0
2021020705005408,PLI,26,21,10,881.0,8810.0
2021020705005407,PLI,26,39,10,881.0,8810.0
2021020705005406,PLI,26,21,10,881.0,8810.0
2021020705005405,PLI,58,10,10,880.0,8800.0
2021020705005404,PLI,58,36,10,880.0,8800.0
2021020705005403,PLI,58,39,10,880.0,8800.0
2021020705005414,PLI,58,26,10,880.0,8800.0
2021020705005413,PLI,58,21,10,880.0,8800.0
2021020705005412,PLI,58,21,10,880.0,8800.0
2021020705005411,PLI,58,49,10,880.0,8800.0
2021020705005410,PLI,26,42,10,881.0,8810.0
2021020705005409,PLI,26,13,10,881.0,8810.0
2021020705005420,PLI,22,11,10,881.0,8810.0
2021020705005419,PLI,22,42,10,881.0,8810.0
2021020705005418,PLI,22,36,10,881.0,8810.0
2021020705005417,PLI,22,58,10,881.0,8810.0
2021020705005416,PLI,22,45,10,881.0,8810.0
2021020705005415,PLI,58,56,10,880.0,8800.0
2021020705005426,PLI,50,56,10,881.0,8810.0
2021020705005425,PLI,22,28,10,881.0,8810.0
2021020705005424,PLI,22,42,10,881.0,8810.0
2021020705005423,PLI,22,46,10,881.0,8810.0
2021020705005422,PLI,22,56,10,881.0,8810.0
2021020705005421,PLI,22,21,10,881.0,8810.0
2021020705005432,PLI,50,17,10,881.0,8810.0
2021020705005431,PLI,50,45,10,881.0,8810.0
2021020705005430,PLI,50,58,10,881.0,8810.0
2021020705005429,PLI,50,14,10,881.0,8810.0
2021020705005428,PLI,50,56,10,881.0,8810.0
2021020705005427,PLI,50,51,10,881.0,8810.0
2021020705005438,PLI,50,58,10,881.0,8810.0
2021020705005437,PLI,50,38,10,881.0,8810.0
2021020705005436,PLI,50,56,10,881.0,8810.0
2021020705005435,PLI,50,28,10,881.0,8810.0
2021020705005434,PLI,50,38,10,881.0,8810.0
2021020705005433,PLI,50,56,10,881.0,8810.0
2021020705005444,PLI,40,13,10,880.0,8800.0
2021020705005443,PLI,40,21,10,880.0,8800.0
2021020705005442,PLI,48,58,10,880.0,8800.0
2021020705005441,PLI,58,21,10,880.0,8800.0
2021020705005440,PLI,43,51,60,881.0,52860.0
2021020705005439,PLI,50,51,30,881.0,26430.0
2021020705005450,PLI,40,21,10,880.0,8800.0
2021020705005449,PLI,40,21,10,880.0,8800.0
2021020705005448,PLI,40,58,10,880.0,8800.0
2021020705005447,PLI,38,56,10,881.0,8810.0
2021020705005446,PLI,40,29,10,880.0,8800.0
2021020705005445,PLI,40,21,10,880.0,8800.0
2021020705005456,PLI,32,13,10,881.0,8810.0
2021020705005455,PLI,32,11,10,881.0,8810.0
2021020705005454,PLI,11,8,10,880.0,8800.0
2021020705005453,PLI,40,11,10,880.0,8800.0
2021020705005452,PLI,40,28,10,880.0,8800.0
2021020705005451,PLI,40,13,10,880.0,8800.0
2021020705005462,PLI,32,34,10,881.0,8810.0
2021020705005461,PLI,32,13,10,881.0,8810.0
2021020705005460,PLI,32,3,10,881.0,8810.0
2021020705005459,PLI,32,21,10,881.0,8810.0
2021020705005458,PLI,32,38,10,881.0,8810.0
2021020705005457,PLI,32,58,10,881.0,8810.0
2021020705005468,PLI,6,32,10,882.0,8820.0
2021020705005467,PLI,6,45,10,882.0,8820.0
2021020705005466,PLI,32,58,10,881.0,8810.0
2021020705005465,PLI,32,38,10,881.0,8810.0
2021020705005464,PLI,32,58,10,881.0,8810.0
2021020705005463,PLI,32,58,10,881.0,8810.0
2021020705005474,PLI,26,11,10,881.0,8810.0
2021020705005473,PLI,26,3,100,881.0,88100.0
2021020705005472,PLI,11,21,10,880.0,8800.0
2021020705005471,PLI,11,42,10,880.0,8800.0
2021020705005470,PLI,32,3,80,881.0,70480.0
2021020705005469,PLI,6,10,10,882.0,8820.0
2021020705005480,PLI,26,26,10,881.0,8810.0
2021020705005479,PLI,26,21,10,881.0,8810.0
2021020705005478,PLI,26,21,10,881.0,8810.0
2021020705005477,PLI,26,38,10,881.0,8810.0
2021020705005476,PLI,19,10,10,882.0,8820.0
2021020705005475,PLI,26,13,10,881.0,8810.0
2021020705005486,PLI,11,13,10,880.0,8800.0
2021020705005485,PLI,11,29,10,880.0,8800.0
2021020705005484,PLI,11,34,60,880.0,52800.0
2021020705005483,PLI,26,38,10,881.0,8810.0
2021020705005482,PLI,26,11,10,881.0,8810.0
2021020705005481,PLI,26,49,10,881.0,8810.0
2021020705005492,PLI,11,11,10,880.0,8800.0
2021020705005491,PLI,11,29,10,880.0,8800.0
2021020705005490,PLI,11,38,10,880.0,8800.0
2021020705005489,PLI,11,49,10,880.0,8800.0
2021020705005488,PLI,11,28,10,880.0,8800.0
2021020705005487,PLI,11,38,10,880.0,8800.0
2021020705005498,PLI,11,29,10,880.0,8800.0
2021020705005497,PLI,11,53,10,880.0,8800.0
2021020705005496,PLI,11,38,10,880.0,8800.0
2021020705005495,PLI,11,21,10,880.0,8800.0
2021020705005494,PLI,11,21,10,880.0,8800.0
2021020705005493,PLI,11,39,10,880.0,8800.0
2021020705005504,PLI,26,13,10,881.0,8810.0
2021020705005503,PLI,26,26,10,881.0,8810.0
2021020705005502,PLI,26,42,10,881.0,8810.0
2021020705005501,PLI,26,58,10,881.0,8810.0
2021020705005500,PLI,26,26,10,881.0,8810.0
2021020705005499,PLI,11,58,10,880.0,8800.0
2021020705005510,PLI,55,21,100,880.0,88000.0
2021020705005509,PLI,26,58,10,881.0,8810.0
2021020705005508,PLI,26,5,10,881.0,8810.0
2021020705005507,PLI,26,28,10,881.0,8810.0
2021020705005506,PLI,26,54,10,881.0,8810.0
2021020705005505,PLI,26,26,10,881.0,8810.0
2021020705005516,PLI,26,28,10,881.0,8810.0
2021020705005515,PLI,26,21,10,881.0,8810.0
2021020705005514,PLI,26,13,10,881.0,8810.0
2021020705005513,PLI,26,39,10,881.0,8810.0
2021020705005512,PLI,26,8,10,881.0,8810.0
2021020705005511,PLI,26,43,10,881.0,8810.0
2021020705005022,PLI,42,11,10,885.0,8850.0
2021020705005021,PLI,42,32,10,885.0,8850.0
2021020705005020,PLI,42,32,10,885.0,8850.0
2021020705005019,PLI,42,29,10,885.0,8850.0
2021020705005018,PLI,42,42,10,885.0,8850.0
2021020705005017,PLI,42,56,10,885.0,8850.0
2021020705004524,PLI,26,25,10,879.0,8790.0
2021020705004523,PLI,26,54,10,879.0,8790.0
2021020705004530,PLI,26,44,10,879.0,8790.0
2021020705004529,PLI,26,17,10,879.0,8790.0
2021020705004528,PLI,26,44,10,879.0,8790.0
2021020705004527,PLI,26,33,10,879.0,8790.0
2021020705004526,PLI,26,46,10,879.0,8790.0
2021020705004525,PLI,26,44,10,879.0,8790.0
2021020705004536,PLI,35,58,10,880.0,8800.0
2021020705004535,PLI,26,45,10,879.0,8790.0
2021020705004534,PLI,26,44,10,879.0,8790.0
2021020705004533,PLI,26,25,10,879.0,8790.0
2021020705004532,PLI,26,45,10,879.0,8790.0
2021020705004531,PLI,26,25,10,879.0,8790.0
2021020705004542,PLI,35,58,10,880.0,8800.0
2021020705004541,PLI,35,29,10,880.0,8800.0
2021020705004540,PLI,35,52,10,880.0,8800.0
2021020705004539,PLI,35,41,10,880.0,8800.0
2021020705004538,PLI,35,52,10,880.0,8800.0
2021020705004537,PLI,35,45,10,880.0,8800.0
2021020705004548,PLI,35,45,10,880.0,8800.0
2021020705004547,PLI,35,34,10,880.0,8800.0
2021020705004546,PLI,35,44,10,880.0,8800.0
2021020705004545,PLI,35,7,10,880.0,8800.0
2021020705004544,PLI,35,34,10,880.0,8800.0
2021020705004543,PLI,35,28,10,880.0,8800.0
2021020705004554,PLI,35,57,10,880.0,8800.0
2021020705004553,PLI,35,28,10,880.0,8800.0
2021020705004552,PLI,35,43,10,880.0,8800.0
2021020705004551,PLI,35,44,10,880.0,8800.0
2021020705004550,PLI,35,36,10,880.0,8800.0
2021020705004549,PLI,13,40,100,881.0,88100.0
2021020705004560,PLI,35,42,10,880.0,8800.0
2021020705004559,PLI,35,21,10,880.0,8800.0
2021020705004558,PLI,35,58,10,880.0,8800.0
2021020705004557,PLI,35,48,10,880.0,8800.0
2021020705004556,PLI,35,58,10,880.0,8800.0
2021020705004555,PLI,35,44,10,880.0,8800.0
2021020705004566,PLI,54,38,10,880.0,8800.0
2021020705004565,PLI,54,1,130,880.0,114400.0
2021020705004564,PLI,33,1,50,880.0,44000.0
2021020705004563,PLI,13,1,70,880.0,61600.0
2021020705004562,PLI,35,1,750,880.0,660000.0
2021020705004561,PLI,35,8,10,880.0,8800.0
2021020705004572,PLI,54,57,10,881.0,8810.0
2021020705004571,PLI,54,13,10,881.0,8810.0
2021020705004570,PLI,54,40,70,881.0,61670.0
2021020705004569,PLI,54,34,10,880.0,8800.0
2021020705004568,PLI,54,29,10,880.0,8800.0
2021020705004567,PLI,54,57,10,880.0,8800.0
2021020705004578,PLI,54,58,200,881.0,176200.0
2021020705004577,PLI,45,42,20,881.0,17620.0
2021020705004576,PLI,54,57,10,880.0,8800.0
2021020705004575,PLI,54,38,10,880.0,8800.0
2021020705004574,PLI,54,42,400,881.0,352400.0
2021020705004573,PLI,54,6,10,881.0,8810.0
2021020705004584,PLI,54,21,10,881.0,8810.0
2021020705004583,PLI,54,41,10,881.0,8810.0
2021020705004582,PLI,54,8,10,881.0,8810.0
2021020705004581,PLI,54,58,10,881.0,8810.0
2021020705004580,PLI,54,38,10,881.0,8810.0
2021020705004579,PLI,54,11,10,881.0,8810.0
2021020705004590,PLI,28,1,50,881.0,44050.0
2021020705004589,PLI,16,1,200,881.0,176200.0
2021020705004588,PLI,54,1,170,881.0,149770.0
2021020705004587,PLI,54,44,50,881.0,44050.0
2021020705004586,PLI,54,8,10,881.0,8810.0
2021020705004585,PLI,54,49,10,881.0,8810.0
2021020705004596,PLI,54,38,10,881.0,8810.0
2021020705004595,PLI,54,8,10,881.0,8810.0
2021020705004594,PLI,54,26,10,881.0,8810.0
2021020705004593,PLI,54,49,10,881.0,8810.0
2021020705004592,PLI,54,19,10,881.0,8810.0
2021020705004591,PLI,54,1,50,881.0,44050.0
2021020705004602,PLI,54,33,10,881.0,8810.0
2021020705004601,PLI,54,38,10,881.0,8810.0
2021020705004600,PLI,28,25,10,882.0,8820.0
2021020705004599,PLI,54,49,10,881.0,8810.0
2021020705004598,PLI,54,52,10,881.0,8810.0
2021020705004597,PLI,54,49,10,881.0,8810.0
2021020705004608,PLI,54,58,10,881.0,8810.0
2021020705004607,PLI,54,49,10,881.0,8810.0
2021020705004606,PLI,54,19,10,881.0,8810.0
2021020705004605,PLI,54,8,10,881.0,8810.0
2021020705004604,PLI,54,33,10,881.0,8810.0
2021020705004603,PLI,54,58,10,881.0,8810.0
2021020705004614,PLI,54,49,10,881.0,8810.0
2021020705004613,PLI,54,32,10,881.0,8810.0
2021020705004612,PLI,54,52,10,881.0,8810.0
2021020705004611,PLI,54,49,10,881.0,8810.0
2021020705004610,PLI,54,33,10,881.0,8810.0
2021020705004609,PLI,54,1,10,881.0,8810.0
2021020705004620,PLI,54,38,10,881.0,8810.0
2021020705004619,PLI,54,6,10,881.0,8810.0
2021020705004618,PLI,54,49,10,881.0,8810.0
2021020705004617,PLI,54,58,10,881.0,8810.0
2021020705004616,PLI,54,46,10,881.0,8810.0
2021020705004615,PLI,54,8,10,881.0,8810.0
2021020705004626,PLI,34,25,10,882.0,8820.0
2021020705004625,PLI,54,49,10,881.0,8810.0
2021020705004624,PLI,54,42,10,881.0,8810.0
2021020705004623,PLI,54,57,10,881.0,8810.0
2021020705004622,PLI,54,52,10,881.0,8810.0
2021020705004621,PLI,54,49,10,881.0,8810.0
2021020705004632,PLI,54,19,10,881.0,8810.0
2021020705004631,PLI,54,49,10,881.0,8810.0
2021020705004630,PLI,54,45,10,881.0,8810.0
2021020705004629,PLI,54,3,10,881.0,8810.0
2021020705004628,PLI,54,8,10,881.0,8810.0
2021020705004627,PLI,54,20,10,881.0,8810.0
2021020705004638,PLI,54,35,10,881.0,8810.0
2021020705004637,PLI,1,25,30,882.0,26460.0
2021020705004636,PLI,54,20,10,881.0,8810.0
2021020705004635,PLI,54,59,10,881.0,8810.0
2021020705004634,PLI,54,3,10,881.0,8810.0
2021020705004633,PLI,54,34,10,881.0,8810.0
2021020705004644,PLI,45,58,140,882.0,123480.0
2021020705004643,PLI,45,42,10,882.0,8820.0
2021020705004642,PLI,45,52,10,882.0,8820.0
2021020705004641,PLI,45,25,10,882.0,8820.0
2021020705004640,PLI,45,25,30,882.0,26460.0
2021020705004639,PLI,54,20,10,881.0,8810.0
2021020705004650,PLI,42,58,30,882.0,26460.0
2021020705004649,PLI,54,57,10,881.0,8810.0
2021020705004648,PLI,54,52,10,881.0,8810.0
2021020705004647,PLI,54,17,10,881.0,8810.0
2021020705004646,PLI,54,20,10,881.0,8810.0
2021020705004645,PLI,54,52,10,881.0,8810.0
2021020705004656,PLI,54,20,10,881.0,8810.0
2021020705004655,PLI,54,39,10,881.0,8810.0
2021020705004654,PLI,54,19,10,881.0,8810.0
2021020705004653,PLI,54,20,10,881.0,8810.0
2021020705004652,PLI,54,19,10,881.0,8810.0
2021020705004651,PLI,36,58,300,882.0,264600.0
2021020705004662,PLI,51,58,10,882.0,8820.0
2021020705004661,PLI,54,28,10,881.0,8810.0
2021020705004660,PLI,54,52,10,881.0,8810.0
2021020705004659,PLI,54,20,10,881.0,8810.0
2021020705004658,PLI,51,58,10,882.0,8820.0
2021020705004657,PLI,54,28,10,881.0,8810.0
2021020705004668,PLI,54,45,10,881.0,8810.0
2021020705004667,PLI,54,55,10,881.0,8810.0
2021020705004666,PLI,54,8,10,881.0,8810.0
2021020705004665,PLI,10,58,200,882.0,176400.0
2021020705004664,PLI,54,44,10,881.0,8810.0
2021020705004663,PLI,54,55,10,881.0,8810.0
2021020705004674,PLI,54,44,10,881.0,8810.0
2021020705004673,PLI,54,17,100,881.0,88100.0
2021020705004672,PLI,54,48,10,881.0,8810.0
2021020705004671,PLI,54,16,10,881.0,8810.0
2021020705004670,PLI,54,44,10,881.0,8810.0
2021020705004669,PLI,54,50,10,881.0,8810.0
2021020705004680,PLI,54,21,10,881.0,8810.0
2021020705004679,PLI,54,52,10,881.0,8810.0
2021020705004678,PLI,54,13,10,881.0,8810.0
2021020705004677,PLI,54,19,10,881.0,8810.0
2021020705004676,PLI,54,55,10,881.0,8810.0
2021020705004675,PLI,54,42,10,881.0,8810.0
2021020705004686,PLI,54,48,10,881.0,8810.0
2021020705004685,PLI,54,46,10,881.0,8810.0
2021020705004684,PLI,54,19,10,881.0,8810.0
2021020705004683,PLI,54,54,10,881.0,8810.0
2021020705004682,PLI,54,44,10,881.0,8810.0
2021020705004681,PLI,54,38,10,881.0,8810.0
2021020705004692,PLI,28,58,10,881.0,8810.0
2021020705004691,PLI,28,48,10,881.0,8810.0
2021020705004690,PLI,54,13,10,881.0,8810.0
2021020705004689,PLI,54,44,10,881.0,8810.0
2021020705004688,PLI,54,19,10,881.0,8810.0
2021020705004687,PLI,54,44,10,881.0,8810.0
2021020705004698,PLI,35,34,10,882.0,8820.0
2021020705004697,PLI,35,58,10,882.0,8820.0
2021020705004696,PLI,35,34,10,882.0,8820.0
2021020705004695,PLI,35,58,10,882.0,8820.0
2021020705004694,PLI,28,44,10,881.0,8810.0
2021020705004693,PLI,28,56,10,881.0,8810.0
2021020705004704,PLI,28,19,10,881.0,8810.0
2021020705004703,PLI,28,34,10,881.0,8810.0
2021020705004702,PLI,28,49,10,881.0,8810.0
2021020705004701,PLI,28,38,10,881.0,8810.0
2021020705004700,PLI,35,37,10,882.0,8820.0
2021020705004699,PLI,35,45,10,882.0,8820.0
2021020705004710,PLI,28,41,10,881.0,8810.0
2021020705004709,PLI,28,38,10,881.0,8810.0
2021020705004708,PLI,28,4,10,881.0,8810.0
2021020705004707,PLI,28,57,10,881.0,8810.0
2021020705004706,PLI,28,58,10,881.0,8810.0
2021020705004705,PLI,28,44,10,881.0,8810.0
2021020705004716,PLI,16,29,10,882.0,8820.0
2021020705004715,PLI,16,29,10,882.0,8820.0
2021020705004714,PLI,16,52,10,882.0,8820.0
2021020705004713,PLI,16,37,20,882.0,17640.0
2021020705004712,PLI,28,58,10,881.0,8810.0
2021020705004711,PLI,28,44,10,881.0,8810.0
2021020705004722,PLI,16,13,10,882.0,8820.0
2021020705004721,PLI,16,42,10,882.0,8820.0
2021020705004720,PLI,16,58,10,882.0,8820.0
2021020705004719,PLI,16,19,100,882.0,88200.0
2021020705004718,PLI,16,50,10,882.0,8820.0
2021020705004717,PLI,16,59,20,882.0,17640.0
2021020705004728,PLI,28,50,10,881.0,8810.0
2021020705004727,PLI,28,19,10,881.0,8810.0
2021020705004726,PLI,28,17,10,881.0,8810.0
2021020705004725,PLI,16,20,270,882.0,238140.0
2021020705004724,PLI,16,11,10,882.0,8820.0
2021020705004723,PLI,16,41,10,882.0,8820.0
2021020705004734,PLI,44,38,10,881.0,8810.0
2021020705004733,PLI,44,58,10,881.0,8810.0
2021020705004732,PLI,44,59,10,881.0,8810.0
2021020705004731,PLI,44,44,10,881.0,8810.0
2021020705004730,PLI,28,58,10,881.0,8810.0
2021020705004729,PLI,41,20,50,882.0,44100.0
2021020705004740,PLI,44,38,10,881.0,8810.0
2021020705004739,PLI,44,44,10,881.0,8810.0
2021020705004738,PLI,44,40,10,881.0,8810.0
2021020705004737,PLI,44,34,10,881.0,8810.0
2021020705004736,PLI,44,38,10,881.0,8810.0
2021020705004735,PLI,44,44,10,881.0,8810.0
2021020705004746,PLI,44,44,10,881.0,8810.0
2021020705004745,PLI,44,51,10,881.0,8810.0
2021020705004744,PLI,44,38,10,881.0,8810.0
2021020705004743,PLI,44,21,10,881.0,8810.0
2021020705004742,PLI,44,34,10,881.0,8810.0
2021020705004741,PLI,44,28,10,881.0,8810.0
2021020705004752,PLI,44,28,10,881.0,8810.0
2021020705004751,PLI,44,38,10,881.0,8810.0
2021020705004750,PLI,44,44,10,881.0,8810.0
2021020705004749,PLI,44,38,10,881.0,8810.0
2021020705004748,PLI,44,28,10,881.0,8810.0
2021020705004747,PLI,44,26,10,881.0,8810.0
2021020705004758,PLI,50,44,10,881.0,8810.0
2021020705004757,PLI,42,20,50,882.0,44100.0
2021020705004756,PLI,50,38,10,881.0,8810.0
2021020705004755,PLI,44,7,10,881.0,8810.0
2021020705004754,PLI,44,34,10,881.0,8810.0
2021020705004753,PLI,44,16,10,881.0,8810.0
2021020705004764,PLI,55,11,10,881.0,8810.0
2021020705004763,PLI,25,20,50,882.0,44100.0
2021020705004762,PLI,55,44,10,881.0,8810.0
2021020705004761,PLI,55,50,10,881.0,8810.0
2021020705004760,PLI,55,38,10,881.0,8810.0
2021020705004759,PLI,55,38,10,881.0,8810.0
2021020705004770,PLI,55,56,10,881.0,8810.0
2021020705004769,PLI,53,20,25,882.0,22050.0
2021020705004768,PLI,55,57,10,881.0,8810.0
2021020705004767,PLI,55,50,10,881.0,8810.0
2021020705004766,PLI,55,57,10,881.0,8810.0
2021020705004765,PLI,55,16,10,881.0,8810.0
2021020705004776,PLI,39,49,10,882.0,8820.0
2021020705004775,PLI,39,5,10,882.0,8820.0
2021020705004774,PLI,39,41,10,882.0,8820.0
2021020705004773,PLI,37,21,10,881.0,8810.0
2021020705004772,PLI,37,44,10,881.0,8810.0
2021020705004771,PLI,21,20,50,882.0,44100.0
2021020705004782,PLI,39,8,10,882.0,8820.0
2021020705004781,PLI,39,52,10,882.0,8820.0
2021020705004780,PLI,39,51,10,882.0,8820.0
2021020705004779,PLI,39,41,10,882.0,8820.0
2021020705004778,PLI,39,45,10,882.0,8820.0
2021020705004777,PLI,39,5,10,882.0,8820.0
2021020705004788,PLI,39,41,60,882.0,52920.0
2021020705004787,PLI,39,21,10,882.0,8820.0
2021020705004786,PLI,39,49,10,882.0,8820.0
2021020705004785,PLI,39,8,10,882.0,8820.0
2021020705004784,PLI,39,8,10,882.0,8820.0
2021020705004783,PLI,39,21,10,882.0,8820.0
2021020705004794,PLI,10,14,50,881.0,44050.0
2021020705004793,PLI,37,21,10,881.0,8810.0
2021020705004792,PLI,37,14,10,881.0,8810.0
2021020705004791,PLI,37,21,10,881.0,8810.0
2021020705004790,PLI,39,32,10,882.0,8820.0
2021020705004789,PLI,39,8,10,882.0,8820.0
2021020705004800,PLI,57,46,10,881.0,8810.0
2021020705004799,PLI,10,13,10,881.0,8810.0
2021020705004798,PLI,10,22,10,881.0,8810.0
2021020705004797,PLI,10,45,10,881.0,8810.0
2021020705004796,PLI,10,16,10,881.0,8810.0
2021020705004795,PLI,10,21,10,881.0,8810.0
2021020705004806,PLI,57,21,10,881.0,8810.0
2021020705004805,PLI,57,5,10,881.0,8810.0
2021020705004804,PLI,57,4,10,881.0,8810.0
2021020705004803,PLI,57,38,10,881.0,8810.0
2021020705004802,PLI,57,42,10,881.0,8810.0
2021020705004801,PLI,57,52,10,881.0,8810.0
2021020705004812,PLI,36,38,10,880.0,8800.0
2021020705004811,PLI,36,38,90,880.0,79200.0
2021020705004810,PLI,36,45,10,880.0,8800.0
2021020705004809,PLI,57,52,10,881.0,8810.0
2021020705004808,PLI,57,41,10,881.0,8810.0
2021020705004807,PLI,57,52,10,881.0,8810.0
2021020705004818,PLI,36,45,10,880.0,8800.0
2021020705004817,PLI,36,21,10,880.0,8800.0
2021020705004816,PLI,36,28,10,880.0,8800.0
2021020705004815,PLI,36,46,10,880.0,8800.0
2021020705004814,PLI,36,51,10,880.0,8800.0
2021020705004813,PLI,36,38,10,880.0,8800.0
2021020705004824,PLI,25,48,10,880.0,8800.0
2021020705004823,PLI,25,44,10,880.0,8800.0
2021020705004822,PLI,14,28,10,880.0,8800.0
2021020705004821,PLI,36,21,10,880.0,8800.0
2021020705004820,PLI,36,42,10,880.0,8800.0
2021020705004819,PLI,36,42,10,880.0,8800.0
2021020705004830,PLI,26,21,10,879.0,8790.0
2021020705004829,PLI,14,42,10,881.0,8810.0
2021020705004828,PLI,14,59,10,880.0,8800.0
2021020705004827,PLI,14,44,10,880.0,8800.0
2021020705004826,PLI,25,4,10,880.0,8800.0
2021020705004825,PLI,25,41,10,880.0,8800.0
2021020705004836,PLI,57,57,10,880.0,8800.0
2021020705004835,PLI,57,29,10,880.0,8800.0
2021020705004834,PLI,57,7,10,880.0,8800.0
2021020705004833,PLI,57,58,10,880.0,8800.0
2021020705004832,PLI,6,41,10,880.0,8800.0
2021020705004831,PLI,36,16,10,880.0,8800.0
2021020705004842,PLI,56,5,10,880.0,8800.0
2021020705004841,PLI,56,4,90,880.0,79200.0
2021020705004840,PLI,56,58,10,880.0,8800.0
2021020705004839,PLI,56,21,10,880.0,8800.0
2021020705004838,PLI,57,1,50,880.0,44000.0
2021020705004837,PLI,57,59,10,880.0,8800.0
2021020705004848,PLI,56,57,10,880.0,8800.0
2021020705004847,PLI,56,25,30,880.0,26400.0
2021020705004846,PLI,56,21,10,880.0,8800.0
2021020705004845,PLI,56,59,10,880.0,8800.0
2021020705004844,PLI,56,19,10,880.0,8800.0
2021020705004843,PLI,56,6,10,880.0,8800.0
2021020705004854,PLI,56,29,10,880.0,8800.0
2021020705004853,PLI,56,4,10,880.0,8800.0
2021020705004852,PLI,56,13,10,880.0,8800.0
2021020705004851,PLI,56,21,10,880.0,8800.0
2021020705004850,PLI,56,48,10,880.0,8800.0
2021020705004849,PLI,56,45,10,880.0,8800.0
2021020705004860,PLI,42,57,10,881.0,8810.0
2021020705004859,PLI,42,39,10,881.0,8810.0
2021020705004858,PLI,42,51,10,881.0,8810.0
2021020705004857,PLI,42,55,10,881.0,8810.0
2021020705004856,PLI,42,58,10,881.0,8810.0
2021020705004855,PLI,42,33,10,881.0,8810.0
2021020705004866,PLI,42,51,10,881.0,8810.0
2021020705004865,PLI,5,38,60,882.0,52920.0
2021020705004864,PLI,5,32,10,882.0,8820.0
2021020705004863,PLI,5,43,10,882.0,8820.0
2021020705004862,PLI,5,32,10,882.0,8820.0
2021020705004861,PLI,5,43,10,882.0,8820.0
2021020705004872,PLI,42,38,10,881.0,8810.0
2021020705004871,PLI,35,38,10,882.0,8820.0
2021020705004870,PLI,42,34,10,881.0,8810.0
2021020705004869,PLI,42,57,10,881.0,8810.0
2021020705004868,PLI,51,38,200,882.0,176400.0
2021020705004867,PLI,42,21,10,881.0,8810.0
2021020705004878,PLI,42,29,10,881.0,8810.0
2021020705004877,PLI,42,49,10,881.0,8810.0
2021020705004876,PLI,42,6,10,881.0,8810.0
2021020705004875,PLI,42,7,10,881.0,8810.0
2021020705004874,PLI,42,57,10,881.0,8810.0
2021020705004873,PLI,42,48,10,881.0,8810.0
2021020705004884,PLI,42,38,10,881.0,8810.0
2021020705004883,PLI,42,57,10,881.0,8810.0
2021020705004882,PLI,14,38,20,882.0,17640.0
2021020705004881,PLI,42,6,10,881.0,8810.0
2021020705004880,PLI,42,6,10,881.0,8810.0
2021020705004879,PLI,42,57,10,881.0,8810.0
2021020705004890,PLI,8,46,10,882.0,8820.0
2021020705004889,PLI,8,22,10,882.0,8820.0
2021020705004888,PLI,8,18,10,882.0,8820.0
2021020705004887,PLI,8,48,10,882.0,8820.0
2021020705004886,PLI,8,38,10,882.0,8820.0
2021020705004885,PLI,8,38,20,882.0,17640.0
2021020705004896,PLI,8,32,10,882.0,8820.0
2021020705004895,PLI,8,6,10,882.0,8820.0
2021020705004894,PLI,8,58,10,882.0,8820.0
2021020705004893,PLI,8,1,10,882.0,8820.0
2021020705004892,PLI,8,34,10,882.0,8820.0
2021020705004891,PLI,8,22,10,882.0,8820.0
2021020705004902,PLI,22,6,10,881.0,8810.0
2021020705004901,PLI,8,57,10,882.0,8820.0
2021020705004900,PLI,8,21,10,882.0,8820.0
2021020705004899,PLI,8,29,10,882.0,8820.0
2021020705004898,PLI,8,49,10,882.0,8820.0
2021020705004897,PLI,8,44,10,882.0,8820.0
2021020705004908,PLI,56,57,10,880.0,8800.0
2021020705004907,PLI,56,59,10,880.0,8800.0
2021020705004906,PLI,22,8,10,881.0,8810.0
2021020705004905,PLI,22,6,10,881.0,8810.0
2021020705004904,PLI,22,29,10,881.0,8810.0
2021020705004903,PLI,22,19,10,881.0,8810.0
2021020705004914,PLI,42,38,10,880.0,8800.0
2021020705004913,PLI,42,14,10,880.0,8800.0
2021020705004912,PLI,42,57,10,880.0,8800.0
2021020705004911,PLI,42,14,10,880.0,8800.0
2021020705004910,PLI,56,20,10,880.0,8800.0
2021020705004909,PLI,56,21,10,880.0,8800.0
2021020705004920,PLI,35,6,10,881.0,8810.0
2021020705004919,PLI,42,52,10,880.0,8800.0
2021020705004918,PLI,42,19,10,880.0,8800.0
2021020705004917,PLI,42,38,10,880.0,8800.0
2021020705004916,PLI,42,32,10,880.0,8800.0
2021020705004915,PLI,42,59,10,880.0,8800.0
2021020705004926,PLI,35,47,10,881.0,8810.0
2021020705004925,PLI,35,35,10,881.0,8810.0
2021020705004924,PLI,35,58,10,881.0,8810.0
2021020705004923,PLI,35,58,10,881.0,8810.0
2021020705004922,PLI,35,21,10,881.0,8810.0
2021020705004921,PLI,35,58,10,881.0,8810.0
2021020705004932,PLI,35,21,10,882.0,8820.0
2021020705004931,PLI,35,58,10,882.0,8820.0
2021020705004930,PLI,35,45,10,882.0,8820.0
2021020705004929,PLI,35,57,10,882.0,8820.0
2021020705004928,PLI,35,21,10,881.0,8810.0
2021020705004927,PLI,35,45,10,881.0,8810.0
2021020705004938,PLI,35,1,10,882.0,8820.0
2021020705004937,PLI,35,38,10,882.0,8820.0
2021020705004936,PLI,35,4,10,882.0,8820.0
2021020705004935,PLI,35,38,10,882.0,8820.0
2021020705004934,PLI,35,53,10,882.0,8820.0
2021020705004933,PLI,35,22,10,882.0,8820.0
2021020705004944,PLI,22,35,10,881.0,8810.0
2021020705004943,PLI,22,19,170,881.0,149770.0
2021020705004942,PLI,35,19,100,881.0,88100.0
2021020705004941,PLI,35,19,30,882.0,26460.0
2021020705004940,PLI,35,38,10,882.0,8820.0
2021020705004939,PLI,35,8,10,882.0,8820.0
2021020705004950,PLI,22,8,10,881.0,8810.0
2021020705004949,PLI,42,21,10,880.0,8800.0
2021020705004948,PLI,22,21,10,881.0,8810.0
2021020705004947,PLI,22,8,10,881.0,8810.0
2021020705004946,PLI,22,20,10,881.0,8810.0
2021020705004945,PLI,22,45,10,881.0,8810.0
2021020705004956,PLI,35,1,110,883.0,97130.0
2021020705004955,PLI,51,50,10,882.0,8820.0
2021020705004954,PLI,51,57,10,882.0,8820.0
2021020705004953,PLI,51,58,10,882.0,8820.0
2021020705004952,PLI,51,41,10,882.0,8820.0
2021020705004951,PLI,51,21,10,882.0,8820.0
2021020705004962,PLI,35,54,10,883.0,8830.0
2021020705004961,PLI,35,21,10,883.0,8830.0
2021020705004960,PLI,35,58,10,883.0,8830.0
2021020705004959,PLI,35,45,10,883.0,8830.0
2021020705004958,PLI,35,45,10,883.0,8830.0
2021020705004957,PLI,35,38,10,883.0,8830.0
2021020705004968,PLI,22,20,10,881.0,8810.0
2021020705004967,PLI,22,21,10,881.0,8810.0
2021020705004966,PLI,35,36,110,883.0,97130.0
2021020705004965,PLI,35,41,10,883.0,8830.0
2021020705004964,PLI,35,45,500,883.0,441500.0
2021020705004963,PLI,35,13,10,883.0,8830.0
2021020705004974,PLI,59,49,10,883.0,8830.0
2021020705004973,PLI,59,45,10,883.0,8830.0
2021020705004972,PLI,59,22,10,883.0,8830.0
2021020705004971,PLI,59,58,10,883.0,8830.0
2021020705004970,PLI,59,36,10,883.0,8830.0
2021020705004969,PLI,59,34,10,882.0,8820.0
2021020705004980,PLI,22,58,10,881.0,8810.0
2021020705004979,PLI,59,7,350,883.0,309050.0
2021020705004978,PLI,59,57,10,883.0,8830.0
2021020705004977,PLI,59,45,560,883.0,494480.0
2021020705004976,PLI,59,21,10,883.0,8830.0
2021020705004975,PLI,59,8,10,883.0,8830.0
2021020705004986,PLI,45,45,10,881.0,8810.0
2021020705004985,PLI,22,45,10,881.0,8810.0
2021020705004984,PLI,22,17,10,881.0,8810.0
2021020705004983,PLI,22,59,10,881.0,8810.0
2021020705004982,PLI,22,8,10,881.0,8810.0
2021020705004981,PLI,22,21,30,881.0,26430.0
2021020705004992,PLI,42,41,10,882.0,8820.0
2021020705004991,PLI,45,8,10,881.0,8810.0
2021020705004990,PLI,45,56,10,881.0,8810.0
2021020705004989,PLI,45,57,10,881.0,8810.0
2021020705004988,PLI,45,42,10,881.0,8810.0
2021020705004987,PLI,45,21,10,881.0,8810.0
2021020705004998,PLI,42,45,10,884.0,8840.0
2021020705004997,PLI,42,22,10,884.0,8840.0
2021020705004996,PLI,42,41,10,883.0,8830.0
2021020705004995,PLI,42,16,10,883.0,8830.0
2021020705004994,PLI,42,22,10,883.0,8830.0
2021020705004993,PLI,42,7,170,883.0,150110.0
2021020705005004,PLI,42,42,50,884.0,44200.0
2021020705005003,PLI,42,57,10,884.0,8840.0
2021020705005002,PLI,42,48,10,884.0,8840.0
2021020705005001,PLI,42,7,10,884.0,8840.0
2021020705005000,PLI,42,57,10,884.0,8840.0
2021020705004999,PLI,42,16,10,884.0,8840.0
2021020705005010,PLI,42,45,10,884.0,8840.0
2021020705005009,PLI,42,57,10,884.0,8840.0
2021020705005008,PLI,42,13,100,884.0,88400.0
2021020705005007,PLI,42,21,10,884.0,8840.0
2021020705005006,PLI,42,1,50,884.0,44200.0
2021020705005005,PLI,42,43,500,884.0,442000.0
2021020705005016,PLI,42,42,10,885.0,8850.0
2021020705005015,PLI,42,49,10,885.0,8850.0
2021020705005014,PLI,42,1,10,885.0,8850.0
2021020705005013,PLI,42,43,310,885.0,274350.0
2021020705005012,PLI,42,47,10,884.0,8840.0
2021020705005011,PLI,42,58,10,884.0,8840.0
2021020705004522,PLI,26,44,10,879.0,8790.0
2021020705004521,PLI,26,3,10,879.0,8790.0
2021020705004520,PLI,26,42,10,879.0,8790.0
2021020705004519,PLI,26,44,10,879.0,8790.0
2021020705004518,PLI,26,33,10,879.0,8790.0
2021020705004517,PLI,26,21,10,879.0,8790.0
2021020705004024,PLI,25,57,10,883.0,8830.0
2021020705004023,PLI,25,45,10,883.0,8830.0
2021020705004030,PLI,54,28,10,884.0,8840.0
2021020705004029,PLI,54,4,10,884.0,8840.0
2021020705004028,PLI,54,34,10,884.0,8840.0
2021020705004027,PLI,54,34,10,884.0,8840.0
2021020705004026,PLI,54,14,10,884.0,8840.0
2021020705004025,PLI,54,45,850,884.0,751400.0
2021020705004036,PLI,54,45,10,885.0,8850.0
2021020705004035,PLI,54,56,10,885.0,8850.0
2021020705004034,PLI,54,39,10,885.0,8850.0
2021020705004033,PLI,54,38,10,885.0,8850.0
2021020705004032,PLI,54,10,10,885.0,8850.0
2021020705004031,PLI,54,21,10,884.0,8840.0
2021020705004042,PLI,54,50,10,885.0,8850.0
2021020705004041,PLI,54,43,10,885.0,8850.0
2021020705004040,PLI,54,45,10,885.0,8850.0
2021020705004039,PLI,54,25,10,885.0,8850.0
2021020705004038,PLI,54,41,10,885.0,8850.0
2021020705004037,PLI,54,1,10,885.0,8850.0
2021020705004048,PLI,54,21,10,885.0,8850.0
2021020705004047,PLI,54,58,10,885.0,8850.0
2021020705004046,PLI,54,58,20,885.0,17700.0
2021020705004045,PLI,54,56,10,885.0,8850.0
2021020705004044,PLI,54,41,170,885.0,150450.0
2021020705004043,PLI,54,34,10,885.0,8850.0
2021020705004054,PLI,54,21,10,885.0,8850.0
2021020705004053,PLI,54,58,10,885.0,8850.0
2021020705004052,PLI,54,42,10,885.0,8850.0
2021020705004051,PLI,54,32,10,885.0,8850.0
2021020705004050,PLI,54,21,10,885.0,8850.0
2021020705004049,PLI,54,41,10,885.0,8850.0
2021020705004060,PLI,17,22,10,882.0,8820.0
2021020705004059,PLI,25,1,80,883.0,70640.0
2021020705004058,PLI,25,59,10,883.0,8830.0
2021020705004057,PLI,25,38,10,883.0,8830.0
2021020705004056,PLI,25,54,10,883.0,8830.0
2021020705004055,PLI,54,43,190,885.0,168150.0
2021020705004066,PLI,17,41,10,882.0,8820.0
2021020705004065,PLI,17,14,10,882.0,8820.0
2021020705004064,PLI,17,34,10,882.0,8820.0
2021020705004063,PLI,17,47,10,882.0,8820.0
2021020705004062,PLI,17,16,10,882.0,8820.0
2021020705004061,PLI,17,14,10,882.0,8820.0
2021020705004072,PLI,17,32,10,882.0,8820.0
2021020705004071,PLI,17,45,50,882.0,44100.0
2021020705004070,PLI,17,7,10,882.0,8820.0
2021020705004069,PLI,17,38,10,882.0,8820.0
2021020705004068,PLI,17,39,10,882.0,8820.0
2021020705004067,PLI,17,20,10,882.0,8820.0
2021020705004078,PLI,17,57,10,882.0,8820.0
2021020705004077,PLI,17,20,10,882.0,8820.0
2021020705004076,PLI,17,28,10,882.0,8820.0
2021020705004075,PLI,17,38,10,882.0,8820.0
2021020705004074,PLI,17,45,10,882.0,8820.0
2021020705004073,PLI,17,22,300,882.0,264600.0
2021020705004084,PLI,22,29,10,881.0,8810.0
2021020705004083,PLI,17,20,10,882.0,8820.0
2021020705004082,PLI,17,41,10,882.0,8820.0
2021020705004081,PLI,17,4,10,882.0,8820.0
2021020705004080,PLI,51,1,10,883.0,8830.0
2021020705004079,PLI,17,34,10,882.0,8820.0
2021020705004090,PLI,54,4,10,881.0,8810.0
2021020705004089,PLI,39,57,10,881.0,8810.0
2021020705004088,PLI,39,38,10,881.0,8810.0
2021020705004087,PLI,39,35,10,881.0,8810.0
2021020705004086,PLI,39,51,10,881.0,8810.0
2021020705004085,PLI,39,4,10,881.0,8810.0
2021020705004096,PLI,54,38,10,881.0,8810.0
2021020705004095,PLI,54,38,10,881.0,8810.0
2021020705004094,PLI,54,10,10,881.0,8810.0
2021020705004093,PLI,54,21,10,881.0,8810.0
2021020705004092,PLI,54,21,10,881.0,8810.0
2021020705004091,PLI,57,1,10,883.0,8830.0
2021020705004102,PLI,54,4,10,881.0,8810.0
2021020705004101,PLI,54,45,10,881.0,8810.0
2021020705004100,PLI,54,39,10,881.0,8810.0
2021020705004099,PLI,54,6,10,881.0,8810.0
2021020705004098,PLI,54,45,10,881.0,8810.0
2021020705004097,PLI,54,4,10,881.0,8810.0
2021020705004108,PLI,54,6,10,881.0,8810.0
2021020705004107,PLI,54,38,10,881.0,8810.0
2021020705004106,PLI,54,34,90,881.0,79290.0
2021020705004105,PLI,34,34,90,882.0,79380.0
2021020705004104,PLI,34,34,10,882.0,8820.0
2021020705004103,PLI,34,58,400,882.0,352800.0
2021020705004114,PLI,54,25,10,881.0,8810.0
2021020705004113,PLI,54,47,10,881.0,8810.0
2021020705004112,PLI,54,38,10,881.0,8810.0
2021020705004111,PLI,54,58,10,881.0,8810.0
2021020705004110,PLI,54,57,10,881.0,8810.0
2021020705004109,PLI,54,4,10,881.0,8810.0
2021020705004120,PLI,59,40,10,881.0,8810.0
2021020705004119,PLI,59,6,10,881.0,8810.0
2021020705004118,PLI,59,57,10,881.0,8810.0
2021020705004117,PLI,59,47,10,881.0,8810.0
2021020705004116,PLI,59,38,10,881.0,8810.0
2021020705004115,PLI,54,17,10,881.0,8810.0
2021020705004126,PLI,53,6,100,882.0,88200.0
2021020705004125,PLI,59,17,10,881.0,8810.0
2021020705004124,PLI,59,17,10,881.0,8810.0
2021020705004123,PLI,59,21,10,881.0,8810.0
2021020705004122,PLI,59,38,10,881.0,8810.0
2021020705004121,PLI,59,17,10,881.0,8810.0
2021020705004132,PLI,45,38,10,881.0,8810.0
2021020705004131,PLI,45,17,10,881.0,8810.0
2021020705004130,PLI,59,36,100,881.0,88100.0
2021020705004129,PLI,55,36,50,882.0,44100.0
2021020705004128,PLI,53,1,90,883.0,79470.0
2021020705004127,PLI,53,45,10,882.0,8820.0
2021020705004138,PLI,45,57,10,881.0,8810.0
2021020705004137,PLI,45,58,10,881.0,8810.0
2021020705004136,PLI,45,49,10,881.0,8810.0
2021020705004135,PLI,45,58,10,881.0,8810.0
2021020705004134,PLI,45,46,10,881.0,8810.0
2021020705004133,PLI,45,58,10,881.0,8810.0
2021020705004144,PLI,45,57,10,881.0,8810.0
2021020705004143,PLI,45,8,10,881.0,8810.0
2021020705004142,PLI,45,8,10,881.0,8810.0
2021020705004141,PLI,45,42,10,881.0,8810.0
2021020705004140,PLI,45,34,10,881.0,8810.0
2021020705004139,PLI,45,36,10,881.0,8810.0
2021020705004150,PLI,45,34,10,881.0,8810.0
2021020705004149,PLI,45,7,10,881.0,8810.0
2021020705004148,PLI,45,7,10,881.0,8810.0
2021020705004147,PLI,45,44,10,881.0,8810.0
2021020705004146,PLI,45,40,10,881.0,8810.0
2021020705004145,PLI,45,38,10,881.0,8810.0
2021020705004156,PLI,58,47,10,881.0,8810.0
2021020705004155,PLI,58,43,10,881.0,8810.0
2021020705004154,PLI,58,46,10,881.0,8810.0
2021020705004153,PLI,58,7,10,881.0,8810.0
2021020705004152,PLI,58,38,10,881.0,8810.0
2021020705004151,PLI,58,45,10,881.0,8810.0
2021020705004162,PLI,58,34,10,881.0,8810.0
2021020705004161,PLI,16,49,10,882.0,8820.0
2021020705004160,PLI,58,47,10,881.0,8810.0
2021020705004159,PLI,58,1,10,881.0,8810.0
2021020705004158,PLI,58,38,10,881.0,8810.0
2021020705004157,PLI,58,7,10,881.0,8810.0
2021020705004168,PLI,58,47,10,881.0,8810.0
2021020705004167,PLI,58,56,10,881.0,8810.0
2021020705004166,PLI,58,21,10,881.0,8810.0
2021020705004165,PLI,58,29,10,881.0,8810.0
2021020705004164,PLI,58,49,10,881.0,8810.0
2021020705004163,PLI,58,38,10,881.0,8810.0
2021020705004174,PLI,58,8,10,881.0,8810.0
2021020705004173,PLI,58,7,10,881.0,8810.0
2021020705004172,PLI,58,52,10,881.0,8810.0
2021020705004171,PLI,58,1,10,881.0,8810.0
2021020705004170,PLI,58,47,10,881.0,8810.0
2021020705004169,PLI,58,7,10,881.0,8810.0
2021020705004180,PLI,58,21,10,881.0,8810.0
2021020705004179,PLI,58,7,10,881.0,8810.0
2021020705004178,PLI,58,47,10,881.0,8810.0
2021020705004177,PLI,58,8,10,881.0,8810.0
2021020705004176,PLI,16,22,10,882.0,8820.0
2021020705004175,PLI,58,47,10,881.0,8810.0
2021020705004186,PLI,6,25,10,882.0,8820.0
2021020705004185,PLI,58,45,10,881.0,8810.0
2021020705004184,PLI,58,47,10,881.0,8810.0
2021020705004183,PLI,58,6,10,881.0,8810.0
2021020705004182,PLI,58,58,10,881.0,8810.0
2021020705004181,PLI,58,25,10,881.0,8810.0
2021020705004192,PLI,8,8,10,881.0,8810.0
2021020705004191,PLI,16,25,10,882.0,8820.0
2021020705004190,PLI,8,38,40,881.0,35240.0
2021020705004189,PLI,44,38,200,881.0,176200.0
2021020705004188,PLI,58,38,160,881.0,140960.0
2021020705004187,PLI,58,21,10,881.0,8810.0
2021020705004198,PLI,26,7,10,881.0,8810.0
2021020705004197,PLI,8,1,10,881.0,8810.0
2021020705004196,PLI,8,7,10,881.0,8810.0
2021020705004195,PLI,8,58,10,881.0,8810.0
2021020705004194,PLI,8,47,10,881.0,8810.0
2021020705004193,PLI,8,49,10,881.0,8810.0
2021020705004204,PLI,26,6,10,881.0,8810.0
2021020705004203,PLI,26,38,10,881.0,8810.0
2021020705004202,PLI,26,56,10,881.0,8810.0
2021020705004201,PLI,26,47,10,881.0,8810.0
2021020705004200,PLI,26,8,10,881.0,8810.0
2021020705004199,PLI,26,36,10,881.0,8810.0
2021020705004210,PLI,42,49,10,880.0,8800.0
2021020705004209,PLI,42,21,10,880.0,8800.0
2021020705004208,PLI,42,52,10,880.0,8800.0
2021020705004207,PLI,26,49,10,881.0,8810.0
2021020705004206,PLI,26,52,10,881.0,8810.0
2021020705004205,PLI,26,21,10,881.0,8810.0
2021020705004216,PLI,42,49,10,880.0,8800.0
2021020705004215,PLI,42,25,10,880.0,8800.0
2021020705004214,PLI,42,14,10,880.0,8800.0
2021020705004213,PLI,42,49,10,880.0,8800.0
2021020705004212,PLI,42,21,10,880.0,8800.0
2021020705004211,PLI,36,8,10,881.0,8810.0
2021020705004222,PLI,42,38,10,880.0,8800.0
2021020705004221,PLI,42,49,10,880.0,8800.0
2021020705004220,PLI,42,40,10,880.0,8800.0
2021020705004219,PLI,42,6,10,880.0,8800.0
2021020705004218,PLI,42,21,10,880.0,8800.0
2021020705004217,PLI,42,38,10,880.0,8800.0
2021020705004228,PLI,50,54,10,881.0,8810.0
2021020705004227,PLI,50,1,10,881.0,8810.0
2021020705004226,PLI,42,7,10,880.0,8800.0
2021020705004225,PLI,42,38,10,880.0,8800.0
2021020705004224,PLI,42,3,10,880.0,8800.0
2021020705004223,PLI,42,29,10,880.0,8800.0
2021020705004234,PLI,42,14,100,880.0,88000.0
2021020705004233,PLI,42,14,20,880.0,17600.0
2021020705004232,PLI,42,38,10,880.0,8800.0
2021020705004231,PLI,50,16,10,881.0,8810.0
2021020705004230,PLI,50,45,10,881.0,8810.0
2021020705004229,PLI,50,16,10,881.0,8810.0
2021020705004240,PLI,42,8,10,881.0,8810.0
2021020705004239,PLI,42,21,10,881.0,8810.0
2021020705004238,PLI,42,8,10,881.0,8810.0
2021020705004237,PLI,42,8,10,881.0,8810.0
2021020705004236,PLI,42,21,10,881.0,8810.0
2021020705004235,PLI,49,14,30,880.0,26400.0
2021020705004246,PLI,42,58,10,881.0,8810.0
2021020705004245,PLI,42,8,10,881.0,8810.0
2021020705004244,PLI,42,41,10,881.0,8810.0
2021020705004243,PLI,42,8,10,881.0,8810.0
2021020705004242,PLI,42,21,10,881.0,8810.0
2021020705004241,PLI,42,41,10,881.0,8810.0
2021020705004252,PLI,58,25,10,882.0,8820.0
2021020705004251,PLI,42,21,10,881.0,8810.0
2021020705004250,PLI,42,38,10,881.0,8810.0
2021020705004249,PLI,42,53,10,881.0,8810.0
2021020705004248,PLI,42,8,10,881.0,8810.0
2021020705004247,PLI,42,45,10,881.0,8810.0
2021020705004258,PLI,10,33,10,880.0,8800.0
2021020705004257,PLI,10,13,70,880.0,61600.0
2021020705004256,PLI,49,13,10,880.0,8800.0
2021020705004255,PLI,42,13,20,881.0,17620.0
2021020705004254,PLI,42,40,10,881.0,8810.0
2021020705004253,PLI,42,8,10,881.0,8810.0
2021020705004264,PLI,10,7,10,880.0,8800.0
2021020705004263,PLI,10,6,10,880.0,8800.0
2021020705004262,PLI,10,49,50,880.0,44000.0
2021020705004261,PLI,10,38,10,880.0,8800.0
2021020705004260,PLI,10,47,10,880.0,8800.0
2021020705004259,PLI,10,6,10,880.0,8800.0
2021020705004270,PLI,10,47,10,880.0,8800.0
2021020705004269,PLI,10,7,10,880.0,8800.0
2021020705004268,PLI,10,17,50,880.0,44000.0
2021020705004267,PLI,10,58,10,880.0,8800.0
2021020705004266,PLI,10,14,10,880.0,8800.0
2021020705004265,PLI,10,21,10,880.0,8800.0
2021020705004276,PLI,39,6,10,880.0,8800.0
2021020705004275,PLI,39,14,10,880.0,8800.0
2021020705004274,PLI,39,46,10,880.0,8800.0
2021020705004273,PLI,39,50,50,880.0,44000.0
2021020705004272,PLI,10,50,10,880.0,8800.0
2021020705004271,PLI,10,45,10,880.0,8800.0
2021020705004282,PLI,8,35,10,880.0,8800.0
2021020705004281,PLI,8,57,10,880.0,8800.0
2021020705004280,PLI,8,52,10,880.0,8800.0
2021020705004279,PLI,8,35,10,880.0,8800.0
2021020705004278,PLI,39,48,10,880.0,8800.0
2021020705004277,PLI,39,52,10,880.0,8800.0
2021020705004288,PLI,39,21,10,881.0,8810.0
2021020705004287,PLI,39,56,10,881.0,8810.0
2021020705004286,PLI,8,35,10,880.0,8800.0
2021020705004285,PLI,8,28,10,880.0,8800.0
2021020705004284,PLI,8,52,10,880.0,8800.0
2021020705004283,PLI,58,56,10,881.0,8810.0
2021020705004294,PLI,39,41,10,881.0,8810.0
2021020705004293,PLI,39,52,10,881.0,8810.0
2021020705004292,PLI,39,58,10,881.0,8810.0
2021020705004291,PLI,39,57,10,881.0,8810.0
2021020705004290,PLI,39,21,10,881.0,8810.0
2021020705004289,PLI,39,41,10,881.0,8810.0
2021020705004300,PLI,14,45,10,881.0,8810.0
2021020705004299,PLI,14,59,10,881.0,8810.0
2021020705004298,PLI,14,42,10,881.0,8810.0
2021020705004297,PLI,14,35,10,881.0,8810.0
2021020705004296,PLI,39,28,10,881.0,8810.0
2021020705004295,PLI,39,42,10,881.0,8810.0
2021020705004306,PLI,41,34,10,880.0,8800.0
2021020705004305,PLI,8,7,10,880.0,8800.0
2021020705004304,PLI,8,45,10,880.0,8800.0
2021020705004303,PLI,8,7,10,880.0,8800.0
2021020705004302,PLI,17,42,10,881.0,8810.0
2021020705004301,PLI,14,39,10,881.0,8810.0
2021020705004312,PLI,41,52,10,880.0,8800.0
2021020705004311,PLI,41,32,10,880.0,8800.0
2021020705004310,PLI,41,35,10,880.0,8800.0
2021020705004309,PLI,41,28,10,880.0,8800.0
2021020705004308,PLI,41,57,10,880.0,8800.0
2021020705004307,PLI,41,35,10,880.0,8800.0
2021020705004318,PLI,33,56,10,880.0,8800.0
2021020705004317,PLI,38,56,10,879.0,8790.0
2021020705004316,PLI,38,38,10,879.0,8790.0
2021020705004315,PLI,41,16,10,880.0,8800.0
2021020705004314,PLI,41,35,10,880.0,8800.0
2021020705004313,PLI,41,28,10,880.0,8800.0
2021020705004324,PLI,33,57,10,880.0,8800.0
2021020705004323,PLI,33,52,10,880.0,8800.0
2021020705004322,PLI,33,57,10,880.0,8800.0
2021020705004321,PLI,33,1,10,880.0,8800.0
2021020705004320,PLI,33,45,10,880.0,8800.0
2021020705004319,PLI,33,42,10,880.0,8800.0
2021020705004330,PLI,33,45,10,880.0,8800.0
2021020705004329,PLI,33,35,10,880.0,8800.0
2021020705004328,PLI,33,38,10,880.0,8800.0
2021020705004327,PLI,33,19,10,880.0,8800.0
2021020705004326,PLI,33,52,10,880.0,8800.0
2021020705004325,PLI,33,45,10,880.0,8800.0
2021020705004336,PLI,33,1,10,880.0,8800.0
2021020705004335,PLI,33,35,10,880.0,8800.0
2021020705004334,PLI,33,49,10,880.0,8800.0
2021020705004333,PLI,33,21,10,880.0,8800.0
2021020705004332,PLI,33,58,10,880.0,8800.0
2021020705004331,PLI,33,33,10,880.0,8800.0
2021020705004342,PLI,36,21,10,881.0,8810.0
2021020705004341,PLI,36,36,10,881.0,8810.0
2021020705004340,PLI,33,58,10,880.0,8800.0
2021020705004339,PLI,33,22,10,880.0,8800.0
2021020705004338,PLI,33,16,10,880.0,8800.0
2021020705004337,PLI,33,25,10,880.0,8800.0
2021020705004348,PLI,36,13,10,881.0,8810.0
2021020705004347,PLI,36,25,10,881.0,8810.0
2021020705004346,PLI,36,1,10,881.0,8810.0
2021020705004345,PLI,36,32,10,881.0,8810.0
2021020705004344,PLI,36,42,10,881.0,8810.0
2021020705004343,PLI,36,57,10,881.0,8810.0
2021020705004354,PLI,33,28,10,880.0,8800.0
2021020705004353,PLI,57,56,10,881.0,8810.0
2021020705004352,PLI,57,54,10,881.0,8810.0
2021020705004351,PLI,36,6,10,881.0,8810.0
2021020705004350,PLI,36,58,10,881.0,8810.0
2021020705004349,PLI,36,1,10,881.0,8810.0
2021020705004360,PLI,33,54,10,880.0,8800.0
2021020705004359,PLI,33,47,10,880.0,8800.0
2021020705004358,PLI,33,28,10,880.0,8800.0
2021020705004357,PLI,33,1,10,880.0,8800.0
2021020705004356,PLI,33,54,10,880.0,8800.0
2021020705004355,PLI,33,21,10,880.0,8800.0
2021020705004366,PLI,6,11,10,881.0,8810.0
2021020705004365,PLI,6,55,10,881.0,8810.0
2021020705004364,PLI,33,50,10,880.0,8800.0
2021020705004363,PLI,33,54,10,880.0,8800.0
2021020705004362,PLI,33,1,10,880.0,8800.0
2021020705004361,PLI,33,25,10,880.0,8800.0
2021020705004372,PLI,33,42,10,880.0,8800.0
2021020705004371,PLI,33,54,10,880.0,8800.0
2021020705004370,PLI,26,42,480,881.0,422880.0
2021020705004369,PLI,26,52,10,881.0,8810.0
2021020705004368,PLI,26,7,10,881.0,8810.0
2021020705004367,PLI,6,41,10,881.0,8810.0
2021020705004378,PLI,33,29,10,880.0,8800.0
2021020705004377,PLI,33,58,10,880.0,8800.0
2021020705004376,PLI,33,1,10,880.0,8800.0
2021020705004375,PLI,33,58,10,880.0,8800.0
2021020705004374,PLI,33,13,10,880.0,8800.0
2021020705004373,PLI,33,38,10,880.0,8800.0
2021020705004384,PLI,33,58,10,880.0,8800.0
2021020705004383,PLI,33,1,10,880.0,8800.0
2021020705004382,PLI,33,1,10,880.0,8800.0
2021020705004381,PLI,33,3,10,880.0,8800.0
2021020705004380,PLI,33,58,10,880.0,8800.0
2021020705004379,PLI,33,35,10,880.0,8800.0
2021020705004390,PLI,6,45,10,880.0,8800.0
2021020705004389,PLI,6,42,10,880.0,8800.0
2021020705004388,PLI,33,58,10,880.0,8800.0
2021020705004387,PLI,33,1,10,880.0,8800.0
2021020705004386,PLI,33,4,10,880.0,8800.0
2021020705004385,PLI,52,58,10,881.0,8810.0
2021020705004396,PLI,58,39,10,880.0,8800.0
2021020705004395,PLI,58,56,10,880.0,8800.0
2021020705004394,PLI,58,25,10,880.0,8800.0
2021020705004393,PLI,58,4,10,880.0,8800.0
2021020705004392,PLI,58,37,10,880.0,8800.0
2021020705004391,PLI,58,4,10,880.0,8800.0
2021020705004402,PLI,25,45,10,880.0,8800.0
2021020705004401,PLI,21,26,30,881.0,26430.0
2021020705004400,PLI,21,50,10,881.0,8810.0
2021020705004399,PLI,58,7,10,880.0,8800.0
2021020705004398,PLI,58,19,20,880.0,17600.0
2021020705004397,PLI,58,19,10,880.0,8800.0
2021020705004408,PLI,55,19,10,880.0,8800.0
2021020705004407,PLI,25,19,40,880.0,35200.0
2021020705004406,PLI,21,40,20,881.0,17620.0
2021020705004405,PLI,21,45,10,881.0,8810.0
2021020705004404,PLI,21,52,10,881.0,8810.0
2021020705004403,PLI,21,26,160,881.0,140960.0
2021020705004414,PLI,55,40,10,881.0,8810.0
2021020705004413,PLI,55,40,10,880.0,8800.0
2021020705004412,PLI,55,45,10,880.0,8800.0
2021020705004411,PLI,55,6,10,880.0,8800.0
2021020705004410,PLI,55,7,10,880.0,8800.0
2021020705004409,PLI,55,4,10,880.0,8800.0
2021020705004420,PLI,26,19,10,880.0,8800.0
2021020705004419,PLI,26,47,10,880.0,8800.0
2021020705004418,PLI,26,38,10,880.0,8800.0
2021020705004417,PLI,26,4,10,880.0,8800.0
2021020705004416,PLI,26,7,10,880.0,8800.0
2021020705004415,PLI,38,47,10,879.0,8790.0
2021020705004426,PLI,10,11,10,880.0,8800.0
2021020705004425,PLI,10,58,10,880.0,8800.0
2021020705004424,PLI,10,17,10,880.0,8800.0
2021020705004423,PLI,10,35,10,880.0,8800.0
2021020705004422,PLI,10,55,40,880.0,35200.0
2021020705004421,PLI,26,55,60,880.0,52800.0
2021020705004432,PLI,38,22,10,879.0,8790.0
2021020705004431,PLI,38,45,10,879.0,8790.0
2021020705004430,PLI,14,55,40,880.0,35200.0
2021020705004429,PLI,14,58,10,880.0,8800.0
2021020705004428,PLI,10,49,10,880.0,8800.0
2021020705004427,PLI,10,52,10,880.0,8800.0
2021020705004438,PLI,38,51,10,879.0,8790.0
2021020705004437,PLI,38,45,10,879.0,8790.0
2021020705004436,PLI,38,45,10,879.0,8790.0
2021020705004435,PLI,21,17,10,880.0,8800.0
2021020705004434,PLI,21,21,10,880.0,8800.0
2021020705004433,PLI,21,55,10,880.0,8800.0
2021020705004444,PLI,38,45,10,879.0,8790.0
2021020705004443,PLI,38,38,10,879.0,8790.0
2021020705004442,PLI,38,39,10,879.0,8790.0
2021020705004441,PLI,38,57,10,879.0,8790.0
2021020705004440,PLI,38,45,10,879.0,8790.0
2021020705004439,PLI,38,22,10,879.0,8790.0
2021020705004450,PLI,32,57,10,879.0,8790.0
2021020705004449,PLI,32,7,10,879.0,8790.0
2021020705004448,PLI,32,45,10,879.0,8790.0
2021020705004447,PLI,22,19,10,880.0,8800.0
2021020705004446,PLI,32,45,10,879.0,8790.0
2021020705004445,PLI,32,8,10,879.0,8790.0
2021020705004456,PLI,32,42,10,879.0,8790.0
2021020705004455,PLI,32,16,10,879.0,8790.0
2021020705004454,PLI,32,45,10,879.0,8790.0
2021020705004453,PLI,59,19,10,880.0,8800.0
2021020705004452,PLI,59,3,10,880.0,8800.0
2021020705004451,PLI,32,8,10,879.0,8790.0
2021020705004462,PLI,38,58,10,880.0,8800.0
2021020705004461,PLI,38,56,10,880.0,8800.0
2021020705004460,PLI,38,8,10,880.0,8800.0
2021020705004459,PLI,38,47,20,880.0,17600.0
2021020705004458,PLI,38,4,10,880.0,8800.0
2021020705004457,PLI,32,19,10,879.0,8790.0
2021020705004468,PLI,6,55,10,880.0,8800.0
2021020705004467,PLI,17,3,20,880.0,17600.0
2021020705004466,PLI,22,47,10,879.0,8790.0
2021020705004465,PLI,22,55,10,879.0,8790.0
2021020705004464,PLI,22,17,10,879.0,8790.0
2021020705004463,PLI,38,3,40,880.0,35200.0
2021020705004474,PLI,40,11,10,879.0,8790.0
2021020705004473,PLI,40,22,10,879.0,8790.0
2021020705004472,PLI,40,52,10,879.0,8790.0
2021020705004471,PLI,22,47,10,879.0,8790.0
2021020705004470,PLI,22,42,10,879.0,8790.0
2021020705004469,PLI,22,47,10,879.0,8790.0
2021020705004480,PLI,38,29,10,880.0,8800.0
2021020705004479,PLI,38,46,10,880.0,8800.0
2021020705004478,PLI,38,57,10,880.0,8800.0
2021020705004477,PLI,38,46,10,880.0,8800.0
2021020705004476,PLI,38,29,10,880.0,8800.0
2021020705004475,PLI,40,17,10,879.0,8790.0
2021020705004486,PLI,38,21,10,880.0,8800.0
2021020705004485,PLI,38,7,50,880.0,44000.0
2021020705004484,PLI,38,45,10,880.0,8800.0
2021020705004483,PLI,38,39,10,880.0,8800.0
2021020705004482,PLI,38,29,10,880.0,8800.0
2021020705004481,PLI,38,57,10,880.0,8800.0
2021020705004492,PLI,38,10,10,880.0,8800.0
2021020705004491,PLI,38,54,30,880.0,26400.0
2021020705004490,PLI,38,29,10,880.0,8800.0
2021020705004489,PLI,38,28,10,880.0,8800.0
2021020705004488,PLI,38,44,10,880.0,8800.0
2021020705004487,PLI,38,52,10,880.0,8800.0
2021020705004498,PLI,38,35,10,880.0,8800.0
2021020705004497,PLI,38,58,10,880.0,8800.0
2021020705004496,PLI,38,45,10,880.0,8800.0
2021020705004495,PLI,38,6,10,880.0,8800.0
2021020705004494,PLI,38,57,10,880.0,8800.0
2021020705004493,PLI,38,36,10,880.0,8800.0
2021020705004504,PLI,38,38,10,880.0,8800.0
2021020705004503,PLI,38,21,10,880.0,8800.0
2021020705004502,PLI,38,35,10,880.0,8800.0
2021020705004501,PLI,38,38,10,880.0,8800.0
2021020705004500,PLI,38,38,10,880.0,8800.0
2021020705004499,PLI,38,38,10,880.0,8800.0
2021020705004510,PLI,26,17,10,879.0,8790.0
2021020705004509,PLI,26,45,10,879.0,8790.0
2021020705004508,PLI,26,44,10,879.0,8790.0
2021020705004507,PLI,26,38,10,879.0,8790.0
2021020705004506,PLI,26,10,10,879.0,8790.0
2021020705004505,PLI,40,58,10,879.0,8790.0
2021020705004516,PLI,26,58,10,879.0,8790.0
2021020705004515,PLI,26,22,10,879.0,8790.0
2021020705004514,PLI,26,58,10,879.0,8790.0
2021020705004513,PLI,26,21,10,879.0,8790.0
2021020705004512,PLI,26,34,10,879.0,8790.0
2021020705004511,PLI,26,11,10,879.0,8790.0
2021020705004022,PLI,25,38,10,883.0,8830.0
2021020705004021,PLI,25,57,10,883.0,8830.0
2021020705004020,PLI,25,55,10,883.0,8830.0
2021020705004019,PLI,25,45,10,883.0,8830.0
2021020705004018,PLI,25,38,10,883.0,8830.0
2021020705004017,PLI,25,36,10,883.0,8830.0
2021020705003524,PLI,54,34,10,875.0,8750.0
2021020705003523,PLI,54,39,10,875.0,8750.0
2021020705003530,PLI,54,1,10,875.0,8750.0
2021020705003529,PLI,54,52,10,875.0,8750.0
2021020705003528,PLI,54,34,10,875.0,8750.0
2021020705003527,PLI,54,47,10,875.0,8750.0
2021020705003526,PLI,54,36,10,875.0,8750.0
2021020705003525,PLI,54,56,10,875.0,8750.0
2021020705003536,PLI,54,34,10,875.0,8750.0
2021020705003535,PLI,54,19,10,875.0,8750.0
2021020705003534,PLI,54,10,10,875.0,8750.0
2021020705003533,PLI,54,59,10,875.0,8750.0
2021020705003532,PLI,54,34,10,875.0,8750.0
2021020705003531,PLI,54,32,145,875.0,126875.0
2021020705003542,PLI,54,51,10,875.0,8750.0
2021020705003541,PLI,54,56,50,875.0,43750.0
2021020705003540,PLI,54,17,10,875.0,8750.0
2021020705003539,PLI,54,8,70,875.0,61250.0
2021020705003538,PLI,54,22,10,875.0,8750.0
2021020705003537,PLI,54,26,40,875.0,35000.0
2021020705003548,PLI,8,14,10,876.0,8760.0
2021020705003547,PLI,54,14,10,875.0,8750.0
2021020705003546,PLI,54,19,10,875.0,8750.0
2021020705003545,PLI,54,17,10,875.0,8750.0
2021020705003544,PLI,54,58,10,875.0,8750.0
2021020705003543,PLI,54,5,10,875.0,8750.0
2021020705003554,PLI,4,55,10,876.0,8760.0
2021020705003553,PLI,4,14,20,876.0,17520.0
2021020705003552,PLI,54,19,10,875.0,8750.0
2021020705003551,PLI,54,17,10,875.0,8750.0
2021020705003550,PLI,54,36,10,875.0,8750.0
2021020705003549,PLI,54,57,10,875.0,8750.0
2021020705003560,PLI,4,58,10,876.0,8760.0
2021020705003559,PLI,4,38,10,876.0,8760.0
2021020705003558,PLI,4,57,45,876.0,39420.0
2021020705003557,PLI,4,52,10,876.0,8760.0
2021020705003556,PLI,4,52,10,876.0,8760.0
2021020705003555,PLI,4,21,10,876.0,8760.0
2021020705003566,PLI,4,59,10,876.0,8760.0
2021020705003565,PLI,4,3,10,876.0,8760.0
2021020705003564,PLI,4,56,10,876.0,8760.0
2021020705003563,PLI,4,54,10,876.0,8760.0
2021020705003562,PLI,4,59,10,876.0,8760.0
2021020705003561,PLI,4,19,10,876.0,8760.0
2021020705003572,PLI,4,48,10,876.0,8760.0
2021020705003571,PLI,50,44,50,877.0,43850.0
2021020705003570,PLI,4,57,10,876.0,8760.0
2021020705003569,PLI,4,52,10,876.0,8760.0
2021020705003568,PLI,4,16,10,876.0,8760.0
2021020705003567,PLI,4,10,10,876.0,8760.0
2021020705003578,PLI,54,57,10,877.0,8770.0
2021020705003577,PLI,54,32,10,877.0,8770.0
2021020705003576,PLI,54,6,10,877.0,8770.0
2021020705003575,PLI,54,49,10,877.0,8770.0
2021020705003574,PLI,54,53,10,877.0,8770.0
2021020705003573,PLI,4,58,10,876.0,8760.0
2021020705003584,PLI,54,17,10,877.0,8770.0
2021020705003583,PLI,54,17,10,877.0,8770.0
2021020705003582,PLI,54,57,30,877.0,26310.0
2021020705003581,PLI,54,51,40,877.0,35080.0
2021020705003580,PLI,54,57,10,877.0,8770.0
2021020705003579,PLI,54,51,10,877.0,8770.0
2021020705003590,PLI,54,17,90,878.0,79020.0
2021020705003589,PLI,54,42,10,878.0,8780.0
2021020705003588,PLI,54,36,10,878.0,8780.0
2021020705003587,PLI,54,48,10,878.0,8780.0
2021020705003586,PLI,54,8,10,877.0,8770.0
2021020705003585,PLI,54,32,10,877.0,8770.0
2021020705003596,PLI,54,57,10,878.0,8780.0
2021020705003595,PLI,54,16,10,878.0,8780.0
2021020705003594,PLI,54,47,10,878.0,8780.0
2021020705003593,PLI,54,17,10,878.0,8780.0
2021020705003592,PLI,54,54,10,878.0,8780.0
2021020705003591,PLI,54,43,100,878.0,87800.0
2021020705003602,PLI,53,56,10,878.0,8780.0
2021020705003601,PLI,53,43,10,878.0,8780.0
2021020705003600,PLI,4,57,10,876.0,8760.0
2021020705003599,PLI,4,51,40,876.0,35040.0
2021020705003598,PLI,54,51,40,878.0,35120.0
2021020705003597,PLI,54,58,10,878.0,8780.0
2021020705003608,PLI,4,39,100,876.0,87600.0
2021020705003607,PLI,53,45,40,879.0,35160.0
2021020705003606,PLI,53,38,10,879.0,8790.0
2021020705003605,PLI,53,42,10,879.0,8790.0
2021020705003604,PLI,53,58,10,879.0,8790.0
2021020705003603,PLI,53,38,10,879.0,8790.0
2021020705003614,PLI,4,38,10,877.0,8770.0
2021020705003613,PLI,4,38,10,877.0,8770.0
2021020705003612,PLI,4,6,200,877.0,175400.0
2021020705003611,PLI,4,14,10,877.0,8770.0
2021020705003610,PLI,4,58,10,876.0,8760.0
2021020705003609,PLI,4,6,10,876.0,8760.0
2021020705003620,PLI,4,38,10,877.0,8770.0
2021020705003619,PLI,4,59,10,877.0,8770.0
2021020705003618,PLI,4,45,10,877.0,8770.0
2021020705003617,PLI,4,38,10,877.0,8770.0
2021020705003616,PLI,4,57,10,877.0,8770.0
2021020705003615,PLI,4,8,10,877.0,8770.0
2021020705003626,PLI,4,6,10,877.0,8770.0
2021020705003625,PLI,4,45,10,877.0,8770.0
2021020705003624,PLI,4,35,10,877.0,8770.0
2021020705003623,PLI,4,52,10,877.0,8770.0
2021020705003622,PLI,4,41,10,877.0,8770.0
2021020705003621,PLI,4,13,10,877.0,8770.0
2021020705003632,PLI,4,10,10,877.0,8770.0
2021020705003631,PLI,4,39,10,877.0,8770.0
2021020705003630,PLI,4,49,10,877.0,8770.0
2021020705003629,PLI,4,35,10,877.0,8770.0
2021020705003628,PLI,4,57,10,877.0,8770.0
2021020705003627,PLI,4,38,10,877.0,8770.0
2021020705003638,PLI,4,38,10,877.0,8770.0
2021020705003637,PLI,52,38,40,878.0,35120.0
2021020705003636,PLI,52,58,10,878.0,8780.0
2021020705003635,PLI,52,3,10,878.0,8780.0
2021020705003634,PLI,4,45,10,877.0,8770.0
2021020705003633,PLI,4,41,10,877.0,8770.0
2021020705003644,PLI,34,57,200,877.0,175400.0
2021020705003643,PLI,4,57,20,877.0,17540.0
2021020705003642,PLI,4,45,10,877.0,8770.0
2021020705003641,PLI,4,4,10,877.0,8770.0
2021020705003640,PLI,4,59,10,877.0,8770.0
2021020705003639,PLI,4,39,10,877.0,8770.0
2021020705003650,PLI,4,38,10,876.0,8760.0
2021020705003649,PLI,4,21,10,876.0,8760.0
2021020705003648,PLI,4,50,10,876.0,8760.0
2021020705003647,PLI,4,8,10,876.0,8760.0
2021020705003646,PLI,4,50,10,876.0,8760.0
2021020705003645,PLI,4,38,10,876.0,8760.0
2021020705003656,PLI,4,21,10,876.0,8760.0
2021020705003655,PLI,4,8,10,876.0,8760.0
2021020705003654,PLI,4,26,10,876.0,8760.0
2021020705003653,PLI,13,57,100,877.0,87700.0
2021020705003652,PLI,4,21,10,876.0,8760.0
2021020705003651,PLI,4,57,10,876.0,8760.0
2021020705003662,PLI,4,21,10,876.0,8760.0
2021020705003661,PLI,57,57,500,877.0,438500.0
2021020705003660,PLI,4,4,10,876.0,8760.0
2021020705003659,PLI,4,47,10,876.0,8760.0
2021020705003658,PLI,4,35,10,876.0,8760.0
2021020705003657,PLI,4,29,10,876.0,8760.0
2021020705003668,PLI,4,35,10,876.0,8760.0
2021020705003667,PLI,4,41,10,876.0,8760.0
2021020705003666,PLI,4,21,10,876.0,8760.0
2021020705003665,PLI,4,8,10,876.0,8760.0
2021020705003664,PLI,4,29,10,876.0,8760.0
2021020705003663,PLI,4,29,10,876.0,8760.0
2021020705003674,PLI,42,6,10,877.0,8770.0
2021020705003673,PLI,42,57,380,877.0,333260.0
2021020705003672,PLI,42,58,10,876.0,8760.0
2021020705003671,PLI,42,17,80,876.0,70080.0
2021020705003670,PLI,54,29,10,875.0,8750.0
2021020705003669,PLI,4,17,"1,365",876.0,1195740.0
2021020705003680,PLI,54,57,10,875.0,8750.0
2021020705003679,PLI,54,8,10,875.0,8750.0
2021020705003678,PLI,54,35,10,875.0,8750.0
2021020705003677,PLI,54,58,10,875.0,8750.0
2021020705003676,PLI,42,1,10,877.0,8770.0
2021020705003675,PLI,42,39,10,877.0,8770.0
2021020705003686,PLI,54,8,10,875.0,8750.0
2021020705003685,PLI,38,7,10,877.0,8770.0
2021020705003684,PLI,54,3,10,875.0,8750.0
2021020705003683,PLI,54,16,10,875.0,8750.0
2021020705003682,PLI,54,29,10,875.0,8750.0
2021020705003681,PLI,54,28,10,875.0,8750.0
2021020705003692,PLI,42,42,20,876.0,17520.0
2021020705003691,PLI,51,8,10,875.0,8750.0
2021020705003690,PLI,51,13,10,875.0,8750.0
2021020705003689,PLI,51,29,10,875.0,8750.0
2021020705003688,PLI,51,34,10,875.0,8750.0
2021020705003687,PLI,51,13,10,875.0,8750.0
2021020705003698,PLI,42,1,10,876.0,8760.0
2021020705003697,PLI,42,28,10,876.0,8760.0
2021020705003696,PLI,42,8,10,876.0,8760.0
2021020705003695,PLI,42,57,10,876.0,8760.0
2021020705003694,PLI,42,56,10,876.0,8760.0
2021020705003693,PLI,42,29,10,876.0,8760.0
2021020705003704,PLI,42,34,10,876.0,8760.0
2021020705003703,PLI,42,50,10,876.0,8760.0
2021020705003702,PLI,42,56,10,876.0,8760.0
2021020705003701,PLI,42,8,10,876.0,8760.0
2021020705003700,PLI,42,3,10,876.0,8760.0
2021020705003699,PLI,42,28,10,876.0,8760.0
2021020705003710,PLI,42,49,10,876.0,8760.0
2021020705003709,PLI,42,1,10,876.0,8760.0
2021020705003708,PLI,42,8,10,876.0,8760.0
2021020705003707,PLI,42,14,10,876.0,8760.0
2021020705003706,PLI,42,57,10,876.0,8760.0
2021020705003705,PLI,42,58,10,876.0,8760.0
2021020705003716,PLI,10,17,10,877.0,8770.0
2021020705003715,PLI,10,19,10,877.0,8770.0
2021020705003714,PLI,10,16,10,877.0,8770.0
2021020705003713,PLI,10,52,10,877.0,8770.0
2021020705003712,PLI,42,3,10,876.0,8760.0
2021020705003711,PLI,42,32,10,876.0,8760.0
2021020705003722,PLI,10,56,10,877.0,8770.0
2021020705003721,PLI,10,6,10,877.0,8770.0
2021020705003720,PLI,10,8,10,877.0,8770.0
2021020705003719,PLI,10,46,10,877.0,8770.0
2021020705003718,PLI,10,42,10,877.0,8770.0
2021020705003717,PLI,10,8,10,877.0,8770.0
2021020705003728,PLI,36,56,10,877.0,8770.0
2021020705003727,PLI,10,58,10,877.0,8770.0
2021020705003726,PLI,10,38,10,877.0,8770.0
2021020705003725,PLI,10,21,10,877.0,8770.0
2021020705003724,PLI,10,8,10,877.0,8770.0
2021020705003723,PLI,10,1,10,877.0,8770.0
2021020705003734,PLI,42,8,10,878.0,8780.0
2021020705003733,PLI,42,57,10,878.0,8780.0
2021020705003732,PLI,42,22,10,878.0,8780.0
2021020705003731,PLI,42,14,10,878.0,8780.0
2021020705003730,PLI,42,38,20,878.0,17560.0
2021020705003729,PLI,36,57,10,877.0,8770.0
2021020705003740,PLI,36,49,10,877.0,8770.0
2021020705003739,PLI,36,39,10,877.0,8770.0
2021020705003738,PLI,42,39,10,878.0,8780.0
2021020705003737,PLI,42,41,10,878.0,8780.0
2021020705003736,PLI,42,57,10,878.0,8780.0
2021020705003735,PLI,42,3,10,878.0,8780.0
2021020705003746,PLI,22,3,10,877.0,8770.0
2021020705003745,PLI,22,39,10,877.0,8770.0
2021020705003744,PLI,22,41,10,877.0,8770.0
2021020705003743,PLI,50,3,10,877.0,8770.0
2021020705003742,PLI,36,38,10,877.0,8770.0
2021020705003741,PLI,36,36,10,877.0,8770.0
2021020705003752,PLI,41,51,10,877.0,8770.0
2021020705003751,PLI,41,3,10,877.0,8770.0
2021020705003750,PLI,41,56,10,877.0,8770.0
2021020705003749,PLI,41,57,10,877.0,8770.0
2021020705003748,PLI,22,53,10,877.0,8770.0
2021020705003747,PLI,22,7,10,877.0,8770.0
2021020705003758,PLI,38,48,40,879.0,35160.0
2021020705003757,PLI,38,45,20,879.0,17580.0
2021020705003756,PLI,38,56,10,878.0,8780.0
2021020705003755,PLI,38,38,10,878.0,8780.0
2021020705003754,PLI,38,58,10,878.0,8780.0
2021020705003753,PLI,38,56,10,878.0,8780.0
2021020705003764,PLI,38,46,10,877.0,8770.0
2021020705003763,PLI,38,58,10,877.0,8770.0
2021020705003762,PLI,42,54,10,876.0,8760.0
2021020705003761,PLI,42,8,10,876.0,8760.0
2021020705003760,PLI,42,16,10,876.0,8760.0
2021020705003759,PLI,42,38,10,876.0,8760.0
2021020705003770,PLI,56,13,10,878.0,8780.0
2021020705003769,PLI,56,38,10,877.0,8770.0
2021020705003768,PLI,42,57,10,876.0,8760.0
2021020705003767,PLI,38,38,10,877.0,8770.0
2021020705003766,PLI,38,34,10,877.0,8770.0
2021020705003765,PLI,38,19,10,877.0,8770.0
2021020705003776,PLI,47,59,10,880.0,8800.0
2021020705003775,PLI,56,3,10,879.0,8790.0
2021020705003774,PLI,56,26,10,879.0,8790.0
2021020705003773,PLI,56,47,10,879.0,8790.0
2021020705003772,PLI,56,48,10,879.0,8790.0
2021020705003771,PLI,56,48,460,879.0,404340.0
2021020705003782,PLI,56,26,10,879.0,8790.0
2021020705003781,PLI,56,18,10,879.0,8790.0
2021020705003780,PLI,56,42,10,879.0,8790.0
2021020705003779,PLI,56,56,10,879.0,8790.0
2021020705003778,PLI,56,38,10,879.0,8790.0
2021020705003777,PLI,56,38,10,879.0,8790.0
2021020705003788,PLI,17,59,40,880.0,35200.0
2021020705003787,PLI,56,16,10,879.0,8790.0
2021020705003786,PLI,56,58,10,879.0,8790.0
2021020705003785,PLI,56,19,10,879.0,8790.0
2021020705003784,PLI,56,32,10,879.0,8790.0
2021020705003783,PLI,56,52,10,879.0,8790.0
2021020705003794,PLI,56,8,10,880.0,8800.0
2021020705003793,PLI,56,1,10,880.0,8800.0
2021020705003792,PLI,56,7,10,880.0,8800.0
2021020705003791,PLI,56,21,10,880.0,8800.0
2021020705003790,PLI,56,59,16,880.0,14080.0
2021020705003789,PLI,35,59,100,880.0,88000.0
2021020705003800,PLI,56,38,10,880.0,8800.0
2021020705003799,PLI,56,46,10,880.0,8800.0
2021020705003798,PLI,56,46,10,880.0,8800.0
2021020705003797,PLI,56,50,110,880.0,96800.0
2021020705003796,PLI,56,25,10,880.0,8800.0
2021020705003795,PLI,56,21,10,880.0,8800.0
2021020705003806,PLI,56,42,10,880.0,8800.0
2021020705003805,PLI,56,42,10,880.0,8800.0
2021020705003804,PLI,56,42,10,880.0,8800.0
2021020705003803,PLI,56,46,10,880.0,8800.0
2021020705003802,PLI,56,49,10,880.0,8800.0
2021020705003801,PLI,56,22,30,880.0,26400.0
2021020705003812,PLI,56,57,10,880.0,8800.0
2021020705003811,PLI,56,56,10,880.0,8800.0
2021020705003810,PLI,56,58,10,880.0,8800.0
2021020705003809,PLI,56,42,10,880.0,8800.0
2021020705003808,PLI,56,56,10,880.0,8800.0
2021020705003807,PLI,56,42,10,880.0,8800.0
2021020705003818,PLI,38,56,10,879.0,8790.0
2021020705003817,PLI,38,4,10,879.0,8790.0
2021020705003816,PLI,38,21,10,879.0,8790.0
2021020705003815,PLI,38,34,10,879.0,8790.0
2021020705003814,PLI,38,4,10,879.0,8790.0
2021020705003813,PLI,56,43,10,880.0,8800.0
2021020705003824,PLI,38,28,10,879.0,8790.0
2021020705003823,PLI,38,56,10,879.0,8790.0
2021020705003822,PLI,38,49,10,879.0,8790.0
2021020705003821,PLI,38,32,10,879.0,8790.0
2021020705003820,PLI,38,38,10,879.0,8790.0
2021020705003819,PLI,38,17,10,879.0,8790.0
2021020705003830,PLI,42,21,10,880.0,8800.0
2021020705003829,PLI,38,45,10,879.0,8790.0
2021020705003828,PLI,38,38,10,879.0,8790.0
2021020705003827,PLI,38,17,10,879.0,8790.0
2021020705003826,PLI,38,38,10,879.0,8790.0
2021020705003825,PLI,38,38,10,879.0,8790.0
2021020705003836,PLI,42,32,10,880.0,8800.0
2021020705003835,PLI,42,43,10,880.0,8800.0
2021020705003834,PLI,42,43,10,880.0,8800.0
2021020705003833,PLI,42,32,10,880.0,8800.0
2021020705003832,PLI,42,40,10,880.0,8800.0
2021020705003831,PLI,42,32,10,880.0,8800.0
2021020705003842,PLI,42,1,10,880.0,8800.0
2021020705003841,PLI,42,29,10,880.0,8800.0
2021020705003840,PLI,42,4,10,880.0,8800.0
2021020705003839,PLI,42,39,10,880.0,8800.0
2021020705003838,PLI,42,45,10,880.0,8800.0
