Transact. No.,Symbol,Buyer,Seller,Quantity,Rate,Amount
2021020105009166,PLI,3,17,10,840.0,8400.0
2021020105009165,PLI,3,8,10,840.0,8400.0
2021020105009164,PLI,3,38,10,840.0,8400.0
2021020105009163,PLI,3,8,10,840.0,8400.0
2021020105009162,PLI,3,17,10,840.0,8400.0
2021020105009161,PLI,3,19,10,840.0,8400.0
2021020105008668,PLI,46,37,10,840.0,8400.0
2021020105008667,PLI,46,57,10,840.0,8400.0
2021020105008674,PLI,47,53,10,840.0,8400.0
2021020105008673,PLI,47,4,10,840.0,8400.0
2021020105008672,PLI,47,38,10,840.0,8400.0
2021020105008671,PLI,47,29,10,840.0,8400.0
2021020105008670,PLI,47,57,10,840.0,8400.0
2021020105008669,PLI,46,38,10,840.0,8400.0
2021020105008680,PLI,47,53,10,840.0,8400.0
2021020105008679,PLI,47,38,10,840.0,8400.0
2021020105008678,PLI,47,14,10,840.0,8400.0
2021020105008677,PLI,47,38,10,840.0,8400.0
2021020105008676,PLI,47,14,10,840.0,8400.0
2021020105008675,PLI,47,32,10,840.0,8400.0
2021020105008686,PLI,47,44,10,840.0,8400.0
2021020105008685,PLI,47,38,10,840.0,8400.0
2021020105008684,PLI,47,38,10,840.0,8400.0
2021020105008683,PLI,47,32,10,840.0,8400.0
2021020105008682,PLI,47,38,10,840.0,8400.0
2021020105008681,PLI,47,38,10,840.0,8400.0
2021020105008692,PLI,44,20,10,840.0,8400.0
2021020105008691,PLI,44,44,10,840.0,8400.0
2021020105008690,PLI,44,38,10,840.0,8400.0
2021020105008689,PLI,47,38,10,840.0,8400.0
2021020105008688,PLI,47,44,10,840.0,8400.0
2021020105008687,PLI,47,38,10,840.0,8400.0
2021020105008698,PLI,44,14,10,840.0,8400.0
2021020105008697,PLI,44,38,10,840.0,8400.0
2021020105008696,PLI,44,14,10,840.0,8400.0
2021020105008695,PLI,44,44,10,840.0,8400.0
2021020105008694,PLI,44,14,10,840.0,8400.0
2021020105008693,PLI,44,38,10,840.0,8400.0
2021020105008704,PLI,44,57,10,840.0,8400.0
2021020105008703,PLI,44,43,10,840.0,8400.0
2021020105008702,PLI,44,14,10,840.0,8400.0
2021020105008701,PLI,44,14,10,840.0,8400.0
2021020105008700,PLI,44,14,10,840.0,8400.0
2021020105008699,PLI,44,44,10,840.0,8400.0
2021020105008710,PLI,44,14,10,840.0,8400.0
2021020105008709,PLI,44,44,10,840.0,8400.0
2021020105008708,PLI,44,51,10,840.0,8400.0
2021020105008707,PLI,44,44,10,840.0,8400.0
2021020105008706,PLI,44,14,10,840.0,8400.0
2021020105008705,PLI,44,32,10,840.0,8400.0
2021020105008716,PLI,44,45,10,840.0,8400.0
2021020105008715,PLI,44,44,10,840.0,8400.0
2021020105008714,PLI,44,7,10,840.0,8400.0
2021020105008713,PLI,44,44,10,840.0,8400.0
2021020105008712,PLI,44,14,10,840.0,8400.0
2021020105008711,PLI,44,32,10,840.0,8400.0
2021020105008722,PLI,44,38,10,840.0,8400.0
2021020105008721,PLI,44,42,10,840.0,8400.0
2021020105008720,PLI,44,52,10,840.0,8400.0
2021020105008719,PLI,44,1,10,840.0,8400.0
2021020105008718,PLI,44,3,10,840.0,8400.0
2021020105008717,PLI,44,21,10,840.0,8400.0
2021020105008728,PLI,44,38,10,840.0,8400.0
2021020105008727,PLI,44,46,10,840.0,8400.0
2021020105008726,PLI,44,42,10,840.0,8400.0
2021020105008725,PLI,44,38,10,840.0,8400.0
2021020105008724,PLI,44,37,10,840.0,8400.0
2021020105008723,PLI,44,38,10,840.0,8400.0
2021020105008734,PLI,44,47,10,840.0,8400.0
2021020105008733,PLI,44,32,10,840.0,8400.0
2021020105008732,PLI,44,45,10,840.0,8400.0
2021020105008731,PLI,44,47,10,840.0,8400.0
2021020105008730,PLI,44,38,10,840.0,8400.0
2021020105008729,PLI,44,38,10,840.0,8400.0
2021020105008740,PLI,43,10,10,840.0,8400.0
2021020105008739,PLI,44,47,10,840.0,8400.0
2021020105008738,PLI,44,3,10,840.0,8400.0
2021020105008737,PLI,44,26,10,840.0,8400.0
2021020105008736,PLI,44,22,10,840.0,8400.0
2021020105008735,PLI,44,49,10,840.0,8400.0
2021020105008746,PLI,33,42,10,840.0,8400.0
2021020105008745,PLI,33,40,10,840.0,8400.0
2021020105008744,PLI,33,47,10,840.0,8400.0
2021020105008743,PLI,33,10,10,840.0,8400.0
2021020105008742,PLI,33,44,10,840.0,8400.0
2021020105008741,PLI,33,25,10,840.0,8400.0
2021020105008752,PLI,41,10,10,840.0,8400.0
2021020105008751,PLI,41,38,10,840.0,8400.0
2021020105008750,PLI,33,25,10,840.0,8400.0
2021020105008749,PLI,33,10,10,840.0,8400.0
2021020105008748,PLI,33,17,10,840.0,8400.0
2021020105008747,PLI,33,10,10,840.0,8400.0
2021020105008758,PLI,6,17,10,840.0,8400.0
2021020105008757,PLI,6,3,10,840.0,8400.0
2021020105008756,PLI,14,10,10,840.0,8400.0
2021020105008755,PLI,41,38,10,840.0,8400.0
2021020105008754,PLI,41,17,10,840.0,8400.0
2021020105008753,PLI,41,38,10,840.0,8400.0
2021020105008764,PLI,6,29,10,840.0,8400.0
2021020105008763,PLI,6,47,10,840.0,8400.0
2021020105008762,PLI,6,38,10,840.0,8400.0
2021020105008761,PLI,6,10,10,840.0,8400.0
2021020105008760,PLI,6,58,10,840.0,8400.0
2021020105008759,PLI,6,1,10,840.0,8400.0
2021020105008770,PLI,6,34,10,840.0,8400.0
2021020105008769,PLI,6,38,10,840.0,8400.0
2021020105008768,PLI,6,47,10,840.0,8400.0
2021020105008767,PLI,6,42,10,840.0,8400.0
2021020105008766,PLI,6,34,10,840.0,8400.0
2021020105008765,PLI,6,58,10,840.0,8400.0
2021020105008776,PLI,6,14,10,840.0,8400.0
2021020105008775,PLI,6,38,10,840.0,8400.0
2021020105008774,PLI,6,34,10,840.0,8400.0
2021020105008773,PLI,6,47,10,840.0,8400.0
2021020105008772,PLI,6,58,10,840.0,8400.0
2021020105008771,PLI,6,57,10,840.0,8400.0
2021020105008782,PLI,6,58,10,840.0,8400.0
2021020105008781,PLI,6,41,10,840.0,8400.0
2021020105008780,PLI,6,14,10,840.0,8400.0
2021020105008779,PLI,6,34,10,840.0,8400.0
2021020105008778,PLI,6,3,10,840.0,8400.0
2021020105008777,PLI,6,47,10,840.0,8400.0
2021020105008788,PLI,1,7,10,840.0,8400.0
2021020105008787,PLI,1,58,10,840.0,8400.0
2021020105008786,PLI,6,36,10,840.0,8400.0
2021020105008785,PLI,6,34,10,840.0,8400.0
2021020105008784,PLI,6,29,10,840.0,8400.0
2021020105008783,PLI,6,26,10,840.0,8400.0
2021020105008794,PLI,1,43,10,840.0,8400.0
2021020105008793,PLI,1,58,10,840.0,8400.0
2021020105008792,PLI,1,3,10,840.0,8400.0
2021020105008791,PLI,1,7,10,840.0,8400.0
2021020105008790,PLI,1,58,10,840.0,8400.0
2021020105008789,PLI,1,57,10,840.0,8400.0
2021020105008800,PLI,1,10,10,840.0,8400.0
2021020105008799,PLI,1,58,10,840.0,8400.0
2021020105008798,PLI,1,42,10,840.0,8400.0
2021020105008797,PLI,1,53,10,840.0,8400.0
2021020105008796,PLI,1,58,10,840.0,8400.0
2021020105008795,PLI,1,10,10,840.0,8400.0
2021020105008806,PLI,1,49,10,840.0,8400.0
2021020105008805,PLI,1,58,10,840.0,8400.0
2021020105008804,PLI,1,34,10,840.0,8400.0
2021020105008803,PLI,1,49,10,840.0,8400.0
2021020105008802,PLI,1,58,10,840.0,8400.0
2021020105008801,PLI,1,50,10,840.0,8400.0
2021020105008812,PLI,50,22,10,840.0,8400.0
2021020105008811,PLI,50,38,10,840.0,8400.0
2021020105008810,PLI,50,18,10,840.0,8400.0
2021020105008809,PLI,50,38,10,840.0,8400.0
2021020105008808,PLI,50,58,10,840.0,8400.0
2021020105008807,PLI,55,38,10,840.0,8400.0
2021020105008818,PLI,50,22,10,840.0,8400.0
2021020105008817,PLI,50,38,10,840.0,8400.0
2021020105008816,PLI,50,53,10,840.0,8400.0
2021020105008815,PLI,50,18,10,840.0,8400.0
2021020105008814,PLI,50,38,10,840.0,8400.0
2021020105008813,PLI,50,17,10,840.0,8400.0
2021020105008824,PLI,50,17,10,840.0,8400.0
2021020105008823,PLI,50,36,10,840.0,8400.0
2021020105008822,PLI,50,17,10,840.0,8400.0
2021020105008821,PLI,50,17,10,840.0,8400.0
2021020105008820,PLI,50,45,10,840.0,8400.0
2021020105008819,PLI,50,3,10,840.0,8400.0
2021020105008830,PLI,43,36,10,840.0,8400.0
2021020105008829,PLI,43,42,10,840.0,8400.0
2021020105008828,PLI,43,58,10,840.0,8400.0
2021020105008827,PLI,50,34,10,840.0,8400.0
2021020105008826,PLI,50,22,10,840.0,8400.0
2021020105008825,PLI,50,56,10,840.0,8400.0
2021020105008836,PLI,43,17,10,840.0,8400.0
2021020105008835,PLI,43,6,10,840.0,8400.0
2021020105008834,PLI,43,42,10,840.0,8400.0
2021020105008833,PLI,43,57,10,840.0,8400.0
2021020105008832,PLI,43,17,10,840.0,8400.0
2021020105008831,PLI,43,16,10,840.0,8400.0
2021020105008842,PLI,43,42,10,840.0,8400.0
2021020105008841,PLI,43,56,10,840.0,8400.0
2021020105008840,PLI,43,17,10,840.0,8400.0
2021020105008839,PLI,43,58,10,840.0,8400.0
2021020105008838,PLI,43,6,10,840.0,8400.0
2021020105008837,PLI,43,57,10,840.0,8400.0
2021020105008848,PLI,43,38,10,840.0,8400.0
2021020105008847,PLI,43,42,10,840.0,8400.0
2021020105008846,PLI,43,38,10,840.0,8400.0
2021020105008845,PLI,43,17,10,840.0,8400.0
2021020105008844,PLI,43,38,10,840.0,8400.0
2021020105008843,PLI,43,57,10,840.0,8400.0
2021020105008854,PLI,43,58,10,840.0,8400.0
2021020105008853,PLI,43,17,10,840.0,8400.0
2021020105008852,PLI,43,29,10,840.0,8400.0
2021020105008851,PLI,43,42,10,840.0,8400.0
2021020105008850,PLI,43,17,10,840.0,8400.0
2021020105008849,PLI,43,40,10,840.0,8400.0
2021020105008860,PLI,43,52,10,840.0,8400.0
2021020105008859,PLI,43,42,10,840.0,8400.0
2021020105008858,PLI,43,17,10,840.0,8400.0
2021020105008857,PLI,43,42,10,840.0,8400.0
2021020105008856,PLI,43,1,10,840.0,8400.0
2021020105008855,PLI,43,25,10,840.0,8400.0
2021020105008866,PLI,43,4,10,840.0,8400.0
2021020105008865,PLI,43,17,10,840.0,8400.0
2021020105008864,PLI,43,35,10,840.0,8400.0
2021020105008863,PLI,43,42,10,840.0,8400.0
2021020105008862,PLI,43,42,10,840.0,8400.0
2021020105008861,PLI,43,17,10,840.0,8400.0
2021020105008872,PLI,43,29,10,840.0,8400.0
2021020105008871,PLI,43,8,10,840.0,8400.0
2021020105008870,PLI,43,17,10,840.0,8400.0
2021020105008869,PLI,43,25,10,840.0,8400.0
2021020105008868,PLI,43,58,10,840.0,8400.0
2021020105008867,PLI,43,39,10,840.0,8400.0
2021020105008878,PLI,41,25,10,840.0,8400.0
2021020105008877,PLI,43,8,10,840.0,8400.0
2021020105008876,PLI,43,38,10,840.0,8400.0
2021020105008875,PLI,43,56,10,840.0,8400.0
2021020105008874,PLI,43,48,10,840.0,8400.0
2021020105008873,PLI,43,58,10,840.0,8400.0
2021020105008884,PLI,45,38,10,840.0,8400.0
2021020105008883,PLI,45,47,10,840.0,8400.0
2021020105008882,PLI,45,38,10,840.0,8400.0
2021020105008881,PLI,45,8,10,840.0,8400.0
2021020105008880,PLI,45,1,10,840.0,8400.0
2021020105008879,PLI,47,39,10,840.0,8400.0
2021020105008890,PLI,45,8,10,840.0,8400.0
2021020105008889,PLI,45,32,10,840.0,8400.0
2021020105008888,PLI,45,38,10,840.0,8400.0
2021020105008887,PLI,45,39,10,840.0,8400.0
2021020105008886,PLI,45,7,10,840.0,8400.0
2021020105008885,PLI,45,14,10,840.0,8400.0
2021020105008896,PLI,45,47,10,840.0,8400.0
2021020105008895,PLI,45,22,10,840.0,8400.0
2021020105008894,PLI,45,41,10,840.0,8400.0
2021020105008893,PLI,45,53,10,840.0,8400.0
2021020105008892,PLI,45,47,10,840.0,8400.0
2021020105008891,PLI,45,47,10,840.0,8400.0
2021020105008902,PLI,45,39,10,840.0,8400.0
2021020105008901,PLI,45,13,10,840.0,8400.0
2021020105008900,PLI,45,47,10,840.0,8400.0
2021020105008899,PLI,45,45,10,840.0,8400.0
2021020105008898,PLI,45,47,10,840.0,8400.0
2021020105008897,PLI,45,39,10,840.0,8400.0
2021020105008908,PLI,45,33,10,840.0,8400.0
2021020105008907,PLI,45,39,10,840.0,8400.0
2021020105008906,PLI,45,28,10,840.0,8400.0
2021020105008905,PLI,45,8,10,840.0,8400.0
2021020105008904,PLI,45,53,10,840.0,8400.0
2021020105008903,PLI,45,39,10,840.0,8400.0
2021020105008914,PLI,45,42,10,840.0,8400.0
2021020105008913,PLI,45,4,10,840.0,8400.0
2021020105008912,PLI,45,26,10,840.0,8400.0
2021020105008911,PLI,45,4,10,840.0,8400.0
2021020105008910,PLI,45,38,10,840.0,8400.0
2021020105008909,PLI,45,21,10,840.0,8400.0
2021020105008920,PLI,45,58,10,840.0,8400.0
2021020105008919,PLI,45,4,10,840.0,8400.0
2021020105008918,PLI,45,26,10,840.0,8400.0
2021020105008917,PLI,45,39,10,840.0,8400.0
2021020105008916,PLI,45,4,10,840.0,8400.0
2021020105008915,PLI,45,26,10,840.0,8400.0
2021020105008926,PLI,45,58,10,840.0,8400.0
2021020105008925,PLI,45,4,10,840.0,8400.0
2021020105008924,PLI,45,53,10,840.0,8400.0
2021020105008923,PLI,45,39,10,840.0,8400.0
2021020105008922,PLI,45,4,10,840.0,8400.0
2021020105008921,PLI,45,26,10,840.0,8400.0
2021020105008932,PLI,26,4,10,840.0,8400.0
2021020105008931,PLI,26,16,10,840.0,8400.0
2021020105008930,PLI,45,4,10,840.0,8400.0
2021020105008929,PLI,45,26,10,840.0,8400.0
2021020105008928,PLI,45,4,10,840.0,8400.0
2021020105008927,PLI,45,33,10,840.0,8400.0
2021020105008938,PLI,43,49,10,840.0,8400.0
2021020105008937,PLI,43,33,10,840.0,8400.0
2021020105008936,PLI,43,4,10,840.0,8400.0
2021020105008935,PLI,43,53,10,840.0,8400.0
2021020105008934,PLI,43,49,10,840.0,8400.0
2021020105008933,PLI,50,4,10,840.0,8400.0
2021020105008944,PLI,43,6,10,840.0,8400.0
2021020105008943,PLI,43,33,10,840.0,8400.0
2021020105008942,PLI,43,39,10,840.0,8400.0
2021020105008941,PLI,43,48,10,840.0,8400.0
2021020105008940,PLI,43,53,10,840.0,8400.0
2021020105008939,PLI,43,34,10,840.0,8400.0
2021020105008950,PLI,43,14,10,840.0,8400.0
2021020105008949,PLI,43,8,10,840.0,8400.0
2021020105008948,PLI,43,38,10,840.0,8400.0
2021020105008947,PLI,43,41,10,840.0,8400.0
2021020105008946,PLI,43,39,10,840.0,8400.0
2021020105008945,PLI,43,41,10,840.0,8400.0
2021020105008956,PLI,45,48,10,840.0,8400.0
2021020105008955,PLI,45,41,10,840.0,8400.0
2021020105008954,PLI,42,28,10,840.0,8400.0
2021020105008953,PLI,43,8,10,840.0,8400.0
2021020105008952,PLI,43,8,10,840.0,8400.0
2021020105008951,PLI,43,39,10,840.0,8400.0
2021020105008962,PLI,13,38,10,840.0,8400.0
2021020105008961,PLI,13,8,10,840.0,8400.0
2021020105008960,PLI,13,8,10,840.0,8400.0
2021020105008959,PLI,13,46,10,840.0,8400.0
2021020105008958,PLI,13,8,10,840.0,8400.0
2021020105008957,PLI,13,8,10,840.0,8400.0
2021020105008968,PLI,16,8,10,840.0,8400.0
2021020105008967,PLI,13,58,10,840.0,8400.0
2021020105008966,PLI,13,8,10,840.0,8400.0
2021020105008965,PLI,13,38,10,840.0,8400.0
2021020105008964,PLI,13,8,10,840.0,8400.0
2021020105008963,PLI,13,37,10,840.0,8400.0
2021020105008974,PLI,16,38,10,840.0,8400.0
2021020105008973,PLI,16,8,10,840.0,8400.0
2021020105008972,PLI,16,38,10,840.0,8400.0
2021020105008971,PLI,16,38,10,840.0,8400.0
2021020105008970,PLI,16,42,10,840.0,8400.0
2021020105008969,PLI,16,34,10,840.0,8400.0
2021020105008980,PLI,16,58,10,840.0,8400.0
2021020105008979,PLI,16,8,10,840.0,8400.0
2021020105008978,PLI,16,42,10,840.0,8400.0
2021020105008977,PLI,16,58,10,840.0,8400.0
2021020105008976,PLI,16,17,10,840.0,8400.0
2021020105008975,PLI,16,8,10,840.0,8400.0
2021020105008986,PLI,16,8,10,840.0,8400.0
2021020105008985,PLI,16,37,10,840.0,8400.0
2021020105008984,PLI,16,8,10,840.0,8400.0
2021020105008983,PLI,16,38,10,840.0,8400.0
2021020105008982,PLI,16,57,10,840.0,8400.0
2021020105008981,PLI,16,14,10,840.0,8400.0
2021020105008992,PLI,40,8,10,840.0,8400.0
2021020105008991,PLI,42,7,10,840.0,8400.0
2021020105008990,PLI,16,42,10,840.0,8400.0
2021020105008989,PLI,16,58,10,840.0,8400.0
2021020105008988,PLI,16,26,10,840.0,8400.0
2021020105008987,PLI,16,8,10,840.0,8400.0
2021020105008998,PLI,43,52,10,840.0,8400.0
2021020105008997,PLI,43,8,10,840.0,8400.0
2021020105008996,PLI,40,8,10,840.0,8400.0
2021020105008995,PLI,40,45,10,840.0,8400.0
2021020105008994,PLI,40,42,10,840.0,8400.0
2021020105008993,PLI,40,57,10,840.0,8400.0
2021020105009004,PLI,43,37,10,840.0,8400.0
2021020105009003,PLI,43,8,10,840.0,8400.0
2021020105009002,PLI,43,17,10,840.0,8400.0
2021020105009001,PLI,43,8,10,840.0,8400.0
2021020105009000,PLI,43,8,10,840.0,8400.0
2021020105008999,PLI,43,8,10,840.0,8400.0
2021020105009010,PLI,43,29,10,840.0,8400.0
2021020105009009,PLI,43,44,10,840.0,8400.0
2021020105009008,PLI,43,57,10,840.0,8400.0
2021020105009007,PLI,43,19,10,840.0,8400.0
2021020105009006,PLI,43,8,10,840.0,8400.0
2021020105009005,PLI,43,52,10,840.0,8400.0
2021020105009016,PLI,43,43,10,840.0,8400.0
2021020105009015,PLI,43,58,10,840.0,8400.0
2021020105009014,PLI,43,51,10,840.0,8400.0
2021020105009013,PLI,43,38,10,840.0,8400.0
2021020105009012,PLI,43,44,10,840.0,8400.0
2021020105009011,PLI,43,38,10,840.0,8400.0
2021020105009022,PLI,43,48,10,840.0,8400.0
2021020105009021,PLI,43,34,10,840.0,8400.0
2021020105009020,PLI,43,57,10,840.0,8400.0
2021020105009019,PLI,43,38,10,840.0,8400.0
2021020105009018,PLI,43,44,10,840.0,8400.0
2021020105009017,PLI,43,57,10,840.0,8400.0
2021020105009028,PLI,43,51,10,840.0,8400.0
2021020105009027,PLI,43,44,10,840.0,8400.0
2021020105009026,PLI,43,8,10,840.0,8400.0
2021020105009025,PLI,43,44,10,840.0,8400.0
2021020105009024,PLI,43,38,10,840.0,8400.0
2021020105009023,PLI,43,44,10,840.0,8400.0
2021020105009034,PLI,43,51,10,840.0,8400.0
2021020105009033,PLI,43,8,10,840.0,8400.0
2021020105009032,PLI,43,38,10,840.0,8400.0
2021020105009031,PLI,43,8,10,840.0,8400.0
2021020105009030,PLI,43,36,10,840.0,8400.0
2021020105009029,PLI,43,38,10,840.0,8400.0
2021020105009040,PLI,43,11,10,840.0,8400.0
2021020105009039,PLI,43,8,10,840.0,8400.0
2021020105009038,PLI,43,58,10,840.0,8400.0
2021020105009037,PLI,43,38,10,840.0,8400.0
2021020105009036,PLI,43,45,10,840.0,8400.0
2021020105009035,PLI,43,44,10,840.0,8400.0
2021020105009046,PLI,43,44,10,840.0,8400.0
2021020105009045,PLI,43,8,10,840.0,8400.0
2021020105009044,PLI,43,45,10,840.0,8400.0
2021020105009043,PLI,43,10,10,840.0,8400.0
2021020105009042,PLI,43,8,10,840.0,8400.0
2021020105009041,PLI,43,44,10,840.0,8400.0
2021020105009052,PLI,19,47,10,840.0,8400.0
2021020105009051,PLI,19,29,10,840.0,8400.0
2021020105009050,PLI,19,8,10,840.0,8400.0
2021020105009049,PLI,19,36,10,840.0,8400.0
2021020105009048,PLI,19,8,10,840.0,8400.0
2021020105009047,PLI,19,38,10,840.0,8400.0
2021020105009058,PLI,1,8,10,840.0,8400.0
2021020105009057,PLI,1,44,10,840.0,8400.0
2021020105009056,PLI,19,8,10,840.0,8400.0
2021020105009055,PLI,19,36,10,840.0,8400.0
2021020105009054,PLI,19,8,10,840.0,8400.0
2021020105009053,PLI,19,44,10,840.0,8400.0
2021020105009064,PLI,29,37,10,840.0,8400.0
2021020105009063,PLI,11,58,10,840.0,8400.0
2021020105009062,PLI,11,44,10,840.0,8400.0
2021020105009061,PLI,1,37,10,840.0,8400.0
2021020105009060,PLI,1,36,10,840.0,8400.0
2021020105009059,PLI,1,58,10,840.0,8400.0
2021020105009070,PLI,6,34,10,840.0,8400.0
2021020105009069,PLI,6,8,10,840.0,8400.0
2021020105009068,PLI,6,8,10,840.0,8400.0
2021020105009067,PLI,6,44,10,840.0,8400.0
2021020105009066,PLI,6,36,10,840.0,8400.0
2021020105009065,PLI,29,38,10,840.0,8400.0
2021020105009076,PLI,39,8,10,840.0,8400.0
2021020105009075,PLI,6,36,10,840.0,8400.0
2021020105009074,PLI,6,58,10,840.0,8400.0
2021020105009073,PLI,6,8,10,840.0,8400.0
2021020105009072,PLI,6,48,10,840.0,8400.0
2021020105009071,PLI,6,14,10,840.0,8400.0
2021020105009082,PLI,44,8,10,840.0,8400.0
2021020105009081,PLI,44,58,10,840.0,8400.0
2021020105009080,PLI,44,14,10,840.0,8400.0
2021020105009079,PLI,44,8,10,840.0,8400.0
2021020105009078,PLI,44,8,10,840.0,8400.0
2021020105009077,PLI,44,58,10,840.0,8400.0
2021020105009088,PLI,41,58,10,840.0,8400.0
2021020105009087,PLI,41,48,10,840.0,8400.0
2021020105009086,PLI,44,8,10,840.0,8400.0
2021020105009085,PLI,44,58,10,840.0,8400.0
2021020105009084,PLI,44,8,10,840.0,8400.0
2021020105009083,PLI,44,47,10,840.0,8400.0
2021020105009094,PLI,41,8,10,840.0,8400.0
2021020105009093,PLI,41,58,10,840.0,8400.0
2021020105009092,PLI,41,8,10,840.0,8400.0
2021020105009091,PLI,41,56,10,840.0,8400.0
2021020105009090,PLI,41,8,10,840.0,8400.0
2021020105009089,PLI,41,14,10,840.0,8400.0
2021020105009100,PLI,21,58,10,840.0,8400.0
2021020105009099,PLI,21,8,10,840.0,8400.0
2021020105009098,PLI,21,8,10,840.0,8400.0
2021020105009097,PLI,4,58,10,840.0,8400.0
2021020105009096,PLI,41,36,10,840.0,8400.0
2021020105009095,PLI,41,39,10,840.0,8400.0
2021020105009106,PLI,19,39,10,840.0,8400.0
2021020105009105,PLI,19,8,10,840.0,8400.0
2021020105009104,PLI,19,37,10,840.0,8400.0
2021020105009103,PLI,21,8,10,840.0,8400.0
2021020105009102,PLI,21,4,10,840.0,8400.0
2021020105009101,PLI,21,14,10,840.0,8400.0
2021020105009112,PLI,19,33,10,840.0,8400.0
2021020105009111,PLI,19,8,10,840.0,8400.0
2021020105009110,PLI,19,57,10,840.0,8400.0
2021020105009109,PLI,19,33,10,840.0,8400.0
2021020105009108,PLI,19,8,10,840.0,8400.0
2021020105009107,PLI,19,58,10,840.0,8400.0
2021020105009118,PLI,19,48,10,840.0,8400.0
2021020105009117,PLI,19,35,10,840.0,8400.0
2021020105009116,PLI,19,14,10,840.0,8400.0
2021020105009115,PLI,19,39,10,840.0,8400.0
2021020105009114,PLI,19,8,10,840.0,8400.0
2021020105009113,PLI,19,8,10,840.0,8400.0
2021020105009124,PLI,21,39,10,840.0,8400.0
2021020105009123,PLI,19,21,10,840.0,8400.0
2021020105009122,PLI,19,8,10,840.0,8400.0
2021020105009121,PLI,19,4,10,840.0,8400.0
2021020105009120,PLI,19,21,10,840.0,8400.0
2021020105009119,PLI,19,8,10,840.0,8400.0
2021020105009130,PLI,10,8,10,840.0,8400.0
2021020105009129,PLI,49,21,10,840.0,8400.0
2021020105009128,PLI,49,53,10,840.0,8400.0
2021020105009127,PLI,49,47,10,840.0,8400.0
2021020105009126,PLI,39,29,10,840.0,8400.0
2021020105009125,PLI,21,8,10,840.0,8400.0
2021020105009136,PLI,10,8,10,840.0,8400.0
2021020105009135,PLI,10,39,10,840.0,8400.0
2021020105009134,PLI,10,4,10,840.0,8400.0
2021020105009133,PLI,10,33,10,840.0,8400.0
2021020105009132,PLI,10,8,10,840.0,8400.0
2021020105009131,PLI,10,4,10,840.0,8400.0
2021020105009142,PLI,6,8,10,840.0,8400.0
2021020105009141,PLI,6,39,10,840.0,8400.0
2021020105009140,PLI,25,17,10,840.0,8400.0
2021020105009139,PLI,10,8,10,840.0,8400.0
2021020105009138,PLI,10,38,10,840.0,8400.0
2021020105009137,PLI,10,8,10,840.0,8400.0
2021020105009148,PLI,6,8,10,840.0,8400.0
2021020105009147,PLI,6,8,10,840.0,8400.0
2021020105009146,PLI,6,8,10,840.0,8400.0
2021020105009145,PLI,6,8,10,840.0,8400.0
2021020105009144,PLI,6,8,10,840.0,8400.0
2021020105009143,PLI,6,8,10,840.0,8400.0
2021020105009154,PLI,6,14,10,840.0,8400.0
2021020105009153,PLI,6,8,10,840.0,8400.0
2021020105009152,PLI,6,8,10,840.0,8400.0
2021020105009151,PLI,6,56,10,840.0,8400.0
2021020105009150,PLI,6,17,10,840.0,8400.0
2021020105009149,PLI,6,6,10,840.0,8400.0
2021020105009160,PLI,6,8,10,840.0,8400.0
2021020105009159,PLI,6,37,10,840.0,8400.0
2021020105009158,PLI,6,17,10,840.0,8400.0
2021020105009157,PLI,6,43,10,840.0,8400.0
2021020105009156,PLI,6,17,10,840.0,8400.0
2021020105009155,PLI,6,8,10,840.0,8400.0
2021020105008666,PLI,46,38,10,840.0,8400.0
2021020105008665,PLI,46,4,10,840.0,8400.0
2021020105008664,PLI,46,7,10,840.0,8400.0
2021020105008663,PLI,46,38,10,840.0,8400.0
2021020105008662,PLI,46,57,10,840.0,8400.0
2021020105008661,PLI,46,3,10,840.0,8400.0
2021020105008168,PLI,57,1,10,840.0,8400.0
2021020105008167,PLI,57,38,10,840.0,8400.0
2021020105008174,PLI,57,16,10,840.0,8400.0
2021020105008173,PLI,57,53,10,840.0,8400.0
2021020105008172,PLI,57,42,10,840.0,8400.0
2021020105008171,PLI,57,57,10,840.0,8400.0
2021020105008170,PLI,57,37,10,840.0,8400.0
2021020105008169,PLI,57,44,10,840.0,8400.0
2021020105008180,PLI,57,37,10,840.0,8400.0
2021020105008179,PLI,57,37,10,840.0,8400.0
2021020105008178,PLI,57,38,10,840.0,8400.0
2021020105008177,PLI,57,8,10,840.0,8400.0
2021020105008176,PLI,57,37,10,840.0,8400.0
2021020105008175,PLI,57,38,10,840.0,8400.0
2021020105008186,PLI,57,43,10,840.0,8400.0
2021020105008185,PLI,57,8,10,840.0,8400.0
2021020105008184,PLI,57,41,10,840.0,8400.0
2021020105008183,PLI,57,37,10,840.0,8400.0
2021020105008182,PLI,57,8,10,840.0,8400.0
2021020105008181,PLI,57,37,10,840.0,8400.0
2021020105008192,PLI,57,1,10,840.0,8400.0
2021020105008191,PLI,57,42,10,840.0,8400.0
2021020105008190,PLI,57,22,10,840.0,8400.0
2021020105008189,PLI,57,16,10,840.0,8400.0
2021020105008188,PLI,57,51,10,840.0,8400.0
2021020105008187,PLI,57,16,10,840.0,8400.0
2021020105008198,PLI,57,51,10,840.0,8400.0
2021020105008197,PLI,57,43,10,840.0,8400.0
2021020105008196,PLI,57,37,10,840.0,8400.0
2021020105008195,PLI,57,53,10,840.0,8400.0
2021020105008194,PLI,57,43,10,840.0,8400.0
2021020105008193,PLI,57,53,10,840.0,8400.0
2021020105008204,PLI,29,37,10,840.0,8400.0
2021020105008203,PLI,29,33,10,840.0,8400.0
2021020105008202,PLI,29,22,10,840.0,8400.0
2021020105008201,PLI,29,34,10,840.0,8400.0
2021020105008200,PLI,29,37,10,840.0,8400.0
2021020105008199,PLI,57,53,10,840.0,8400.0
2021020105008210,PLI,49,17,10,840.0,8400.0
2021020105008209,PLI,49,16,10,840.0,8400.0
2021020105008208,PLI,36,34,10,840.0,8400.0
2021020105008207,PLI,36,37,10,840.0,8400.0
2021020105008206,PLI,36,22,10,840.0,8400.0
2021020105008205,PLI,36,19,10,840.0,8400.0
2021020105008216,PLI,49,37,10,840.0,8400.0
2021020105008215,PLI,49,19,10,840.0,8400.0
2021020105008214,PLI,49,42,10,840.0,8400.0
2021020105008213,PLI,49,38,10,840.0,8400.0
2021020105008212,PLI,49,33,10,840.0,8400.0
2021020105008211,PLI,49,37,10,840.0,8400.0
2021020105008222,PLI,6,38,10,840.0,8400.0
2021020105008221,PLI,6,37,10,840.0,8400.0
2021020105008220,PLI,57,33,10,840.0,8400.0
2021020105008219,PLI,57,16,10,840.0,8400.0
2021020105008218,PLI,49,38,10,840.0,8400.0
2021020105008217,PLI,49,42,10,840.0,8400.0
2021020105008228,PLI,6,54,10,840.0,8400.0
2021020105008227,PLI,6,42,10,840.0,8400.0
2021020105008226,PLI,6,33,10,840.0,8400.0
2021020105008225,PLI,6,19,10,840.0,8400.0
2021020105008224,PLI,6,42,10,840.0,8400.0
2021020105008223,PLI,6,17,10,840.0,8400.0
2021020105008234,PLI,6,37,10,840.0,8400.0
2021020105008233,PLI,6,17,10,840.0,8400.0
2021020105008232,PLI,6,37,10,840.0,8400.0
2021020105008231,PLI,6,45,10,840.0,8400.0
2021020105008230,PLI,6,17,10,840.0,8400.0
2021020105008229,PLI,6,37,10,840.0,8400.0
2021020105008240,PLI,6,43,10,840.0,8400.0
2021020105008239,PLI,6,17,10,840.0,8400.0
2021020105008238,PLI,6,36,10,840.0,8400.0
2021020105008237,PLI,6,17,10,840.0,8400.0
2021020105008236,PLI,6,1,10,840.0,8400.0
2021020105008235,PLI,6,17,10,840.0,8400.0
2021020105008246,PLI,6,38,10,840.0,8400.0
2021020105008245,PLI,6,17,10,840.0,8400.0
2021020105008244,PLI,6,32,10,840.0,8400.0
2021020105008243,PLI,6,17,10,840.0,8400.0
2021020105008242,PLI,6,6,10,840.0,8400.0
2021020105008241,PLI,6,38,10,840.0,8400.0
2021020105008252,PLI,19,38,10,840.0,8400.0
2021020105008251,PLI,19,42,10,840.0,8400.0
2021020105008250,PLI,6,44,10,840.0,8400.0
2021020105008249,PLI,6,38,10,840.0,8400.0
2021020105008248,PLI,6,17,10,840.0,8400.0
2021020105008247,PLI,6,36,10,840.0,8400.0
2021020105008258,PLI,19,44,10,840.0,8400.0
2021020105008257,PLI,19,29,10,840.0,8400.0
2021020105008256,PLI,19,14,10,840.0,8400.0
2021020105008255,PLI,19,17,10,840.0,8400.0
2021020105008254,PLI,19,40,10,840.0,8400.0
2021020105008253,PLI,19,36,10,840.0,8400.0
2021020105008264,PLI,29,14,10,840.0,8400.0
2021020105008263,PLI,29,29,10,840.0,8400.0
2021020105008262,PLI,29,36,10,840.0,8400.0
2021020105008261,PLI,34,38,10,840.0,8400.0
2021020105008260,PLI,19,17,10,840.0,8400.0
2021020105008259,PLI,19,36,10,840.0,8400.0
2021020105008270,PLI,14,36,10,840.0,8400.0
2021020105008269,PLI,14,14,10,840.0,8400.0
2021020105008268,PLI,14,29,10,840.0,8400.0
2021020105008267,PLI,48,34,10,840.0,8400.0
2021020105008266,PLI,29,38,10,840.0,8400.0
2021020105008265,PLI,29,17,10,840.0,8400.0
2021020105008276,PLI,14,17,10,840.0,8400.0
2021020105008275,PLI,14,1,10,840.0,8400.0
2021020105008274,PLI,14,44,10,840.0,8400.0
2021020105008273,PLI,14,14,10,840.0,8400.0
2021020105008272,PLI,14,38,10,840.0,8400.0
2021020105008271,PLI,14,17,10,840.0,8400.0
2021020105008282,PLI,29,17,10,840.0,8400.0
2021020105008281,PLI,29,34,10,840.0,8400.0
2021020105008280,PLI,29,38,10,840.0,8400.0
2021020105008279,PLI,51,29,10,840.0,8400.0
2021020105008278,PLI,51,8,10,840.0,8400.0
2021020105008277,PLI,14,38,10,840.0,8400.0
2021020105008288,PLI,29,8,10,840.0,8400.0
2021020105008287,PLI,29,29,10,840.0,8400.0
2021020105008286,PLI,29,33,10,840.0,8400.0
2021020105008285,PLI,29,17,10,840.0,8400.0
2021020105008284,PLI,29,29,10,840.0,8400.0
2021020105008283,PLI,29,38,10,840.0,8400.0
2021020105008294,PLI,35,48,10,840.0,8400.0
2021020105008293,PLI,35,17,10,840.0,8400.0
2021020105008292,PLI,35,8,10,840.0,8400.0
2021020105008291,PLI,35,58,10,840.0,8400.0
2021020105008290,PLI,35,17,10,840.0,8400.0
2021020105008289,PLI,29,39,10,840.0,8400.0
2021020105008300,PLI,35,39,10,840.0,8400.0
2021020105008299,PLI,35,58,10,840.0,8400.0
2021020105008298,PLI,35,17,10,840.0,8400.0
2021020105008297,PLI,35,57,10,840.0,8400.0
2021020105008296,PLI,35,8,10,840.0,8400.0
2021020105008295,PLI,35,45,10,840.0,8400.0
2021020105008306,PLI,35,17,10,840.0,8400.0
2021020105008305,PLI,35,16,10,840.0,8400.0
2021020105008304,PLI,35,59,10,840.0,8400.0
2021020105008303,PLI,35,21,10,840.0,8400.0
2021020105008302,PLI,35,33,10,840.0,8400.0
2021020105008301,PLI,35,11,10,840.0,8400.0
2021020105008312,PLI,35,22,10,840.0,8400.0
2021020105008311,PLI,35,35,10,840.0,8400.0
2021020105008310,PLI,35,17,10,840.0,8400.0
2021020105008309,PLI,35,38,10,840.0,8400.0
2021020105008308,PLI,35,59,10,840.0,8400.0
2021020105008307,PLI,35,46,10,840.0,8400.0
2021020105008318,PLI,35,42,10,840.0,8400.0
2021020105008317,PLI,35,34,10,840.0,8400.0
2021020105008316,PLI,35,17,10,840.0,8400.0
2021020105008315,PLI,35,1,10,840.0,8400.0
2021020105008314,PLI,35,39,10,840.0,8400.0
2021020105008313,PLI,35,57,10,840.0,8400.0
2021020105008324,PLI,35,16,10,840.0,8400.0
2021020105008323,PLI,35,17,10,840.0,8400.0
2021020105008322,PLI,35,29,10,840.0,8400.0
2021020105008321,PLI,35,17,10,840.0,8400.0
2021020105008320,PLI,35,38,10,840.0,8400.0
2021020105008319,PLI,35,17,10,840.0,8400.0
2021020105008330,PLI,35,42,10,840.0,8400.0
2021020105008329,PLI,35,58,10,840.0,8400.0
2021020105008328,PLI,35,29,10,840.0,8400.0
2021020105008327,PLI,35,17,10,840.0,8400.0
2021020105008326,PLI,35,5,10,840.0,8400.0
2021020105008325,PLI,35,45,10,840.0,8400.0
2021020105008336,PLI,35,17,10,840.0,8400.0
2021020105008335,PLI,35,32,10,840.0,8400.0
2021020105008334,PLI,35,29,10,840.0,8400.0
2021020105008333,PLI,35,39,10,840.0,8400.0
2021020105008332,PLI,35,8,10,840.0,8400.0
2021020105008331,PLI,35,17,10,840.0,8400.0
2021020105008342,PLI,41,59,10,840.0,8400.0
2021020105008341,PLI,41,38,10,840.0,8400.0
2021020105008340,PLI,57,52,10,840.0,8400.0
2021020105008339,PLI,35,32,10,840.0,8400.0
2021020105008338,PLI,35,32,10,840.0,8400.0
2021020105008337,PLI,35,38,10,840.0,8400.0
2021020105008348,PLI,41,11,10,840.0,8400.0
2021020105008347,PLI,41,38,10,840.0,8400.0
2021020105008346,PLI,41,39,10,840.0,8400.0
2021020105008345,PLI,41,38,10,840.0,8400.0
2021020105008344,PLI,41,40,10,840.0,8400.0
2021020105008343,PLI,41,49,10,840.0,8400.0
2021020105008354,PLI,41,38,10,840.0,8400.0
2021020105008353,PLI,41,29,10,840.0,8400.0
2021020105008352,PLI,41,38,10,840.0,8400.0
2021020105008351,PLI,41,40,10,840.0,8400.0
2021020105008350,PLI,41,32,10,840.0,8400.0
2021020105008349,PLI,41,38,10,840.0,8400.0
2021020105008360,PLI,41,38,10,840.0,8400.0
2021020105008359,PLI,41,29,10,840.0,8400.0
2021020105008358,PLI,41,29,10,840.0,8400.0
2021020105008357,PLI,41,38,10,840.0,8400.0
2021020105008356,PLI,41,29,10,840.0,8400.0
2021020105008355,PLI,41,17,10,840.0,8400.0
2021020105008366,PLI,38,29,10,840.0,8400.0
2021020105008365,PLI,11,40,10,840.0,8400.0
2021020105008364,PLI,11,38,10,840.0,8400.0
2021020105008363,PLI,11,16,10,840.0,8400.0
2021020105008362,PLI,11,29,10,840.0,8400.0
2021020105008361,PLI,11,54,10,840.0,8400.0
2021020105008372,PLI,38,29,10,840.0,8400.0
2021020105008371,PLI,38,39,10,840.0,8400.0
2021020105008370,PLI,38,38,10,840.0,8400.0
2021020105008369,PLI,38,29,10,840.0,8400.0
2021020105008368,PLI,38,32,10,840.0,8400.0
2021020105008367,PLI,38,38,10,840.0,8400.0
2021020105008378,PLI,11,45,10,840.0,8400.0
2021020105008377,PLI,11,42,10,840.0,8400.0
2021020105008376,PLI,58,56,10,840.0,8400.0
2021020105008375,PLI,58,29,10,840.0,8400.0
2021020105008374,PLI,38,7,10,840.0,8400.0
2021020105008373,PLI,38,38,10,840.0,8400.0
2021020105008384,PLI,49,38,10,840.0,8400.0
2021020105008383,PLI,49,22,10,840.0,8400.0
2021020105008382,PLI,49,58,10,840.0,8400.0
2021020105008381,PLI,49,56,10,840.0,8400.0
2021020105008380,PLI,11,49,10,840.0,8400.0
2021020105008379,PLI,11,13,10,840.0,8400.0
2021020105008390,PLI,49,58,10,840.0,8400.0
2021020105008389,PLI,49,38,10,840.0,8400.0
2021020105008388,PLI,49,58,10,840.0,8400.0
2021020105008387,PLI,49,34,10,840.0,8400.0
2021020105008386,PLI,49,21,10,840.0,8400.0
2021020105008385,PLI,49,58,10,840.0,8400.0
2021020105008396,PLI,19,26,10,840.0,8400.0
2021020105008395,PLI,19,39,10,840.0,8400.0
2021020105008394,PLI,19,38,10,840.0,8400.0
2021020105008393,PLI,19,39,10,840.0,8400.0
2021020105008392,PLI,19,39,10,840.0,8400.0
2021020105008391,PLI,19,58,10,840.0,8400.0
2021020105008402,PLI,29,22,10,840.0,8400.0
2021020105008401,PLI,29,58,10,840.0,8400.0
2021020105008400,PLI,19,47,10,840.0,8400.0
2021020105008399,PLI,19,21,10,840.0,8400.0
2021020105008398,PLI,19,58,10,840.0,8400.0
2021020105008397,PLI,19,57,10,840.0,8400.0
2021020105008408,PLI,29,42,10,840.0,8400.0
2021020105008407,PLI,29,43,10,840.0,8400.0
2021020105008406,PLI,29,53,10,840.0,8400.0
2021020105008405,PLI,29,21,10,840.0,8400.0
2021020105008404,PLI,29,58,10,840.0,8400.0
2021020105008403,PLI,29,38,10,840.0,8400.0
2021020105008414,PLI,21,18,10,840.0,8400.0
2021020105008413,PLI,21,43,10,840.0,8400.0
2021020105008412,PLI,21,22,10,840.0,8400.0
2021020105008411,PLI,21,38,10,840.0,8400.0
2021020105008410,PLI,29,43,10,840.0,8400.0
2021020105008409,PLI,29,18,10,840.0,8400.0
2021020105008420,PLI,21,29,10,840.0,8400.0
2021020105008419,PLI,21,49,10,840.0,8400.0
2021020105008418,PLI,21,43,10,840.0,8400.0
2021020105008417,PLI,21,22,10,840.0,8400.0
2021020105008416,PLI,21,6,10,840.0,8400.0
2021020105008415,PLI,21,18,10,840.0,8400.0
2021020105008426,PLI,21,49,10,840.0,8400.0
2021020105008425,PLI,21,22,10,840.0,8400.0
2021020105008424,PLI,21,59,10,840.0,8400.0
2021020105008423,PLI,21,18,10,840.0,8400.0
2021020105008422,PLI,21,17,10,840.0,8400.0
2021020105008421,PLI,21,22,10,840.0,8400.0
2021020105008432,PLI,21,22,10,840.0,8400.0
2021020105008431,PLI,21,43,10,840.0,8400.0
2021020105008430,PLI,21,38,10,840.0,8400.0
2021020105008429,PLI,21,17,10,840.0,8400.0
2021020105008428,PLI,21,39,10,840.0,8400.0
2021020105008427,PLI,21,18,10,840.0,8400.0
2021020105008438,PLI,21,42,10,840.0,8400.0
2021020105008437,PLI,21,18,10,840.0,8400.0
2021020105008436,PLI,21,40,10,840.0,8400.0
2021020105008435,PLI,21,39,10,840.0,8400.0
2021020105008434,PLI,21,43,10,840.0,8400.0
2021020105008433,PLI,21,18,10,840.0,8400.0
2021020105008444,PLI,21,38,10,840.0,8400.0
2021020105008443,PLI,21,43,10,840.0,8400.0
2021020105008442,PLI,21,39,10,840.0,8400.0
2021020105008441,PLI,21,49,10,840.0,8400.0
2021020105008440,PLI,21,18,10,840.0,8400.0
2021020105008439,PLI,21,38,10,840.0,8400.0
2021020105008450,PLI,21,22,10,840.0,8400.0
2021020105008449,PLI,21,42,10,840.0,8400.0
2021020105008448,PLI,21,10,10,840.0,8400.0
2021020105008447,PLI,21,39,10,840.0,8400.0
2021020105008446,PLI,21,58,10,840.0,8400.0
2021020105008445,PLI,21,39,10,840.0,8400.0
2021020105008456,PLI,6,57,10,840.0,8400.0
2021020105008455,PLI,6,42,10,840.0,8400.0
2021020105008454,PLI,6,39,10,840.0,8400.0
2021020105008453,PLI,6,49,10,840.0,8400.0
2021020105008452,PLI,41,42,10,840.0,8400.0
2021020105008451,PLI,25,49,10,840.0,8400.0
2021020105008462,PLI,6,39,10,840.0,8400.0
2021020105008461,PLI,6,29,10,840.0,8400.0
2021020105008460,PLI,6,37,10,840.0,8400.0
2021020105008459,PLI,6,42,10,840.0,8400.0
2021020105008458,PLI,6,57,10,840.0,8400.0
2021020105008457,PLI,6,37,10,840.0,8400.0
2021020105008468,PLI,6,37,10,840.0,8400.0
2021020105008467,PLI,6,37,10,840.0,8400.0
2021020105008466,PLI,6,58,10,840.0,8400.0
2021020105008465,PLI,6,37,10,840.0,8400.0
2021020105008464,PLI,6,56,10,840.0,8400.0
2021020105008463,PLI,6,34,10,840.0,8400.0
2021020105008474,PLI,6,37,10,840.0,8400.0
2021020105008473,PLI,6,38,10,840.0,8400.0
2021020105008472,PLI,6,6,10,840.0,8400.0
2021020105008471,PLI,6,37,10,840.0,8400.0
2021020105008470,PLI,6,39,10,840.0,8400.0
2021020105008469,PLI,6,41,10,840.0,8400.0
2021020105008480,PLI,6,39,10,840.0,8400.0
2021020105008479,PLI,6,37,10,840.0,8400.0
2021020105008478,PLI,6,38,10,840.0,8400.0
2021020105008477,PLI,6,6,10,840.0,8400.0
2021020105008476,PLI,6,37,10,840.0,8400.0
2021020105008475,PLI,6,39,10,840.0,8400.0
2021020105008486,PLI,6,58,10,840.0,8400.0
2021020105008485,PLI,6,39,10,840.0,8400.0
2021020105008484,PLI,6,57,10,840.0,8400.0
2021020105008483,PLI,6,37,10,840.0,8400.0
2021020105008482,PLI,6,42,10,840.0,8400.0
2021020105008481,PLI,6,49,10,840.0,8400.0
2021020105008492,PLI,6,40,10,840.0,8400.0
2021020105008491,PLI,6,37,10,840.0,8400.0
2021020105008490,PLI,6,17,10,840.0,8400.0
2021020105008489,PLI,6,35,10,840.0,8400.0
2021020105008488,PLI,6,37,10,840.0,8400.0
2021020105008487,PLI,6,17,10,840.0,8400.0
2021020105008498,PLI,6,22,10,840.0,8400.0
2021020105008497,PLI,6,38,10,840.0,8400.0
2021020105008496,PLI,6,17,10,840.0,8400.0
2021020105008495,PLI,6,56,10,840.0,8400.0
2021020105008494,PLI,6,58,10,840.0,8400.0
2021020105008493,PLI,6,16,10,840.0,8400.0
2021020105008504,PLI,6,17,10,840.0,8400.0
2021020105008503,PLI,6,55,10,840.0,8400.0
2021020105008502,PLI,6,37,10,840.0,8400.0
2021020105008501,PLI,6,47,10,840.0,8400.0
2021020105008500,PLI,6,17,10,840.0,8400.0
2021020105008499,PLI,6,58,10,840.0,8400.0
2021020105008510,PLI,6,18,10,840.0,8400.0
2021020105008509,PLI,6,37,10,840.0,8400.0
2021020105008508,PLI,6,35,10,840.0,8400.0
2021020105008507,PLI,6,18,10,840.0,8400.0
2021020105008506,PLI,6,29,10,840.0,8400.0
2021020105008505,PLI,6,38,10,840.0,8400.0
2021020105008516,PLI,6,39,10,840.0,8400.0
2021020105008515,PLI,6,18,10,840.0,8400.0
2021020105008514,PLI,6,37,10,840.0,8400.0
2021020105008513,PLI,6,58,10,840.0,8400.0
2021020105008512,PLI,6,39,10,840.0,8400.0
2021020105008511,PLI,6,37,10,840.0,8400.0
2021020105008522,PLI,6,17,10,840.0,8400.0
2021020105008521,PLI,6,32,10,840.0,8400.0
2021020105008520,PLI,6,56,10,840.0,8400.0
2021020105008519,PLI,6,18,10,840.0,8400.0
2021020105008518,PLI,6,37,10,840.0,8400.0
2021020105008517,PLI,6,17,10,840.0,8400.0
2021020105008528,PLI,6,37,10,840.0,8400.0
2021020105008527,PLI,6,8,10,840.0,8400.0
2021020105008526,PLI,6,18,10,840.0,8400.0
2021020105008525,PLI,6,37,10,840.0,8400.0
2021020105008524,PLI,6,37,10,840.0,8400.0
2021020105008523,PLI,6,18,10,840.0,8400.0
2021020105008534,PLI,6,19,10,840.0,8400.0
2021020105008533,PLI,6,6,10,840.0,8400.0
2021020105008532,PLI,6,18,10,840.0,8400.0
2021020105008531,PLI,6,39,10,840.0,8400.0
2021020105008530,PLI,6,39,10,840.0,8400.0
2021020105008529,PLI,6,18,10,840.0,8400.0
2021020105008540,PLI,6,17,10,840.0,8400.0
2021020105008539,PLI,6,54,10,840.0,8400.0
2021020105008538,PLI,6,39,10,840.0,8400.0
2021020105008537,PLI,6,6,10,840.0,8400.0
2021020105008536,PLI,6,19,10,840.0,8400.0
2021020105008535,PLI,6,18,10,840.0,8400.0
2021020105008546,PLI,6,29,10,840.0,8400.0
2021020105008545,PLI,6,54,10,840.0,8400.0
2021020105008544,PLI,6,39,10,840.0,8400.0
2021020105008543,PLI,6,54,10,840.0,8400.0
2021020105008542,PLI,6,52,10,840.0,8400.0
2021020105008541,PLI,6,18,10,840.0,8400.0
2021020105008552,PLI,6,58,10,840.0,8400.0
2021020105008551,PLI,6,58,10,840.0,8400.0
2021020105008550,PLI,6,25,10,840.0,8400.0
2021020105008549,PLI,6,26,10,840.0,8400.0
2021020105008548,PLI,6,58,10,840.0,8400.0
2021020105008547,PLI,6,39,10,840.0,8400.0
2021020105008558,PLI,8,3,10,840.0,8400.0
2021020105008557,PLI,8,38,10,840.0,8400.0
2021020105008556,PLI,8,40,10,840.0,8400.0
2021020105008555,PLI,8,28,10,840.0,8400.0
2021020105008554,PLI,8,58,10,840.0,8400.0
2021020105008553,PLI,8,39,10,840.0,8400.0
2021020105008564,PLI,33,38,10,840.0,8400.0
2021020105008563,PLI,33,40,10,840.0,8400.0
2021020105008562,PLI,8,45,10,840.0,8400.0
2021020105008561,PLI,8,39,10,840.0,8400.0
2021020105008560,PLI,8,58,10,840.0,8400.0
2021020105008559,PLI,8,38,10,840.0,8400.0
2021020105008570,PLI,47,45,10,840.0,8400.0
2021020105008569,PLI,47,39,10,840.0,8400.0
2021020105008568,PLI,47,35,10,840.0,8400.0
2021020105008567,PLI,47,56,10,840.0,8400.0
2021020105008566,PLI,47,45,10,840.0,8400.0
2021020105008565,PLI,33,38,10,840.0,8400.0
2021020105008576,PLI,32,49,10,840.0,8400.0
2021020105008575,PLI,32,56,10,840.0,8400.0
2021020105008574,PLI,32,8,10,840.0,8400.0
2021020105008573,PLI,49,34,10,840.0,8400.0
2021020105008572,PLI,49,49,10,840.0,8400.0
2021020105008571,PLI,49,3,10,840.0,8400.0
2021020105008582,PLI,54,7,10,840.0,8400.0
2021020105008581,PLI,54,38,10,840.0,8400.0
2021020105008580,PLI,54,17,10,840.0,8400.0
2021020105008579,PLI,54,29,10,840.0,8400.0
2021020105008578,PLI,32,3,10,840.0,8400.0
2021020105008577,PLI,32,38,10,840.0,8400.0
2021020105008588,PLI,54,41,10,840.0,8400.0
2021020105008587,PLI,54,57,10,840.0,8400.0
2021020105008586,PLI,54,52,10,840.0,8400.0
2021020105008585,PLI,54,41,10,840.0,8400.0
2021020105008584,PLI,54,58,10,840.0,8400.0
2021020105008583,PLI,54,49,10,840.0,8400.0
2021020105008594,PLI,45,7,10,840.0,8400.0
2021020105008593,PLI,47,26,10,840.0,8400.0
2021020105008592,PLI,13,29,10,840.0,8400.0
2021020105008591,PLI,13,57,10,840.0,8400.0
2021020105008590,PLI,13,57,10,840.0,8400.0
2021020105008589,PLI,13,49,10,840.0,8400.0
2021020105008600,PLI,11,49,10,840.0,8400.0
2021020105008599,PLI,11,42,10,840.0,8400.0
2021020105008598,PLI,11,49,10,840.0,8400.0
2021020105008597,PLI,11,17,10,840.0,8400.0
2021020105008596,PLI,21,3,10,840.0,8400.0
2021020105008595,PLI,45,34,10,840.0,8400.0
2021020105008606,PLI,11,25,10,840.0,8400.0
2021020105008605,PLI,11,8,10,840.0,8400.0
2021020105008604,PLI,11,17,10,840.0,8400.0
2021020105008603,PLI,11,58,10,840.0,8400.0
2021020105008602,PLI,11,17,10,840.0,8400.0
2021020105008601,PLI,11,34,10,840.0,8400.0
2021020105008612,PLI,26,47,10,840.0,8400.0
2021020105008611,PLI,26,40,10,840.0,8400.0
2021020105008610,PLI,26,38,10,840.0,8400.0
2021020105008609,PLI,39,17,10,840.0,8400.0
2021020105008608,PLI,39,29,10,840.0,8400.0
2021020105008607,PLI,39,11,10,840.0,8400.0
2021020105008618,PLI,57,20,10,840.0,8400.0
2021020105008617,PLI,57,49,10,840.0,8400.0
2021020105008616,PLI,57,13,10,840.0,8400.0
2021020105008615,PLI,57,11,10,840.0,8400.0
2021020105008614,PLI,26,38,10,840.0,8400.0
2021020105008613,PLI,26,7,10,840.0,8400.0
2021020105008624,PLI,57,35,10,840.0,8400.0
2021020105008623,PLI,57,44,10,840.0,8400.0
2021020105008622,PLI,57,49,10,840.0,8400.0
2021020105008621,PLI,57,38,10,840.0,8400.0
2021020105008620,PLI,57,11,10,840.0,8400.0
2021020105008619,PLI,57,19,10,840.0,8400.0
2021020105008630,PLI,49,49,10,840.0,8400.0
2021020105008629,PLI,53,59,10,840.0,8400.0
2021020105008628,PLI,53,28,10,840.0,8400.0
2021020105008627,PLI,53,57,10,840.0,8400.0
2021020105008626,PLI,53,44,10,840.0,8400.0
2021020105008625,PLI,53,19,10,840.0,8400.0
2021020105008636,PLI,49,49,10,840.0,8400.0
2021020105008635,PLI,49,57,10,840.0,8400.0
2021020105008634,PLI,49,49,10,840.0,8400.0
2021020105008633,PLI,49,49,10,840.0,8400.0
2021020105008632,PLI,49,43,10,840.0,8400.0
2021020105008631,PLI,49,7,10,840.0,8400.0
2021020105008642,PLI,7,41,10,840.0,8400.0
2021020105008641,PLI,7,49,10,840.0,8400.0
2021020105008640,PLI,7,49,10,840.0,8400.0
2021020105008639,PLI,49,34,10,840.0,8400.0
2021020105008638,PLI,49,1,10,840.0,8400.0
2021020105008637,PLI,49,7,10,840.0,8400.0
2021020105008648,PLI,7,3,10,840.0,8400.0
2021020105008647,PLI,7,49,10,840.0,8400.0
2021020105008646,PLI,7,14,10,840.0,8400.0
2021020105008645,PLI,7,49,10,840.0,8400.0
2021020105008644,PLI,7,49,10,840.0,8400.0
2021020105008643,PLI,7,41,10,840.0,8400.0
2021020105008654,PLI,7,57,10,840.0,8400.0
2021020105008653,PLI,7,42,10,840.0,8400.0
2021020105008652,PLI,7,49,10,840.0,8400.0
2021020105008651,PLI,7,52,10,840.0,8400.0
2021020105008650,PLI,7,57,10,840.0,8400.0
2021020105008649,PLI,7,4,10,840.0,8400.0
2021020105008660,PLI,46,57,10,840.0,8400.0
2021020105008659,PLI,7,41,10,840.0,8400.0
2021020105008658,PLI,7,57,10,840.0,8400.0
2021020105008657,PLI,7,38,10,840.0,8400.0
2021020105008656,PLI,7,44,10,840.0,8400.0
2021020105008655,PLI,7,52,10,840.0,8400.0
2021020105008166,PLI,57,37,10,840.0,8400.0
2021020105008165,PLI,57,25,10,840.0,8400.0
2021020105008164,PLI,57,56,10,840.0,8400.0
2021020105008163,PLI,57,44,10,840.0,8400.0
2021020105008162,PLI,57,39,10,840.0,8400.0
2021020105008161,PLI,57,8,10,840.0,8400.0
2021020105007668,PLI,1,6,10,840.0,8400.0
2021020105007667,PLI,1,51,10,840.0,8400.0
2021020105007674,PLI,1,38,10,840.0,8400.0
2021020105007673,PLI,1,56,10,840.0,8400.0
2021020105007672,PLI,1,45,10,840.0,8400.0
2021020105007671,PLI,1,38,10,840.0,8400.0
2021020105007670,PLI,1,36,10,840.0,8400.0
2021020105007669,PLI,1,58,10,840.0,8400.0
2021020105007680,PLI,16,58,10,840.0,8400.0
2021020105007679,PLI,16,45,10,840.0,8400.0
2021020105007678,PLI,38,28,10,840.0,8400.0
2021020105007677,PLI,26,56,10,840.0,8400.0
2021020105007676,PLI,26,36,10,840.0,8400.0
2021020105007675,PLI,1,58,10,840.0,8400.0
2021020105007686,PLI,50,38,10,840.0,8400.0
2021020105007685,PLI,50,32,10,840.0,8400.0
2021020105007684,PLI,50,52,10,840.0,8400.0
2021020105007683,PLI,50,29,10,840.0,8400.0
2021020105007682,PLI,50,22,10,840.0,8400.0
2021020105007681,PLI,38,38,10,840.0,8400.0
2021020105007692,PLI,50,45,10,840.0,8400.0
2021020105007691,PLI,50,14,10,840.0,8400.0
2021020105007690,PLI,50,58,10,840.0,8400.0
2021020105007689,PLI,50,38,10,840.0,8400.0
2021020105007688,PLI,50,52,10,840.0,8400.0
2021020105007687,PLI,50,38,10,840.0,8400.0
2021020105007698,PLI,50,38,10,840.0,8400.0
2021020105007697,PLI,50,44,10,840.0,8400.0
2021020105007696,PLI,50,38,10,840.0,8400.0
2021020105007695,PLI,50,11,10,840.0,8400.0
2021020105007694,PLI,50,3,10,840.0,8400.0
2021020105007693,PLI,50,38,10,840.0,8400.0
2021020105007704,PLI,26,40,10,840.0,8400.0
2021020105007703,PLI,26,38,10,840.0,8400.0
2021020105007702,PLI,26,11,10,840.0,8400.0
2021020105007701,PLI,50,45,10,840.0,8400.0
2021020105007700,PLI,50,45,10,840.0,8400.0
2021020105007699,PLI,50,16,10,840.0,8400.0
2021020105007710,PLI,26,6,10,840.0,8400.0
2021020105007709,PLI,26,36,10,840.0,8400.0
2021020105007708,PLI,26,28,10,840.0,8400.0
2021020105007707,PLI,26,46,10,840.0,8400.0
2021020105007706,PLI,26,40,10,840.0,8400.0
2021020105007705,PLI,26,53,10,840.0,8400.0
2021020105007716,PLI,26,28,10,840.0,8400.0
2021020105007715,PLI,26,16,10,840.0,8400.0
2021020105007714,PLI,26,46,10,840.0,8400.0
2021020105007713,PLI,26,57,10,840.0,8400.0
2021020105007712,PLI,26,49,10,840.0,8400.0
2021020105007711,PLI,26,35,10,840.0,8400.0
2021020105007722,PLI,26,36,10,840.0,8400.0
2021020105007721,PLI,26,57,10,840.0,8400.0
2021020105007720,PLI,26,28,10,840.0,8400.0
2021020105007719,PLI,26,57,10,840.0,8400.0
2021020105007718,PLI,26,46,10,840.0,8400.0
2021020105007717,PLI,26,45,10,840.0,8400.0
2021020105007728,PLI,26,45,10,840.0,8400.0
2021020105007727,PLI,26,56,10,840.0,8400.0
2021020105007726,PLI,26,50,10,840.0,8400.0
2021020105007725,PLI,26,41,10,840.0,8400.0
2021020105007724,PLI,26,33,10,840.0,8400.0
2021020105007723,PLI,26,45,10,840.0,8400.0
2021020105007734,PLI,26,45,10,840.0,8400.0
2021020105007733,PLI,26,28,10,840.0,8400.0
2021020105007732,PLI,26,11,10,840.0,8400.0
2021020105007731,PLI,26,36,10,840.0,8400.0
2021020105007730,PLI,26,57,10,840.0,8400.0
2021020105007729,PLI,26,28,10,840.0,8400.0
2021020105007740,PLI,26,44,10,840.0,8400.0
2021020105007739,PLI,26,26,10,840.0,8400.0
2021020105007738,PLI,26,38,10,840.0,8400.0
2021020105007737,PLI,26,38,10,840.0,8400.0
2021020105007736,PLI,26,46,10,840.0,8400.0
2021020105007735,PLI,26,28,10,840.0,8400.0
2021020105007746,PLI,26,45,10,840.0,8400.0
2021020105007745,PLI,26,8,10,840.0,8400.0
2021020105007744,PLI,26,34,10,840.0,8400.0
2021020105007743,PLI,26,54,10,840.0,8400.0
2021020105007742,PLI,26,35,10,840.0,8400.0
2021020105007741,PLI,26,11,10,840.0,8400.0
2021020105007752,PLI,38,29,10,840.0,8400.0
2021020105007751,PLI,26,26,10,840.0,8400.0
2021020105007750,PLI,26,57,10,840.0,8400.0
2021020105007749,PLI,26,51,10,840.0,8400.0
2021020105007748,PLI,26,38,10,840.0,8400.0
2021020105007747,PLI,26,34,10,840.0,8400.0
2021020105007758,PLI,20,35,10,840.0,8400.0
2021020105007757,PLI,20,26,10,840.0,8400.0
2021020105007756,PLI,20,1,10,840.0,8400.0
2021020105007755,PLI,20,39,10,840.0,8400.0
2021020105007754,PLI,20,28,10,840.0,8400.0
2021020105007753,PLI,20,16,10,840.0,8400.0
2021020105007764,PLI,20,38,10,840.0,8400.0
2021020105007763,PLI,20,51,10,840.0,8400.0
2021020105007762,PLI,20,1,10,840.0,8400.0
2021020105007761,PLI,20,17,10,840.0,8400.0
2021020105007760,PLI,20,38,10,840.0,8400.0
2021020105007759,PLI,20,11,10,840.0,8400.0
2021020105007770,PLI,20,32,10,840.0,8400.0
2021020105007769,PLI,20,6,10,840.0,8400.0
2021020105007768,PLI,20,51,10,840.0,8400.0
2021020105007767,PLI,20,42,10,840.0,8400.0
2021020105007766,PLI,20,17,10,840.0,8400.0
2021020105007765,PLI,20,16,10,840.0,8400.0
2021020105007776,PLI,20,38,10,840.0,8400.0
2021020105007775,PLI,20,1,10,840.0,8400.0
2021020105007774,PLI,20,38,10,840.0,8400.0
2021020105007773,PLI,20,59,10,840.0,8400.0
2021020105007772,PLI,20,38,10,840.0,8400.0
2021020105007771,PLI,20,17,10,840.0,8400.0
2021020105007782,PLI,20,38,10,840.0,8400.0
2021020105007781,PLI,20,40,10,840.0,8400.0
2021020105007780,PLI,20,25,10,840.0,8400.0
2021020105007779,PLI,20,38,10,840.0,8400.0
2021020105007778,PLI,20,41,10,840.0,8400.0
2021020105007777,PLI,20,51,10,840.0,8400.0
2021020105007788,PLI,20,38,10,840.0,8400.0
2021020105007787,PLI,20,40,10,840.0,8400.0
2021020105007786,PLI,20,38,10,840.0,8400.0
2021020105007785,PLI,20,21,10,840.0,8400.0
2021020105007784,PLI,20,47,10,840.0,8400.0
2021020105007783,PLI,20,51,10,840.0,8400.0
2021020105007794,PLI,20,38,10,840.0,8400.0
2021020105007793,PLI,20,32,10,840.0,8400.0
2021020105007792,PLI,20,59,10,840.0,8400.0
2021020105007791,PLI,20,52,10,840.0,8400.0
2021020105007790,PLI,20,41,10,840.0,8400.0
2021020105007789,PLI,20,51,10,840.0,8400.0
2021020105007800,PLI,20,56,10,840.0,8400.0
2021020105007799,PLI,20,38,10,840.0,8400.0
2021020105007798,PLI,20,51,10,840.0,8400.0
2021020105007797,PLI,20,34,10,840.0,8400.0
2021020105007796,PLI,20,38,10,840.0,8400.0
2021020105007795,PLI,20,17,10,840.0,8400.0
2021020105007806,PLI,39,53,10,840.0,8400.0
2021020105007805,PLI,39,38,10,840.0,8400.0
2021020105007804,PLI,39,52,10,840.0,8400.0
2021020105007803,PLI,39,38,10,840.0,8400.0
2021020105007802,PLI,20,41,10,840.0,8400.0
2021020105007801,PLI,20,21,10,840.0,8400.0
2021020105007812,PLI,6,58,10,840.0,8400.0
2021020105007811,PLI,6,18,10,840.0,8400.0
2021020105007810,PLI,6,57,10,840.0,8400.0
2021020105007809,PLI,38,39,10,840.0,8400.0
2021020105007808,PLI,39,38,10,840.0,8400.0
2021020105007807,PLI,39,46,10,840.0,8400.0
2021020105007818,PLI,6,38,10,840.0,8400.0
2021020105007817,PLI,6,41,10,840.0,8400.0
2021020105007816,PLI,6,53,10,840.0,8400.0
2021020105007815,PLI,6,33,10,840.0,8400.0
2021020105007814,PLI,6,38,10,840.0,8400.0
2021020105007813,PLI,6,58,10,840.0,8400.0
2021020105007824,PLI,17,39,10,840.0,8400.0
2021020105007823,PLI,17,52,10,840.0,8400.0
2021020105007822,PLI,6,38,10,840.0,8400.0
2021020105007821,PLI,6,36,10,840.0,8400.0
2021020105007820,PLI,6,57,10,840.0,8400.0
2021020105007819,PLI,6,39,10,840.0,8400.0
2021020105007830,PLI,20,11,10,840.0,8400.0
2021020105007829,PLI,20,36,10,840.0,8400.0
2021020105007828,PLI,20,14,10,840.0,8400.0
2021020105007827,PLI,20,36,10,840.0,8400.0
2021020105007826,PLI,20,41,10,840.0,8400.0
2021020105007825,PLI,17,4,10,840.0,8400.0
2021020105007836,PLI,20,18,10,840.0,8400.0
2021020105007835,PLI,20,39,10,840.0,8400.0
2021020105007834,PLI,20,36,10,840.0,8400.0
2021020105007833,PLI,20,41,10,840.0,8400.0
2021020105007832,PLI,20,8,10,840.0,8400.0
2021020105007831,PLI,20,18,10,840.0,8400.0
2021020105007842,PLI,20,50,10,840.0,8400.0
2021020105007841,PLI,20,35,10,840.0,8400.0
2021020105007840,PLI,20,16,10,840.0,8400.0
2021020105007839,PLI,20,56,10,840.0,8400.0
2021020105007838,PLI,20,33,10,840.0,8400.0
2021020105007837,PLI,20,47,10,840.0,8400.0
2021020105007848,PLI,20,58,10,840.0,8400.0
2021020105007847,PLI,20,58,10,840.0,8400.0
2021020105007846,PLI,20,58,10,840.0,8400.0
2021020105007845,PLI,20,38,10,840.0,8400.0
2021020105007844,PLI,20,42,10,840.0,8400.0
2021020105007843,PLI,20,41,10,840.0,8400.0
2021020105007854,PLI,20,45,10,840.0,8400.0
2021020105007853,PLI,20,39,10,840.0,8400.0
2021020105007852,PLI,20,58,10,840.0,8400.0
2021020105007851,PLI,20,38,10,840.0,8400.0
2021020105007850,PLI,20,4,10,840.0,8400.0
2021020105007849,PLI,20,38,10,840.0,8400.0
2021020105007860,PLI,20,57,10,840.0,8400.0
2021020105007859,PLI,20,18,10,840.0,8400.0
2021020105007858,PLI,20,58,10,840.0,8400.0
2021020105007857,PLI,20,52,10,840.0,8400.0
2021020105007856,PLI,20,52,10,840.0,8400.0
2021020105007855,PLI,20,41,10,840.0,8400.0
2021020105007866,PLI,20,56,10,840.0,8400.0
2021020105007865,PLI,20,52,10,840.0,8400.0
2021020105007864,PLI,20,56,10,840.0,8400.0
2021020105007863,PLI,20,58,10,840.0,8400.0
2021020105007862,PLI,20,56,10,840.0,8400.0
2021020105007861,PLI,20,52,10,840.0,8400.0
2021020105007872,PLI,20,34,10,840.0,8400.0
2021020105007871,PLI,20,28,10,840.0,8400.0
2021020105007870,PLI,20,58,10,840.0,8400.0
2021020105007869,PLI,20,52,10,840.0,8400.0
2021020105007868,PLI,20,58,10,840.0,8400.0
2021020105007867,PLI,20,41,10,840.0,8400.0
2021020105007878,PLI,10,56,10,840.0,8400.0
2021020105007877,PLI,10,51,10,840.0,8400.0
2021020105007876,PLI,38,52,10,840.0,8400.0
2021020105007875,PLI,20,45,10,840.0,8400.0
2021020105007874,PLI,20,41,10,840.0,8400.0
2021020105007873,PLI,20,49,10,840.0,8400.0
2021020105007884,PLI,10,41,10,840.0,8400.0
2021020105007883,PLI,10,28,10,840.0,8400.0
2021020105007882,PLI,10,45,10,840.0,8400.0
2021020105007881,PLI,10,43,10,840.0,8400.0
2021020105007880,PLI,10,56,10,840.0,8400.0
2021020105007879,PLI,10,39,10,840.0,8400.0
2021020105007890,PLI,41,50,10,840.0,8400.0
2021020105007889,PLI,38,39,10,840.0,8400.0
2021020105007888,PLI,10,59,10,840.0,8400.0
2021020105007887,PLI,10,45,10,840.0,8400.0
2021020105007886,PLI,10,32,10,840.0,8400.0
2021020105007885,PLI,10,53,10,840.0,8400.0
2021020105007896,PLI,55,56,10,840.0,8400.0
2021020105007895,PLI,55,59,10,840.0,8400.0
2021020105007894,PLI,55,45,10,840.0,8400.0
2021020105007893,PLI,55,4,10,840.0,8400.0
2021020105007892,PLI,41,28,10,840.0,8400.0
2021020105007891,PLI,41,41,10,840.0,8400.0
2021020105007902,PLI,55,33,10,840.0,8400.0
2021020105007901,PLI,55,18,10,840.0,8400.0
2021020105007900,PLI,55,41,10,840.0,8400.0
2021020105007899,PLI,55,45,10,840.0,8400.0
2021020105007898,PLI,55,39,10,840.0,8400.0
2021020105007897,PLI,55,35,10,840.0,8400.0
2021020105007908,PLI,8,19,10,840.0,8400.0
2021020105007907,PLI,8,39,10,840.0,8400.0
2021020105007906,PLI,8,35,10,840.0,8400.0
2021020105007905,PLI,8,13,10,840.0,8400.0
2021020105007904,PLI,8,33,10,840.0,8400.0
2021020105007903,PLI,8,59,10,840.0,8400.0
2021020105007914,PLI,8,45,10,840.0,8400.0
2021020105007913,PLI,8,40,10,840.0,8400.0
2021020105007912,PLI,8,54,10,840.0,8400.0
2021020105007911,PLI,8,50,10,840.0,8400.0
2021020105007910,PLI,8,20,10,840.0,8400.0
2021020105007909,PLI,8,41,10,840.0,8400.0
2021020105007920,PLI,8,33,10,840.0,8400.0
2021020105007919,PLI,8,38,10,840.0,8400.0
2021020105007918,PLI,8,39,10,840.0,8400.0
2021020105007917,PLI,8,49,10,840.0,8400.0
2021020105007916,PLI,8,18,10,840.0,8400.0
2021020105007915,PLI,8,39,10,840.0,8400.0
2021020105007926,PLI,25,33,10,840.0,8400.0
2021020105007925,PLI,25,57,10,840.0,8400.0
2021020105007924,PLI,25,41,10,840.0,8400.0
2021020105007923,PLI,25,58,10,840.0,8400.0
2021020105007922,PLI,8,32,10,840.0,8400.0
2021020105007921,PLI,8,4,10,840.0,8400.0
2021020105007932,PLI,14,52,10,840.0,8400.0
2021020105007931,PLI,14,41,10,840.0,8400.0
2021020105007930,PLI,14,56,10,840.0,8400.0
2021020105007929,PLI,14,38,10,840.0,8400.0
2021020105007928,PLI,38,33,10,840.0,8400.0
2021020105007927,PLI,25,49,10,840.0,8400.0
2021020105007938,PLI,14,26,10,840.0,8400.0
2021020105007937,PLI,14,28,10,840.0,8400.0
2021020105007936,PLI,14,54,10,840.0,8400.0
2021020105007935,PLI,14,41,10,840.0,8400.0
2021020105007934,PLI,14,49,10,840.0,8400.0
2021020105007933,PLI,14,33,10,840.0,8400.0
2021020105007944,PLI,17,49,10,840.0,8400.0
2021020105007943,PLI,17,33,10,840.0,8400.0
2021020105007942,PLI,17,18,10,840.0,8400.0
2021020105007941,PLI,17,41,10,840.0,8400.0
2021020105007940,PLI,17,54,10,840.0,8400.0
2021020105007939,PLI,14,33,10,840.0,8400.0
2021020105007950,PLI,26,33,10,840.0,8400.0
2021020105007949,PLI,17,54,10,840.0,8400.0
2021020105007948,PLI,17,59,10,840.0,8400.0
2021020105007947,PLI,17,33,10,840.0,8400.0
2021020105007946,PLI,17,57,10,840.0,8400.0
2021020105007945,PLI,17,54,10,840.0,8400.0
2021020105007956,PLI,26,33,10,840.0,8400.0
2021020105007955,PLI,26,34,10,840.0,8400.0
2021020105007954,PLI,26,59,10,840.0,8400.0
2021020105007953,PLI,26,44,10,840.0,8400.0
2021020105007952,PLI,26,59,10,840.0,8400.0
2021020105007951,PLI,26,58,10,840.0,8400.0
2021020105007962,PLI,26,4,10,840.0,8400.0
2021020105007961,PLI,26,57,10,840.0,8400.0
2021020105007960,PLI,26,49,10,840.0,8400.0
2021020105007959,PLI,26,49,10,840.0,8400.0
2021020105007958,PLI,26,41,10,840.0,8400.0
2021020105007957,PLI,26,59,10,840.0,8400.0
2021020105007968,PLI,26,56,10,840.0,8400.0
2021020105007967,PLI,26,39,10,840.0,8400.0
2021020105007966,PLI,26,22,10,840.0,8400.0
2021020105007965,PLI,26,59,10,840.0,8400.0
2021020105007964,PLI,26,49,10,840.0,8400.0
2021020105007963,PLI,26,34,10,840.0,8400.0
2021020105007974,PLI,29,58,10,840.0,8400.0
2021020105007973,PLI,29,18,10,840.0,8400.0
2021020105007972,PLI,29,59,10,840.0,8400.0
2021020105007971,PLI,29,39,10,840.0,8400.0
2021020105007970,PLI,29,4,10,840.0,8400.0
2021020105007969,PLI,26,38,10,840.0,8400.0
2021020105007980,PLI,38,19,10,840.0,8400.0
2021020105007979,PLI,29,59,10,840.0,8400.0
2021020105007978,PLI,29,4,10,840.0,8400.0
2021020105007977,PLI,29,59,10,840.0,8400.0
2021020105007976,PLI,29,45,10,840.0,8400.0
2021020105007975,PLI,29,4,10,840.0,8400.0
2021020105007986,PLI,14,48,10,840.0,8400.0
2021020105007985,PLI,14,38,10,840.0,8400.0
2021020105007984,PLI,14,22,10,840.0,8400.0
2021020105007983,PLI,14,18,10,840.0,8400.0
2021020105007982,PLI,14,59,10,840.0,8400.0
2021020105007981,PLI,14,38,10,840.0,8400.0
2021020105007992,PLI,14,39,10,840.0,8400.0
2021020105007991,PLI,14,43,10,840.0,8400.0
2021020105007990,PLI,14,36,10,840.0,8400.0
2021020105007989,PLI,14,47,10,840.0,8400.0
2021020105007988,PLI,14,39,10,840.0,8400.0
2021020105007987,PLI,14,39,10,840.0,8400.0
2021020105007998,PLI,34,43,10,840.0,8400.0
2021020105007997,PLI,34,45,10,840.0,8400.0
2021020105007996,PLI,34,58,10,840.0,8400.0
2021020105007995,PLI,34,38,10,840.0,8400.0
2021020105007994,PLI,49,58,10,840.0,8400.0
2021020105007993,PLI,49,4,10,840.0,8400.0
2021020105008004,PLI,34,39,10,840.0,8400.0
2021020105008003,PLI,34,57,10,840.0,8400.0
2021020105008002,PLI,34,58,10,840.0,8400.0
2021020105008001,PLI,34,38,10,840.0,8400.0
2021020105008000,PLI,34,45,10,840.0,8400.0
2021020105007999,PLI,34,58,10,840.0,8400.0
2021020105008010,PLI,34,58,10,840.0,8400.0
2021020105008009,PLI,34,42,10,840.0,8400.0
2021020105008008,PLI,34,43,10,840.0,8400.0
2021020105008007,PLI,34,19,10,840.0,8400.0
2021020105008006,PLI,34,56,10,840.0,8400.0
2021020105008005,PLI,34,58,10,840.0,8400.0
2021020105008016,PLI,25,49,10,840.0,8400.0
2021020105008015,PLI,25,39,10,840.0,8400.0
2021020105008014,PLI,34,38,10,840.0,8400.0
2021020105008013,PLI,34,39,10,840.0,8400.0
2021020105008012,PLI,34,42,10,840.0,8400.0
2021020105008011,PLI,34,17,10,840.0,8400.0
2021020105008022,PLI,49,44,10,840.0,8400.0
2021020105008021,PLI,49,39,10,840.0,8400.0
2021020105008020,PLI,49,46,10,840.0,8400.0
2021020105008019,PLI,25,55,10,840.0,8400.0
2021020105008018,PLI,25,40,10,840.0,8400.0
2021020105008017,PLI,25,57,10,840.0,8400.0
2021020105008028,PLI,49,44,10,840.0,8400.0
2021020105008027,PLI,49,11,10,840.0,8400.0
2021020105008026,PLI,49,47,10,840.0,8400.0
2021020105008025,PLI,49,48,10,840.0,8400.0
2021020105008024,PLI,49,44,10,840.0,8400.0
2021020105008023,PLI,49,11,10,840.0,8400.0
2021020105008034,PLI,7,44,10,840.0,8400.0
2021020105008033,PLI,7,21,10,840.0,8400.0
2021020105008032,PLI,7,11,10,840.0,8400.0
2021020105008031,PLI,7,44,10,840.0,8400.0
2021020105008030,PLI,7,34,10,840.0,8400.0
2021020105008029,PLI,49,6,10,840.0,8400.0
2021020105008040,PLI,7,21,10,840.0,8400.0
2021020105008039,PLI,7,44,10,840.0,8400.0
2021020105008038,PLI,7,44,10,840.0,8400.0
2021020105008037,PLI,7,56,10,840.0,8400.0
2021020105008036,PLI,7,11,10,840.0,8400.0
2021020105008035,PLI,7,19,10,840.0,8400.0
2021020105008046,PLI,7,47,10,840.0,8400.0
2021020105008045,PLI,7,44,10,840.0,8400.0
2021020105008044,PLI,7,8,10,840.0,8400.0
2021020105008043,PLI,7,44,10,840.0,8400.0
2021020105008042,PLI,7,34,10,840.0,8400.0
2021020105008041,PLI,7,47,10,840.0,8400.0
2021020105008052,PLI,7,21,10,840.0,8400.0
2021020105008051,PLI,7,44,10,840.0,8400.0
2021020105008050,PLI,7,47,10,840.0,8400.0
2021020105008049,PLI,7,44,10,840.0,8400.0
2021020105008048,PLI,7,11,10,840.0,8400.0
2021020105008047,PLI,7,44,10,840.0,8400.0
2021020105008058,PLI,7,47,10,840.0,8400.0
2021020105008057,PLI,7,42,10,840.0,8400.0
2021020105008056,PLI,7,41,10,840.0,8400.0
2021020105008055,PLI,7,6,10,840.0,8400.0
2021020105008054,PLI,7,44,10,840.0,8400.0
2021020105008053,PLI,7,14,10,840.0,8400.0
2021020105008064,PLI,7,6,10,840.0,8400.0
2021020105008063,PLI,7,47,10,840.0,8400.0
2021020105008062,PLI,7,39,10,840.0,8400.0
2021020105008061,PLI,7,21,10,840.0,8400.0
2021020105008060,PLI,7,6,10,840.0,8400.0
2021020105008059,PLI,7,14,10,840.0,8400.0
2021020105008070,PLI,7,53,10,840.0,8400.0
2021020105008069,PLI,7,47,10,840.0,8400.0
2021020105008068,PLI,7,47,10,840.0,8400.0
2021020105008067,PLI,7,6,10,840.0,8400.0
2021020105008066,PLI,7,34,10,840.0,8400.0
2021020105008065,PLI,7,6,10,840.0,8400.0
2021020105008076,PLI,7,47,10,840.0,8400.0
2021020105008075,PLI,7,47,10,840.0,8400.0
2021020105008074,PLI,7,53,10,840.0,8400.0
2021020105008073,PLI,7,49,10,840.0,8400.0
2021020105008072,PLI,7,47,10,840.0,8400.0
2021020105008071,PLI,7,40,10,840.0,8400.0
2021020105008082,PLI,48,53,10,840.0,8400.0
2021020105008081,PLI,48,36,10,840.0,8400.0
2021020105008080,PLI,48,32,10,840.0,8400.0
2021020105008079,PLI,7,53,10,840.0,8400.0
2021020105008078,PLI,7,39,10,840.0,8400.0
2021020105008077,PLI,7,41,10,840.0,8400.0
2021020105008088,PLI,48,39,10,840.0,8400.0
2021020105008087,PLI,48,28,10,840.0,8400.0
2021020105008086,PLI,48,29,10,840.0,8400.0
2021020105008085,PLI,48,16,10,840.0,8400.0
2021020105008084,PLI,48,19,10,840.0,8400.0
2021020105008083,PLI,48,52,10,840.0,8400.0
2021020105008094,PLI,48,44,10,840.0,8400.0
2021020105008093,PLI,48,34,10,840.0,8400.0
2021020105008092,PLI,48,44,10,840.0,8400.0
2021020105008091,PLI,48,41,10,840.0,8400.0
2021020105008090,PLI,48,28,10,840.0,8400.0
2021020105008089,PLI,48,47,10,840.0,8400.0
2021020105008100,PLI,48,44,10,840.0,8400.0
2021020105008099,PLI,48,34,10,840.0,8400.0
2021020105008098,PLI,48,44,10,840.0,8400.0
2021020105008097,PLI,48,28,10,840.0,8400.0
2021020105008096,PLI,48,54,10,840.0,8400.0
2021020105008095,PLI,48,17,10,840.0,8400.0
2021020105008106,PLI,48,44,10,840.0,8400.0
2021020105008105,PLI,48,28,10,840.0,8400.0
2021020105008104,PLI,48,44,10,840.0,8400.0
2021020105008103,PLI,48,34,10,840.0,8400.0
2021020105008102,PLI,48,17,10,840.0,8400.0
2021020105008101,PLI,48,54,10,840.0,8400.0
2021020105008112,PLI,48,8,10,840.0,8400.0
2021020105008111,PLI,48,17,10,840.0,8400.0
2021020105008110,PLI,48,39,10,840.0,8400.0
2021020105008109,PLI,48,44,10,840.0,8400.0
2021020105008108,PLI,48,22,10,840.0,8400.0
2021020105008107,PLI,48,39,10,840.0,8400.0
2021020105008118,PLI,48,51,10,840.0,8400.0
2021020105008117,PLI,48,17,10,840.0,8400.0
2021020105008116,PLI,48,48,10,840.0,8400.0
2021020105008115,PLI,48,28,10,840.0,8400.0
2021020105008114,PLI,48,34,10,840.0,8400.0
2021020105008113,PLI,48,44,10,840.0,8400.0
2021020105008124,PLI,48,38,10,840.0,8400.0
2021020105008123,PLI,48,44,10,840.0,8400.0
2021020105008122,PLI,48,52,10,840.0,8400.0
2021020105008121,PLI,48,34,10,840.0,8400.0
2021020105008120,PLI,48,57,10,840.0,8400.0
2021020105008119,PLI,48,18,10,840.0,8400.0
2021020105008130,PLI,21,44,10,840.0,8400.0
2021020105008129,PLI,48,39,10,840.0,8400.0
2021020105008128,PLI,48,34,10,840.0,8400.0
2021020105008127,PLI,48,10,10,840.0,8400.0
2021020105008126,PLI,48,17,10,840.0,8400.0
2021020105008125,PLI,48,34,10,840.0,8400.0
2021020105008136,PLI,21,34,10,840.0,8400.0
2021020105008135,PLI,21,32,10,840.0,8400.0
2021020105008134,PLI,21,49,10,840.0,8400.0
2021020105008133,PLI,21,44,10,840.0,8400.0
2021020105008132,PLI,21,11,10,840.0,8400.0
2021020105008131,PLI,21,34,10,840.0,8400.0
2021020105008142,PLI,21,44,10,840.0,8400.0
2021020105008141,PLI,21,1,10,840.0,8400.0
2021020105008140,PLI,21,48,10,840.0,8400.0
2021020105008139,PLI,21,58,10,840.0,8400.0
2021020105008138,PLI,21,39,10,840.0,8400.0
2021020105008137,PLI,21,34,10,840.0,8400.0
2021020105008148,PLI,21,22,10,840.0,8400.0
2021020105008147,PLI,21,1,10,840.0,8400.0
2021020105008146,PLI,21,44,10,840.0,8400.0
2021020105008145,PLI,21,39,10,840.0,8400.0
2021020105008144,PLI,21,1,10,840.0,8400.0
2021020105008143,PLI,21,34,10,840.0,8400.0
2021020105008154,PLI,57,32,10,840.0,8400.0
2021020105008153,PLI,57,44,10,840.0,8400.0
2021020105008152,PLI,57,16,10,840.0,8400.0
2021020105008151,PLI,57,38,10,840.0,8400.0
2021020105008150,PLI,57,1,10,840.0,8400.0
2021020105008149,PLI,21,37,10,840.0,8400.0
2021020105008160,PLI,57,1,10,840.0,8400.0
2021020105008159,PLI,57,38,10,840.0,8400.0
2021020105008158,PLI,57,44,10,840.0,8400.0
2021020105008157,PLI,57,35,10,840.0,8400.0
2021020105008156,PLI,57,19,10,840.0,8400.0
2021020105008155,PLI,57,1,10,840.0,8400.0
2021020105007666,PLI,1,38,10,840.0,8400.0
2021020105007665,PLI,1,28,10,840.0,8400.0
2021020105007664,PLI,1,57,10,840.0,8400.0
2021020105007663,PLI,1,58,10,840.0,8400.0
2021020105007662,PLI,1,47,10,840.0,8400.0
2021020105007661,PLI,1,6,10,840.0,8400.0
2021020105007168,PLI,55,16,10,840.0,8400.0
2021020105007167,PLI,55,1,10,840.0,8400.0
2021020105007174,PLI,44,46,10,840.0,8400.0
2021020105007173,PLI,44,34,10,840.0,8400.0
2021020105007172,PLI,44,57,10,840.0,8400.0
2021020105007171,PLI,44,58,10,840.0,8400.0
2021020105007170,PLI,44,35,10,840.0,8400.0
2021020105007169,PLI,44,45,10,840.0,8400.0
2021020105007180,PLI,6,37,10,840.0,8400.0
2021020105007179,PLI,6,32,10,840.0,8400.0
2021020105007178,PLI,44,42,10,840.0,8400.0
2021020105007177,PLI,44,58,10,840.0,8400.0
2021020105007176,PLI,44,41,10,840.0,8400.0
2021020105007175,PLI,44,1,10,840.0,8400.0
2021020105007186,PLI,6,46,10,840.0,8400.0
2021020105007185,PLI,6,58,10,840.0,8400.0
2021020105007184,PLI,6,57,10,840.0,8400.0
2021020105007183,PLI,6,58,10,840.0,8400.0
2021020105007182,PLI,6,56,10,840.0,8400.0
2021020105007181,PLI,6,26,10,840.0,8400.0
2021020105007192,PLI,6,50,10,840.0,8400.0
2021020105007191,PLI,6,1,10,840.0,8400.0
2021020105007190,PLI,6,58,10,840.0,8400.0
2021020105007189,PLI,6,26,10,840.0,8400.0
2021020105007188,PLI,6,37,10,840.0,8400.0
2021020105007187,PLI,6,45,10,840.0,8400.0
2021020105007198,PLI,6,1,10,840.0,8400.0
2021020105007197,PLI,6,4,10,840.0,8400.0
2021020105007196,PLI,6,25,10,840.0,8400.0
2021020105007195,PLI,6,42,10,840.0,8400.0
2021020105007194,PLI,6,46,10,840.0,8400.0
2021020105007193,PLI,6,58,10,840.0,8400.0
2021020105007204,PLI,6,1,10,840.0,8400.0
2021020105007203,PLI,6,58,10,840.0,8400.0
2021020105007202,PLI,6,25,10,840.0,8400.0
2021020105007201,PLI,6,39,10,840.0,8400.0
2021020105007200,PLI,6,57,10,840.0,8400.0
2021020105007199,PLI,6,50,10,840.0,8400.0
2021020105007210,PLI,6,57,10,840.0,8400.0
2021020105007209,PLI,6,29,10,840.0,8400.0
2021020105007208,PLI,6,25,10,840.0,8400.0
2021020105007207,PLI,6,51,10,840.0,8400.0
2021020105007206,PLI,6,46,10,840.0,8400.0
2021020105007205,PLI,6,48,10,840.0,8400.0
2021020105007216,PLI,6,29,10,840.0,8400.0
2021020105007215,PLI,6,32,10,840.0,8400.0
2021020105007214,PLI,6,46,10,840.0,8400.0
2021020105007213,PLI,6,29,10,840.0,8400.0
2021020105007212,PLI,6,1,10,840.0,8400.0
2021020105007211,PLI,6,58,10,840.0,8400.0
2021020105007222,PLI,6,49,10,840.0,8400.0
2021020105007221,PLI,6,41,10,840.0,8400.0
2021020105007220,PLI,6,46,10,840.0,8400.0
2021020105007219,PLI,6,4,10,840.0,8400.0
2021020105007218,PLI,6,29,10,840.0,8400.0
2021020105007217,PLI,6,38,10,840.0,8400.0
2021020105007228,PLI,6,57,10,840.0,8400.0
2021020105007227,PLI,6,35,10,840.0,8400.0
2021020105007226,PLI,6,13,10,840.0,8400.0
2021020105007225,PLI,6,11,10,840.0,8400.0
2021020105007224,PLI,6,29,10,840.0,8400.0
2021020105007223,PLI,6,42,10,840.0,8400.0
2021020105007234,PLI,20,57,10,840.0,8400.0
2021020105007233,PLI,7,42,10,840.0,8400.0
2021020105007232,PLI,7,17,10,840.0,8400.0
2021020105007231,PLI,7,29,10,840.0,8400.0
2021020105007230,PLI,7,32,10,840.0,8400.0
2021020105007229,PLI,7,29,10,840.0,8400.0
2021020105007240,PLI,20,29,10,840.0,8400.0
2021020105007239,PLI,20,57,10,840.0,8400.0
2021020105007238,PLI,20,14,10,840.0,8400.0
2021020105007237,PLI,20,29,10,840.0,8400.0
2021020105007236,PLI,20,58,10,840.0,8400.0
2021020105007235,PLI,20,1,10,840.0,8400.0
2021020105007246,PLI,20,29,10,840.0,8400.0
2021020105007245,PLI,20,57,10,840.0,8400.0
2021020105007244,PLI,20,58,10,840.0,8400.0
2021020105007243,PLI,20,16,10,840.0,8400.0
2021020105007242,PLI,20,47,10,840.0,8400.0
2021020105007241,PLI,20,46,10,840.0,8400.0
2021020105007252,PLI,20,21,10,840.0,8400.0
2021020105007251,PLI,20,35,10,840.0,8400.0
2021020105007250,PLI,20,47,10,840.0,8400.0
2021020105007249,PLI,20,48,10,840.0,8400.0
2021020105007248,PLI,20,49,10,840.0,8400.0
2021020105007247,PLI,20,47,10,840.0,8400.0
2021020105007258,PLI,20,41,10,840.0,8400.0
2021020105007257,PLI,20,47,10,840.0,8400.0
2021020105007256,PLI,20,47,10,840.0,8400.0
2021020105007255,PLI,20,57,10,840.0,8400.0
2021020105007254,PLI,20,51,10,840.0,8400.0
2021020105007253,PLI,20,49,10,840.0,8400.0
2021020105007264,PLI,59,47,10,840.0,8400.0
2021020105007263,PLI,20,35,10,840.0,8400.0
2021020105007262,PLI,20,49,10,840.0,8400.0
2021020105007261,PLI,20,38,10,840.0,8400.0
2021020105007260,PLI,20,46,10,840.0,8400.0
2021020105007259,PLI,20,35,10,840.0,8400.0
2021020105007270,PLI,43,57,10,840.0,8400.0
2021020105007269,PLI,51,14,10,840.0,8400.0
2021020105007268,PLI,51,59,10,840.0,8400.0
2021020105007267,PLI,51,35,10,840.0,8400.0
2021020105007266,PLI,51,56,10,840.0,8400.0
2021020105007265,PLI,51,46,10,840.0,8400.0
2021020105007276,PLI,43,47,10,840.0,8400.0
2021020105007275,PLI,43,57,10,840.0,8400.0
2021020105007274,PLI,43,42,10,840.0,8400.0
2021020105007273,PLI,43,35,10,840.0,8400.0
2021020105007272,PLI,43,47,10,840.0,8400.0
2021020105007271,PLI,43,46,10,840.0,8400.0
2021020105007282,PLI,26,46,10,840.0,8400.0
2021020105007281,PLI,26,18,10,840.0,8400.0
2021020105007280,PLI,26,21,10,840.0,8400.0
2021020105007279,PLI,43,47,10,840.0,8400.0
2021020105007278,PLI,43,48,10,840.0,8400.0
2021020105007277,PLI,43,43,10,840.0,8400.0
2021020105007288,PLI,26,58,10,840.0,8400.0
2021020105007287,PLI,26,46,10,840.0,8400.0
2021020105007286,PLI,26,33,10,840.0,8400.0
2021020105007285,PLI,26,21,10,840.0,8400.0
2021020105007284,PLI,26,33,10,840.0,8400.0
2021020105007283,PLI,26,45,10,840.0,8400.0
2021020105007294,PLI,32,51,10,840.0,8400.0
2021020105007293,PLI,32,33,10,840.0,8400.0
2021020105007292,PLI,32,35,10,840.0,8400.0
2021020105007291,PLI,32,33,10,840.0,8400.0
2021020105007290,PLI,52,21,10,840.0,8400.0
2021020105007289,PLI,26,49,10,840.0,8400.0
2021020105007300,PLI,32,42,10,840.0,8400.0
2021020105007299,PLI,32,21,10,840.0,8400.0
2021020105007298,PLI,32,35,10,840.0,8400.0
2021020105007297,PLI,32,33,10,840.0,8400.0
2021020105007296,PLI,32,33,10,840.0,8400.0
2021020105007295,PLI,32,46,10,840.0,8400.0
2021020105007306,PLI,32,35,10,840.0,8400.0
2021020105007305,PLI,32,36,10,840.0,8400.0
2021020105007304,PLI,32,47,10,840.0,8400.0
2021020105007303,PLI,32,16,10,840.0,8400.0
2021020105007302,PLI,32,45,10,840.0,8400.0
2021020105007301,PLI,32,58,10,840.0,8400.0
2021020105007312,PLI,26,48,10,840.0,8400.0
2021020105007311,PLI,26,14,10,840.0,8400.0
2021020105007310,PLI,32,46,10,840.0,8400.0
2021020105007309,PLI,32,4,10,840.0,8400.0
2021020105007308,PLI,32,36,10,840.0,8400.0
2021020105007307,PLI,32,16,10,840.0,8400.0
2021020105007318,PLI,28,1,10,840.0,8400.0
2021020105007317,PLI,28,8,10,840.0,8400.0
2021020105007316,PLI,28,21,10,840.0,8400.0
2021020105007315,PLI,26,35,10,840.0,8400.0
2021020105007314,PLI,26,33,10,840.0,8400.0
2021020105007313,PLI,26,36,10,840.0,8400.0
2021020105007324,PLI,41,8,10,840.0,8400.0
2021020105007323,PLI,41,56,10,840.0,8400.0
2021020105007322,PLI,41,28,10,840.0,8400.0
2021020105007321,PLI,41,58,10,840.0,8400.0
2021020105007320,PLI,41,34,10,840.0,8400.0
2021020105007319,PLI,41,33,10,840.0,8400.0
2021020105007330,PLI,41,35,10,840.0,8400.0
2021020105007329,PLI,41,38,10,840.0,8400.0
2021020105007328,PLI,41,56,10,840.0,8400.0
2021020105007327,PLI,41,1,10,840.0,8400.0
2021020105007326,PLI,41,28,10,840.0,8400.0
2021020105007325,PLI,41,8,10,840.0,8400.0
2021020105007336,PLI,6,28,10,840.0,8400.0
2021020105007335,PLI,6,16,10,840.0,8400.0
2021020105007334,PLI,52,38,10,840.0,8400.0
2021020105007333,PLI,41,58,10,840.0,8400.0
2021020105007332,PLI,41,58,10,840.0,8400.0
2021020105007331,PLI,41,8,10,840.0,8400.0
2021020105007342,PLI,6,35,10,840.0,8400.0
2021020105007341,PLI,6,45,10,840.0,8400.0
2021020105007340,PLI,6,8,10,840.0,8400.0
2021020105007339,PLI,6,58,10,840.0,8400.0
2021020105007338,PLI,6,8,10,840.0,8400.0
2021020105007337,PLI,6,1,10,840.0,8400.0
2021020105007348,PLI,6,38,10,840.0,8400.0
2021020105007347,PLI,6,8,10,840.0,8400.0
2021020105007346,PLI,6,1,10,840.0,8400.0
2021020105007345,PLI,6,40,10,840.0,8400.0
2021020105007344,PLI,6,48,10,840.0,8400.0
2021020105007343,PLI,6,58,10,840.0,8400.0
2021020105007354,PLI,6,8,10,840.0,8400.0
2021020105007353,PLI,6,1,10,840.0,8400.0
2021020105007352,PLI,6,8,10,840.0,8400.0
2021020105007351,PLI,6,4,10,840.0,8400.0
2021020105007350,PLI,6,35,10,840.0,8400.0
2021020105007349,PLI,6,48,10,840.0,8400.0
2021020105007360,PLI,6,58,10,840.0,8400.0
2021020105007359,PLI,6,28,10,840.0,8400.0
2021020105007358,PLI,6,22,10,840.0,8400.0
2021020105007357,PLI,6,42,10,840.0,8400.0
2021020105007356,PLI,6,8,10,840.0,8400.0
2021020105007355,PLI,6,1,10,840.0,8400.0
2021020105007366,PLI,8,33,10,840.0,8400.0
2021020105007365,PLI,8,1,10,840.0,8400.0
2021020105007364,PLI,6,48,10,840.0,8400.0
2021020105007363,PLI,6,1,10,840.0,8400.0
2021020105007362,PLI,6,37,10,840.0,8400.0
2021020105007361,PLI,6,35,10,840.0,8400.0
2021020105007372,PLI,57,58,10,840.0,8400.0
2021020105007371,PLI,57,8,10,840.0,8400.0
2021020105007370,PLI,57,41,10,840.0,8400.0
2021020105007369,PLI,57,35,10,840.0,8400.0
2021020105007368,PLI,57,38,10,840.0,8400.0
2021020105007367,PLI,57,40,10,840.0,8400.0
2021020105007378,PLI,49,38,10,840.0,8400.0
2021020105007377,PLI,49,3,10,840.0,8400.0
2021020105007376,PLI,57,34,10,840.0,8400.0
2021020105007375,PLI,57,17,10,840.0,8400.0
2021020105007374,PLI,57,38,10,840.0,8400.0
2021020105007373,PLI,57,1,10,840.0,8400.0
2021020105007384,PLI,58,38,10,840.0,8400.0
2021020105007383,PLI,5,58,10,840.0,8400.0
2021020105007382,PLI,5,38,10,840.0,8400.0
2021020105007381,PLI,5,38,10,840.0,8400.0
2021020105007380,PLI,5,38,10,840.0,8400.0
2021020105007379,PLI,5,35,10,840.0,8400.0
2021020105007390,PLI,44,58,10,840.0,8400.0
2021020105007389,PLI,44,38,10,840.0,8400.0
2021020105007388,PLI,44,45,10,840.0,8400.0
2021020105007387,PLI,44,1,10,840.0,8400.0
2021020105007386,PLI,44,38,10,840.0,8400.0
2021020105007385,PLI,44,50,10,840.0,8400.0
2021020105007396,PLI,52,28,10,840.0,8400.0
2021020105007395,PLI,58,53,10,840.0,8400.0
2021020105007394,PLI,44,36,10,840.0,8400.0
2021020105007393,PLI,44,1,10,840.0,8400.0
2021020105007392,PLI,44,1,10,840.0,8400.0
2021020105007391,PLI,44,38,10,840.0,8400.0
2021020105007402,PLI,10,58,10,840.0,8400.0
2021020105007401,PLI,10,34,10,840.0,8400.0
2021020105007400,PLI,26,56,10,840.0,8400.0
2021020105007399,PLI,26,48,10,840.0,8400.0
2021020105007398,PLI,58,35,10,840.0,8400.0
2021020105007397,PLI,52,35,10,840.0,8400.0
2021020105007408,PLI,22,36,10,840.0,8400.0
2021020105007407,PLI,22,35,10,840.0,8400.0
2021020105007406,PLI,58,58,10,840.0,8400.0
2021020105007405,PLI,10,49,10,840.0,8400.0
2021020105007404,PLI,10,42,10,840.0,8400.0
2021020105007403,PLI,10,36,10,840.0,8400.0
2021020105007414,PLI,22,36,10,840.0,8400.0
2021020105007413,PLI,22,58,10,840.0,8400.0
2021020105007412,PLI,22,58,10,840.0,8400.0
2021020105007411,PLI,22,45,10,840.0,8400.0
2021020105007410,PLI,22,58,10,840.0,8400.0
2021020105007409,PLI,22,58,10,840.0,8400.0
2021020105007420,PLI,22,36,10,840.0,8400.0
2021020105007419,PLI,22,16,10,840.0,8400.0
2021020105007418,PLI,22,58,10,840.0,8400.0
2021020105007417,PLI,22,3,10,840.0,8400.0
2021020105007416,PLI,22,36,10,840.0,8400.0
2021020105007415,PLI,22,35,10,840.0,8400.0
2021020105007426,PLI,22,38,10,840.0,8400.0
2021020105007425,PLI,22,45,10,840.0,8400.0
2021020105007424,PLI,22,35,10,840.0,8400.0
2021020105007423,PLI,22,19,10,840.0,8400.0
2021020105007422,PLI,22,58,10,840.0,8400.0
2021020105007421,PLI,22,19,10,840.0,8400.0
2021020105007432,PLI,22,19,10,840.0,8400.0
2021020105007431,PLI,22,48,10,840.0,8400.0
2021020105007430,PLI,22,49,10,840.0,8400.0
2021020105007429,PLI,22,35,10,840.0,8400.0
2021020105007428,PLI,22,41,10,840.0,8400.0
2021020105007427,PLI,22,41,10,840.0,8400.0
2021020105007438,PLI,34,19,10,840.0,8400.0
2021020105007437,PLI,58,35,10,840.0,8400.0
2021020105007436,PLI,22,58,10,840.0,8400.0
2021020105007435,PLI,22,36,10,840.0,8400.0
2021020105007434,PLI,22,47,10,840.0,8400.0
2021020105007433,PLI,22,45,10,840.0,8400.0
2021020105007444,PLI,34,35,10,840.0,8400.0
2021020105007443,PLI,34,1,10,840.0,8400.0
2021020105007442,PLI,34,19,10,840.0,8400.0
2021020105007441,PLI,34,26,10,840.0,8400.0
2021020105007440,PLI,34,48,10,840.0,8400.0
2021020105007439,PLI,34,54,10,840.0,8400.0
2021020105007450,PLI,40,45,10,840.0,8400.0
2021020105007449,PLI,40,28,10,840.0,8400.0
2021020105007448,PLI,40,48,10,840.0,8400.0
2021020105007447,PLI,34,13,10,840.0,8400.0
2021020105007446,PLI,34,19,10,840.0,8400.0
2021020105007445,PLI,34,16,10,840.0,8400.0
2021020105007456,PLI,40,58,10,840.0,8400.0
2021020105007455,PLI,40,58,10,840.0,8400.0
2021020105007454,PLI,40,48,10,840.0,8400.0
2021020105007453,PLI,40,35,10,840.0,8400.0
2021020105007452,PLI,40,19,10,840.0,8400.0
2021020105007451,PLI,40,40,10,840.0,8400.0
2021020105007462,PLI,14,19,10,840.0,8400.0
2021020105007461,PLI,14,36,10,840.0,8400.0
2021020105007460,PLI,14,40,10,840.0,8400.0
2021020105007459,PLI,14,49,10,840.0,8400.0
2021020105007458,PLI,14,50,10,840.0,8400.0
2021020105007457,PLI,40,45,10,840.0,8400.0
2021020105007468,PLI,14,1,10,840.0,8400.0
2021020105007467,PLI,14,19,10,840.0,8400.0
2021020105007466,PLI,14,19,10,840.0,8400.0
2021020105007465,PLI,14,50,10,840.0,8400.0
2021020105007464,PLI,14,48,10,840.0,8400.0
2021020105007463,PLI,14,35,10,840.0,8400.0
2021020105007474,PLI,14,42,10,840.0,8400.0
2021020105007473,PLI,14,19,10,840.0,8400.0
2021020105007472,PLI,14,35,10,840.0,8400.0
2021020105007471,PLI,14,3,10,840.0,8400.0
2021020105007470,PLI,14,48,10,840.0,8400.0
2021020105007469,PLI,14,13,10,840.0,8400.0
2021020105007480,PLI,14,45,10,840.0,8400.0
2021020105007479,PLI,14,48,10,840.0,8400.0
2021020105007478,PLI,14,19,10,840.0,8400.0
2021020105007477,PLI,14,1,10,840.0,8400.0
2021020105007476,PLI,14,28,10,840.0,8400.0
2021020105007475,PLI,14,6,10,840.0,8400.0
2021020105007486,PLI,14,32,10,840.0,8400.0
2021020105007485,PLI,14,58,10,840.0,8400.0
2021020105007484,PLI,14,47,10,840.0,8400.0
2021020105007483,PLI,14,35,10,840.0,8400.0
2021020105007482,PLI,14,28,10,840.0,8400.0
2021020105007481,PLI,14,36,10,840.0,8400.0
2021020105007492,PLI,14,28,10,840.0,8400.0
2021020105007491,PLI,14,36,10,840.0,8400.0
2021020105007490,PLI,14,8,10,840.0,8400.0
2021020105007489,PLI,14,1,10,840.0,8400.0
2021020105007488,PLI,14,38,10,840.0,8400.0
2021020105007487,PLI,14,48,10,840.0,8400.0
2021020105007498,PLI,14,48,10,840.0,8400.0
2021020105007497,PLI,14,45,10,840.0,8400.0
2021020105007496,PLI,14,28,10,840.0,8400.0
2021020105007495,PLI,14,1,10,840.0,8400.0
2021020105007494,PLI,14,48,10,840.0,8400.0
2021020105007493,PLI,14,35,10,840.0,8400.0
2021020105007504,PLI,14,29,10,840.0,8400.0
2021020105007503,PLI,14,28,10,840.0,8400.0
2021020105007502,PLI,14,58,10,840.0,8400.0
2021020105007501,PLI,14,45,10,840.0,8400.0
2021020105007500,PLI,14,28,10,840.0,8400.0
2021020105007499,PLI,14,3,10,840.0,8400.0
2021020105007510,PLI,14,21,10,840.0,8400.0
2021020105007509,PLI,14,40,10,840.0,8400.0
2021020105007508,PLI,14,1,10,840.0,8400.0
2021020105007507,PLI,14,35,10,840.0,8400.0
2021020105007506,PLI,14,45,10,840.0,8400.0
2021020105007505,PLI,14,35,10,840.0,8400.0
2021020105007516,PLI,14,28,10,840.0,8400.0
2021020105007515,PLI,14,36,10,840.0,8400.0
2021020105007514,PLI,14,35,10,840.0,8400.0
2021020105007513,PLI,14,35,10,840.0,8400.0
2021020105007512,PLI,14,1,10,840.0,8400.0
2021020105007511,PLI,14,28,10,840.0,8400.0
2021020105007522,PLI,14,35,10,840.0,8400.0
2021020105007521,PLI,14,54,10,840.0,8400.0
2021020105007520,PLI,14,38,10,840.0,8400.0
2021020105007519,PLI,14,46,10,840.0,8400.0
2021020105007518,PLI,14,35,10,840.0,8400.0
2021020105007517,PLI,14,40,10,840.0,8400.0
2021020105007528,PLI,14,35,10,840.0,8400.0
2021020105007527,PLI,14,41,10,840.0,8400.0
2021020105007526,PLI,14,16,10,840.0,8400.0
2021020105007525,PLI,14,10,10,840.0,8400.0
2021020105007524,PLI,14,40,10,840.0,8400.0
2021020105007523,PLI,14,38,10,840.0,8400.0
2021020105007534,PLI,14,49,10,840.0,8400.0
2021020105007533,PLI,14,45,10,840.0,8400.0
2021020105007532,PLI,14,17,10,840.0,8400.0
2021020105007531,PLI,14,36,10,840.0,8400.0
2021020105007530,PLI,14,35,10,840.0,8400.0
2021020105007529,PLI,14,40,10,840.0,8400.0
2021020105007540,PLI,14,35,10,840.0,8400.0
2021020105007539,PLI,14,40,10,840.0,8400.0
2021020105007538,PLI,14,35,10,840.0,8400.0
2021020105007537,PLI,14,45,10,840.0,8400.0
2021020105007536,PLI,14,42,10,840.0,8400.0
2021020105007535,PLI,14,58,10,840.0,8400.0
2021020105007546,PLI,14,17,10,840.0,8400.0
2021020105007545,PLI,14,40,10,840.0,8400.0
2021020105007544,PLI,14,3,10,840.0,8400.0
2021020105007543,PLI,14,57,10,840.0,8400.0
2021020105007542,PLI,14,58,10,840.0,8400.0
2021020105007541,PLI,14,36,10,840.0,8400.0
2021020105007552,PLI,14,28,10,840.0,8400.0
2021020105007551,PLI,14,17,10,840.0,8400.0
2021020105007550,PLI,14,40,10,840.0,8400.0
2021020105007549,PLI,14,36,10,840.0,8400.0
2021020105007548,PLI,14,35,10,840.0,8400.0
2021020105007547,PLI,14,28,10,840.0,8400.0
2021020105007558,PLI,51,10,10,840.0,8400.0
2021020105007557,PLI,14,34,10,840.0,8400.0
2021020105007556,PLI,14,28,10,840.0,8400.0
2021020105007555,PLI,14,35,10,840.0,8400.0
2021020105007554,PLI,14,40,10,840.0,8400.0
2021020105007553,PLI,14,17,10,840.0,8400.0
2021020105007564,PLI,5,11,10,840.0,8400.0
2021020105007563,PLI,5,28,10,840.0,8400.0
2021020105007562,PLI,51,35,10,840.0,8400.0
2021020105007561,PLI,51,58,10,840.0,8400.0
2021020105007560,PLI,51,29,10,840.0,8400.0
2021020105007559,PLI,51,17,10,840.0,8400.0
2021020105007570,PLI,5,40,10,840.0,8400.0
2021020105007569,PLI,5,58,10,840.0,8400.0
2021020105007568,PLI,5,16,10,840.0,8400.0
2021020105007567,PLI,5,57,10,840.0,8400.0
2021020105007566,PLI,5,28,10,840.0,8400.0
2021020105007565,PLI,5,40,10,840.0,8400.0
2021020105007576,PLI,5,45,10,840.0,8400.0
2021020105007575,PLI,5,49,10,840.0,8400.0
2021020105007574,PLI,5,6,10,840.0,8400.0
2021020105007573,PLI,5,38,10,840.0,8400.0
2021020105007572,PLI,5,36,10,840.0,8400.0
2021020105007571,PLI,5,28,10,840.0,8400.0
2021020105007582,PLI,5,58,10,840.0,8400.0
2021020105007581,PLI,5,28,10,840.0,8400.0
2021020105007580,PLI,5,58,10,840.0,8400.0
2021020105007579,PLI,5,26,10,840.0,8400.0
2021020105007578,PLI,5,11,10,840.0,8400.0
2021020105007577,PLI,5,58,10,840.0,8400.0
2021020105007588,PLI,32,11,10,840.0,8400.0
2021020105007587,PLI,32,35,10,840.0,8400.0
2021020105007586,PLI,32,22,10,840.0,8400.0
2021020105007585,PLI,48,28,10,840.0,8400.0
2021020105007584,PLI,6,41,10,840.0,8400.0
2021020105007583,PLI,48,56,10,840.0,8400.0
2021020105007594,PLI,5,51,10,840.0,8400.0
2021020105007593,PLI,5,26,10,840.0,8400.0
2021020105007592,PLI,5,28,10,840.0,8400.0
2021020105007591,PLI,5,52,10,840.0,8400.0
2021020105007590,PLI,32,58,10,840.0,8400.0
2021020105007589,PLI,32,38,10,840.0,8400.0
2021020105007600,PLI,5,58,10,840.0,8400.0
2021020105007599,PLI,5,33,10,840.0,8400.0
2021020105007598,PLI,5,34,10,840.0,8400.0
2021020105007597,PLI,5,28,10,840.0,8400.0
2021020105007596,PLI,5,58,10,840.0,8400.0
2021020105007595,PLI,5,58,10,840.0,8400.0
2021020105007606,PLI,5,28,10,840.0,8400.0
2021020105007605,PLI,5,58,10,840.0,8400.0
2021020105007604,PLI,5,45,10,840.0,8400.0
2021020105007603,PLI,5,38,10,840.0,8400.0
2021020105007602,PLI,5,49,10,840.0,8400.0
2021020105007601,PLI,5,28,10,840.0,8400.0
2021020105007612,PLI,41,26,10,840.0,8400.0
2021020105007611,PLI,8,38,10,840.0,8400.0
2021020105007610,PLI,5,4,10,840.0,8400.0
2021020105007609,PLI,5,28,10,840.0,8400.0
2021020105007608,PLI,5,28,10,840.0,8400.0
2021020105007607,PLI,5,38,10,840.0,8400.0
2021020105007618,PLI,6,38,10,840.0,8400.0
2021020105007617,PLI,6,44,10,840.0,8400.0
2021020105007616,PLI,6,56,10,840.0,8400.0
2021020105007615,PLI,6,19,10,840.0,8400.0
2021020105007614,PLI,6,26,10,840.0,8400.0
2021020105007613,PLI,6,34,10,840.0,8400.0
2021020105007624,PLI,26,26,10,840.0,8400.0
2021020105007623,PLI,26,25,10,840.0,8400.0
2021020105007622,PLI,26,45,10,840.0,8400.0
2021020105007621,PLI,26,28,10,840.0,8400.0
2021020105007620,PLI,6,13,10,840.0,8400.0
2021020105007619,PLI,6,26,10,840.0,8400.0
2021020105007630,PLI,22,26,10,840.0,8400.0
2021020105007629,PLI,26,21,10,840.0,8400.0
2021020105007628,PLI,26,45,10,840.0,8400.0
2021020105007627,PLI,26,26,10,840.0,8400.0
2021020105007626,PLI,26,4,10,840.0,8400.0
2021020105007625,PLI,26,50,10,840.0,8400.0
2021020105007636,PLI,22,45,10,840.0,8400.0
2021020105007635,PLI,22,35,10,840.0,8400.0
2021020105007634,PLI,22,26,10,840.0,8400.0
2021020105007633,PLI,22,58,10,840.0,8400.0
2021020105007632,PLI,22,22,10,840.0,8400.0
2021020105007631,PLI,22,35,10,840.0,8400.0
2021020105007642,PLI,13,21,10,840.0,8400.0
2021020105007641,PLI,13,11,10,840.0,8400.0
2021020105007640,PLI,13,49,10,840.0,8400.0
2021020105007639,PLI,22,35,10,840.0,8400.0
2021020105007638,PLI,22,21,10,840.0,8400.0
2021020105007637,PLI,22,45,10,840.0,8400.0
2021020105007648,PLI,48,28,10,840.0,8400.0
2021020105007647,PLI,48,22,10,840.0,8400.0
2021020105007646,PLI,48,35,10,840.0,8400.0
2021020105007645,PLI,48,3,10,840.0,8400.0
2021020105007644,PLI,13,28,10,840.0,8400.0
2021020105007643,PLI,13,21,10,840.0,8400.0
2021020105007654,PLI,5,36,10,840.0,8400.0
2021020105007653,PLI,5,58,10,840.0,8400.0
2021020105007652,PLI,5,59,10,840.0,8400.0
2021020105007651,PLI,5,28,10,840.0,8400.0
2021020105007650,PLI,5,41,10,840.0,8400.0
2021020105007649,PLI,48,57,10,840.0,8400.0
2021020105007660,PLI,1,34,10,840.0,8400.0
2021020105007659,PLI,1,58,10,840.0,8400.0
2021020105007658,PLI,1,41,10,840.0,8400.0
2021020105007657,PLI,1,47,10,840.0,8400.0
2021020105007656,PLI,1,58,10,840.0,8400.0
2021020105007655,PLI,38,34,10,840.0,8400.0
2021020105007166,PLI,55,46,10,840.0,8400.0
2021020105007165,PLI,55,50,10,840.0,8400.0
2021020105007164,PLI,55,46,10,840.0,8400.0
2021020105007163,PLI,44,47,10,840.0,8400.0
2021020105007162,PLI,44,35,10,840.0,8400.0
2021020105007161,PLI,44,50,10,840.0,8400.0
2021020105006668,PLI,50,33,10,840.0,8400.0
2021020105006667,PLI,50,46,10,840.0,8400.0
2021020105006674,PLI,50,52,10,840.0,8400.0
2021020105006673,PLI,50,49,10,840.0,8400.0
2021020105006672,PLI,50,46,10,840.0,8400.0
2021020105006671,PLI,50,45,10,840.0,8400.0
2021020105006670,PLI,50,29,10,840.0,8400.0
2021020105006669,PLI,50,17,10,840.0,8400.0
2021020105006680,PLI,50,28,10,840.0,8400.0
2021020105006679,PLI,50,35,10,840.0,8400.0
2021020105006678,PLI,50,54,10,840.0,8400.0
2021020105006677,PLI,50,49,10,840.0,8400.0
2021020105006676,PLI,50,49,10,840.0,8400.0
2021020105006675,PLI,50,28,10,840.0,8400.0
2021020105006686,PLI,50,16,10,840.0,8400.0
2021020105006685,PLI,50,28,10,840.0,8400.0
2021020105006684,PLI,50,53,10,840.0,8400.0
2021020105006683,PLI,50,45,10,840.0,8400.0
2021020105006682,PLI,50,35,10,840.0,8400.0
2021020105006681,PLI,50,46,10,840.0,8400.0
2021020105006692,PLI,50,38,10,840.0,8400.0
2021020105006691,PLI,50,28,10,840.0,8400.0
2021020105006690,PLI,50,46,10,840.0,8400.0
2021020105006689,PLI,50,52,10,840.0,8400.0
2021020105006688,PLI,50,58,10,840.0,8400.0
2021020105006687,PLI,50,46,10,840.0,8400.0
2021020105006698,PLI,1,11,10,840.0,8400.0
2021020105006697,PLI,1,46,10,840.0,8400.0
2021020105006696,PLI,1,58,10,840.0,8400.0
2021020105006695,PLI,1,34,10,840.0,8400.0
2021020105006694,PLI,1,46,10,840.0,8400.0
2021020105006693,PLI,1,14,10,840.0,8400.0
2021020105006704,PLI,55,52,10,840.0,8400.0
2021020105006703,PLI,38,38,10,840.0,8400.0
2021020105006702,PLI,1,11,10,840.0,8400.0
2021020105006701,PLI,1,42,10,840.0,8400.0
2021020105006700,PLI,1,28,10,840.0,8400.0
2021020105006699,PLI,1,38,10,840.0,8400.0
2021020105006710,PLI,55,10,10,840.0,8400.0
2021020105006709,PLI,55,22,10,840.0,8400.0
2021020105006708,PLI,55,38,10,840.0,8400.0
2021020105006707,PLI,55,7,10,840.0,8400.0
2021020105006706,PLI,55,49,10,840.0,8400.0
2021020105006705,PLI,55,34,10,840.0,8400.0
2021020105006716,PLI,43,10,10,840.0,8400.0
2021020105006715,PLI,43,14,10,840.0,8400.0
2021020105006714,PLI,43,43,10,840.0,8400.0
2021020105006713,PLI,55,46,10,840.0,8400.0
2021020105006712,PLI,55,34,10,840.0,8400.0
2021020105006711,PLI,55,38,10,840.0,8400.0
2021020105006722,PLI,10,45,10,840.0,8400.0
2021020105006721,PLI,10,14,10,840.0,8400.0
2021020105006720,PLI,10,28,10,840.0,8400.0
2021020105006719,PLI,43,43,10,840.0,8400.0
2021020105006718,PLI,43,34,10,840.0,8400.0
2021020105006717,PLI,43,46,10,840.0,8400.0
2021020105006728,PLI,21,34,10,840.0,8400.0
2021020105006727,PLI,21,43,10,840.0,8400.0
2021020105006726,PLI,21,39,10,840.0,8400.0
2021020105006725,PLI,21,32,10,840.0,8400.0
2021020105006724,PLI,21,34,10,840.0,8400.0
2021020105006723,PLI,21,10,10,840.0,8400.0
2021020105006734,PLI,21,59,10,840.0,8400.0
2021020105006733,PLI,21,45,10,840.0,8400.0
2021020105006732,PLI,21,14,10,840.0,8400.0
2021020105006731,PLI,21,52,10,840.0,8400.0
2021020105006730,PLI,21,28,10,840.0,8400.0
2021020105006729,PLI,21,46,10,840.0,8400.0
2021020105006740,PLI,21,52,10,840.0,8400.0
2021020105006739,PLI,21,17,10,840.0,8400.0
2021020105006738,PLI,21,34,10,840.0,8400.0
2021020105006737,PLI,21,46,10,840.0,8400.0
2021020105006736,PLI,21,4,10,840.0,8400.0
2021020105006735,PLI,21,58,10,840.0,8400.0
2021020105006746,PLI,21,28,10,840.0,8400.0
2021020105006745,PLI,50,42,10,840.0,8400.0
2021020105006744,PLI,50,43,10,840.0,8400.0
2021020105006743,PLI,4,34,10,840.0,8400.0
2021020105006742,PLI,21,4,10,840.0,8400.0
2021020105006741,PLI,21,48,10,840.0,8400.0
2021020105006752,PLI,57,17,10,840.0,8400.0
2021020105006751,PLI,57,18,10,840.0,8400.0
2021020105006750,PLI,57,38,10,840.0,8400.0
2021020105006749,PLI,57,43,10,840.0,8400.0
2021020105006748,PLI,57,18,10,840.0,8400.0
2021020105006747,PLI,57,38,10,840.0,8400.0
2021020105006758,PLI,57,55,10,840.0,8400.0
2021020105006757,PLI,57,39,10,840.0,8400.0
2021020105006756,PLI,57,47,10,840.0,8400.0
2021020105006755,PLI,57,11,10,840.0,8400.0
2021020105006754,PLI,57,43,10,840.0,8400.0
2021020105006753,PLI,57,34,10,840.0,8400.0
2021020105006764,PLI,57,18,10,840.0,8400.0
2021020105006763,PLI,57,40,10,840.0,8400.0
2021020105006762,PLI,57,3,10,840.0,8400.0
2021020105006761,PLI,57,34,10,840.0,8400.0
2021020105006760,PLI,57,43,10,840.0,8400.0
2021020105006759,PLI,57,18,10,840.0,8400.0
2021020105006770,PLI,57,39,10,840.0,8400.0
2021020105006769,PLI,57,26,10,840.0,8400.0
2021020105006768,PLI,57,34,10,840.0,8400.0
2021020105006767,PLI,57,45,10,840.0,8400.0
2021020105006766,PLI,57,46,10,840.0,8400.0
2021020105006765,PLI,57,20,10,840.0,8400.0
2021020105006776,PLI,57,39,10,840.0,8400.0
2021020105006775,PLI,57,18,10,840.0,8400.0
2021020105006774,PLI,57,14,10,840.0,8400.0
2021020105006773,PLI,57,13,10,840.0,8400.0
2021020105006772,PLI,57,40,10,840.0,8400.0
2021020105006771,PLI,57,18,10,840.0,8400.0
2021020105006782,PLI,57,18,10,840.0,8400.0
2021020105006781,PLI,57,34,10,840.0,8400.0
2021020105006780,PLI,57,39,10,840.0,8400.0
2021020105006779,PLI,57,40,10,840.0,8400.0
2021020105006778,PLI,57,46,10,840.0,8400.0
2021020105006777,PLI,57,14,10,840.0,8400.0
2021020105006788,PLI,57,52,10,840.0,8400.0
2021020105006787,PLI,57,34,10,840.0,8400.0
2021020105006786,PLI,57,48,10,840.0,8400.0
2021020105006785,PLI,57,40,10,840.0,8400.0
2021020105006784,PLI,57,39,10,840.0,8400.0
2021020105006783,PLI,57,43,10,840.0,8400.0
2021020105006794,PLI,57,46,10,840.0,8400.0
2021020105006793,PLI,57,44,10,840.0,8400.0
2021020105006792,PLI,57,50,10,840.0,8400.0
2021020105006791,PLI,57,53,10,840.0,8400.0
2021020105006790,PLI,57,43,10,840.0,8400.0
2021020105006789,PLI,57,38,10,840.0,8400.0
2021020105006800,PLI,49,59,10,840.0,8400.0
2021020105006799,PLI,49,34,10,840.0,8400.0
2021020105006798,PLI,49,47,10,840.0,8400.0
2021020105006797,PLI,21,43,10,840.0,8400.0
2021020105006796,PLI,57,47,10,840.0,8400.0
2021020105006795,PLI,57,47,10,840.0,8400.0
2021020105006806,PLI,28,39,10,840.0,8400.0
2021020105006805,PLI,28,48,10,840.0,8400.0
2021020105006804,PLI,28,52,10,840.0,8400.0
2021020105006803,PLI,28,39,10,840.0,8400.0
2021020105006802,PLI,49,43,10,840.0,8400.0
2021020105006801,PLI,49,48,10,840.0,8400.0
2021020105006812,PLI,28,39,10,840.0,8400.0
2021020105006811,PLI,28,48,10,840.0,8400.0
2021020105006810,PLI,28,17,10,840.0,8400.0
2021020105006809,PLI,28,17,10,840.0,8400.0
2021020105006808,PLI,28,43,10,840.0,8400.0
2021020105006807,PLI,28,43,10,840.0,8400.0
2021020105006818,PLI,28,48,10,840.0,8400.0
2021020105006817,PLI,28,39,10,840.0,8400.0
2021020105006816,PLI,28,46,10,840.0,8400.0
2021020105006815,PLI,28,44,10,840.0,8400.0
2021020105006814,PLI,28,43,10,840.0,8400.0
2021020105006813,PLI,28,57,10,840.0,8400.0
2021020105006824,PLI,14,4,10,840.0,8400.0
2021020105006823,PLI,21,17,10,840.0,8400.0
2021020105006822,PLI,28,45,10,840.0,8400.0
2021020105006821,PLI,28,6,10,840.0,8400.0
2021020105006820,PLI,28,43,10,840.0,8400.0
2021020105006819,PLI,28,39,10,840.0,8400.0
2021020105006830,PLI,21,39,10,840.0,8400.0
2021020105006829,PLI,44,48,10,840.0,8400.0
2021020105006828,PLI,21,17,10,840.0,8400.0
2021020105006827,PLI,55,38,10,840.0,8400.0
2021020105006826,PLI,55,43,10,840.0,8400.0
2021020105006825,PLI,14,48,10,840.0,8400.0
2021020105006836,PLI,21,52,10,840.0,8400.0
2021020105006835,PLI,21,57,10,840.0,8400.0
2021020105006834,PLI,44,48,10,840.0,8400.0
2021020105006833,PLI,44,43,10,840.0,8400.0
2021020105006832,PLI,44,17,10,840.0,8400.0
2021020105006831,PLI,21,43,10,840.0,8400.0
2021020105006842,PLI,26,55,10,840.0,8400.0
2021020105006841,PLI,26,26,10,840.0,8400.0
2021020105006840,PLI,26,48,10,840.0,8400.0
2021020105006839,PLI,26,43,10,840.0,8400.0
2021020105006838,PLI,26,49,10,840.0,8400.0
2021020105006837,PLI,26,29,10,840.0,8400.0
2021020105006848,PLI,26,38,10,840.0,8400.0
2021020105006847,PLI,26,49,10,840.0,8400.0
2021020105006846,PLI,26,50,10,840.0,8400.0
2021020105006845,PLI,26,43,10,840.0,8400.0
2021020105006844,PLI,26,45,10,840.0,8400.0
2021020105006843,PLI,26,38,10,840.0,8400.0
2021020105006854,PLI,26,45,10,840.0,8400.0
2021020105006853,PLI,26,39,10,840.0,8400.0
2021020105006852,PLI,26,49,10,840.0,8400.0
2021020105006851,PLI,26,44,10,840.0,8400.0
2021020105006850,PLI,26,25,10,840.0,8400.0
2021020105006849,PLI,26,39,10,840.0,8400.0
2021020105006860,PLI,38,43,10,840.0,8400.0
2021020105006859,PLI,38,38,10,840.0,8400.0
2021020105006858,PLI,38,6,10,840.0,8400.0
2021020105006857,PLI,38,29,10,840.0,8400.0
2021020105006856,PLI,26,38,10,840.0,8400.0
2021020105006855,PLI,26,43,10,840.0,8400.0
2021020105006866,PLI,38,43,10,840.0,8400.0
2021020105006865,PLI,38,29,10,840.0,8400.0
2021020105006864,PLI,38,45,10,840.0,8400.0
2021020105006863,PLI,38,28,10,840.0,8400.0
2021020105006862,PLI,38,39,10,840.0,8400.0
2021020105006861,PLI,38,55,10,840.0,8400.0
2021020105006872,PLI,38,57,10,840.0,8400.0
2021020105006871,PLI,38,37,10,840.0,8400.0
2021020105006870,PLI,38,51,10,840.0,8400.0
2021020105006869,PLI,38,55,10,840.0,8400.0
2021020105006868,PLI,38,28,10,840.0,8400.0
2021020105006867,PLI,38,37,10,840.0,8400.0
2021020105006878,PLI,38,22,10,840.0,8400.0
2021020105006877,PLI,38,43,10,840.0,8400.0
2021020105006876,PLI,38,37,10,840.0,8400.0
2021020105006875,PLI,38,28,10,840.0,8400.0
2021020105006874,PLI,38,6,10,840.0,8400.0
2021020105006873,PLI,38,43,10,840.0,8400.0
2021020105006884,PLI,38,21,10,840.0,8400.0
2021020105006883,PLI,38,43,10,840.0,8400.0
2021020105006882,PLI,38,37,10,840.0,8400.0
2021020105006881,PLI,38,19,10,840.0,8400.0
2021020105006880,PLI,38,43,10,840.0,8400.0
2021020105006879,PLI,38,37,10,840.0,8400.0
2021020105006890,PLI,38,55,10,840.0,8400.0
2021020105006889,PLI,38,28,10,840.0,8400.0
2021020105006888,PLI,38,19,10,840.0,8400.0
2021020105006887,PLI,38,51,10,840.0,8400.0
2021020105006886,PLI,38,4,10,840.0,8400.0
2021020105006885,PLI,38,17,10,840.0,8400.0
2021020105006896,PLI,38,38,10,840.0,8400.0
2021020105006895,PLI,38,37,10,840.0,8400.0
2021020105006894,PLI,38,41,10,840.0,8400.0
2021020105006893,PLI,38,43,10,840.0,8400.0
2021020105006892,PLI,38,37,10,840.0,8400.0
2021020105006891,PLI,38,33,10,840.0,8400.0
2021020105006902,PLI,38,49,10,840.0,8400.0
2021020105006901,PLI,38,48,10,840.0,8400.0
2021020105006900,PLI,21,56,10,840.0,8400.0
2021020105006899,PLI,21,19,10,840.0,8400.0
2021020105006898,PLI,21,17,10,840.0,8400.0
2021020105006897,PLI,4,6,10,840.0,8400.0
2021020105006908,PLI,38,38,10,840.0,8400.0
2021020105006907,PLI,38,37,10,840.0,8400.0
2021020105006906,PLI,38,6,10,840.0,8400.0
2021020105006905,PLI,38,28,10,840.0,8400.0
2021020105006904,PLI,38,43,10,840.0,8400.0
2021020105006903,PLI,38,59,10,840.0,8400.0
2021020105006914,PLI,38,28,10,840.0,8400.0
2021020105006913,PLI,38,29,10,840.0,8400.0
2021020105006912,PLI,38,38,10,840.0,8400.0
2021020105006911,PLI,38,43,10,840.0,8400.0
2021020105006910,PLI,38,29,10,840.0,8400.0
2021020105006909,PLI,38,22,10,840.0,8400.0
2021020105006920,PLI,38,17,10,840.0,8400.0
2021020105006919,PLI,38,22,10,840.0,8400.0
2021020105006918,PLI,38,43,10,840.0,8400.0
2021020105006917,PLI,38,38,10,840.0,8400.0
2021020105006916,PLI,38,37,10,840.0,8400.0
2021020105006915,PLI,38,43,10,840.0,8400.0
2021020105006926,PLI,38,22,10,840.0,8400.0
2021020105006925,PLI,38,57,10,840.0,8400.0
2021020105006924,PLI,38,38,10,840.0,8400.0
2021020105006923,PLI,38,38,10,840.0,8400.0
2021020105006922,PLI,38,43,10,840.0,8400.0
2021020105006921,PLI,38,37,10,840.0,8400.0
2021020105006932,PLI,38,43,10,840.0,8400.0
2021020105006931,PLI,38,37,10,840.0,8400.0
2021020105006930,PLI,38,49,10,840.0,8400.0
2021020105006929,PLI,38,37,10,840.0,8400.0
2021020105006928,PLI,38,11,10,840.0,8400.0
2021020105006927,PLI,38,28,10,840.0,8400.0
2021020105006938,PLI,38,34,10,840.0,8400.0
2021020105006937,PLI,38,43,10,840.0,8400.0
2021020105006936,PLI,38,28,10,840.0,8400.0
2021020105006935,PLI,38,37,10,840.0,8400.0
2021020105006934,PLI,38,38,10,840.0,8400.0
2021020105006933,PLI,38,32,10,840.0,8400.0
2021020105006944,PLI,38,25,10,840.0,8400.0
2021020105006943,PLI,38,38,10,840.0,8400.0
2021020105006942,PLI,38,37,10,840.0,8400.0
2021020105006941,PLI,38,43,10,840.0,8400.0
2021020105006940,PLI,38,22,10,840.0,8400.0
2021020105006939,PLI,38,47,10,840.0,8400.0
2021020105006950,PLI,53,43,10,840.0,8400.0
2021020105006949,PLI,53,17,10,840.0,8400.0
2021020105006948,PLI,53,33,10,840.0,8400.0
2021020105006947,PLI,38,39,10,840.0,8400.0
2021020105006946,PLI,38,22,10,840.0,8400.0
2021020105006945,PLI,38,22,10,840.0,8400.0
2021020105006956,PLI,53,42,10,840.0,8400.0
2021020105006955,PLI,53,39,10,840.0,8400.0
2021020105006954,PLI,53,22,10,840.0,8400.0
2021020105006953,PLI,53,4,10,840.0,8400.0
2021020105006952,PLI,53,16,10,840.0,8400.0
2021020105006951,PLI,53,37,10,840.0,8400.0
2021020105006962,PLI,46,52,10,840.0,8400.0
2021020105006961,PLI,46,38,10,840.0,8400.0
2021020105006960,PLI,46,22,10,840.0,8400.0
2021020105006959,PLI,46,32,10,840.0,8400.0
2021020105006958,PLI,46,38,10,840.0,8400.0
2021020105006957,PLI,53,37,10,840.0,8400.0
2021020105006968,PLI,46,37,10,840.0,8400.0
2021020105006967,PLI,46,54,10,840.0,8400.0
2021020105006966,PLI,46,42,10,840.0,8400.0
2021020105006965,PLI,46,54,10,840.0,8400.0
2021020105006964,PLI,46,11,10,840.0,8400.0
2021020105006963,PLI,46,37,10,840.0,8400.0
2021020105006974,PLI,46,36,10,840.0,8400.0
2021020105006973,PLI,46,52,10,840.0,8400.0
2021020105006972,PLI,46,17,10,840.0,8400.0
2021020105006971,PLI,46,4,10,840.0,8400.0
2021020105006970,PLI,46,45,10,840.0,8400.0
2021020105006969,PLI,46,28,10,840.0,8400.0
2021020105006980,PLI,46,57,10,840.0,8400.0
2021020105006979,PLI,46,57,10,840.0,8400.0
2021020105006978,PLI,46,28,10,840.0,8400.0
2021020105006977,PLI,46,48,10,840.0,8400.0
2021020105006976,PLI,46,56,10,840.0,8400.0
2021020105006975,PLI,46,42,10,840.0,8400.0
2021020105006986,PLI,46,56,10,840.0,8400.0
2021020105006985,PLI,46,11,10,840.0,8400.0
2021020105006984,PLI,46,51,10,840.0,8400.0
2021020105006983,PLI,46,8,10,840.0,8400.0
2021020105006982,PLI,46,52,10,840.0,8400.0
2021020105006981,PLI,46,39,10,840.0,8400.0
2021020105006992,PLI,46,51,10,840.0,8400.0
2021020105006991,PLI,46,28,10,840.0,8400.0
2021020105006990,PLI,46,26,10,840.0,8400.0
2021020105006989,PLI,46,3,10,840.0,8400.0
2021020105006988,PLI,46,28,10,840.0,8400.0
2021020105006987,PLI,46,57,10,840.0,8400.0
2021020105006998,PLI,46,36,10,840.0,8400.0
2021020105006997,PLI,46,28,10,840.0,8400.0
2021020105006996,PLI,46,28,10,840.0,8400.0
2021020105006995,PLI,46,59,10,840.0,8400.0
2021020105006994,PLI,46,11,10,840.0,8400.0
2021020105006993,PLI,46,39,10,840.0,8400.0
2021020105007004,PLI,46,45,10,840.0,8400.0
2021020105007003,PLI,46,20,10,840.0,8400.0
2021020105007002,PLI,46,39,10,840.0,8400.0
2021020105007001,PLI,46,4,10,840.0,8400.0
