Transact. No.,Symbol,Buyer,Seller,Quantity,Rate,Amount
2021020905002769,PLI,45,4,10,850.0,8500.0
2021020905002768,PLI,45,58,10,850.0,8500.0
2021020905002767,PLI,52,49,50,850.0,42500.0
2021020905002766,PLI,52,4,10,850.0,8500.0
2021020905002765,PLI,52,14,10,851.0,8510.0
2021020905002764,PLI,52,50,10,851.0,8510.0
2021020905002271,PLI,16,52,10,846.0,8460.0
2021020905002270,PLI,16,47,10,846.0,8460.0
2021020905002277,PLI,39,57,10,846.0,8460.0
2021020905002276,PLI,39,17,10,846.0,8460.0
2021020905002275,PLI,38,42,10,846.0,8460.0
2021020905002274,PLI,38,44,10,846.0,8460.0
2021020905002273,PLI,20,58,10,846.0,8460.0
2021020905002272,PLI,16,59,10,846.0,8460.0
2021020905002283,PLI,50,17,10,846.0,8460.0
2021020905002282,PLI,50,43,10,846.0,8460.0
2021020905002281,PLI,51,8,10,846.0,8460.0
2021020905002280,PLI,39,42,10,846.0,8460.0
2021020905002279,PLI,39,17,10,846.0,8460.0
2021020905002278,PLI,39,58,10,846.0,8460.0
2021020905002289,PLI,20,17,10,845.0,8450.0
2021020905002288,PLI,20,8,10,845.0,8450.0
2021020905002287,PLI,20,17,10,845.0,8450.0
2021020905002286,PLI,20,6,10,845.0,8450.0
2021020905002285,PLI,57,8,10,846.0,8460.0
2021020905002284,PLI,57,39,10,846.0,8460.0
2021020905002295,PLI,17,21,10,846.0,8460.0
2021020905002294,PLI,17,21,10,846.0,8460.0
2021020905002293,PLI,20,8,10,845.0,8450.0
2021020905002292,PLI,20,51,10,845.0,8450.0
2021020905002291,PLI,20,58,10,845.0,8450.0
2021020905002290,PLI,20,42,10,845.0,8450.0
2021020905002301,PLI,55,6,10,846.0,8460.0
2021020905002300,PLI,55,8,10,846.0,8460.0
2021020905002299,PLI,6,39,10,846.0,8460.0
2021020905002298,PLI,17,39,70,845.0,59150.0
2021020905002297,PLI,20,39,50,845.0,42250.0
2021020905002296,PLI,17,39,30,846.0,25380.0
2021020905002307,PLI,58,45,10,846.0,8460.0
2021020905002306,PLI,39,48,10,846.0,8460.0
2021020905002305,PLI,55,43,10,846.0,8460.0
2021020905002304,PLI,55,58,10,846.0,8460.0
2021020905002303,PLI,55,6,10,846.0,8460.0
2021020905002302,PLI,55,50,10,846.0,8460.0
2021020905002313,PLI,58,58,10,846.0,8460.0
2021020905002312,PLI,58,21,10,846.0,8460.0
2021020905002311,PLI,58,19,10,846.0,8460.0
2021020905002310,PLI,58,3,20,846.0,16920.0
2021020905002309,PLI,58,3,480,846.0,406080.0
2021020905002308,PLI,58,39,10,846.0,8460.0
2021020905002319,PLI,17,10,10,845.0,8450.0
2021020905002318,PLI,13,39,40,846.0,33840.0
2021020905002317,PLI,53,39,10,846.0,8460.0
2021020905002316,PLI,58,39,430,846.0,363780.0
2021020905002315,PLI,58,7,10,846.0,8460.0
2021020905002314,PLI,58,49,10,846.0,8460.0
2021020905002325,PLI,44,4,10,846.0,8460.0
2021020905002324,PLI,44,39,20,846.0,16920.0
2021020905002323,PLI,44,49,10,845.0,8450.0
2021020905002322,PLI,44,42,10,845.0,8450.0
2021020905002321,PLI,17,51,10,845.0,8450.0
2021020905002320,PLI,17,8,10,845.0,8450.0
2021020905002331,PLI,44,8,10,845.0,8450.0
2021020905002330,PLI,44,49,10,845.0,8450.0
2021020905002329,PLI,44,51,10,846.0,8460.0
2021020905002328,PLI,44,8,10,846.0,8460.0
2021020905002327,PLI,44,57,10,846.0,8460.0
2021020905002326,PLI,44,26,10,846.0,8460.0
2021020905002337,PLI,10,48,10,847.0,8470.0
2021020905002336,PLI,10,32,10,847.0,8470.0
2021020905002335,PLI,10,48,10,847.0,8470.0
2021020905002334,PLI,10,49,10,846.0,8460.0
2021020905002333,PLI,44,8,10,845.0,8450.0
2021020905002332,PLI,44,58,10,845.0,8450.0
2021020905002343,PLI,44,49,10,845.0,8450.0
2021020905002342,PLI,44,48,10,845.0,8450.0
2021020905002341,PLI,10,57,10,847.0,8470.0
2021020905002340,PLI,10,21,10,847.0,8470.0
2021020905002339,PLI,10,45,10,847.0,8470.0
2021020905002338,PLI,10,51,10,847.0,8470.0
2021020905002349,PLI,4,46,10,845.0,8450.0
2021020905002348,PLI,4,40,10,845.0,8450.0
2021020905002347,PLI,4,55,10,845.0,8450.0
2021020905002346,PLI,4,1,10,845.0,8450.0
2021020905002345,PLI,4,44,55,845.0,46475.0
2021020905002344,PLI,44,44,95,845.0,80275.0
2021020905002355,PLI,10,29,10,846.0,8460.0
2021020905002354,PLI,41,17,10,845.0,8450.0
2021020905002353,PLI,41,39,20,845.0,16900.0
2021020905002352,PLI,42,39,10,845.0,8450.0
2021020905002351,PLI,43,39,10,845.0,8450.0
2021020905002350,PLI,38,39,10,845.0,8450.0
2021020905002361,PLI,41,14,10,845.0,8450.0
2021020905002360,PLI,41,44,10,845.0,8450.0
2021020905002359,PLI,10,36,10,846.0,8460.0
2021020905002358,PLI,10,8,10,846.0,8460.0
2021020905002357,PLI,10,49,10,846.0,8460.0
2021020905002356,PLI,10,42,10,846.0,8460.0
2021020905002367,PLI,42,21,10,847.0,8470.0
2021020905002366,PLI,42,52,10,846.0,8460.0
2021020905002365,PLI,42,36,10,846.0,8460.0
2021020905002364,PLI,5,5,10,845.0,8450.0
2021020905002363,PLI,5,21,10,845.0,8450.0
2021020905002362,PLI,41,39,10,845.0,8450.0
2021020905002373,PLI,54,57,10,845.0,8450.0
2021020905002372,PLI,5,44,10,845.0,8450.0
2021020905002371,PLI,5,1,10,845.0,8450.0
2021020905002370,PLI,5,28,10,845.0,8450.0
2021020905002369,PLI,42,8,10,848.0,8480.0
2021020905002368,PLI,42,22,10,847.0,8470.0
2021020905002379,PLI,54,44,10,845.0,8450.0
2021020905002378,PLI,54,44,10,845.0,8450.0
2021020905002377,PLI,54,44,10,845.0,8450.0
2021020905002376,PLI,54,44,10,845.0,8450.0
2021020905002375,PLI,54,21,10,845.0,8450.0
2021020905002374,PLI,54,44,10,845.0,8450.0
2021020905002385,PLI,11,49,10,846.0,8460.0
2021020905002384,PLI,11,14,10,846.0,8460.0
2021020905002383,PLI,59,8,10,845.0,8450.0
2021020905002382,PLI,54,58,10,845.0,8450.0
2021020905002381,PLI,54,58,10,845.0,8450.0
2021020905002380,PLI,54,8,10,845.0,8450.0
2021020905002391,PLI,11,8,10,846.0,8460.0
2021020905002390,PLI,11,8,10,846.0,8460.0
2021020905002389,PLI,11,8,10,846.0,8460.0
2021020905002388,PLI,11,8,10,846.0,8460.0
2021020905002387,PLI,11,49,10,846.0,8460.0
2021020905002386,PLI,11,51,10,846.0,8460.0
2021020905002397,PLI,13,49,10,846.0,8460.0
2021020905002396,PLI,57,45,10,846.0,8460.0
2021020905002395,PLI,57,49,10,846.0,8460.0
2021020905002394,PLI,32,8,20,848.0,16960.0
2021020905002393,PLI,11,49,10,846.0,8460.0
2021020905002392,PLI,11,56,10,846.0,8460.0
2021020905002403,PLI,42,6,10,845.0,8450.0
2021020905002402,PLI,42,49,10,845.0,8450.0
2021020905002401,PLI,42,51,10,845.0,8450.0
2021020905002400,PLI,13,38,10,846.0,8460.0
2021020905002399,PLI,13,45,10,846.0,8460.0
2021020905002398,PLI,13,6,10,846.0,8460.0
2021020905002409,PLI,32,22,10,846.0,8460.0
2021020905002408,PLI,32,29,10,846.0,8460.0
2021020905002407,PLI,32,45,10,846.0,8460.0
2021020905002406,PLI,32,22,10,846.0,8460.0
2021020905002405,PLI,32,49,10,846.0,8460.0
2021020905002404,PLI,42,49,10,845.0,8450.0
2021020905002415,PLI,57,58,10,848.0,8480.0
2021020905002414,PLI,57,58,10,848.0,8480.0
2021020905002413,PLI,57,8,20,848.0,16960.0
2021020905002412,PLI,32,21,10,846.0,8460.0
2021020905002411,PLI,32,6,10,846.0,8460.0
2021020905002410,PLI,32,55,10,846.0,8460.0
2021020905002421,PLI,19,51,10,846.0,8460.0
2021020905002420,PLI,19,28,10,846.0,8460.0
2021020905002419,PLI,19,42,10,846.0,8460.0
2021020905002418,PLI,19,45,10,846.0,8460.0
2021020905002417,PLI,19,54,10,846.0,8460.0
2021020905002416,PLI,57,41,60,848.0,50880.0
2021020905002427,PLI,42,29,10,847.0,8470.0
2021020905002426,PLI,42,37,10,847.0,8470.0
2021020905002425,PLI,26,25,10,847.0,8470.0
2021020905002424,PLI,19,45,10,846.0,8460.0
2021020905002423,PLI,19,49,10,846.0,8460.0
2021020905002422,PLI,19,35,10,846.0,8460.0
2021020905002433,PLI,43,26,10,847.0,8470.0
2021020905002432,PLI,43,49,10,847.0,8470.0
2021020905002431,PLI,43,49,10,847.0,8470.0
2021020905002430,PLI,43,58,10,847.0,8470.0
2021020905002429,PLI,43,32,10,847.0,8470.0
2021020905002428,PLI,42,41,80,848.0,67840.0
2021020905002439,PLI,34,41,10,846.0,8460.0
2021020905002438,PLI,19,41,80,846.0,67680.0
2021020905002437,PLI,19,26,10,846.0,8460.0
2021020905002436,PLI,19,20,10,846.0,8460.0
2021020905002435,PLI,19,10,10,846.0,8460.0
2021020905002434,PLI,19,45,10,846.0,8460.0
2021020905002445,PLI,57,21,10,847.0,8470.0
2021020905002444,PLI,40,49,10,846.0,8460.0
2021020905002443,PLI,40,45,10,846.0,8460.0
2021020905002442,PLI,40,45,10,846.0,8460.0
2021020905002441,PLI,40,35,10,846.0,8460.0
2021020905002440,PLI,40,41,20,846.0,16920.0
2021020905002451,PLI,40,54,10,846.0,8460.0
2021020905002450,PLI,40,38,10,846.0,8460.0
2021020905002449,PLI,57,49,10,847.0,8470.0
2021020905002448,PLI,57,35,10,847.0,8470.0
2021020905002447,PLI,57,10,10,847.0,8470.0
2021020905002446,PLI,57,22,10,847.0,8470.0
2021020905002457,PLI,40,49,10,846.0,8460.0
2021020905002456,PLI,40,52,10,846.0,8460.0
2021020905002455,PLI,40,28,10,846.0,8460.0
2021020905002454,PLI,40,48,50,846.0,42300.0
2021020905002453,PLI,40,45,10,846.0,8460.0
2021020905002452,PLI,40,41,10,846.0,8460.0
2021020905002463,PLI,49,42,10,847.0,8470.0
2021020905002462,PLI,49,45,10,847.0,8470.0
2021020905002461,PLI,49,42,10,847.0,8470.0
2021020905002460,PLI,49,10,10,847.0,8470.0
2021020905002459,PLI,49,45,10,847.0,8470.0
2021020905002458,PLI,49,58,10,847.0,8470.0
2021020905002469,PLI,49,22,10,847.0,8470.0
2021020905002468,PLI,49,20,10,847.0,8470.0
2021020905002467,PLI,49,43,10,847.0,8470.0
2021020905002466,PLI,49,45,10,847.0,8470.0
2021020905002465,PLI,49,46,10,847.0,8470.0
2021020905002464,PLI,49,20,10,847.0,8470.0
2021020905002475,PLI,40,49,10,846.0,8460.0
2021020905002474,PLI,40,42,10,846.0,8460.0
2021020905002473,PLI,22,17,20,847.0,16940.0
2021020905002472,PLI,49,17,10,847.0,8470.0
2021020905002471,PLI,49,20,10,847.0,8470.0
2021020905002470,PLI,49,49,10,847.0,8470.0
2021020905002481,PLI,52,17,10,847.0,8470.0
2021020905002480,PLI,57,40,10,846.0,8460.0
2021020905002479,PLI,57,4,10,846.0,8460.0
2021020905002478,PLI,57,22,10,846.0,8460.0
2021020905002477,PLI,57,20,10,846.0,8460.0
2021020905002476,PLI,57,49,10,846.0,8460.0
2021020905002487,PLI,44,49,10,847.0,8470.0
2021020905002486,PLI,44,58,10,847.0,8470.0
2021020905002485,PLI,42,10,10,846.0,8460.0
2021020905002484,PLI,21,49,10,847.0,8470.0
2021020905002483,PLI,52,41,30,848.0,25440.0
2021020905002482,PLI,52,38,10,847.0,8470.0
2021020905002493,PLI,42,53,19,846.0,16074.0
2021020905002492,PLI,42,40,10,846.0,8460.0
2021020905002491,PLI,42,39,10,846.0,8460.0
2021020905002490,PLI,44,7,10,847.0,8470.0
2021020905002489,PLI,44,49,10,847.0,8470.0
2021020905002488,PLI,44,36,10,847.0,8470.0
2021020905002499,PLI,42,40,10,846.0,8460.0
2021020905002498,PLI,42,49,10,846.0,8460.0
2021020905002497,PLI,42,39,10,846.0,8460.0
2021020905002496,PLI,42,40,10,846.0,8460.0
2021020905002495,PLI,42,4,10,846.0,8460.0
2021020905002494,PLI,42,22,10,846.0,8460.0
2021020905002505,PLI,42,42,10,846.0,8460.0
2021020905002504,PLI,26,38,10,847.0,8470.0
2021020905002503,PLI,26,47,10,847.0,8470.0
2021020905002502,PLI,26,38,10,847.0,8470.0
2021020905002501,PLI,49,46,10,847.0,8470.0
2021020905002500,PLI,42,52,10,846.0,8460.0
2021020905002511,PLI,10,58,10,847.0,8470.0
2021020905002510,PLI,33,39,10,847.0,8470.0
2021020905002509,PLI,33,49,10,847.0,8470.0
2021020905002508,PLI,33,38,10,847.0,8470.0
2021020905002507,PLI,33,39,10,847.0,8470.0
2021020905002506,PLI,33,34,10,847.0,8470.0
2021020905002517,PLI,13,16,50,847.0,42350.0
2021020905002516,PLI,10,16,60,847.0,50820.0
2021020905002515,PLI,10,35,50,847.0,42350.0
2021020905002514,PLI,10,21,20,847.0,16940.0
2021020905002513,PLI,10,40,10,847.0,8470.0
2021020905002512,PLI,49,41,50,848.0,42400.0
2021020905002523,PLI,42,57,10,846.0,8460.0
2021020905002522,PLI,42,8,10,846.0,8460.0
2021020905002521,PLI,42,40,10,846.0,8460.0
2021020905002520,PLI,42,21,10,846.0,8460.0
2021020905002519,PLI,42,39,10,846.0,8460.0
2021020905002518,PLI,42,40,10,846.0,8460.0
2021020905002529,PLI,42,3,10,846.0,8460.0
2021020905002528,PLI,42,22,10,846.0,8460.0
2021020905002527,PLI,42,42,10,846.0,8460.0
2021020905002526,PLI,42,6,10,846.0,8460.0
2021020905002525,PLI,42,3,10,846.0,8460.0
2021020905002524,PLI,42,40,10,846.0,8460.0
2021020905002535,PLI,42,55,10,846.0,8460.0
2021020905002534,PLI,42,39,10,846.0,8460.0
2021020905002533,PLI,42,3,10,846.0,8460.0
2021020905002532,PLI,42,40,10,846.0,8460.0
2021020905002531,PLI,42,49,10,846.0,8460.0
2021020905002530,PLI,42,19,10,846.0,8460.0
2021020905002541,PLI,42,58,10,846.0,8460.0
2021020905002540,PLI,42,32,10,846.0,8460.0
2021020905002539,PLI,42,58,10,846.0,8460.0
2021020905002538,PLI,42,40,10,846.0,8460.0
2021020905002537,PLI,42,3,10,846.0,8460.0
2021020905002536,PLI,42,58,10,846.0,8460.0
2021020905002547,PLI,28,38,150,847.0,127050.0
2021020905002546,PLI,28,38,10,847.0,8470.0
2021020905002545,PLI,28,49,60,847.0,50820.0
2021020905002544,PLI,28,16,150,847.0,127050.0
2021020905002543,PLI,42,53,10,846.0,8460.0
2021020905002542,PLI,42,40,10,846.0,8460.0
2021020905002553,PLI,42,57,10,846.0,8460.0
2021020905002552,PLI,28,57,90,847.0,76230.0
2021020905002551,PLI,28,40,10,847.0,8470.0
2021020905002550,PLI,28,38,10,847.0,8470.0
2021020905002549,PLI,28,49,10,847.0,8470.0
2021020905002548,PLI,28,38,10,847.0,8470.0
2021020905002559,PLI,42,44,10,846.0,8460.0
2021020905002558,PLI,42,52,10,846.0,8460.0
2021020905002557,PLI,42,3,10,846.0,8460.0
2021020905002556,PLI,42,39,10,846.0,8460.0
2021020905002555,PLI,42,41,10,846.0,8460.0
2021020905002554,PLI,42,3,10,846.0,8460.0
2021020905002565,PLI,29,38,10,847.0,8470.0
2021020905002564,PLI,22,21,10,846.0,8460.0
2021020905002563,PLI,22,58,10,846.0,8460.0
2021020905002562,PLI,42,3,10,846.0,8460.0
2021020905002561,PLI,42,21,10,846.0,8460.0
2021020905002560,PLI,42,58,10,846.0,8460.0
2021020905002571,PLI,57,52,10,848.0,8480.0
2021020905002570,PLI,57,4,10,848.0,8480.0
2021020905002569,PLI,57,29,10,848.0,8480.0
2021020905002568,PLI,57,41,10,848.0,8480.0
2021020905002567,PLI,57,41,80,848.0,67840.0
2021020905002566,PLI,22,58,10,846.0,8460.0
2021020905002577,PLI,41,36,20,848.0,16960.0
2021020905002576,PLI,14,36,20,848.0,16960.0
2021020905002575,PLI,14,39,10,848.0,8480.0
2021020905002574,PLI,14,39,30,848.0,25440.0
2021020905002573,PLI,57,39,70,848.0,59360.0
2021020905002572,PLI,57,19,10,848.0,8480.0
2021020905002583,PLI,41,36,10,848.0,8480.0
2021020905002582,PLI,35,36,50,848.0,42400.0
2021020905002581,PLI,55,57,10,847.0,8470.0
2021020905002580,PLI,55,8,10,847.0,8470.0
2021020905002579,PLI,55,39,10,847.0,8470.0
2021020905002578,PLI,55,45,10,847.0,8470.0
2021020905002589,PLI,39,25,10,849.0,8490.0
2021020905002588,PLI,39,6,10,849.0,8490.0
2021020905002587,PLI,53,33,10,849.0,8490.0
2021020905002586,PLI,53,57,10,849.0,8490.0
2021020905002585,PLI,59,21,10,848.0,8480.0
2021020905002584,PLI,41,58,10,848.0,8480.0
2021020905002595,PLI,42,14,10,849.0,8490.0
2021020905002594,PLI,59,8,10,848.0,8480.0
2021020905002593,PLI,59,42,10,848.0,8480.0
2021020905002592,PLI,59,37,10,848.0,8480.0
2021020905002591,PLI,59,8,10,848.0,8480.0
2021020905002590,PLI,39,57,30,849.0,25470.0
2021020905002601,PLI,45,57,240,848.0,203520.0
2021020905002600,PLI,55,56,10,847.0,8470.0
2021020905002599,PLI,55,37,10,847.0,8470.0
2021020905002598,PLI,55,28,10,847.0,8470.0
2021020905002597,PLI,41,14,20,849.0,16980.0
2021020905002596,PLI,41,56,10,848.0,8480.0
2021020905002607,PLI,56,14,35,849.0,29715.0
2021020905002606,PLI,56,52,10,848.0,8480.0
2021020905002605,PLI,55,8,10,847.0,8470.0
2021020905002604,PLI,55,49,10,847.0,8470.0
2021020905002603,PLI,45,14,250,849.0,212250.0
2021020905002602,PLI,45,57,10,848.0,8480.0
2021020905002613,PLI,55,39,10,847.0,8470.0
2021020905002612,PLI,55,56,10,847.0,8470.0
2021020905002611,PLI,55,58,10,847.0,8470.0
2021020905002610,PLI,55,49,10,847.0,8470.0
2021020905002609,PLI,55,14,10,847.0,8470.0
2021020905002608,PLI,55,39,10,847.0,8470.0
2021020905002619,PLI,47,34,10,848.0,8480.0
2021020905002618,PLI,47,36,10,848.0,8480.0
2021020905002617,PLI,45,14,20,849.0,16980.0
2021020905002616,PLI,47,39,10,848.0,8480.0
2021020905002615,PLI,10,44,10,848.0,8480.0
2021020905002614,PLI,10,11,10,848.0,8480.0
2021020905002625,PLI,47,57,20,848.0,16960.0
2021020905002624,PLI,19,49,20,849.0,16980.0
2021020905002623,PLI,19,38,10,849.0,8490.0
2021020905002622,PLI,19,34,10,849.0,8490.0
2021020905002621,PLI,19,40,10,849.0,8490.0
2021020905002620,PLI,46,14,160,849.0,135840.0
2021020905002631,PLI,21,16,10,849.0,8490.0
2021020905002630,PLI,21,49,30,849.0,25470.0
2021020905002629,PLI,50,32,10,848.0,8480.0
2021020905002628,PLI,50,35,50,848.0,42400.0
2021020905002627,PLI,43,35,100,848.0,84800.0
2021020905002626,PLI,47,35,50,848.0,42400.0
2021020905002637,PLI,52,48,100,850.0,85000.0
2021020905002636,PLI,10,38,10,849.0,8490.0
2021020905002635,PLI,45,48,40,850.0,34000.0
2021020905002634,PLI,5,48,50,850.0,42500.0
2021020905002633,PLI,21,42,10,849.0,8490.0
2021020905002632,PLI,21,14,10,849.0,8490.0
2021020905002643,PLI,10,4,10,849.0,8490.0
2021020905002642,PLI,45,41,10,850.0,8500.0
2021020905002641,PLI,45,56,10,850.0,8500.0
2021020905002640,PLI,45,48,20,850.0,17000.0
2021020905002639,PLI,10,57,10,849.0,8490.0
2021020905002638,PLI,10,38,10,849.0,8490.0
2021020905002649,PLI,47,57,5,850.0,4250.0
2021020905002648,PLI,50,38,10,848.0,8480.0
2021020905002647,PLI,50,38,10,848.0,8480.0
2021020905002646,PLI,50,38,10,848.0,8480.0
2021020905002645,PLI,10,38,10,849.0,8490.0
2021020905002644,PLI,10,38,10,849.0,8490.0
2021020905002655,PLI,1,20,30,848.0,25440.0
2021020905002654,PLI,1,38,10,848.0,8480.0
2021020905002653,PLI,1,38,10,848.0,8480.0
2021020905002652,PLI,14,38,10,848.0,8480.0
2021020905002651,PLI,14,18,10,848.0,8480.0
2021020905002650,PLI,50,38,10,848.0,8480.0
2021020905002661,PLI,26,38,10,848.0,8480.0
2021020905002660,PLI,26,39,10,848.0,8480.0
2021020905002659,PLI,41,18,10,848.0,8480.0
2021020905002658,PLI,1,20,70,848.0,59360.0
2021020905002657,PLI,50,20,10,848.0,8480.0
2021020905002656,PLI,41,20,30,848.0,25440.0
2021020905002667,PLI,26,3,10,848.0,8480.0
2021020905002666,PLI,26,29,10,848.0,8480.0
2021020905002665,PLI,26,4,10,848.0,8480.0
2021020905002664,PLI,26,38,10,848.0,8480.0
2021020905002663,PLI,57,52,10,849.0,8490.0
2021020905002662,PLI,57,50,10,849.0,8490.0
2021020905002673,PLI,45,26,10,849.0,8490.0
2021020905002672,PLI,45,38,10,849.0,8490.0
2021020905002671,PLI,53,57,5,848.0,4240.0
2021020905002670,PLI,45,42,10,849.0,8490.0
2021020905002669,PLI,22,47,10,850.0,8500.0
2021020905002668,PLI,45,57,10,849.0,8490.0
2021020905002679,PLI,8,29,10,849.0,8490.0
2021020905002678,PLI,8,56,10,849.0,8490.0
2021020905002677,PLI,8,41,10,849.0,8490.0
2021020905002676,PLI,26,29,10,848.0,8480.0
2021020905002675,PLI,26,51,10,848.0,8480.0
2021020905002674,PLI,26,29,10,848.0,8480.0
2021020905002685,PLI,7,55,10,850.0,8500.0
2021020905002684,PLI,55,58,10,850.0,8500.0
2021020905002683,PLI,55,42,10,850.0,8500.0
2021020905002682,PLI,55,49,10,850.0,8500.0
2021020905002681,PLI,55,42,10,850.0,8500.0
2021020905002680,PLI,55,40,10,850.0,8500.0
2021020905002691,PLI,52,20,10,850.0,8500.0
2021020905002690,PLI,7,20,50,850.0,42500.0
2021020905002689,PLI,7,59,10,850.0,8500.0
2021020905002688,PLI,7,48,10,850.0,8500.0
2021020905002687,PLI,7,48,10,850.0,8500.0
2021020905002686,PLI,7,6,10,850.0,8500.0
2021020905002697,PLI,52,41,10,850.0,8500.0
2021020905002696,PLI,52,58,10,850.0,8500.0
2021020905002695,PLI,52,13,10,850.0,8500.0
2021020905002694,PLI,52,38,10,850.0,8500.0
2021020905002693,PLI,52,45,10,850.0,8500.0
2021020905002692,PLI,52,41,10,850.0,8500.0
2021020905002703,PLI,52,57,10,850.0,8500.0
2021020905002702,PLI,52,59,10,850.0,8500.0
2021020905002701,PLI,52,42,10,850.0,8500.0
2021020905002700,PLI,52,4,10,850.0,8500.0
2021020905002699,PLI,52,58,10,850.0,8500.0
2021020905002698,PLI,52,22,10,850.0,8500.0
2021020905002709,PLI,52,58,10,850.0,8500.0
2021020905002708,PLI,52,42,10,850.0,8500.0
2021020905002707,PLI,52,39,10,850.0,8500.0
2021020905002706,PLI,52,58,10,850.0,8500.0
2021020905002705,PLI,52,45,10,850.0,8500.0
2021020905002704,PLI,52,59,10,850.0,8500.0
2021020905002715,PLI,5,44,10,850.0,8500.0
2021020905002714,PLI,5,38,10,850.0,8500.0
2021020905002713,PLI,5,21,10,850.0,8500.0
2021020905002712,PLI,5,52,10,850.0,8500.0
2021020905002711,PLI,8,39,10,849.0,8490.0
2021020905002710,PLI,52,1,110,850.0,93500.0
2021020905002721,PLI,5,57,10,850.0,8500.0
2021020905002720,PLI,5,39,10,850.0,8500.0
2021020905002719,PLI,5,47,10,850.0,8500.0
2021020905002718,PLI,5,39,10,850.0,8500.0
2021020905002717,PLI,5,25,10,850.0,8500.0
2021020905002716,PLI,5,56,10,850.0,8500.0
2021020905002727,PLI,5,39,10,850.0,8500.0
2021020905002726,PLI,5,34,10,850.0,8500.0
2021020905002725,PLI,41,7,10,852.0,8520.0
2021020905002724,PLI,41,14,10,852.0,8520.0
2021020905002723,PLI,5,39,10,850.0,8500.0
2021020905002722,PLI,5,21,10,850.0,8500.0
2021020905002733,PLI,5,38,10,850.0,8500.0
2021020905002732,PLI,5,39,10,850.0,8500.0
2021020905002731,PLI,5,58,10,850.0,8500.0
2021020905002730,PLI,5,39,10,850.0,8500.0
2021020905002729,PLI,5,39,10,850.0,8500.0
2021020905002728,PLI,5,34,10,850.0,8500.0
2021020905002739,PLI,58,58,20,851.0,17020.0
2021020905002738,PLI,5,7,10,850.0,8500.0
2021020905002737,PLI,17,17,7,840.0,5880.0
2021020905002736,PLI,5,17,10,850.0,8500.0
2021020905002735,PLI,5,7,10,850.0,8500.0
2021020905002734,PLI,5,34,10,850.0,8500.0
2021020905002745,PLI,43,58,150,851.0,127650.0
2021020905002744,PLI,5,44,10,850.0,8500.0
2021020905002743,PLI,5,7,10,850.0,8500.0
2021020905002742,PLI,5,45,10,850.0,8500.0
2021020905002741,PLI,3,58,30,851.0,25530.0
2021020905002740,PLI,5,34,10,850.0,8500.0
2021020905002751,PLI,5,41,10,850.0,8500.0
2021020905002750,PLI,5,39,50,850.0,42500.0
2021020905002749,PLI,5,49,100,850.0,85000.0
2021020905002748,PLI,5,7,10,850.0,8500.0
2021020905002747,PLI,43,55,10,851.0,8510.0
2021020905002746,PLI,43,11,10,851.0,8510.0
2021020905002757,PLI,5,42,10,850.0,8500.0
2021020905002756,PLI,5,4,10,850.0,8500.0
2021020905002755,PLI,59,57,10,851.0,8510.0
2021020905002754,PLI,5,4,10,850.0,8500.0
2021020905002753,PLI,5,45,10,850.0,8500.0
2021020905002752,PLI,5,4,10,850.0,8500.0
2021020905002763,PLI,52,20,10,850.0,8500.0
2021020905002762,PLI,52,42,10,850.0,8500.0
2021020905002761,PLI,52,4,10,850.0,8500.0
2021020905002760,PLI,52,22,10,850.0,8500.0
2021020905002759,PLI,52,22,20,850.0,17000.0
2021020905002758,PLI,41,22,10,850.0,8500.0
2021020905002269,PLI,59,40,10,847.0,8470.0
2021020905002268,PLI,59,14,10,847.0,8470.0
2021020905002267,PLI,59,10,10,847.0,8470.0
2021020905002266,PLI,59,13,10,847.0,8470.0
2021020905002265,PLI,59,57,10,847.0,8470.0
2021020905002264,PLI,58,58,10,847.0,8470.0
2021020905001771,PLI,42,32,10,855.0,8550.0
2021020905001770,PLI,42,29,10,855.0,8550.0
2021020905001777,PLI,42,40,100,855.0,85500.0
2021020905001776,PLI,42,34,10,855.0,8550.0
2021020905001775,PLI,42,21,10,855.0,8550.0
2021020905001774,PLI,42,38,10,855.0,8550.0
2021020905001773,PLI,42,22,10,855.0,8550.0
2021020905001772,PLI,42,58,10,855.0,8550.0
2021020905001783,PLI,42,21,10,855.0,8550.0
2021020905001782,PLI,42,36,70,855.0,59850.0
2021020905001781,PLI,42,28,50,855.0,42750.0
2021020905001780,PLI,42,28,10,855.0,8550.0
2021020905001779,PLI,42,13,40,855.0,34200.0
2021020905001778,PLI,42,57,10,855.0,8550.0
2021020905001789,PLI,42,41,10,855.0,8550.0
2021020905001788,PLI,42,7,10,855.0,8550.0
2021020905001787,PLI,42,59,10,855.0,8550.0
2021020905001786,PLI,42,38,10,855.0,8550.0
2021020905001785,PLI,42,29,10,855.0,8550.0
2021020905001784,PLI,42,57,10,855.0,8550.0
2021020905001795,PLI,59,51,10,856.0,8560.0
2021020905001794,PLI,59,14,10,856.0,8560.0
2021020905001793,PLI,59,22,10,856.0,8560.0
2021020905001792,PLI,59,17,10,856.0,8560.0
2021020905001791,PLI,59,56,10,856.0,8560.0
2021020905001790,PLI,59,47,10,856.0,8560.0
2021020905001801,PLI,42,58,10,855.0,8550.0
2021020905001800,PLI,58,25,10,856.0,8560.0
2021020905001799,PLI,42,38,10,855.0,8550.0
2021020905001798,PLI,59,13,10,856.0,8560.0
2021020905001797,PLI,59,51,10,856.0,8560.0
2021020905001796,PLI,59,47,10,856.0,8560.0
2021020905001807,PLI,41,49,10,856.0,8560.0
2021020905001806,PLI,41,46,10,856.0,8560.0
2021020905001805,PLI,41,29,10,856.0,8560.0
2021020905001804,PLI,41,45,10,856.0,8560.0
2021020905001803,PLI,20,45,10,856.0,8560.0
2021020905001802,PLI,42,19,10,855.0,8550.0
2021020905001813,PLI,22,19,10,857.0,8570.0
2021020905001812,PLI,41,28,10,856.0,8560.0
2021020905001811,PLI,41,45,10,856.0,8560.0
2021020905001810,PLI,41,38,10,856.0,8560.0
2021020905001809,PLI,41,49,10,856.0,8560.0
2021020905001808,PLI,41,49,10,856.0,8560.0
2021020905001819,PLI,55,11,20,856.0,17120.0
2021020905001818,PLI,55,7,10,856.0,8560.0
2021020905001817,PLI,55,41,10,856.0,8560.0
2021020905001816,PLI,55,49,10,856.0,8560.0
2021020905001815,PLI,55,11,90,856.0,77040.0
2021020905001814,PLI,41,11,110,856.0,94160.0
2021020905001825,PLI,42,52,10,855.0,8550.0
2021020905001824,PLI,42,49,10,855.0,8550.0
2021020905001823,PLI,42,59,10,855.0,8550.0
2021020905001822,PLI,52,22,10,857.0,8570.0
2021020905001821,PLI,52,19,10,857.0,8570.0
2021020905001820,PLI,42,11,170,855.0,145350.0
2021020905001831,PLI,42,56,10,855.0,8550.0
2021020905001830,PLI,42,28,10,855.0,8550.0
2021020905001829,PLI,42,6,10,855.0,8550.0
2021020905001828,PLI,42,7,10,855.0,8550.0
2021020905001827,PLI,42,56,10,855.0,8550.0
2021020905001826,PLI,42,21,10,855.0,8550.0
2021020905001837,PLI,42,58,10,855.0,8550.0
2021020905001836,PLI,42,28,10,855.0,8550.0
2021020905001835,PLI,42,19,10,855.0,8550.0
2021020905001834,PLI,42,36,10,855.0,8550.0
2021020905001833,PLI,46,58,10,856.0,8560.0
2021020905001832,PLI,46,45,10,856.0,8560.0
2021020905001843,PLI,21,25,10,855.0,8550.0
2021020905001842,PLI,21,36,10,855.0,8550.0
2021020905001841,PLI,21,58,10,855.0,8550.0
2021020905001840,PLI,21,57,10,855.0,8550.0
2021020905001839,PLI,21,49,10,855.0,8550.0
2021020905001838,PLI,21,7,10,855.0,8550.0
2021020905001849,PLI,21,58,10,855.0,8550.0
2021020905001848,PLI,21,25,10,855.0,8550.0
2021020905001847,PLI,21,58,10,855.0,8550.0
2021020905001846,PLI,21,34,10,855.0,8550.0
2021020905001845,PLI,21,8,10,855.0,8550.0
2021020905001844,PLI,21,58,10,855.0,8550.0
2021020905001855,PLI,21,25,10,855.0,8550.0
2021020905001854,PLI,21,36,10,855.0,8550.0
2021020905001853,PLI,21,58,10,855.0,8550.0
2021020905001852,PLI,21,51,10,855.0,8550.0
2021020905001851,PLI,21,58,10,855.0,8550.0
2021020905001850,PLI,21,49,10,855.0,8550.0
2021020905001861,PLI,58,34,30,854.0,25620.0
2021020905001860,PLI,58,32,10,854.0,8540.0
2021020905001859,PLI,58,34,10,854.0,8540.0
2021020905001858,PLI,58,39,10,854.0,8540.0
2021020905001857,PLI,21,25,10,855.0,8550.0
2021020905001856,PLI,21,32,10,855.0,8550.0
2021020905001867,PLI,33,7,10,851.0,8510.0
2021020905001866,PLI,33,39,10,851.0,8510.0
2021020905001865,PLI,33,55,10,851.0,8510.0
2021020905001864,PLI,33,57,10,851.0,8510.0
2021020905001863,PLI,51,56,10,853.0,8530.0
2021020905001862,PLI,51,58,10,853.0,8530.0
2021020905001873,PLI,33,39,10,851.0,8510.0
2021020905001872,PLI,33,38,10,851.0,8510.0
2021020905001871,PLI,33,22,50,851.0,42550.0
2021020905001870,PLI,33,39,10,851.0,8510.0
2021020905001869,PLI,33,16,10,851.0,8510.0
2021020905001868,PLI,33,37,10,851.0,8510.0
2021020905001879,PLI,35,56,10,852.0,8520.0
2021020905001878,PLI,33,16,10,851.0,8510.0
2021020905001877,PLI,58,39,10,854.0,8540.0
2021020905001876,PLI,58,34,20,854.0,17080.0
2021020905001875,PLI,58,55,10,853.0,8530.0
2021020905001874,PLI,58,7,10,853.0,8530.0
2021020905001885,PLI,33,7,10,851.0,8510.0
2021020905001884,PLI,33,56,10,851.0,8510.0
2021020905001883,PLI,35,50,10,852.0,8520.0
2021020905001882,PLI,35,16,10,852.0,8520.0
2021020905001881,PLI,35,19,10,852.0,8520.0
2021020905001880,PLI,35,7,10,852.0,8520.0
2021020905001891,PLI,1,57,10,851.0,8510.0
2021020905001890,PLI,1,38,10,851.0,8510.0
2021020905001889,PLI,1,7,10,851.0,8510.0
2021020905001888,PLI,33,48,10,851.0,8510.0
2021020905001887,PLI,33,56,10,851.0,8510.0
2021020905001886,PLI,33,38,10,851.0,8510.0
2021020905001897,PLI,1,45,10,851.0,8510.0
2021020905001896,PLI,1,7,10,851.0,8510.0
2021020905001895,PLI,1,21,10,851.0,8510.0
2021020905001894,PLI,1,38,10,851.0,8510.0
2021020905001893,PLI,1,29,10,851.0,8510.0
2021020905001892,PLI,1,58,10,851.0,8510.0
2021020905001903,PLI,45,21,10,852.0,8520.0
2021020905001902,PLI,38,49,10,854.0,8540.0
2021020905001901,PLI,32,7,10,851.0,8510.0
2021020905001900,PLI,32,50,10,851.0,8510.0
2021020905001899,PLI,32,48,10,851.0,8510.0
2021020905001898,PLI,1,43,10,851.0,8510.0
2021020905001909,PLI,44,7,10,853.0,8530.0
2021020905001908,PLI,44,57,10,853.0,8530.0
2021020905001907,PLI,44,45,10,853.0,8530.0
2021020905001906,PLI,44,42,10,853.0,8530.0
2021020905001905,PLI,32,34,10,851.0,8510.0
2021020905001904,PLI,45,32,10,852.0,8520.0
2021020905001915,PLI,32,45,10,851.0,8510.0
2021020905001914,PLI,32,57,10,851.0,8510.0
2021020905001913,PLI,32,45,10,851.0,8510.0
2021020905001912,PLI,4,42,30,854.0,25620.0
2021020905001911,PLI,4,6,10,854.0,8540.0
2021020905001910,PLI,44,39,10,853.0,8530.0
2021020905001921,PLI,21,50,10,851.0,8510.0
2021020905001920,PLI,21,13,10,851.0,8510.0
2021020905001919,PLI,21,45,10,851.0,8510.0
2021020905001918,PLI,32,34,10,851.0,8510.0
2021020905001917,PLI,32,55,10,851.0,8510.0
2021020905001916,PLI,32,7,10,851.0,8510.0
2021020905001927,PLI,45,13,10,853.0,8530.0
2021020905001926,PLI,45,45,10,853.0,8530.0
2021020905001925,PLI,45,6,10,853.0,8530.0
2021020905001924,PLI,45,13,10,853.0,8530.0
2021020905001923,PLI,45,33,10,853.0,8530.0
2021020905001922,PLI,21,45,10,851.0,8510.0
2021020905001933,PLI,21,38,10,851.0,8510.0
2021020905001932,PLI,21,45,10,851.0,8510.0
2021020905001931,PLI,45,13,10,853.0,8530.0
2021020905001930,PLI,45,6,10,853.0,8530.0
2021020905001929,PLI,45,45,10,853.0,8530.0
2021020905001928,PLI,45,6,10,853.0,8530.0
2021020905001939,PLI,44,45,10,851.0,8510.0
2021020905001938,PLI,44,58,10,851.0,8510.0
2021020905001937,PLI,21,57,10,851.0,8510.0
2021020905001936,PLI,21,45,10,851.0,8510.0
2021020905001935,PLI,21,13,10,851.0,8510.0
2021020905001934,PLI,21,58,10,851.0,8510.0
2021020905001945,PLI,20,6,10,850.0,8500.0
2021020905001944,PLI,20,56,10,850.0,8500.0
2021020905001943,PLI,20,22,10,850.0,8500.0
2021020905001942,PLI,20,50,10,850.0,8500.0
2021020905001941,PLI,20,29,10,850.0,8500.0
2021020905001940,PLI,20,41,10,850.0,8500.0
2021020905001951,PLI,58,39,10,851.0,8510.0
2021020905001950,PLI,20,26,10,850.0,8500.0
2021020905001949,PLI,58,58,10,851.0,8510.0
2021020905001948,PLI,20,22,10,850.0,8500.0
2021020905001947,PLI,20,56,10,850.0,8500.0
2021020905001946,PLI,20,29,10,850.0,8500.0
2021020905001957,PLI,20,7,10,850.0,8500.0
2021020905001956,PLI,20,14,10,850.0,8500.0
2021020905001955,PLI,20,34,10,850.0,8500.0
2021020905001954,PLI,58,22,10,851.0,8510.0
2021020905001953,PLI,20,58,10,850.0,8500.0
2021020905001952,PLI,20,45,10,850.0,8500.0
2021020905001963,PLI,20,49,10,850.0,8500.0
2021020905001962,PLI,20,14,10,850.0,8500.0
2021020905001961,PLI,20,14,10,850.0,8500.0
2021020905001960,PLI,20,57,10,850.0,8500.0
2021020905001959,PLI,20,29,10,850.0,8500.0
2021020905001958,PLI,20,1,10,850.0,8500.0
2021020905001969,PLI,20,14,10,850.0,8500.0
2021020905001968,PLI,1,40,10,851.0,8510.0
2021020905001967,PLI,20,14,10,850.0,8500.0
2021020905001966,PLI,20,39,10,850.0,8500.0
2021020905001965,PLI,20,6,10,850.0,8500.0
2021020905001964,PLI,20,57,10,850.0,8500.0
2021020905001975,PLI,39,45,10,851.0,8510.0
2021020905001974,PLI,39,14,10,851.0,8510.0
2021020905001973,PLI,39,45,10,851.0,8510.0
2021020905001972,PLI,39,42,10,851.0,8510.0
2021020905001971,PLI,39,14,10,851.0,8510.0
2021020905001970,PLI,39,35,50,851.0,42550.0
2021020905001981,PLI,20,14,10,850.0,8500.0
2021020905001980,PLI,20,49,10,850.0,8500.0
2021020905001979,PLI,39,1,10,851.0,8510.0
2021020905001978,PLI,39,44,10,851.0,8510.0
2021020905001977,PLI,39,57,10,851.0,8510.0
2021020905001976,PLI,39,14,10,851.0,8510.0
2021020905001987,PLI,20,45,10,850.0,8500.0
2021020905001986,PLI,20,14,10,850.0,8500.0
2021020905001985,PLI,20,14,10,850.0,8500.0
2021020905001984,PLI,20,35,10,850.0,8500.0
2021020905001983,PLI,20,58,10,850.0,8500.0
2021020905001982,PLI,20,38,10,850.0,8500.0
2021020905001993,PLI,25,58,10,850.0,8500.0
2021020905001992,PLI,25,50,10,850.0,8500.0
2021020905001991,PLI,25,42,10,850.0,8500.0
2021020905001990,PLI,25,14,10,850.0,8500.0
2021020905001989,PLI,25,22,10,850.0,8500.0
2021020905001988,PLI,20,57,10,850.0,8500.0
2021020905001999,PLI,25,14,10,850.0,8500.0
2021020905001998,PLI,25,6,10,850.0,8500.0
2021020905001997,PLI,25,58,10,850.0,8500.0
2021020905001996,PLI,25,48,30,850.0,25500.0
2021020905001995,PLI,25,35,10,850.0,8500.0
2021020905001994,PLI,25,45,10,850.0,8500.0
2021020905002005,PLI,25,22,10,850.0,8500.0
2021020905002004,PLI,25,58,10,850.0,8500.0
2021020905002003,PLI,25,34,10,850.0,8500.0
2021020905002002,PLI,25,57,10,850.0,8500.0
2021020905002001,PLI,25,38,10,850.0,8500.0
2021020905002000,PLI,25,58,10,850.0,8500.0
2021020905002011,PLI,38,34,10,851.0,8510.0
2021020905002010,PLI,38,57,10,851.0,8510.0
2021020905002009,PLI,38,46,10,851.0,8510.0
2021020905002008,PLI,38,41,100,851.0,85100.0
2021020905002007,PLI,38,49,50,851.0,42550.0
2021020905002006,PLI,25,57,10,850.0,8500.0
2021020905002017,PLI,43,22,10,852.0,8520.0
2021020905002016,PLI,38,57,10,851.0,8510.0
2021020905002015,PLI,38,59,10,851.0,8510.0
2021020905002014,PLI,38,47,10,851.0,8510.0
2021020905002013,PLI,38,44,10,851.0,8510.0
2021020905002012,PLI,38,14,10,851.0,8510.0
2021020905002023,PLI,43,19,10,852.0,8520.0
2021020905002022,PLI,43,14,100,852.0,85200.0
2021020905002021,PLI,43,35,10,852.0,8520.0
2021020905002020,PLI,43,42,10,852.0,8520.0
2021020905002019,PLI,43,21,10,852.0,8520.0
2021020905002018,PLI,43,45,10,852.0,8520.0
2021020905002029,PLI,25,57,10,850.0,8500.0
2021020905002028,PLI,56,45,10,851.0,8510.0
2021020905002027,PLI,38,57,10,851.0,8510.0
2021020905002026,PLI,38,16,10,851.0,8510.0
2021020905002025,PLI,43,25,10,852.0,8520.0
2021020905002024,PLI,43,49,10,852.0,8520.0
2021020905002035,PLI,6,58,20,851.0,17020.0
2021020905002034,PLI,25,34,10,850.0,8500.0
2021020905002033,PLI,25,22,10,850.0,8500.0
2021020905002032,PLI,25,11,10,850.0,8500.0
2021020905002031,PLI,25,21,10,850.0,8500.0
2021020905002030,PLI,25,45,100,850.0,85000.0
2021020905002041,PLI,18,59,10,852.0,8520.0
2021020905002040,PLI,18,45,10,852.0,8520.0
2021020905002039,PLI,18,45,10,852.0,8520.0
2021020905002038,PLI,6,49,10,851.0,8510.0
2021020905002037,PLI,6,38,10,851.0,8510.0
2021020905002036,PLI,6,58,10,851.0,8510.0
2021020905002047,PLI,18,18,10,852.0,8520.0
2021020905002046,PLI,18,57,10,852.0,8520.0
2021020905002045,PLI,18,42,10,852.0,8520.0
2021020905002044,PLI,18,34,10,852.0,8520.0
2021020905002043,PLI,18,38,10,852.0,8520.0
2021020905002042,PLI,18,57,10,852.0,8520.0
2021020905002053,PLI,6,22,10,851.0,8510.0
2021020905002052,PLI,6,47,10,851.0,8510.0
2021020905002051,PLI,6,38,10,851.0,8510.0
2021020905002050,PLI,6,57,10,851.0,8510.0
2021020905002049,PLI,6,18,10,851.0,8510.0
2021020905002048,PLI,18,7,10,852.0,8520.0
2021020905002059,PLI,25,57,10,850.0,8500.0
2021020905002058,PLI,25,58,10,850.0,8500.0
2021020905002057,PLI,25,58,10,850.0,8500.0
2021020905002056,PLI,51,28,10,851.0,8510.0
2021020905002055,PLI,6,49,10,851.0,8510.0
2021020905002054,PLI,6,45,10,851.0,8510.0
2021020905002065,PLI,47,14,10,851.0,8510.0
2021020905002064,PLI,25,58,10,850.0,8500.0
2021020905002063,PLI,25,45,10,850.0,8500.0
2021020905002062,PLI,25,58,10,850.0,8500.0
2021020905002061,PLI,25,22,10,850.0,8500.0
2021020905002060,PLI,25,58,10,850.0,8500.0
2021020905002071,PLI,22,6,10,850.0,8500.0
2021020905002070,PLI,16,45,10,850.0,8500.0
2021020905002069,PLI,16,6,20,850.0,17000.0
2021020905002068,PLI,45,6,10,850.0,8500.0
2021020905002067,PLI,25,6,70,850.0,59500.0
2021020905002066,PLI,47,53,10,851.0,8510.0
2021020905002077,PLI,51,11,10,851.0,8510.0
2021020905002076,PLI,51,42,10,851.0,8510.0
2021020905002075,PLI,22,38,10,850.0,8500.0
2021020905002074,PLI,22,28,10,850.0,8500.0
2021020905002073,PLI,22,22,10,850.0,8500.0
2021020905002072,PLI,22,40,10,850.0,8500.0
2021020905002083,PLI,40,40,10,850.0,8500.0
2021020905002082,PLI,40,41,10,850.0,8500.0
2021020905002081,PLI,43,42,10,850.0,8500.0
2021020905002080,PLI,51,38,10,851.0,8510.0
2021020905002079,PLI,51,38,10,851.0,8510.0
2021020905002078,PLI,51,53,10,851.0,8510.0
2021020905002089,PLI,1,35,10,849.0,8490.0
2021020905002088,PLI,1,17,10,849.0,8490.0
2021020905002087,PLI,32,39,170,850.0,144500.0
2021020905002086,PLI,32,26,10,850.0,8500.0
2021020905002085,PLI,32,54,10,850.0,8500.0
2021020905002084,PLI,32,4,10,850.0,8500.0
2021020905002095,PLI,17,53,10,849.0,8490.0
2021020905002094,PLI,17,39,20,849.0,16980.0
2021020905002093,PLI,36,46,10,848.0,8480.0
2021020905002092,PLI,36,34,10,848.0,8480.0
2021020905002091,PLI,44,39,30,849.0,25470.0
2021020905002090,PLI,1,39,50,849.0,42450.0
2021020905002101,PLI,36,35,10,848.0,8480.0
2021020905002100,PLI,36,42,10,848.0,8480.0
2021020905002099,PLI,36,51,10,848.0,8480.0
2021020905002098,PLI,57,55,30,849.0,25470.0
2021020905002097,PLI,36,42,10,848.0,8480.0
2021020905002096,PLI,17,39,20,850.0,17000.0
2021020905002107,PLI,32,39,150,848.0,127200.0
2021020905002106,PLI,42,39,30,848.0,25440.0
2021020905002105,PLI,16,39,100,848.0,84800.0
2021020905002104,PLI,36,39,20,848.0,16960.0
2021020905002103,PLI,36,59,10,848.0,8480.0
2021020905002102,PLI,36,6,10,848.0,8480.0
2021020905002113,PLI,3,32,10,847.0,8470.0
2021020905002112,PLI,3,58,10,847.0,8470.0
2021020905002111,PLI,41,39,100,848.0,84800.0
2021020905002110,PLI,41,39,50,848.0,42400.0
2021020905002109,PLI,29,39,50,848.0,42400.0
2021020905002108,PLI,22,39,50,848.0,42400.0
2021020905002119,PLI,3,22,10,847.0,8470.0
2021020905002118,PLI,3,58,10,847.0,8470.0
2021020905002117,PLI,3,49,10,847.0,8470.0
2021020905002116,PLI,17,39,25,848.0,21200.0
2021020905002115,PLI,3,49,10,847.0,8470.0
2021020905002114,PLI,48,39,10,848.0,8480.0
2021020905002125,PLI,39,45,10,848.0,8480.0
2021020905002124,PLI,39,25,10,848.0,8480.0
2021020905002123,PLI,39,42,10,848.0,8480.0
2021020905002122,PLI,39,29,10,848.0,8480.0
2021020905002121,PLI,3,35,10,847.0,8470.0
2021020905002120,PLI,3,48,10,847.0,8470.0
2021020905002131,PLI,11,25,10,848.0,8480.0
2021020905002130,PLI,11,39,420,848.0,356160.0
2021020905002129,PLI,49,42,20,850.0,17000.0
2021020905002128,PLI,49,25,10,848.0,8480.0
2021020905002127,PLI,49,28,10,848.0,8480.0
2021020905002126,PLI,39,25,10,848.0,8480.0
2021020905002137,PLI,25,38,10,848.0,8480.0
2021020905002136,PLI,25,58,200,848.0,169600.0
2021020905002135,PLI,11,58,30,848.0,25440.0
2021020905002134,PLI,11,53,10,848.0,8480.0
2021020905002133,PLI,11,38,10,848.0,8480.0
2021020905002132,PLI,11,57,10,848.0,8480.0
2021020905002143,PLI,25,45,10,848.0,8480.0
2021020905002142,PLI,58,26,10,849.0,8490.0
2021020905002141,PLI,58,47,10,849.0,8490.0
2021020905002140,PLI,58,40,10,849.0,8490.0
2021020905002139,PLI,25,39,10,848.0,8480.0
2021020905002138,PLI,25,42,10,848.0,8480.0
2021020905002149,PLI,25,40,10,848.0,8480.0
2021020905002148,PLI,25,29,10,848.0,8480.0
2021020905002147,PLI,25,26,10,848.0,8480.0
2021020905002146,PLI,25,58,10,848.0,8480.0
2021020905002145,PLI,25,45,10,848.0,8480.0
2021020905002144,PLI,25,45,10,848.0,8480.0
2021020905002155,PLI,43,51,10,848.0,8480.0
2021020905002154,PLI,43,45,10,848.0,8480.0
2021020905002153,PLI,43,21,10,848.0,8480.0
2021020905002152,PLI,3,55,10,847.0,8470.0
2021020905002151,PLI,14,39,10,848.0,8480.0
2021020905002150,PLI,14,41,10,848.0,8480.0
2021020905002161,PLI,45,55,10,849.0,8490.0
2021020905002160,PLI,45,50,10,849.0,8490.0
2021020905002159,PLI,43,39,10,848.0,8480.0
2021020905002158,PLI,43,40,10,848.0,8480.0
2021020905002157,PLI,43,49,10,848.0,8480.0
2021020905002156,PLI,43,58,10,848.0,8480.0
2021020905002167,PLI,43,34,10,848.0,8480.0
2021020905002166,PLI,43,41,10,848.0,8480.0
2021020905002165,PLI,43,20,10,848.0,8480.0
2021020905002164,PLI,43,22,10,848.0,8480.0
2021020905002163,PLI,45,42,170,850.0,144500.0
2021020905002162,PLI,45,58,10,849.0,8490.0
2021020905002173,PLI,43,28,10,848.0,8480.0
2021020905002172,PLI,43,41,10,848.0,8480.0
2021020905002171,PLI,43,34,10,848.0,8480.0
2021020905002170,PLI,43,26,10,848.0,8480.0
2021020905002169,PLI,43,47,10,848.0,8480.0
2021020905002168,PLI,43,58,10,848.0,8480.0
2021020905002179,PLI,48,53,10,849.0,8490.0
2021020905002178,PLI,34,26,10,848.0,8480.0
2021020905002177,PLI,41,41,10,848.0,8480.0
2021020905002176,PLI,43,22,10,848.0,8480.0
2021020905002175,PLI,43,34,10,848.0,8480.0
2021020905002174,PLI,43,22,10,848.0,8480.0
2021020905002185,PLI,29,49,10,849.0,8490.0
2021020905002184,PLI,29,41,10,849.0,8490.0
2021020905002183,PLI,50,42,10,850.0,8500.0
2021020905002182,PLI,32,42,50,850.0,42500.0
2021020905002181,PLI,29,34,10,849.0,8490.0
2021020905002180,PLI,29,58,41,849.0,34809.0
2021020905002191,PLI,3,35,10,850.0,8500.0
2021020905002190,PLI,3,59,10,850.0,8500.0
2021020905002189,PLI,3,38,10,850.0,8500.0
2021020905002188,PLI,3,45,10,850.0,8500.0
2021020905002187,PLI,29,11,10,849.0,8490.0
2021020905002186,PLI,29,41,10,849.0,8490.0
2021020905002197,PLI,3,45,10,850.0,8500.0
2021020905002196,PLI,3,58,10,850.0,8500.0
2021020905002195,PLI,3,42,10,850.0,8500.0
2021020905002194,PLI,3,57,"1,000",850.0,850000.0
2021020905002193,PLI,3,22,10,850.0,8500.0
2021020905002192,PLI,3,58,10,850.0,8500.0
2021020905002203,PLI,3,21,10,850.0,8500.0
2021020905002202,PLI,3,55,10,850.0,8500.0
2021020905002201,PLI,3,25,10,850.0,8500.0
2021020905002200,PLI,3,4,10,850.0,8500.0
2021020905002199,PLI,3,42,10,850.0,8500.0
2021020905002198,PLI,3,58,10,850.0,8500.0
2021020905002209,PLI,3,29,10,850.0,8500.0
2021020905002208,PLI,3,51,10,850.0,8500.0
2021020905002207,PLI,3,19,10,850.0,8500.0
2021020905002206,PLI,3,58,10,850.0,8500.0
2021020905002205,PLI,3,55,10,850.0,8500.0
2021020905002204,PLI,3,4,10,850.0,8500.0
2021020905002215,PLI,34,49,10,848.0,8480.0
2021020905002214,PLI,34,8,10,848.0,8480.0
2021020905002213,PLI,34,21,10,848.0,8480.0
2021020905002212,PLI,34,57,10,848.0,8480.0
2021020905002211,PLI,45,17,10,849.0,8490.0
2021020905002210,PLI,3,48,790,850.0,671500.0
2021020905002221,PLI,34,35,10,848.0,8480.0
2021020905002220,PLI,34,49,10,848.0,8480.0
2021020905002219,PLI,34,38,10,848.0,8480.0
2021020905002218,PLI,34,8,10,848.0,8480.0
2021020905002217,PLI,34,58,10,848.0,8480.0
2021020905002216,PLI,34,52,10,848.0,8480.0
2021020905002227,PLI,39,6,10,849.0,8490.0
2021020905002226,PLI,39,48,10,849.0,8490.0
2021020905002225,PLI,34,4,10,848.0,8480.0
2021020905002224,PLI,34,54,10,848.0,8480.0
2021020905002223,PLI,34,43,10,848.0,8480.0
2021020905002222,PLI,34,39,10,848.0,8480.0
2021020905002233,PLI,39,36,10,849.0,8490.0
2021020905002232,PLI,39,6,10,849.0,8490.0
2021020905002231,PLI,39,38,10,849.0,8490.0
2021020905002230,PLI,39,33,10,849.0,8490.0
2021020905002229,PLI,39,34,10,849.0,8490.0
2021020905002228,PLI,39,28,10,849.0,8490.0
2021020905002239,PLI,28,38,10,848.0,8480.0
2021020905002238,PLI,28,17,10,848.0,8480.0
2021020905002237,PLI,28,35,10,848.0,8480.0
2021020905002236,PLI,28,38,10,848.0,8480.0
2021020905002235,PLI,39,17,10,849.0,8490.0
2021020905002234,PLI,39,38,10,849.0,8490.0
2021020905002245,PLI,28,36,10,848.0,8480.0
2021020905002244,PLI,28,53,10,848.0,8480.0
2021020905002243,PLI,28,51,10,848.0,8480.0
2021020905002242,PLI,28,45,10,848.0,8480.0
2021020905002241,PLI,28,13,10,848.0,8480.0
2021020905002240,PLI,28,42,10,848.0,8480.0
2021020905002251,PLI,3,54,30,847.0,25410.0
2021020905002250,PLI,3,53,10,847.0,8470.0
2021020905002249,PLI,3,7,785,847.0,664895.0
2021020905002248,PLI,39,7,100,848.0,84800.0
2021020905002247,PLI,45,7,25,848.0,21200.0
2021020905002246,PLI,28,7,90,848.0,76320.0
2021020905002257,PLI,58,48,10,847.0,8470.0
2021020905002256,PLI,49,48,10,847.0,8470.0
2021020905002255,PLI,49,4,10,847.0,8470.0
2021020905002254,PLI,49,42,10,847.0,8470.0
2021020905002253,PLI,49,11,15,847.0,12705.0
2021020905002252,PLI,3,11,25,847.0,21175.0
2021020905002263,PLI,11,36,10,848.0,8480.0
2021020905002262,PLI,43,22,10,848.0,8480.0
2021020905002261,PLI,43,35,10,848.0,8480.0
2021020905002260,PLI,43,36,10,848.0,8480.0
2021020905002259,PLI,43,36,10,848.0,8480.0
2021020905002258,PLI,43,52,10,848.0,8480.0
2021020905001769,PLI,42,34,10,855.0,8550.0
2021020905001768,PLI,42,57,10,855.0,8550.0
2021020905001767,PLI,42,35,10,855.0,8550.0
2021020905001766,PLI,42,46,10,855.0,8550.0
2021020905001765,PLI,42,49,10,855.0,8550.0
2021020905001764,PLI,42,33,10,855.0,8550.0
2021020905001271,PLI,51,28,10,840.0,8400.0
2021020905001270,PLI,51,16,10,840.0,8400.0
2021020905001277,PLI,51,13,10,840.0,8400.0
2021020905001276,PLI,51,6,10,840.0,8400.0
2021020905001275,PLI,51,35,50,840.0,42000.0
2021020905001274,PLI,51,6,10,840.0,8400.0
2021020905001273,PLI,51,13,10,840.0,8400.0
2021020905001272,PLI,51,57,10,840.0,8400.0
2021020905001283,PLI,51,47,10,840.0,8400.0
2021020905001282,PLI,51,53,10,840.0,8400.0
2021020905001281,PLI,51,41,10,840.0,8400.0
2021020905001280,PLI,51,47,10,840.0,8400.0
2021020905001279,PLI,51,17,10,840.0,8400.0
2021020905001278,PLI,51,13,10,840.0,8400.0
2021020905001289,PLI,51,41,10,840.0,8400.0
2021020905001288,PLI,51,38,10,840.0,8400.0
2021020905001287,PLI,51,52,10,840.0,8400.0
2021020905001286,PLI,51,41,10,840.0,8400.0
2021020905001285,PLI,51,49,10,840.0,8400.0
2021020905001284,PLI,51,44,10,840.0,8400.0
2021020905001295,PLI,51,26,10,839.0,8390.0
2021020905001294,PLI,51,38,10,839.0,8390.0
2021020905001293,PLI,51,39,10,839.0,8390.0
2021020905001292,PLI,51,21,10,839.0,8390.0
2021020905001291,PLI,51,4,30,840.0,25200.0
2021020905001290,PLI,51,34,10,840.0,8400.0
2021020905001301,PLI,20,4,170,840.0,142800.0
2021020905001300,PLI,51,51,10,839.0,8390.0
2021020905001299,PLI,51,42,10,839.0,8390.0
2021020905001298,PLI,51,39,10,839.0,8390.0
2021020905001297,PLI,51,52,10,839.0,8390.0
2021020905001296,PLI,51,39,10,839.0,8390.0
2021020905001307,PLI,20,42,10,840.0,8400.0
2021020905001306,PLI,20,54,10,840.0,8400.0
2021020905001305,PLI,20,58,10,840.0,8400.0
2021020905001304,PLI,20,51,10,840.0,8400.0
2021020905001303,PLI,20,49,10,840.0,8400.0
2021020905001302,PLI,20,51,10,840.0,8400.0
2021020905001313,PLI,51,45,10,839.0,8390.0
2021020905001312,PLI,51,39,10,839.0,8390.0
2021020905001311,PLI,20,17,200,840.0,168000.0
2021020905001310,PLI,20,49,10,840.0,8400.0
2021020905001309,PLI,20,17,10,840.0,8400.0
2021020905001308,PLI,20,45,50,840.0,42000.0
2021020905001319,PLI,42,25,10,840.0,8400.0
2021020905001318,PLI,42,49,10,840.0,8400.0
2021020905001317,PLI,42,17,300,840.0,252000.0
2021020905001316,PLI,58,45,10,839.0,8390.0
2021020905001315,PLI,58,3,20,839.0,16780.0
2021020905001314,PLI,51,3,80,839.0,67120.0
2021020905001325,PLI,42,54,10,840.0,8400.0
2021020905001324,PLI,42,13,10,840.0,8400.0
2021020905001323,PLI,42,26,10,840.0,8400.0
2021020905001322,PLI,42,13,10,840.0,8400.0
2021020905001321,PLI,42,45,20,840.0,16800.0
2021020905001320,PLI,42,38,10,840.0,8400.0
2021020905001331,PLI,42,52,10,840.0,8400.0
2021020905001330,PLI,42,35,40,840.0,33600.0
2021020905001329,PLI,42,55,10,840.0,8400.0
2021020905001328,PLI,42,58,10,840.0,8400.0
2021020905001327,PLI,42,14,10,840.0,8400.0
2021020905001326,PLI,42,58,10,840.0,8400.0
2021020905001337,PLI,42,1,10,840.0,8400.0
2021020905001336,PLI,42,34,10,840.0,8400.0
2021020905001335,PLI,42,51,10,840.0,8400.0
2021020905001334,PLI,42,4,10,840.0,8400.0
2021020905001333,PLI,42,41,10,840.0,8400.0
2021020905001332,PLI,42,58,10,840.0,8400.0
2021020905001343,PLI,26,11,10,841.0,8410.0
2021020905001342,PLI,26,42,10,841.0,8410.0
2021020905001341,PLI,42,41,10,840.0,8400.0
2021020905001340,PLI,42,35,10,840.0,8400.0
2021020905001339,PLI,42,20,10,840.0,8400.0
2021020905001338,PLI,42,59,10,840.0,8400.0
2021020905001349,PLI,33,54,10,842.0,8420.0
2021020905001348,PLI,33,3,10,842.0,8420.0
2021020905001347,PLI,33,3,10,842.0,8420.0
2021020905001346,PLI,33,10,250,842.0,210500.0
2021020905001345,PLI,26,59,10,841.0,8410.0
2021020905001344,PLI,26,43,10,841.0,8410.0
2021020905001355,PLI,20,58,10,843.0,8430.0
2021020905001354,PLI,20,22,10,843.0,8430.0
2021020905001353,PLI,20,13,10,843.0,8430.0
2021020905001352,PLI,20,45,10,843.0,8430.0
2021020905001351,PLI,20,7,10,843.0,8430.0
2021020905001350,PLI,33,41,10,842.0,8420.0
2021020905001361,PLI,20,57,10,843.0,8430.0
2021020905001360,PLI,35,59,10,844.0,8440.0
2021020905001359,PLI,20,22,10,843.0,8430.0
2021020905001358,PLI,20,46,10,843.0,8430.0
2021020905001357,PLI,20,38,10,843.0,8430.0
2021020905001356,PLI,20,56,10,843.0,8430.0
2021020905001367,PLI,8,22,10,843.0,8430.0
2021020905001366,PLI,8,5,10,843.0,8430.0
2021020905001365,PLI,8,59,10,843.0,8430.0
2021020905001364,PLI,8,39,10,843.0,8430.0
2021020905001363,PLI,8,41,45,843.0,37935.0
2021020905001362,PLI,20,41,50,843.0,42150.0
2021020905001373,PLI,20,36,10,844.0,8440.0
2021020905001372,PLI,20,55,10,844.0,8440.0
2021020905001371,PLI,20,59,10,843.0,8430.0
2021020905001370,PLI,33,58,10,842.0,8420.0
2021020905001369,PLI,33,34,10,842.0,8420.0
2021020905001368,PLI,8,50,10,843.0,8430.0
2021020905001379,PLI,33,39,10,842.0,8420.0
2021020905001378,PLI,43,21,10,843.0,8430.0
2021020905001377,PLI,16,34,40,844.0,33760.0
2021020905001376,PLI,33,39,10,842.0,8420.0
2021020905001375,PLI,33,42,10,842.0,8420.0
2021020905001374,PLI,20,55,10,844.0,8440.0
2021020905001385,PLI,33,25,10,842.0,8420.0
2021020905001384,PLI,33,58,10,842.0,8420.0
2021020905001383,PLI,33,44,10,842.0,8420.0
2021020905001382,PLI,33,21,10,842.0,8420.0
2021020905001381,PLI,33,57,10,842.0,8420.0
2021020905001380,PLI,33,33,10,842.0,8420.0
2021020905001391,PLI,33,38,10,842.0,8420.0
2021020905001390,PLI,33,37,10,842.0,8420.0
2021020905001389,PLI,33,51,10,842.0,8420.0
2021020905001388,PLI,33,16,10,842.0,8420.0
2021020905001387,PLI,33,39,10,842.0,8420.0
2021020905001386,PLI,33,43,10,842.0,8420.0
2021020905001397,PLI,20,32,10,843.0,8430.0
2021020905001396,PLI,20,39,10,843.0,8430.0
2021020905001395,PLI,20,21,10,843.0,8430.0
2021020905001394,PLI,20,38,10,843.0,8430.0
2021020905001393,PLI,20,59,10,843.0,8430.0
2021020905001392,PLI,33,21,10,842.0,8420.0
2021020905001403,PLI,20,18,10,843.0,8430.0
2021020905001402,PLI,20,21,10,843.0,8430.0
2021020905001401,PLI,20,39,10,843.0,8430.0
2021020905001400,PLI,20,38,10,843.0,8430.0
2021020905001399,PLI,55,13,10,844.0,8440.0
2021020905001398,PLI,55,34,10,844.0,8440.0
2021020905001409,PLI,54,39,10,843.0,8430.0
2021020905001408,PLI,54,32,10,843.0,8430.0
2021020905001407,PLI,54,58,10,843.0,8430.0
2021020905001406,PLI,33,43,10,842.0,8420.0
2021020905001405,PLI,33,40,10,842.0,8420.0
2021020905001404,PLI,33,38,10,842.0,8420.0
2021020905001415,PLI,54,21,10,843.0,8430.0
2021020905001414,PLI,54,58,10,843.0,8430.0
2021020905001413,PLI,54,49,10,843.0,8430.0
2021020905001412,PLI,54,32,10,843.0,8430.0
2021020905001411,PLI,54,34,10,843.0,8430.0
2021020905001410,PLI,54,50,10,843.0,8430.0
2021020905001421,PLI,20,39,10,843.0,8430.0
2021020905001420,PLI,20,42,10,843.0,8430.0
2021020905001419,PLI,20,45,10,843.0,8430.0
2021020905001418,PLI,20,7,10,843.0,8430.0
2021020905001417,PLI,20,39,10,843.0,8430.0
2021020905001416,PLI,45,58,10,842.0,8420.0
2021020905001427,PLI,42,16,10,845.0,8450.0
2021020905001426,PLI,42,6,100,845.0,84500.0
2021020905001425,PLI,42,44,10,844.0,8440.0
2021020905001424,PLI,42,46,10,844.0,8440.0
2021020905001423,PLI,42,43,10,844.0,8440.0
2021020905001422,PLI,42,21,10,844.0,8440.0
2021020905001433,PLI,42,54,10,845.0,8450.0
2021020905001432,PLI,42,13,10,845.0,8450.0
2021020905001431,PLI,42,46,10,845.0,8450.0
2021020905001430,PLI,42,46,10,845.0,8450.0
2021020905001429,PLI,42,13,10,845.0,8450.0
2021020905001428,PLI,42,14,10,845.0,8450.0
2021020905001439,PLI,47,58,10,845.0,8450.0
2021020905001438,PLI,55,58,10,844.0,8440.0
2021020905001437,PLI,55,19,10,844.0,8440.0
2021020905001436,PLI,55,54,10,844.0,8440.0
2021020905001435,PLI,20,58,10,843.0,8430.0
2021020905001434,PLI,42,25,10,845.0,8450.0
2021020905001445,PLI,20,41,10,843.0,8430.0
2021020905001444,PLI,20,39,10,843.0,8430.0
2021020905001443,PLI,55,56,10,844.0,8440.0
2021020905001442,PLI,55,38,10,844.0,8440.0
2021020905001441,PLI,55,39,10,844.0,8440.0
2021020905001440,PLI,47,52,10,845.0,8450.0
2021020905001451,PLI,20,32,10,845.0,8450.0
2021020905001450,PLI,20,38,10,845.0,8450.0
2021020905001449,PLI,20,51,10,844.0,8440.0
2021020905001448,PLI,20,54,10,843.0,8430.0
2021020905001447,PLI,20,48,10,843.0,8430.0
2021020905001446,PLI,20,8,10,843.0,8430.0
2021020905001457,PLI,20,14,10,845.0,8450.0
2021020905001456,PLI,20,50,240,845.0,202800.0
2021020905001455,PLI,20,52,10,845.0,8450.0
2021020905001454,PLI,20,49,20,845.0,16900.0
2021020905001453,PLI,20,14,10,845.0,8450.0
2021020905001452,PLI,20,49,10,845.0,8450.0
2021020905001463,PLI,49,7,10,843.0,8430.0
2021020905001462,PLI,45,43,10,842.0,8420.0
2021020905001461,PLI,45,6,10,842.0,8420.0
2021020905001460,PLI,20,42,120,845.0,101400.0
2021020905001459,PLI,20,52,10,845.0,8450.0
2021020905001458,PLI,20,22,20,845.0,16900.0
2021020905001469,PLI,20,45,10,844.0,8440.0
2021020905001468,PLI,32,8,10,844.0,8440.0
2021020905001467,PLI,32,21,10,844.0,8440.0
2021020905001466,PLI,32,58,10,844.0,8440.0
2021020905001465,PLI,49,51,10,844.0,8440.0
2021020905001464,PLI,49,21,10,844.0,8440.0
2021020905001475,PLI,20,39,70,845.0,59150.0
2021020905001474,PLI,20,54,10,845.0,8450.0
2021020905001473,PLI,20,42,380,845.0,321100.0
2021020905001472,PLI,20,11,10,844.0,8440.0
2021020905001471,PLI,20,57,10,844.0,8440.0
2021020905001470,PLI,20,38,10,844.0,8440.0
2021020905001481,PLI,53,32,10,845.0,8450.0
2021020905001480,PLI,53,16,10,845.0,8450.0
2021020905001479,PLI,53,44,50,845.0,42250.0
2021020905001478,PLI,53,42,10,845.0,8450.0
2021020905001477,PLI,53,39,130,845.0,109850.0
2021020905001476,PLI,53,49,10,844.0,8440.0
2021020905001487,PLI,53,46,10,845.0,8450.0
2021020905001486,PLI,53,55,10,845.0,8450.0
2021020905001485,PLI,53,58,10,845.0,8450.0
2021020905001484,PLI,53,34,10,845.0,8450.0
2021020905001483,PLI,53,34,10,845.0,8450.0
2021020905001482,PLI,53,49,10,845.0,8450.0
2021020905001493,PLI,53,8,10,845.0,8450.0
2021020905001492,PLI,53,44,10,845.0,8450.0
2021020905001491,PLI,53,41,10,845.0,8450.0
2021020905001490,PLI,53,58,10,845.0,8450.0
2021020905001489,PLI,53,51,10,845.0,8450.0
2021020905001488,PLI,53,21,10,845.0,8450.0
2021020905001499,PLI,11,1,10,846.0,8460.0
2021020905001498,PLI,11,56,10,846.0,8460.0
2021020905001497,PLI,11,19,10,846.0,8460.0
2021020905001496,PLI,11,47,10,846.0,8460.0
2021020905001495,PLI,11,47,10,846.0,8460.0
2021020905001494,PLI,11,47,10,846.0,8460.0
2021020905001505,PLI,55,45,10,846.0,8460.0
2021020905001504,PLI,55,8,10,846.0,8460.0
2021020905001503,PLI,11,10,10,846.0,8460.0
2021020905001502,PLI,11,1,10,846.0,8460.0
2021020905001501,PLI,11,58,10,846.0,8460.0
2021020905001500,PLI,11,41,10,846.0,8460.0
2021020905001511,PLI,55,46,10,848.0,8480.0
2021020905001510,PLI,55,42,10,848.0,8480.0
2021020905001509,PLI,55,46,10,848.0,8480.0
2021020905001508,PLI,55,50,10,848.0,8480.0
2021020905001507,PLI,55,11,10,848.0,8480.0
2021020905001506,PLI,55,49,10,846.0,8460.0
2021020905001517,PLI,55,56,10,848.0,8480.0
2021020905001516,PLI,55,49,10,848.0,8480.0
2021020905001515,PLI,55,41,10,848.0,8480.0
2021020905001514,PLI,55,46,10,848.0,8480.0
2021020905001513,PLI,55,46,10,848.0,8480.0
2021020905001512,PLI,55,46,10,848.0,8480.0
2021020905001523,PLI,53,13,10,845.0,8450.0
2021020905001522,PLI,53,44,10,845.0,8450.0
2021020905001521,PLI,53,49,10,845.0,8450.0
2021020905001520,PLI,53,8,10,845.0,8450.0
2021020905001519,PLI,53,51,90,845.0,76050.0
2021020905001518,PLI,55,51,10,848.0,8480.0
2021020905001529,PLI,55,57,10,846.0,8460.0
2021020905001528,PLI,55,49,10,846.0,8460.0
2021020905001527,PLI,53,17,10,845.0,8450.0
2021020905001526,PLI,41,8,10,846.0,8460.0
2021020905001525,PLI,41,49,10,846.0,8460.0
2021020905001524,PLI,41,19,10,846.0,8460.0
2021020905001535,PLI,53,45,10,845.0,8450.0
2021020905001534,PLI,53,58,10,845.0,8450.0
2021020905001533,PLI,45,52,10,846.0,8460.0
2021020905001532,PLI,55,21,10,846.0,8460.0
2021020905001531,PLI,55,21,10,846.0,8460.0
2021020905001530,PLI,55,43,10,846.0,8460.0
2021020905001541,PLI,45,39,10,847.0,8470.0
2021020905001540,PLI,45,22,10,848.0,8480.0
2021020905001539,PLI,45,58,10,847.0,8470.0
2021020905001538,PLI,45,57,10,846.0,8460.0
2021020905001537,PLI,45,43,10,846.0,8460.0
2021020905001536,PLI,53,34,10,845.0,8450.0
2021020905001547,PLI,21,26,10,849.0,8490.0
2021020905001546,PLI,21,56,10,849.0,8490.0
2021020905001545,PLI,21,41,10,849.0,8490.0
2021020905001544,PLI,21,13,10,848.0,8480.0
2021020905001543,PLI,37,57,10,846.0,8460.0
2021020905001542,PLI,45,29,10,847.0,8470.0
2021020905001553,PLI,1,21,10,848.0,8480.0
2021020905001552,PLI,29,57,10,846.0,8460.0
2021020905001551,PLI,45,41,10,847.0,8470.0
2021020905001550,PLI,29,52,10,846.0,8460.0
2021020905001549,PLI,29,36,10,846.0,8460.0
2021020905001548,PLI,21,34,10,849.0,8490.0
2021020905001559,PLI,57,42,50,850.0,42500.0
2021020905001558,PLI,1,22,10,849.0,8490.0
2021020905001557,PLI,1,50,10,849.0,8490.0
2021020905001556,PLI,1,51,10,849.0,8490.0
2021020905001555,PLI,1,34,10,849.0,8490.0
2021020905001554,PLI,1,49,10,849.0,8490.0
2021020905001565,PLI,47,42,20,850.0,17000.0
2021020905001564,PLI,45,57,10,849.0,8490.0
2021020905001563,PLI,29,45,10,846.0,8460.0
2021020905001562,PLI,29,26,10,846.0,8460.0
2021020905001561,PLI,29,21,10,846.0,8460.0
2021020905001560,PLI,1,45,10,849.0,8490.0
2021020905001571,PLI,45,44,10,849.0,8490.0
2021020905001570,PLI,57,45,60,850.0,51000.0
2021020905001569,PLI,57,38,10,850.0,8500.0
2021020905001568,PLI,57,58,10,850.0,8500.0
2021020905001567,PLI,57,51,10,850.0,8500.0
2021020905001566,PLI,57,35,10,850.0,8500.0
2021020905001577,PLI,53,59,20,850.0,17000.0
2021020905001576,PLI,53,20,10,850.0,8500.0
2021020905001575,PLI,53,45,40,850.0,34000.0
2021020905001574,PLI,29,57,10,846.0,8460.0
2021020905001573,PLI,45,52,10,849.0,8490.0
2021020905001572,PLI,45,47,10,849.0,8490.0
2021020905001583,PLI,53,16,10,850.0,8500.0
2021020905001582,PLI,53,56,10,850.0,8500.0
2021020905001581,PLI,53,50,200,850.0,170000.0
2021020905001580,PLI,53,6,10,850.0,8500.0
2021020905001579,PLI,53,45,10,850.0,8500.0
2021020905001578,PLI,53,34,10,850.0,8500.0
2021020905001589,PLI,53,25,10,850.0,8500.0
2021020905001588,PLI,53,48,10,850.0,8500.0
2021020905001587,PLI,53,8,10,850.0,8500.0
2021020905001586,PLI,53,14,10,850.0,8500.0
2021020905001585,PLI,53,41,10,850.0,8500.0
2021020905001584,PLI,53,36,10,850.0,8500.0
2021020905001595,PLI,53,58,10,850.0,8500.0
2021020905001594,PLI,53,42,40,850.0,34000.0
2021020905001593,PLI,53,58,10,850.0,8500.0
2021020905001592,PLI,53,58,10,850.0,8500.0
2021020905001591,PLI,53,46,10,850.0,8500.0
2021020905001590,PLI,53,45,10,850.0,8500.0
2021020905001601,PLI,16,57,10,846.0,8460.0
2021020905001600,PLI,48,38,10,846.0,8460.0
2021020905001599,PLI,29,57,10,846.0,8460.0
2021020905001598,PLI,29,57,10,846.0,8460.0
2021020905001597,PLI,29,57,10,846.0,8460.0
2021020905001596,PLI,53,1,30,850.0,25500.0
2021020905001607,PLI,3,58,10,847.0,8470.0
2021020905001606,PLI,3,58,10,847.0,8470.0
2021020905001605,PLI,3,53,10,847.0,8470.0
2021020905001604,PLI,16,21,10,846.0,8460.0
2021020905001603,PLI,16,32,10,846.0,8460.0
2021020905001602,PLI,52,52,10,847.0,8470.0
2021020905001613,PLI,20,44,10,849.0,8490.0
2021020905001612,PLI,20,38,10,849.0,8490.0
2021020905001611,PLI,20,41,10,849.0,8490.0
2021020905001610,PLI,3,57,10,847.0,8470.0
2021020905001609,PLI,3,46,10,847.0,8470.0
2021020905001608,PLI,3,57,10,847.0,8470.0
2021020905001619,PLI,20,42,10,850.0,8500.0
2021020905001618,PLI,20,1,970,850.0,824500.0
2021020905001617,PLI,20,52,10,849.0,8490.0
2021020905001616,PLI,20,49,10,849.0,8490.0
2021020905001615,PLI,20,26,10,849.0,8490.0
2021020905001614,PLI,20,41,10,849.0,8490.0
2021020905001625,PLI,20,57,110,850.0,93500.0
2021020905001624,PLI,20,48,10,850.0,8500.0
2021020905001623,PLI,20,21,10,850.0,8500.0
2021020905001622,PLI,20,17,10,850.0,8500.0
2021020905001621,PLI,20,32,10,850.0,8500.0
2021020905001620,PLI,20,32,10,850.0,8500.0
2021020905001631,PLI,20,20,10,850.0,8500.0
2021020905001630,PLI,20,11,100,850.0,85000.0
2021020905001629,PLI,20,14,100,850.0,85000.0
2021020905001628,PLI,20,57,10,850.0,8500.0
2021020905001627,PLI,20,43,10,850.0,8500.0
2021020905001626,PLI,20,58,10,850.0,8500.0
2021020905001637,PLI,20,32,10,850.0,8500.0
2021020905001636,PLI,20,21,10,850.0,8500.0
2021020905001635,PLI,20,42,30,850.0,25500.0
2021020905001634,PLI,20,6,10,850.0,8500.0
2021020905001633,PLI,20,49,10,850.0,8500.0
2021020905001632,PLI,20,47,10,850.0,8500.0
2021020905001643,PLI,20,6,10,850.0,8500.0
2021020905001642,PLI,20,45,10,850.0,8500.0
2021020905001641,PLI,20,42,10,850.0,8500.0
2021020905001640,PLI,20,25,10,850.0,8500.0
2021020905001639,PLI,20,6,10,850.0,8500.0
2021020905001638,PLI,20,25,10,850.0,8500.0
2021020905001649,PLI,20,52,10,850.0,8500.0
2021020905001648,PLI,20,52,10,850.0,8500.0
2021020905001647,PLI,20,7,10,850.0,8500.0
2021020905001646,PLI,20,4,100,850.0,85000.0
2021020905001645,PLI,20,17,10,850.0,8500.0
2021020905001644,PLI,20,52,10,850.0,8500.0
2021020905001655,PLI,20,17,100,850.0,85000.0
2021020905001654,PLI,20,45,10,850.0,8500.0
2021020905001653,PLI,20,17,10,850.0,8500.0
2021020905001652,PLI,20,45,10,850.0,8500.0
2021020905001651,PLI,20,41,10,850.0,8500.0
2021020905001650,PLI,20,54,10,850.0,8500.0
2021020905001661,PLI,20,13,10,850.0,8500.0
2021020905001660,PLI,20,58,10,850.0,8500.0
2021020905001659,PLI,20,53,200,850.0,170000.0
2021020905001658,PLI,20,29,10,850.0,8500.0
2021020905001657,PLI,20,45,10,850.0,8500.0
2021020905001656,PLI,20,11,200,850.0,170000.0
2021020905001667,PLI,20,56,10,850.0,8500.0
2021020905001666,PLI,20,45,10,850.0,8500.0
2021020905001665,PLI,20,28,10,850.0,8500.0
2021020905001664,PLI,20,21,10,850.0,8500.0
2021020905001663,PLI,20,43,200,850.0,170000.0
2021020905001662,PLI,20,58,10,850.0,8500.0
2021020905001673,PLI,20,34,10,850.0,8500.0
2021020905001672,PLI,20,41,10,850.0,8500.0
2021020905001671,PLI,20,45,10,850.0,8500.0
2021020905001670,PLI,20,43,10,850.0,8500.0
2021020905001669,PLI,20,25,10,850.0,8500.0
2021020905001668,PLI,20,37,10,850.0,8500.0
2021020905001679,PLI,20,56,10,850.0,8500.0
2021020905001678,PLI,20,41,10,850.0,8500.0
2021020905001677,PLI,20,36,10,850.0,8500.0
2021020905001676,PLI,20,8,100,850.0,85000.0
2021020905001675,PLI,20,34,10,850.0,8500.0
2021020905001674,PLI,20,41,10,850.0,8500.0
2021020905001685,PLI,20,59,10,850.0,8500.0
2021020905001684,PLI,20,19,10,850.0,8500.0
2021020905001683,PLI,20,48,10,850.0,8500.0
2021020905001682,PLI,20,58,10,850.0,8500.0
2021020905001681,PLI,20,19,10,850.0,8500.0
2021020905001680,PLI,20,56,10,850.0,8500.0
2021020905001691,PLI,20,45,10,850.0,8500.0
2021020905001690,PLI,20,57,10,850.0,8500.0
2021020905001689,PLI,20,37,20,850.0,17000.0
2021020905001688,PLI,20,45,10,850.0,8500.0
2021020905001687,PLI,20,21,10,850.0,8500.0
2021020905001686,PLI,20,28,10,850.0,8500.0
2021020905001697,PLI,20,57,10,850.0,8500.0
2021020905001696,PLI,20,46,10,850.0,8500.0
2021020905001695,PLI,20,57,25,850.0,21250.0
2021020905001694,PLI,20,17,10,850.0,8500.0
2021020905001693,PLI,20,57,10,850.0,8500.0
2021020905001692,PLI,20,41,10,850.0,8500.0
2021020905001703,PLI,20,25,10,850.0,8500.0
2021020905001702,PLI,20,52,40,850.0,34000.0
2021020905001701,PLI,20,57,10,850.0,8500.0
2021020905001700,PLI,20,41,10,850.0,8500.0
2021020905001699,PLI,20,36,10,850.0,8500.0
2021020905001698,PLI,20,32,10,850.0,8500.0
2021020905001709,PLI,22,37,10,851.0,8510.0
2021020905001708,PLI,22,57,10,851.0,8510.0
2021020905001707,PLI,22,51,10,851.0,8510.0
2021020905001706,PLI,20,45,10,850.0,8500.0
2021020905001705,PLI,20,38,10,850.0,8500.0
2021020905001704,PLI,20,21,10,850.0,8500.0
2021020905001715,PLI,58,59,10,851.0,8510.0
2021020905001714,PLI,20,49,10,850.0,8500.0
2021020905001713,PLI,20,33,10,850.0,8500.0
2021020905001712,PLI,20,58,10,850.0,8500.0
2021020905001711,PLI,22,59,60,851.0,51060.0
2021020905001710,PLI,22,32,10,851.0,8510.0
2021020905001721,PLI,42,58,10,852.0,8520.0
2021020905001720,PLI,42,38,10,851.0,8510.0
2021020905001719,PLI,42,45,50,851.0,42550.0
2021020905001718,PLI,42,49,50,851.0,42550.0
2021020905001717,PLI,42,50,10,851.0,8510.0
2021020905001716,PLI,42,59,130,851.0,110630.0
2021020905001727,PLI,42,21,10,852.0,8520.0
2021020905001726,PLI,42,34,10,852.0,8520.0
2021020905001725,PLI,42,49,10,852.0,8520.0
2021020905001724,PLI,42,35,10,852.0,8520.0
2021020905001723,PLI,42,45,10,852.0,8520.0
2021020905001722,PLI,42,34,10,852.0,8520.0
2021020905001733,PLI,42,21,10,852.0,8520.0
2021020905001732,PLI,42,45,10,852.0,8520.0
2021020905001731,PLI,42,58,10,852.0,8520.0
2021020905001730,PLI,42,7,10,852.0,8520.0
2021020905001729,PLI,42,13,10,852.0,8520.0
2021020905001728,PLI,42,42,10,852.0,8520.0
2021020905001739,PLI,42,34,10,853.0,8530.0
2021020905001738,PLI,42,34,20,853.0,17060.0
2021020905001737,PLI,42,4,210,853.0,179130.0
2021020905001736,PLI,42,58,10,853.0,8530.0
2021020905001735,PLI,42,34,10,853.0,8530.0
2021020905001734,PLI,42,26,10,852.0,8520.0
2021020905001745,PLI,42,11,10,853.0,8530.0
2021020905001744,PLI,42,43,90,853.0,76770.0
2021020905001743,PLI,42,45,10,853.0,8530.0
2021020905001742,PLI,42,57,10,853.0,8530.0
2021020905001741,PLI,42,21,10,853.0,8530.0
2021020905001740,PLI,42,6,10,853.0,8530.0
2021020905001751,PLI,42,55,10,853.0,8530.0
2021020905001750,PLI,42,43,10,853.0,8530.0
2021020905001749,PLI,42,51,10,853.0,8530.0
2021020905001748,PLI,42,58,10,853.0,8530.0
2021020905001747,PLI,42,13,10,853.0,8530.0
2021020905001746,PLI,42,4,10,853.0,8530.0
2021020905001757,PLI,42,7,10,854.0,8540.0
2021020905001756,PLI,42,59,10,854.0,8540.0
2021020905001755,PLI,42,58,10,854.0,8540.0
2021020905001754,PLI,42,34,30,854.0,25620.0
2021020905001753,PLI,42,34,10,854.0,8540.0
2021020905001752,PLI,42,7,10,853.0,8530.0
2021020905001763,PLI,42,33,10,855.0,8550.0
2021020905001762,PLI,42,46,210,855.0,179550.0
2021020905001761,PLI,42,38,10,855.0,8550.0
2021020905001760,PLI,42,57,10,855.0,8550.0
2021020905001759,PLI,42,41,10,855.0,8550.0
2021020905001758,PLI,42,34,10,855.0,8550.0
2021020905000948,CGH,26,49,9,175.0,1575.0
2021020905000909,CGH,49,49,1,174.0,174.0
2021020905001269,PLI,51,58,10,839.0,8390.0
2021020905001268,PLI,51,39,10,839.0,8390.0
2021020905001267,PLI,51,38,10,839.0,8390.0
2021020905001266,PLI,51,51,10,839.0,8390.0
2021020905001265,PLI,51,39,10,839.0,8390.0
2021020905001264,PLI,51,39,10,839.0,8390.0
2021020905000775,PLI,28,39,10,840.0,8400.0
2021020905000774,PLI,45,13,90,842.0,75780.0
2021020905000773,PLI,45,39,10,841.0,8410.0
2021020905000772,PLI,28,10,10,840.0,8400.0
2021020905000771,PLI,28,6,10,840.0,8400.0
2021020905000770,PLI,28,49,240,840.0,201600.0
2021020905000781,PLI,28,57,10,840.0,8400.0
2021020905000780,PLI,28,38,10,840.0,8400.0
2021020905000779,PLI,28,54,10,840.0,8400.0
2021020905000778,PLI,43,10,10,841.0,8410.0
2021020905000777,PLI,43,58,10,841.0,8410.0
2021020905000776,PLI,43,41,10,841.0,8410.0
2021020905000787,PLI,28,10,10,840.0,8400.0
2021020905000786,PLI,28,6,10,840.0,8400.0
2021020905000785,PLI,28,38,10,840.0,8400.0
2021020905000784,PLI,28,41,10,840.0,8400.0
2021020905000783,PLI,28,44,10,840.0,8400.0
2021020905000782,PLI,28,10,10,840.0,8400.0
2021020905000793,PLI,58,45,10,841.0,8410.0
2021020905000792,PLI,58,34,10,841.0,8410.0
2021020905000791,PLI,58,17,10,841.0,8410.0
2021020905000790,PLI,58,58,10,841.0,8410.0
2021020905000789,PLI,58,53,10,841.0,8410.0
2021020905000788,PLI,28,44,10,840.0,8400.0
2021020905000799,PLI,58,57,10,841.0,8410.0
2021020905000798,PLI,58,42,10,841.0,8410.0
2021020905000797,PLI,58,22,10,841.0,8410.0
2021020905000796,PLI,58,51,10,841.0,8410.0
2021020905000795,PLI,58,51,10,841.0,8410.0
2021020905000794,PLI,58,10,10,841.0,8410.0
2021020905000805,PLI,58,45,15,841.0,12615.0
2021020905000804,PLI,58,45,10,841.0,8410.0
2021020905000803,PLI,58,6,10,841.0,8410.0
2021020905000802,PLI,58,44,10,841.0,8410.0
2021020905000801,PLI,58,21,135,841.0,113535.0
2021020905000800,PLI,58,45,10,841.0,8410.0
2021020905000811,PLI,17,45,45,841.0,37845.0
2021020905000810,PLI,28,42,10,840.0,8400.0
2021020905000809,PLI,28,35,10,840.0,8400.0
2021020905000808,PLI,28,44,10,840.0,8400.0
2021020905000807,PLI,58,45,20,841.0,16820.0
2021020905000806,PLI,41,45,20,841.0,16820.0
2021020905000817,PLI,17,43,10,841.0,8410.0
2021020905000816,PLI,17,13,10,841.0,8410.0
2021020905000815,PLI,17,38,10,841.0,8410.0
2021020905000814,PLI,17,45,50,841.0,42050.0
2021020905000813,PLI,17,41,10,841.0,8410.0
2021020905000812,PLI,17,57,210,841.0,176610.0
2021020905000823,PLI,28,47,10,840.0,8400.0
2021020905000822,PLI,28,13,75,840.0,63000.0
2021020905000821,PLI,17,13,25,841.0,21025.0
2021020905000820,PLI,17,49,10,841.0,8410.0
2021020905000819,PLI,17,44,10,841.0,8410.0
2021020905000818,PLI,17,37,10,841.0,8410.0
2021020905000829,PLI,42,6,10,842.0,8420.0
2021020905000828,PLI,52,19,10,841.0,8410.0
2021020905000827,PLI,52,47,10,841.0,8410.0
2021020905000826,PLI,52,49,10,841.0,8410.0
2021020905000825,PLI,52,53,10,841.0,8410.0
2021020905000824,PLI,52,44,10,841.0,8410.0
2021020905000835,PLI,52,49,10,841.0,8410.0
2021020905000834,PLI,52,38,10,841.0,8410.0
2021020905000833,PLI,52,21,10,841.0,8410.0
2021020905000832,PLI,52,28,10,841.0,8410.0
2021020905000831,PLI,42,47,10,842.0,8420.0
2021020905000830,PLI,42,52,10,842.0,8420.0
2021020905000841,PLI,29,39,50,840.0,42000.0
2021020905000840,PLI,21,39,50,840.0,42000.0
2021020905000839,PLI,1,39,90,840.0,75600.0
2021020905000838,PLI,28,39,275,840.0,231000.0
2021020905000837,PLI,17,39,10,841.0,8410.0
2021020905000836,PLI,52,1,10,841.0,8410.0
2021020905000847,PLI,26,42,10,840.0,8400.0
2021020905000846,PLI,26,47,10,840.0,8400.0
2021020905000845,PLI,26,33,10,840.0,8400.0
2021020905000844,PLI,26,39,50,840.0,42000.0
2021020905000843,PLI,39,39,50,840.0,42000.0
2021020905000842,PLI,50,39,30,840.0,25200.0
2021020905000853,PLI,42,8,10,840.0,8400.0
2021020905000852,PLI,42,52,10,840.0,8400.0
2021020905000851,PLI,42,34,10,840.0,8400.0
2021020905000850,PLI,45,45,10,840.0,8400.0
2021020905000849,PLI,26,41,10,840.0,8400.0
2021020905000848,PLI,26,43,10,840.0,8400.0
2021020905000859,PLI,51,8,10,840.0,8400.0
2021020905000858,PLI,51,26,10,840.0,8400.0
2021020905000857,PLI,51,28,10,840.0,8400.0
2021020905000856,PLI,51,36,10,840.0,8400.0
2021020905000855,PLI,51,7,60,840.0,50400.0
2021020905000854,PLI,42,7,20,840.0,16800.0
2021020905000865,PLI,53,16,10,841.0,8410.0
2021020905000864,PLI,53,56,10,841.0,8410.0
2021020905000863,PLI,53,41,10,841.0,8410.0
2021020905000862,PLI,53,28,10,841.0,8410.0
2021020905000861,PLI,53,42,10,841.0,8410.0
2021020905000860,PLI,53,32,10,840.0,8400.0
2021020905000871,PLI,45,17,10,843.0,8430.0
2021020905000870,PLI,45,34,10,842.0,8420.0
2021020905000869,PLI,45,50,10,842.0,8420.0
2021020905000868,PLI,53,8,10,841.0,8410.0
2021020905000867,PLI,53,16,10,841.0,8410.0
2021020905000866,PLI,53,6,10,841.0,8410.0
2021020905000877,PLI,45,26,100,843.0,84300.0
2021020905000876,PLI,45,7,10,843.0,8430.0
2021020905000875,PLI,45,13,10,843.0,8430.0
2021020905000874,PLI,45,42,10,843.0,8430.0
2021020905000873,PLI,45,10,10,843.0,8430.0
2021020905000872,PLI,45,42,10,843.0,8430.0
2021020905000883,PLI,45,28,10,843.0,8430.0
2021020905000882,PLI,45,26,10,843.0,8430.0
2021020905000881,PLI,45,35,10,843.0,8430.0
2021020905000880,PLI,45,45,10,843.0,8430.0
2021020905000879,PLI,45,4,300,843.0,252900.0
2021020905000878,PLI,45,38,30,843.0,25290.0
2021020905000889,PLI,45,42,10,843.0,8430.0
2021020905000888,PLI,45,13,10,843.0,8430.0
2021020905000887,PLI,45,28,10,843.0,8430.0
2021020905000886,PLI,45,28,10,843.0,8430.0
2021020905000885,PLI,45,42,10,843.0,8430.0
2021020905000884,PLI,45,58,10,843.0,8430.0
2021020905000895,PLI,16,4,10,844.0,8440.0
2021020905000894,PLI,16,38,10,844.0,8440.0
2021020905000893,PLI,16,1,80,844.0,67520.0
2021020905000892,PLI,45,45,10,843.0,8430.0
2021020905000891,PLI,45,41,100,843.0,84300.0
2021020905000890,PLI,45,19,10,843.0,8430.0
2021020905000901,PLI,14,49,10,843.0,8430.0
2021020905000900,PLI,45,57,10,843.0,8430.0
2021020905000899,PLI,45,22,30,843.0,25290.0
2021020905000898,PLI,45,34,10,843.0,8430.0
2021020905000897,PLI,45,28,10,843.0,8430.0
2021020905000896,PLI,45,6,10,843.0,8430.0
2021020905000907,PLI,11,11,10,840.0,8400.0
2021020905000906,PLI,11,55,60,840.0,50400.0
2021020905000905,PLI,59,55,100,840.0,84000.0
2021020905000904,PLI,58,55,40,841.0,33640.0
2021020905000903,PLI,53,55,10,841.0,8410.0
2021020905000902,PLI,14,55,190,843.0,160170.0
2021020905000914,PLI,51,59,40,840.0,33600.0
2021020905000913,PLI,56,59,40,840.0,33600.0
2021020905000912,PLI,56,19,10,840.0,8400.0
2021020905000911,PLI,11,34,10,840.0,8400.0
2021020905000910,PLI,11,51,10,840.0,8400.0
2021020905000908,PLI,11,28,10,840.0,8400.0
2021020905000920,PLI,41,34,10,840.0,8400.0
2021020905000919,PLI,41,28,10,840.0,8400.0
2021020905000918,PLI,22,41,10,840.0,8400.0
2021020905000917,PLI,22,49,10,840.0,8400.0
2021020905000916,PLI,22,19,10,840.0,8400.0
2021020905000915,PLI,22,59,20,840.0,16800.0
2021020905000926,PLI,41,41,10,840.0,8400.0
2021020905000925,PLI,41,45,10,840.0,8400.0
2021020905000924,PLI,41,45,10,840.0,8400.0
2021020905000923,PLI,41,58,10,840.0,8400.0
2021020905000922,PLI,41,49,10,840.0,8400.0
2021020905000921,PLI,41,7,10,840.0,8400.0
2021020905000932,PLI,7,22,10,840.0,8400.0
2021020905000931,PLI,7,16,10,840.0,8400.0
2021020905000930,PLI,7,49,10,840.0,8400.0
2021020905000929,PLI,39,32,10,839.0,8390.0
2021020905000928,PLI,41,11,10,840.0,8400.0
2021020905000927,PLI,41,42,10,840.0,8400.0
2021020905000938,PLI,7,57,10,840.0,8400.0
2021020905000937,PLI,7,35,10,840.0,8400.0
2021020905000936,PLI,7,46,10,840.0,8400.0
2021020905000935,PLI,7,6,10,840.0,8400.0
2021020905000934,PLI,7,49,10,840.0,8400.0
2021020905000933,PLI,7,11,10,840.0,8400.0
2021020905000944,PLI,28,57,100,840.0,84000.0
2021020905000943,PLI,7,57,30,840.0,25200.0
2021020905000942,PLI,7,32,10,840.0,8400.0
2021020905000941,PLI,7,40,10,840.0,8400.0
2021020905000940,PLI,7,32,10,840.0,8400.0
2021020905000939,PLI,42,41,10,842.0,8420.0
2021020905000951,PLI,39,52,10,839.0,8390.0
2021020905000950,PLI,39,17,10,839.0,8390.0
2021020905000949,PLI,49,57,15,840.0,12600.0
2021020905000947,PLI,39,52,10,839.0,8390.0
2021020905000946,PLI,34,57,30,840.0,25200.0
2021020905000945,PLI,39,34,10,839.0,8390.0
2021020905000957,PLI,57,28,10,840.0,8400.0
2021020905000956,PLI,57,40,10,840.0,8400.0
2021020905000955,PLI,57,35,10,840.0,8400.0
2021020905000954,PLI,41,53,10,840.0,8400.0
2021020905000953,PLI,41,40,10,840.0,8400.0
2021020905000952,PLI,41,57,75,840.0,63000.0
2021020905000963,PLI,26,40,10,840.0,8400.0
2021020905000962,PLI,26,43,10,840.0,8400.0
2021020905000961,PLI,34,52,10,839.0,8390.0
2021020905000960,PLI,34,52,10,839.0,8390.0
2021020905000959,PLI,57,21,20,840.0,16800.0
2021020905000958,PLI,57,40,10,840.0,8400.0
2021020905000969,PLI,26,28,10,840.0,8400.0
2021020905000968,PLI,26,41,10,840.0,8400.0
2021020905000967,PLI,26,40,10,840.0,8400.0
2021020905000966,PLI,26,32,10,840.0,8400.0
2021020905000965,PLI,26,29,10,840.0,8400.0
2021020905000964,PLI,26,40,10,840.0,8400.0
2021020905000975,PLI,34,45,10,839.0,8390.0
2021020905000974,PLI,34,52,10,839.0,8390.0
2021020905000973,PLI,34,32,10,839.0,8390.0
2021020905000972,PLI,57,45,240,840.0,201600.0
2021020905000971,PLI,26,6,10,840.0,8400.0
2021020905000970,PLI,26,45,10,840.0,8400.0
2021020905000981,PLI,44,59,10,837.0,8370.0
2021020905000980,PLI,44,38,10,839.0,8390.0
2021020905000979,PLI,44,6,10,839.0,8390.0
2021020905000978,PLI,44,40,10,839.0,8390.0
2021020905000977,PLI,44,45,10,839.0,8390.0
2021020905000976,PLI,22,57,10,838.0,8380.0
2021020905000987,PLI,44,49,10,837.0,8370.0
2021020905000986,PLI,44,26,10,837.0,8370.0
2021020905000985,PLI,41,48,10,838.0,8380.0
2021020905000984,PLI,39,11,10,838.0,8380.0
2021020905000983,PLI,39,46,10,838.0,8380.0
2021020905000982,PLI,39,38,10,838.0,8380.0
2021020905000993,PLI,41,51,10,838.0,8380.0
2021020905000992,PLI,45,54,10,837.0,8370.0
2021020905000991,PLI,45,6,10,837.0,8370.0
2021020905000990,PLI,45,36,10,837.0,8370.0
2021020905000989,PLI,44,34,10,837.0,8370.0
2021020905000988,PLI,44,40,10,837.0,8370.0
2021020905000999,PLI,57,1,300,840.0,252000.0
2021020905000998,PLI,45,59,10,837.0,8370.0
2021020905000997,PLI,45,28,10,837.0,8370.0
2021020905000996,PLI,45,21,10,837.0,8370.0
2021020905000995,PLI,41,6,10,838.0,8380.0
2021020905000994,PLI,41,33,10,838.0,8380.0
2021020905001005,PLI,45,1,15,838.0,12570.0
2021020905001004,PLI,48,28,10,837.0,8370.0
2021020905001003,PLI,45,6,10,837.0,8370.0
2021020905001002,PLI,45,59,10,837.0,8370.0
2021020905001001,PLI,45,52,10,837.0,8370.0
2021020905001000,PLI,45,38,10,837.0,8370.0
2021020905001011,PLI,45,1,30,836.0,25080.0
2021020905001010,PLI,39,1,40,837.0,33480.0
2021020905001009,PLI,46,1,20,837.0,16740.0
2021020905001008,PLI,50,1,20,837.0,16740.0
2021020905001007,PLI,50,1,20,837.0,16740.0
2021020905001006,PLI,48,1,10,837.0,8370.0
2021020905001017,PLI,16,59,10,835.0,8350.0
2021020905001016,PLI,16,56,10,835.0,8350.0
2021020905001015,PLI,16,38,10,835.0,8350.0
2021020905001014,PLI,16,1,95,835.0,79325.0
2021020905001013,PLI,19,1,50,836.0,41800.0
2021020905001012,PLI,26,1,100,836.0,83600.0
2021020905001023,PLI,7,17,20,837.0,16740.0
2021020905001022,PLI,16,21,10,835.0,8350.0
2021020905001021,PLI,16,51,10,835.0,8350.0
2021020905001020,PLI,16,46,10,835.0,8350.0
2021020905001019,PLI,16,28,10,835.0,8350.0
2021020905001018,PLI,45,17,10,837.0,8370.0
2021020905001029,PLI,16,40,10,837.0,8370.0
2021020905001028,PLI,16,51,10,837.0,8370.0
2021020905001027,PLI,16,21,10,837.0,8370.0
2021020905001026,PLI,16,39,10,837.0,8370.0
2021020905001025,PLI,16,17,20,837.0,16740.0
2021020905001024,PLI,51,56,10,836.0,8360.0
2021020905001035,PLI,34,55,15,838.0,12570.0
2021020905001034,PLI,34,51,10,837.0,8370.0
2021020905001033,PLI,17,29,10,836.0,8360.0
2021020905001032,PLI,37,25,100,836.0,83600.0
2021020905001031,PLI,51,25,55,836.0,45980.0
2021020905001030,PLI,16,25,40,837.0,33480.0
2021020905001041,PLI,14,32,10,837.0,8370.0
2021020905001040,PLI,42,55,10,838.0,8380.0
2021020905001039,PLI,14,42,10,837.0,8370.0
2021020905001038,PLI,14,4,10,837.0,8370.0
2021020905001037,PLI,17,34,10,836.0,8360.0
2021020905001036,PLI,17,47,10,836.0,8360.0
2021020905001047,PLI,49,40,10,836.0,8360.0
2021020905001046,PLI,49,22,10,836.0,8360.0
2021020905001045,PLI,49,22,10,836.0,8360.0
2021020905001044,PLI,49,34,10,836.0,8360.0
2021020905001043,PLI,17,42,10,836.0,8360.0
2021020905001042,PLI,14,34,10,837.0,8370.0
2021020905001053,PLI,22,7,10,837.0,8370.0
2021020905001052,PLI,49,22,10,836.0,8360.0
2021020905001051,PLI,49,38,10,836.0,8360.0
2021020905001050,PLI,21,59,10,837.0,8370.0
2021020905001049,PLI,49,32,10,836.0,8360.0
2021020905001048,PLI,49,49,10,836.0,8360.0
2021020905001059,PLI,49,52,10,837.0,8370.0
2021020905001058,PLI,26,45,60,836.0,50160.0
2021020905001057,PLI,49,45,20,836.0,16720.0
2021020905001056,PLI,22,45,20,837.0,16740.0
2021020905001055,PLI,22,38,10,837.0,8370.0
2021020905001054,PLI,22,53,10,837.0,8370.0
2021020905001065,PLI,17,32,40,836.0,33440.0
2021020905001064,PLI,26,32,40,836.0,33440.0
2021020905001063,PLI,49,32,20,837.0,16740.0
2021020905001062,PLI,49,53,10,837.0,8370.0
2021020905001061,PLI,49,36,10,837.0,8370.0
2021020905001060,PLI,49,45,10,837.0,8370.0
2021020905001071,PLI,17,22,10,836.0,8360.0
2021020905001070,PLI,48,55,40,838.0,33520.0
2021020905001069,PLI,48,39,10,837.0,8370.0
2021020905001068,PLI,17,58,10,836.0,8360.0
2021020905001067,PLI,17,42,10,836.0,8360.0
2021020905001066,PLI,17,39,10,836.0,8360.0
2021020905001077,PLI,21,49,10,837.0,8370.0
2021020905001076,PLI,21,42,20,837.0,16740.0
2021020905001075,PLI,54,45,10,836.0,8360.0
2021020905001074,PLI,54,21,10,836.0,8360.0
2021020905001073,PLI,17,28,10,836.0,8360.0
2021020905001072,PLI,17,42,10,836.0,8360.0
2021020905001083,PLI,34,45,10,837.0,8370.0
2021020905001082,PLI,58,52,10,837.0,8370.0
2021020905001081,PLI,58,40,10,837.0,8370.0
2021020905001080,PLI,58,48,10,837.0,8370.0
2021020905001079,PLI,21,49,10,837.0,8370.0
2021020905001078,PLI,21,21,10,837.0,8370.0
2021020905001089,PLI,42,55,135,838.0,113130.0
2021020905001088,PLI,42,21,10,837.0,8370.0
2021020905001087,PLI,42,40,10,837.0,8370.0
2021020905001086,PLI,42,6,70,837.0,58590.0
2021020905001085,PLI,34,6,40,837.0,33480.0
2021020905001084,PLI,34,28,10,837.0,8370.0
2021020905001095,PLI,42,21,10,838.0,8380.0
2021020905001094,PLI,42,59,10,838.0,8380.0
2021020905001093,PLI,42,49,10,838.0,8380.0
2021020905001092,PLI,42,49,10,838.0,8380.0
2021020905001091,PLI,42,11,10,838.0,8380.0
2021020905001090,PLI,42,13,10,838.0,8380.0
2021020905001101,PLI,42,38,10,837.0,8370.0
2021020905001100,PLI,42,21,10,837.0,8370.0
2021020905001099,PLI,42,19,10,837.0,8370.0
2021020905001098,PLI,42,42,10,837.0,8370.0
2021020905001097,PLI,48,42,10,838.0,8380.0
2021020905001096,PLI,42,40,10,837.0,8370.0
2021020905001107,PLI,42,51,10,837.0,8370.0
2021020905001106,PLI,42,39,10,837.0,8370.0
2021020905001105,PLI,42,20,10,837.0,8370.0
2021020905001104,PLI,42,34,10,837.0,8370.0
2021020905001103,PLI,42,8,10,837.0,8370.0
2021020905001102,PLI,42,45,10,837.0,8370.0
2021020905001113,PLI,28,54,10,837.0,8370.0
2021020905001112,PLI,53,20,10,838.0,8380.0
2021020905001111,PLI,53,4,10,838.0,8380.0
2021020905001110,PLI,53,28,10,838.0,8380.0
2021020905001109,PLI,53,45,10,838.0,8380.0
2021020905001108,PLI,53,58,10,838.0,8380.0
2021020905001119,PLI,54,28,10,836.0,8360.0
2021020905001118,PLI,54,20,10,836.0,8360.0
2021020905001117,PLI,54,42,10,836.0,8360.0
2021020905001116,PLI,54,28,10,836.0,8360.0
2021020905001115,PLI,28,49,10,837.0,8370.0
2021020905001114,PLI,42,34,10,838.0,8380.0
2021020905001125,PLI,54,39,10,836.0,8360.0
2021020905001124,PLI,58,39,10,837.0,8370.0
2021020905001123,PLI,58,20,10,837.0,8370.0
2021020905001122,PLI,54,18,10,836.0,8360.0
2021020905001121,PLI,54,21,10,836.0,8360.0
2021020905001120,PLI,54,17,10,836.0,8360.0
2021020905001131,PLI,8,50,40,836.0,33440.0
2021020905001130,PLI,36,50,25,836.0,20900.0
2021020905001129,PLI,34,50,20,836.0,16720.0
2021020905001128,PLI,54,50,30,836.0,25080.0
2021020905001127,PLI,54,8,10,836.0,8360.0
2021020905001126,PLI,54,20,10,836.0,8360.0
2021020905001137,PLI,51,45,10,838.0,8380.0
2021020905001136,PLI,51,49,10,838.0,8380.0
2021020905001135,PLI,51,35,10,837.0,8370.0
2021020905001134,PLI,51,48,10,837.0,8370.0
2021020905001133,PLI,51,34,10,837.0,8370.0
2021020905001132,PLI,47,50,85,836.0,71060.0
2021020905001143,PLI,47,48,10,836.0,8360.0
2021020905001142,PLI,47,20,10,836.0,8360.0
2021020905001141,PLI,46,8,10,837.0,8370.0
2021020905001140,PLI,46,34,10,837.0,8370.0
2021020905001139,PLI,46,39,10,837.0,8370.0
2021020905001138,PLI,47,20,10,836.0,8360.0
2021020905001149,PLI,47,43,10,836.0,8360.0
2021020905001148,PLI,47,29,10,836.0,8360.0
2021020905001147,PLI,47,52,10,836.0,8360.0
2021020905001146,PLI,42,49,75,837.0,62775.0
2021020905001145,PLI,42,8,10,837.0,8370.0
2021020905001144,PLI,42,42,10,837.0,8370.0
2021020905001155,PLI,17,49,240,836.0,200640.0
2021020905001154,PLI,35,49,100,836.0,83600.0
2021020905001153,PLI,44,49,11,836.0,9196.0
2021020905001152,PLI,47,49,35,836.0,29260.0
2021020905001151,PLI,47,49,10,836.0,8360.0
2021020905001150,PLI,47,39,10,836.0,8360.0
2021020905001161,PLI,32,49,500,836.0,418000.0
2021020905001160,PLI,16,39,10,835.0,8350.0
2021020905001159,PLI,16,50,10,835.0,8350.0
2021020905001158,PLI,16,42,10,835.0,8350.0
2021020905001157,PLI,16,29,10,835.0,8350.0
2021020905001156,PLI,16,40,10,835.0,8350.0
2021020905001167,PLI,16,21,10,835.0,8350.0
2021020905001166,PLI,16,38,10,835.0,8350.0
2021020905001165,PLI,16,45,200,835.0,167000.0
2021020905001164,PLI,16,29,10,835.0,8350.0
2021020905001163,PLI,16,39,10,835.0,8350.0
2021020905001162,PLI,16,51,10,835.0,8350.0
2021020905001173,PLI,16,21,10,835.0,8350.0
2021020905001172,PLI,16,59,10,835.0,8350.0
2021020905001171,PLI,16,39,10,835.0,8350.0
2021020905001170,PLI,16,21,10,835.0,8350.0
2021020905001169,PLI,16,38,10,835.0,8350.0
2021020905001168,PLI,16,34,10,835.0,8350.0
2021020905001179,PLI,41,21,10,836.0,8360.0
2021020905001178,PLI,49,49,10,836.0,8360.0
2021020905001177,PLI,49,14,10,836.0,8360.0
2021020905001176,PLI,49,39,10,836.0,8360.0
2021020905001175,PLI,49,49,89,836.0,74404.0
2021020905001174,PLI,16,34,100,836.0,83600.0
2021020905001185,PLI,41,14,10,836.0,8360.0
2021020905001184,PLI,58,45,10,837.0,8370.0
2021020905001183,PLI,58,8,10,837.0,8370.0
2021020905001182,PLI,41,39,10,836.0,8360.0
2021020905001181,PLI,41,21,10,836.0,8360.0
2021020905001180,PLI,41,42,10,836.0,8360.0
2021020905001191,PLI,25,42,10,836.0,8360.0
2021020905001190,PLI,41,43,10,836.0,8360.0
2021020905001189,PLI,41,38,10,836.0,8360.0
2021020905001188,PLI,41,42,10,836.0,8360.0
2021020905001187,PLI,41,58,10,836.0,8360.0
2021020905001186,PLI,41,25,10,836.0,8360.0
2021020905001197,PLI,25,45,10,836.0,8360.0
2021020905001196,PLI,25,17,10,836.0,8360.0
2021020905001195,PLI,25,35,10,836.0,8360.0
2021020905001194,PLI,25,49,10,836.0,8360.0
2021020905001193,PLI,25,47,10,836.0,8360.0
2021020905001192,PLI,25,58,10,836.0,8360.0
2021020905001203,PLI,16,32,10,835.0,8350.0
2021020905001202,PLI,16,39,10,835.0,8350.0
2021020905001201,PLI,16,49,10,835.0,8350.0
2021020905001200,PLI,16,47,10,835.0,8350.0
2021020905001199,PLI,25,45,10,837.0,8370.0
2021020905001198,PLI,25,38,10,836.0,8360.0
2021020905001209,PLI,55,51,10,836.0,8360.0
2021020905001208,PLI,16,32,10,835.0,8350.0
2021020905001207,PLI,16,32,10,835.0,8350.0
2021020905001206,PLI,16,39,10,835.0,8350.0
2021020905001205,PLI,16,36,10,835.0,8350.0
2021020905001204,PLI,16,45,10,835.0,8350.0
2021020905001215,PLI,22,45,10,836.0,8360.0
2021020905001214,PLI,22,39,10,836.0,8360.0
2021020905001213,PLI,22,51,10,836.0,8360.0
2021020905001212,PLI,22,45,10,836.0,8360.0
2021020905001211,PLI,22,58,10,836.0,8360.0
2021020905001210,PLI,55,45,10,836.0,8360.0
2021020905001221,PLI,16,45,10,837.0,8370.0
2021020905001220,PLI,16,39,10,837.0,8370.0
2021020905001219,PLI,16,35,10,837.0,8370.0
2021020905001218,PLI,16,49,10,837.0,8370.0
2021020905001217,PLI,16,58,10,837.0,8370.0
2021020905001216,PLI,16,45,40,837.0,33480.0
2021020905001227,PLI,14,58,10,838.0,8380.0
2021020905001226,PLI,14,48,10,838.0,8380.0
2021020905001225,PLI,14,46,10,838.0,8380.0
2021020905001224,PLI,14,53,10,838.0,8380.0
2021020905001223,PLI,16,45,10,837.0,8370.0
2021020905001222,PLI,16,35,10,837.0,8370.0
2021020905001233,PLI,14,14,10,839.0,8390.0
2021020905001232,PLI,14,53,10,839.0,8390.0
2021020905001231,PLI,14,35,10,839.0,8390.0
2021020905001230,PLI,14,34,10,839.0,8390.0
2021020905001229,PLI,14,13,10,839.0,8390.0
2021020905001228,PLI,14,57,10,839.0,8390.0
2021020905001239,PLI,26,55,10,837.0,8370.0
2021020905001238,PLI,52,55,10,837.0,8370.0
2021020905001237,PLI,55,55,150,837.0,125550.0
2021020905001236,PLI,16,55,30,837.0,25110.0
2021020905001235,PLI,16,42,10,837.0,8370.0
2021020905001234,PLI,14,1,100,839.0,83900.0
2021020905001245,PLI,16,38,10,838.0,8380.0
2021020905001244,PLI,16,34,10,838.0,8380.0
2021020905001243,PLI,16,56,10,838.0,8380.0
2021020905001242,PLI,16,47,10,838.0,8380.0
2021020905001241,PLI,16,1,10,838.0,8380.0
2021020905001240,PLI,26,38,10,837.0,8370.0
2021020905001251,PLI,43,41,10,839.0,8390.0
2021020905001250,PLI,14,40,10,840.0,8400.0
2021020905001249,PLI,14,45,85,840.0,71400.0
2021020905001248,PLI,11,42,10,839.0,8390.0
2021020905001247,PLI,11,17,10,839.0,8390.0
2021020905001246,PLI,11,1,115,839.0,96485.0
2021020905001257,PLI,16,39,10,838.0,8380.0
2021020905001256,PLI,43,53,10,839.0,8390.0
2021020905001255,PLI,43,39,10,839.0,8390.0
2021020905001254,PLI,58,28,10,840.0,8400.0
2021020905001253,PLI,43,38,10,839.0,8390.0
2021020905001252,PLI,43,39,10,839.0,8390.0
2021020905001263,PLI,51,4,10,839.0,8390.0
2021020905001262,PLI,51,44,10,839.0,8390.0
2021020905001261,PLI,51,59,10,839.0,8390.0
2021020905001260,PLI,51,59,10,839.0,8390.0
2021020905001259,PLI,51,39,10,839.0,8390.0
2021020905001258,PLI,16,38,10,838.0,8380.0
2021020905000769,PLI,50,49,200,840.0,168000.0
2021020905000768,PLI,40,49,10,841.0,8410.0
2021020905000767,PLI,41,49,50,841.0,42050.0
2021020905000766,PLI,41,10,10,841.0,8410.0
2021020905000765,PLI,38,13,10,842.0,8420.0
2021020905000764,PLI,38,47,10,842.0,8420.0
2021020905000271,PLI,16,4,100,844.0,84400.0
2021020905000270,PLI,18,19,23,844.0,19412.0
2021020905000277,PLI,45,22,30,842.0,25260.0
2021020905000276,PLI,26,22,50,842.0,42100.0
2021020905000275,PLI,45,22,20,843.0,16860.0
2021020905000274,PLI,45,34,10,843.0,8430.0
2021020905000273,PLI,45,41,10,843.0,8430.0
2021020905000272,PLI,45,8,10,843.0,8430.0
2021020905000283,PLI,11,58,10,842.0,8420.0
2021020905000282,PLI,11,34,10,842.0,8420.0
2021020905000281,PLI,11,14,10,842.0,8420.0
2021020905000280,PLI,11,41,140,842.0,117880.0
2021020905000279,PLI,45,41,60,842.0,50520.0
2021020905000278,PLI,45,59,10,842.0,8420.0
2021020905000289,PLI,51,58,10,842.0,8420.0
2021020905000288,PLI,42,34,10,840.0,8400.0
2021020905000287,PLI,16,52,10,842.0,8420.0
2021020905000286,PLI,11,58,10,842.0,8420.0
2021020905000285,PLI,11,59,10,842.0,8420.0
2021020905000284,PLI,11,29,10,842.0,8420.0
2021020905000295,PLI,37,32,50,840.0,42000.0
2021020905000294,PLI,54,32,25,840.0,21000.0
2021020905000293,PLI,22,32,90,840.0,75600.0
2021020905000292,PLI,11,32,90,840.0,75600.0
2021020905000291,PLI,11,34,10,840.0,8400.0
2021020905000290,PLI,42,8,10,840.0,8400.0
2021020905000301,PLI,43,32,45,840.0,37800.0
2021020905000300,PLI,46,32,100,840.0,84000.0
2021020905000299,PLI,49,32,10,840.0,8400.0
2021020905000298,PLI,38,32,50,840.0,42000.0
2021020905000297,PLI,47,32,20,840.0,16800.0
2021020905000296,PLI,8,32,20,840.0,16800.0
2021020905000307,PLI,39,6,10,840.0,8400.0
2021020905000306,PLI,39,34,10,840.0,8400.0
2021020905000305,PLI,39,41,10,840.0,8400.0
2021020905000304,PLI,39,58,10,840.0,8400.0
2021020905000303,PLI,39,32,10,840.0,8400.0
2021020905000302,PLI,58,58,10,840.0,8400.0
2021020905000313,PLI,35,34,10,840.0,8400.0
2021020905000312,PLI,35,39,10,840.0,8400.0
2021020905000311,PLI,35,28,10,840.0,8400.0
2021020905000310,PLI,46,41,60,841.0,50460.0
2021020905000309,PLI,46,1,40,841.0,33640.0
2021020905000308,PLI,45,57,10,840.0,8400.0
2021020905000319,PLI,22,21,10,840.0,8400.0
2021020905000318,PLI,22,34,10,840.0,8400.0
2021020905000317,PLI,22,57,10,840.0,8400.0
2021020905000316,PLI,35,32,10,840.0,8400.0
2021020905000315,PLI,35,45,10,840.0,8400.0
2021020905000314,PLI,35,38,10,840.0,8400.0
2021020905000325,PLI,45,53,40,840.0,33600.0
2021020905000324,PLI,55,53,50,840.0,42000.0
2021020905000323,PLI,35,53,10,840.0,8400.0
2021020905000322,PLI,34,6,10,840.0,8400.0
2021020905000321,PLI,34,38,10,840.0,8400.0
2021020905000320,PLI,22,34,10,840.0,8400.0
2021020905000331,PLI,17,59,10,838.0,8380.0
2021020905000330,PLI,17,45,10,838.0,8380.0
2021020905000329,PLI,17,56,10,838.0,8380.0
2021020905000328,PLI,17,19,47,838.0,39386.0
2021020905000327,PLI,17,34,10,838.0,8380.0
2021020905000326,PLI,26,19,100,839.0,83900.0
2021020905000337,PLI,35,49,13,838.0,10894.0
2021020905000336,PLI,53,49,160,838.0,134080.0
2021020905000335,PLI,50,49,30,838.0,25140.0
2021020905000334,PLI,5,49,10,838.0,8380.0
2021020905000333,PLI,5,34,10,838.0,8380.0
2021020905000332,PLI,17,22,10,838.0,8380.0
2021020905000343,PLI,58,10,10,837.0,8370.0
2021020905000342,PLI,58,8,10,837.0,8370.0
2021020905000341,PLI,11,21,100,837.0,83700.0
2021020905000340,PLI,26,19,10,837.0,8370.0
2021020905000339,PLI,26,10,10,837.0,8370.0
2021020905000338,PLI,19,49,10,838.0,8380.0
2021020905000349,PLI,58,42,30,837.0,25110.0
2021020905000348,PLI,58,38,10,837.0,8370.0
2021020905000347,PLI,58,48,150,837.0,125550.0
2021020905000346,PLI,58,7,10,837.0,8370.0
2021020905000345,PLI,58,59,10,837.0,8370.0
2021020905000344,PLI,58,46,10,837.0,8370.0
2021020905000355,PLI,19,49,50,837.0,41850.0
2021020905000354,PLI,58,49,220,837.0,184140.0
2021020905000353,PLI,58,45,10,837.0,8370.0
2021020905000352,PLI,58,45,10,837.0,8370.0
2021020905000351,PLI,58,54,10,837.0,8370.0
2021020905000350,PLI,58,32,10,837.0,8370.0
2021020905000361,PLI,35,19,70,835.0,58450.0
2021020905000360,PLI,45,19,10,835.0,8350.0
2021020905000359,PLI,55,19,100,836.0,83600.0
2021020905000358,PLI,44,19,10,836.0,8360.0
2021020905000357,PLI,44,22,10,836.0,8360.0
2021020905000356,PLI,4,49,10,837.0,8370.0
2021020905000367,PLI,35,3,10,835.0,8350.0
2021020905000366,PLI,6,45,10,836.0,8360.0
2021020905000365,PLI,35,47,10,835.0,8350.0
2021020905000364,PLI,16,49,10,837.0,8370.0
2021020905000363,PLI,41,49,190,837.0,159030.0
2021020905000362,PLI,41,3,10,836.0,8360.0
2021020905000373,PLI,6,49,23,837.0,19251.0
2021020905000372,PLI,35,35,10,835.0,8350.0
2021020905000371,PLI,35,41,10,835.0,8350.0
2021020905000370,PLI,35,58,10,835.0,8350.0
2021020905000369,PLI,35,32,10,835.0,8350.0
2021020905000368,PLI,35,57,10,835.0,8350.0
2021020905000379,PLI,35,52,10,835.0,8350.0
2021020905000378,PLI,35,41,10,835.0,8350.0
2021020905000377,PLI,50,58,10,836.0,8360.0
2021020905000376,PLI,50,50,10,836.0,8360.0
2021020905000375,PLI,50,58,10,836.0,8360.0
2021020905000374,PLI,35,34,10,835.0,8350.0
2021020905000385,PLI,51,22,10,835.0,8350.0
2021020905000384,PLI,47,22,40,835.0,33400.0
2021020905000383,PLI,47,48,10,835.0,8350.0
2021020905000382,PLI,35,45,10,835.0,8350.0
2021020905000381,PLI,35,45,10,835.0,8350.0
2021020905000380,PLI,35,34,10,835.0,8350.0
2021020905000391,PLI,51,51,10,835.0,8350.0
2021020905000390,PLI,51,45,10,835.0,8350.0
2021020905000389,PLI,28,22,10,836.0,8360.0
2021020905000388,PLI,28,32,10,836.0,8360.0
2021020905000387,PLI,51,34,10,835.0,8350.0
2021020905000386,PLI,51,21,10,835.0,8350.0
2021020905000397,PLI,17,26,10,834.0,8340.0
2021020905000396,PLI,25,49,100,835.0,83500.0
2021020905000395,PLI,26,49,100,835.0,83500.0
2021020905000394,PLI,58,49,10,835.0,8350.0
2021020905000393,PLI,22,49,50,835.0,41750.0
2021020905000392,PLI,51,49,50,835.0,41750.0
2021020905000403,PLI,49,39,30,834.0,25020.0
2021020905000402,PLI,39,39,100,834.0,83400.0
2021020905000401,PLI,3,39,180,834.0,150120.0
2021020905000400,PLI,3,34,10,834.0,8340.0
2021020905000399,PLI,3,1,100,834.0,83400.0
2021020905000398,PLI,3,28,10,834.0,8340.0
2021020905000409,PLI,28,42,10,834.0,8340.0
2021020905000408,PLI,49,49,30,835.0,25050.0
2021020905000407,PLI,49,26,10,834.0,8340.0
2021020905000406,PLI,49,51,10,834.0,8340.0
2021020905000405,PLI,49,1,10,834.0,8340.0
2021020905000404,PLI,49,58,10,834.0,8340.0
2021020905000415,PLI,22,49,10,834.0,8340.0
2021020905000414,PLI,22,1,140,834.0,116760.0
2021020905000413,PLI,45,1,40,834.0,33360.0
2021020905000412,PLI,39,1,20,834.0,16680.0
2021020905000411,PLI,52,45,10,833.0,8330.0
2021020905000410,PLI,52,38,10,833.0,8330.0
2021020905000421,PLI,17,4,10,834.0,8340.0
2021020905000420,PLI,48,42,10,833.0,8330.0
2021020905000419,PLI,16,39,100,833.0,83300.0
2021020905000418,PLI,52,39,180,833.0,149940.0
2021020905000417,PLI,22,39,40,834.0,33360.0
2021020905000416,PLI,22,21,10,834.0,8340.0
2021020905000427,PLI,42,7,10,833.0,8330.0
2021020905000426,PLI,58,26,10,833.0,8330.0
2021020905000425,PLI,58,6,10,833.0,8330.0
2021020905000424,PLI,48,21,10,833.0,8330.0
2021020905000423,PLI,17,49,80,835.0,66800.0
2021020905000422,PLI,17,14,10,834.0,8340.0
2021020905000433,PLI,28,52,10,834.0,8340.0
2021020905000432,PLI,42,34,10,833.0,8330.0
2021020905000431,PLI,45,49,77,835.0,64295.0
2021020905000430,PLI,45,21,10,834.0,8340.0
2021020905000429,PLI,45,58,10,834.0,8340.0
2021020905000428,PLI,42,58,10,833.0,8330.0
2021020905000439,PLI,19,8,10,833.0,8330.0
2021020905000438,PLI,19,35,10,833.0,8330.0
2021020905000437,PLI,19,42,10,833.0,8330.0
2021020905000436,PLI,41,51,10,834.0,8340.0
2021020905000435,PLI,41,58,10,834.0,8340.0
2021020905000434,PLI,28,6,10,834.0,8340.0
2021020905000445,PLI,33,49,80,835.0,66800.0
2021020905000444,PLI,33,38,10,834.0,8340.0
2021020905000443,PLI,33,21,10,834.0,8340.0
2021020905000442,PLI,1,21,10,832.0,8320.0
2021020905000441,PLI,19,4,10,833.0,8330.0
2021020905000440,PLI,19,48,10,833.0,8330.0
2021020905000451,PLI,38,55,10,834.0,8340.0
2021020905000450,PLI,38,58,10,834.0,8340.0
2021020905000449,PLI,38,47,10,834.0,8340.0
2021020905000448,PLI,38,38,10,834.0,8340.0
2021020905000447,PLI,38,41,10,834.0,8340.0
2021020905000446,PLI,38,49,10,833.0,8330.0
2021020905000457,PLI,58,6,10,834.0,8340.0
2021020905000456,PLI,28,49,500,835.0,417500.0
2021020905000455,PLI,34,34,50,833.0,41650.0
2021020905000454,PLI,51,34,30,833.0,24990.0
2021020905000453,PLI,34,34,30,834.0,25020.0
2021020905000452,PLI,38,34,90,834.0,75060.0
2021020905000463,PLI,16,14,10,835.0,8350.0
2021020905000462,PLI,16,49,197,835.0,164495.0
2021020905000461,PLI,3,33,10,834.0,8340.0
2021020905000460,PLI,58,33,10,834.0,8340.0
2021020905000459,PLI,58,47,15,834.0,12510.0
2021020905000458,PLI,58,22,10,834.0,8340.0
2021020905000469,PLI,16,26,30,835.0,25050.0
2021020905000468,PLI,16,11,10,835.0,8350.0
2021020905000467,PLI,16,22,10,835.0,8350.0
2021020905000466,PLI,16,6,10,835.0,8350.0
2021020905000465,PLI,16,58,10,835.0,8350.0
2021020905000464,PLI,16,36,10,835.0,8350.0
2021020905000475,PLI,16,52,10,835.0,8350.0
2021020905000474,PLI,16,57,10,835.0,8350.0
2021020905000473,PLI,16,48,10,835.0,8350.0
2021020905000472,PLI,16,21,10,835.0,8350.0
2021020905000471,PLI,16,14,10,835.0,8350.0
2021020905000470,PLI,16,52,10,835.0,8350.0
2021020905000481,PLI,37,57,10,837.0,8370.0
2021020905000480,PLI,37,29,10,837.0,8370.0
2021020905000479,PLI,37,44,10,837.0,8370.0
2021020905000478,PLI,37,34,10,837.0,8370.0
2021020905000477,PLI,45,45,10,836.0,8360.0
2021020905000476,PLI,45,45,10,836.0,8360.0
2021020905000487,PLI,58,1,10,838.0,8380.0
2021020905000486,PLI,58,29,10,838.0,8380.0
2021020905000485,PLI,58,34,10,838.0,8380.0
2021020905000484,PLI,37,45,10,837.0,8370.0
2021020905000483,PLI,37,19,95,837.0,79515.0
2021020905000482,PLI,37,49,10,837.0,8370.0
2021020905000493,PLI,1,14,10,838.0,8380.0
2021020905000492,PLI,1,58,10,838.0,8380.0
2021020905000491,PLI,1,38,10,838.0,8380.0
2021020905000490,PLI,1,45,20,838.0,16760.0
2021020905000489,PLI,58,45,10,838.0,8380.0
2021020905000488,PLI,58,58,10,838.0,8380.0
2021020905000499,PLI,1,22,10,838.0,8380.0
2021020905000498,PLI,1,35,10,838.0,8380.0
2021020905000497,PLI,1,38,10,838.0,8380.0
2021020905000496,PLI,1,22,10,838.0,8380.0
2021020905000495,PLI,1,50,10,838.0,8380.0
2021020905000494,PLI,1,42,10,838.0,8380.0
2021020905000505,PLI,29,50,10,839.0,8390.0
2021020905000504,PLI,29,13,10,839.0,8390.0
2021020905000503,PLI,29,1,10,839.0,8390.0
2021020905000502,PLI,1,49,10,838.0,8380.0
2021020905000501,PLI,1,49,10,838.0,8380.0
2021020905000500,PLI,1,3,10,838.0,8380.0
2021020905000511,PLI,1,45,10,838.0,8380.0
2021020905000510,PLI,29,34,930,840.0,781200.0
2021020905000509,PLI,29,11,10,840.0,8400.0
2021020905000508,PLI,29,45,10,840.0,8400.0
2021020905000507,PLI,29,14,10,840.0,8400.0
2021020905000506,PLI,29,51,10,840.0,8400.0
2021020905000517,PLI,6,55,10,839.0,8390.0
2021020905000516,PLI,6,55,10,839.0,8390.0
2021020905000515,PLI,45,40,65,840.0,54600.0
2021020905000514,PLI,45,34,35,840.0,29400.0
2021020905000513,PLI,6,45,10,839.0,8390.0
2021020905000512,PLI,1,14,10,838.0,8380.0
2021020905000523,PLI,28,49,10,840.0,8400.0
2021020905000522,PLI,28,35,20,840.0,16800.0
2021020905000521,PLI,28,40,25,840.0,21000.0
2021020905000520,PLI,44,25,10,839.0,8390.0
2021020905000519,PLI,59,40,10,840.0,8400.0
2021020905000518,PLI,59,59,10,840.0,8400.0
2021020905000529,PLI,28,35,10,840.0,8400.0
2021020905000528,PLI,28,52,10,840.0,8400.0
2021020905000527,PLI,28,13,10,840.0,8400.0
2021020905000526,PLI,28,21,10,840.0,8400.0
2021020905000525,PLI,28,45,10,840.0,8400.0
2021020905000524,PLI,28,58,10,840.0,8400.0
2021020905000535,PLI,28,36,10,840.0,8400.0
2021020905000534,PLI,28,58,10,840.0,8400.0
2021020905000533,PLI,28,54,10,840.0,8400.0
2021020905000532,PLI,28,44,10,840.0,8400.0
2021020905000531,PLI,28,36,10,840.0,8400.0
2021020905000530,PLI,28,36,10,840.0,8400.0
2021020905000541,PLI,33,51,10,841.0,8410.0
2021020905000540,PLI,28,46,10,840.0,8400.0
2021020905000539,PLI,28,46,20,840.0,16800.0
2021020905000538,PLI,28,38,10,840.0,8400.0
2021020905000537,PLI,28,58,10,840.0,8400.0
2021020905000536,PLI,28,42,10,840.0,8400.0
2021020905000547,PLI,33,29,10,842.0,8420.0
2021020905000546,PLI,33,38,10,842.0,8420.0
2021020905000545,PLI,33,6,10,842.0,8420.0
2021020905000544,PLI,33,49,62,842.0,52204.0
2021020905000543,PLI,33,58,10,842.0,8420.0
2021020905000542,PLI,33,45,10,842.0,8420.0
2021020905000553,PLI,58,8,10,843.0,8430.0
2021020905000552,PLI,58,41,10,843.0,8430.0
2021020905000551,PLI,58,41,10,843.0,8430.0
2021020905000550,PLI,58,7,10,843.0,8430.0
2021020905000549,PLI,58,5,10,843.0,8430.0
2021020905000548,PLI,58,16,10,843.0,8430.0
2021020905000559,PLI,50,45,10,844.0,8440.0
2021020905000558,PLI,14,45,10,844.0,8440.0
2021020905000557,PLI,1,45,20,844.0,16880.0
2021020905000556,PLI,1,34,10,844.0,8440.0
2021020905000555,PLI,1,47,10,844.0,8440.0
2021020905000554,PLI,33,58,10,842.0,8420.0
2021020905000565,PLI,50,11,10,844.0,8440.0
2021020905000564,PLI,50,17,10,844.0,8440.0
2021020905000563,PLI,50,22,10,844.0,8440.0
2021020905000562,PLI,50,29,10,844.0,8440.0
2021020905000561,PLI,50,22,10,844.0,8440.0
2021020905000560,PLI,50,21,10,844.0,8440.0
2021020905000571,PLI,49,13,10,845.0,8450.0
2021020905000570,PLI,49,50,10,845.0,8450.0
2021020905000569,PLI,49,55,10,845.0,8450.0
2021020905000568,PLI,49,59,10,845.0,8450.0
2021020905000567,PLI,49,47,20,845.0,16900.0
2021020905000566,PLI,49,21,10,845.0,8450.0
2021020905000577,PLI,42,4,10,847.0,8470.0
2021020905000576,PLI,42,48,10,847.0,8470.0
2021020905000575,PLI,49,42,10,845.0,8450.0
2021020905000574,PLI,49,1,10,845.0,8450.0
2021020905000573,PLI,49,42,10,845.0,8450.0
2021020905000572,PLI,49,34,10,845.0,8450.0
2021020905000583,PLI,49,34,160,845.0,135200.0
2021020905000582,PLI,34,34,20,847.0,16940.0
2021020905000581,PLI,29,34,20,847.0,16940.0
2021020905000580,PLI,49,17,10,845.0,8450.0
2021020905000579,PLI,49,58,10,845.0,8450.0
2021020905000578,PLI,49,16,10,845.0,8450.0
2021020905000589,PLI,50,57,10,849.0,8490.0
2021020905000588,PLI,50,58,10,849.0,8490.0
