Transact. No.,Symbol,Buyer,Seller,Quantity,Rate,Amount
2021021805017766,NIFRA,55,6,50,546.0,27300.0
2021021805017765,NIFRA,55,46,30,546.0,16380.0
2021021805017764,NIFRA,55,29,50,546.0,27300.0
2021021805017763,NIFRA,55,44,60,546.0,32760.0
2021021805017762,NIFRA,55,38,50,546.0,27300.0
2021021805017761,PLI,36,33,10,841.0,8410.0
2021021805017760,NIFRA,55,29,50,546.0,27300.0
2021021805017759,NIFRA,55,45,60,546.0,32760.0
2021021805017758,PLI,57,6,10,840.0,8400.0
2021021805017757,NIFRA,55,44,60,546.0,32760.0
2021021805017756,NIFRA,55,44,60,546.0,32760.0
2021021805017755,PLI,35,49,103,844.0,86932.0
2021021805017754,PLI,35,21,10,843.0,8430.0
2021021805017753,PLI,35,51,70,842.0,58940.0
2021021805017752,PLI,35,21,10,842.0,8420.0
2021021805017751,PLI,35,52,10,842.0,8420.0
2021021805017750,PLI,35,22,10,842.0,8420.0
2021021805017749,PLI,35,52,10,842.0,8420.0
2021021805017748,PLI,35,6,110,842.0,92620.0
2021021805017747,PLI,35,11,30,841.0,25230.0
2021021805017746,PLI,35,45,137,841.0,115217.0
2021021805017745,PLI,57,50,10,840.0,8400.0
2021021805017744,PLI,28,50,30,840.0,25200.0
2021021805017743,NIFRA,55,58,50,546.0,27300.0
2021021805017742,NIFRA,55,29,50,546.0,27300.0
2021021805017741,PLI,28,11,10,840.0,8400.0
2021021805017740,PLI,53,11,90,840.0,75600.0
2021021805017739,PLI,53,8,10,840.0,8400.0
2021021805017738,NIFRA,55,57,50,546.0,27300.0
2021021805017737,NIFRA,55,44,60,546.0,32760.0
2021021805017736,NIFRA,55,29,50,546.0,27300.0
2021021805017735,PLI,42,45,30,840.0,25200.0
2021021805017734,PLI,55,45,20,840.0,16800.0
2021021805017733,PLI,55,41,80,840.0,67200.0
2021021805017732,PLI,44,41,20,840.0,16800.0
2021021805017731,NIFRA,55,44,50,546.0,27300.0
2021021805017730,NIFRA,55,56,20,546.0,10920.0
2021021805017729,PLI,41,45,70,841.0,58870.0
2021021805017728,NIFRA,55,16,20,546.0,10920.0
2021021805017727,NIFRA,55,29,50,546.0,27300.0
2021021805017726,PLI,44,8,10,840.0,8400.0
2021021805017725,NIFRA,55,44,50,546.0,27300.0
2021021805017724,PLI,58,57,10,840.0,8400.0
2021021805017723,NIFRA,55,29,50,546.0,27300.0
2021021805017722,PLI,58,26,10,840.0,8400.0
2021021805017721,NIFRA,55,38,40,546.0,21840.0
2021021805017720,NIFRA,55,48,60,546.0,32760.0
2021021805017719,NIFRA,55,41,50,546.0,27300.0
2021021805017718,PLI,58,8,10,840.0,8400.0
2021021805017717,NIFRA,55,29,50,546.0,27300.0
2021021805017716,NIFRA,55,42,60,546.0,32760.0
2021021805017715,NIFRA,55,21,60,546.0,32760.0
2021021805017714,NIFRA,55,4,60,546.0,32760.0
2021021805017713,PLI,58,36,10,840.0,8400.0
2021021805017712,PLI,55,45,20,841.0,16820.0
2021021805017711,NIFRA,55,57,60,546.0,32760.0
2021021805017710,NIFRA,55,57,50,546.0,27300.0
2021021805017709,NIFRA,55,48,60,546.0,32760.0
2021021805017708,NIFRA,55,29,60,546.0,32760.0
2021021805017707,NIFRA,55,57,50,546.0,27300.0
2021021805017706,NIFRA,55,57,60,546.0,32760.0
2021021805017705,NIFRA,55,48,25,546.0,13650.0
2021021805017704,PLI,1,45,10,841.0,8410.0
2021021805017703,NIFRA,55,29,60,546.0,32760.0
2021021805017702,NIFRA,55,44,50,546.0,27300.0
2021021805017701,NIFRA,55,57,50,546.0,27300.0
2021021805017700,NIFRA,55,29,60,546.0,32760.0
2021021805017699,NIFRA,55,56,50,546.0,27300.0
2021021805017698,PLI,49,45,63,841.0,52983.0
2021021805017697,NIFRA,55,34,50,546.0,27300.0
2021021805017696,NIFRA,55,39,50,546.0,27300.0
2021021805017695,PLI,38,45,50,841.0,42050.0
2021021805017694,NIFRA,55,57,60,546.0,32760.0
2021021805017693,NIFRA,55,1,60,546.0,32760.0
2021021805017692,NIFRA,55,46,50,546.0,27300.0
2021021805017691,PLI,58,29,10,840.0,8400.0
2021021805017690,NIFRA,55,44,50,546.0,27300.0
2021021805017689,PLI,58,19,20,840.0,16800.0
2021021805017688,PLI,14,19,30,840.0,25200.0
2021021805017687,NIFRA,55,29,50,546.0,27300.0
2021021805017686,NIFRA,55,6,20,546.0,10920.0
2021021805017685,PLI,14,4,10,840.0,8400.0
2021021805017684,NIFRA,55,1,60,546.0,32760.0
2021021805017683,NIFRA,55,56,50,546.0,27300.0
2021021805017682,NIFRA,55,25,50,546.0,27300.0
2021021805017681,PLI,28,45,20,841.0,16820.0
2021021805017680,PLI,19,45,50,841.0,42050.0
2021021805017679,PLI,58,45,20,841.0,16820.0
2021021805017678,PLI,44,45,30,841.0,25230.0
2021021805017677,NIFRA,55,6,20,546.0,10920.0
2021021805017676,PLI,44,46,70,841.0,58870.0
2021021805017675,PLI,51,46,60,841.0,50460.0
2021021805017674,NIFRA,55,1,60,546.0,32760.0
2021021805017673,NIFRA,55,34,60,546.0,32760.0
2021021805017672,NIFRA,55,45,30,546.0,16380.0
2021021805017671,NIFRA,55,45,50,546.0,27300.0
2021021805017670,NIFRA,55,44,60,546.0,32760.0
2021021805017669,NIFRA,55,6,20,546.0,10920.0
2021021805017668,NIFRA,55,36,50,546.0,27300.0
2021021805017667,PLI,51,29,10,841.0,8410.0
2021021805017666,NIFRA,55,57,50,546.0,27300.0
2021021805017665,NIFRA,55,50,50,546.0,27300.0
2021021805017664,NIFRA,55,26,60,546.0,32760.0
2021021805017663,NIFRA,55,29,50,546.0,27300.0
2021021805017662,NIFRA,55,45,60,546.0,32760.0
2021021805017661,NIFRA,55,6,20,546.0,10920.0
2021021805017660,PLI,51,46,10,841.0,8410.0
2021021805017659,NIFRA,55,4,50,546.0,27300.0
2021021805017658,PLI,51,8,10,841.0,8410.0
2021021805017657,NIFRA,55,34,60,546.0,32760.0
2021021805017656,PLI,49,6,40,842.0,33680.0
2021021805017655,PLI,51,16,10,841.0,8410.0
2021021805017654,NIFRA,55,38,50,546.0,27300.0
2021021805017653,PLI,51,47,10,841.0,8410.0
2021021805017652,PLI,51,45,10,841.0,8410.0
2021021805017651,NIFRA,55,34,60,546.0,32760.0
2021021805017650,NIFRA,55,6,20,546.0,10920.0
2021021805017649,PLI,51,45,10,841.0,8410.0
2021021805017648,PLI,38,6,50,842.0,42100.0
2021021805017647,NIFRA,55,21,50,546.0,27300.0
2021021805017646,PLI,51,48,10,841.0,8410.0
2021021805017645,PLI,51,47,10,841.0,8410.0
2021021805017644,NIFRA,55,21,50,546.0,27300.0
2021021805017643,PLI,51,41,100,841.0,84100.0
2021021805017642,NIFRA,55,44,50,546.0,27300.0
2021021805017641,PLI,51,45,10,841.0,8410.0
2021021805017640,NIFRA,55,58,50,546.0,27300.0
2021021805017639,NIFRA,55,56,50,546.0,27300.0
2021021805017638,NIFRA,55,46,50,546.0,27300.0
2021021805017637,NIFRA,55,29,50,546.0,27300.0
2021021805017636,NIFRA,55,38,60,546.0,32760.0
2021021805017635,NIFRA,55,44,60,546.0,32760.0
2021021805017634,PLI,51,47,10,841.0,8410.0
2021021805017633,NIFRA,55,45,50,546.0,27300.0
2021021805017632,PLI,51,6,10,841.0,8410.0
2021021805017631,PLI,51,45,10,841.0,8410.0
2021021805017630,PLI,51,53,10,841.0,8410.0
2021021805017629,NIFRA,55,6,50,546.0,27300.0
2021021805017628,PLI,51,56,10,841.0,8410.0
2021021805017627,NIFRA,55,29,50,546.0,27300.0
2021021805017626,NIFRA,55,42,60,546.0,32760.0
2021021805017625,NIFRA,55,57,50,546.0,27300.0
2021021805017624,PLI,51,19,10,841.0,8410.0
2021021805017623,NIFRA,55,29,50,546.0,27300.0
2021021805017622,NIFRA,55,45,50,546.0,27300.0
2021021805017621,NIFRA,55,34,50,546.0,27300.0
2021021805017620,NIFRA,55,29,60,546.0,32760.0
2021021805017619,NIFRA,55,34,60,546.0,32760.0
2021021805017618,PLI,51,40,10,841.0,8410.0
2021021805017617,NIFRA,55,57,10,546.0,5460.0
2021021805017616,NIFRA,55,42,50,546.0,27300.0
2021021805017615,NIFRA,55,21,50,546.0,27300.0
2021021805017614,NIFRA,55,16,60,546.0,32760.0
2021021805017613,PLI,51,41,10,841.0,8410.0
2021021805017612,NIFRA,55,29,60,546.0,32760.0
2021021805017611,PLI,51,3,10,841.0,8410.0
2021021805017610,NIFRA,55,29,50,546.0,27300.0
2021021805017609,PLI,51,3,10,841.0,8410.0
2021021805017608,PLI,51,25,10,841.0,8410.0
2021021805017607,NIFRA,55,45,50,546.0,27300.0
2021021805017606,NIFRA,55,56,50,546.0,27300.0
2021021805017605,NIFRA,55,4,60,546.0,32760.0
2021021805017604,PLI,51,42,10,841.0,8410.0
2021021805017603,PLI,51,45,10,841.0,8410.0
2021021805017602,NIFRA,55,29,50,546.0,27300.0
2021021805017601,NIFRA,55,38,50,546.0,27300.0
2021021805017600,PLI,51,3,10,841.0,8410.0
2021021805017599,PLI,14,56,10,840.0,8400.0
2021021805017598,PLI,45,3,20,841.0,16820.0
2021021805017597,NIFRA,55,45,50,546.0,27300.0
2021021805017596,NIFRA,55,56,50,546.0,27300.0
2021021805017595,NIFRA,55,29,50,546.0,27300.0
2021021805017594,NIFRA,55,44,60,546.0,32760.0
2021021805017593,PLI,14,6,10,840.0,8400.0
2021021805017592,NIFRA,55,52,30,546.0,16380.0
2021021805017591,NIFRA,55,45,50,546.0,27300.0
2021021805017590,NIFRA,55,29,50,546.0,27300.0
2021021805017589,PLI,38,3,50,841.0,42050.0
2021021805017588,NIFRA,55,29,60,546.0,32760.0
2021021805017587,NIFRA,55,57,50,546.0,27300.0
2021021805017586,NIFRA,55,29,60,546.0,32760.0
2021021805017585,PLI,19,3,20,841.0,16820.0
2021021805017584,NIFRA,55,29,60,546.0,32760.0
2021021805017583,NIFRA,55,39,60,546.0,32760.0
2021021805017582,NIFRA,55,38,50,546.0,27300.0
2021021805017581,PLI,19,49,10,841.0,8410.0
2021021805017580,PLI,19,19,30,841.0,25230.0
2021021805017579,NIFRA,55,29,50,546.0,27300.0
2021021805017578,NIFRA,55,36,30,546.0,16380.0
2021021805017577,NIFRA,55,58,60,546.0,32760.0
2021021805017576,NIFRA,55,29,50,546.0,27300.0
2021021805017575,NIFRA,55,34,50,546.0,27300.0
2021021805017574,PLI,14,4,10,840.0,8400.0
2021021805017573,NIFRA,55,29,50,546.0,27300.0
2021021805017572,NIFRA,55,39,50,546.0,27300.0
2021021805017571,NIFRA,55,46,50,546.0,27300.0
2021021805017570,NIFRA,55,29,50,546.0,27300.0
2021021805017569,NIFRA,55,38,50,546.0,27300.0
2021021805017568,NIFRA,55,29,50,546.0,27300.0
2021021805017567,PLI,14,29,10,840.0,8400.0
2021021805017566,PLI,14,49,10,840.0,8400.0
2021021805017565,NIFRA,55,44,60,546.0,32760.0
2021021805017564,NIFRA,55,40,50,546.0,27300.0
2021021805017563,NIFRA,55,58,50,546.0,27300.0
2021021805017562,NIFRA,55,29,60,546.0,32760.0
2021021805017561,NIFRA,55,29,60,546.0,32760.0
2021021805017560,PLI,14,6,10,840.0,8400.0
2021021805017559,NIFRA,55,38,60,546.0,32760.0
2021021805017558,PLI,4,3,10,840.0,8400.0
2021021805017557,PLI,17,4,10,840.0,8400.0
2021021805017556,NIFRA,55,34,10,546.0,5460.0
2021021805017555,NIFRA,55,57,50,546.0,27300.0
2021021805017554,PLI,17,6,10,840.0,8400.0
2021021805017553,NIFRA,55,40,50,546.0,27300.0
2021021805017552,NIFRA,55,44,50,546.0,27300.0
2021021805017551,NIFRA,55,58,40,546.0,21840.0
2021021805017550,NIFRA,55,38,60,546.0,32760.0
2021021805017549,NIFRA,55,44,50,546.0,27300.0
2021021805017548,NIFRA,55,29,50,546.0,27300.0
2021021805017547,NIFRA,55,40,50,546.0,27300.0
2021021805017546,NIFRA,55,34,60,546.0,32760.0
2021021805017545,NIFRA,55,29,50,546.0,27300.0
2021021805017544,NIFRA,55,50,10,546.0,5460.0
2021021805017543,NIFRA,55,56,50,546.0,27300.0
2021021805017542,NIFRA,55,49,50,546.0,27300.0
2021021805017541,NIFRA,55,29,50,546.0,27300.0
2021021805017540,NIFRA,55,45,50,546.0,27300.0
2021021805017539,PLI,17,49,10,840.0,8400.0
2021021805017538,NIFRA,55,34,60,546.0,32760.0
2021021805017537,NIFRA,55,44,60,546.0,32760.0
2021021805017536,PLI,17,52,10,840.0,8400.0
2021021805017535,NIFRA,55,29,50,546.0,27300.0
2021021805017534,NIFRA,55,56,60,546.0,32760.0
2021021805017533,NIFRA,55,16,50,546.0,27300.0
2021021805017532,PLI,17,55,10,840.0,8400.0
2021021805017531,NIFRA,55,4,60,546.0,32760.0
2021021805017530,NIFRA,55,34,50,546.0,27300.0
2021021805017529,NIFRA,55,40,50,546.0,27300.0
2021021805017528,PLI,52,57,10,840.0,8400.0
2021021805017527,NIFRA,55,44,50,546.0,27300.0
2021021805017526,NIFRA,55,4,50,546.0,27300.0
2021021805017525,NIFRA,55,21,60,546.0,32760.0
2021021805017524,NIFRA,55,45,60,546.0,32760.0
2021021805017523,NIFRA,55,56,40,546.0,21840.0
2021021805017522,NIFRA,55,46,50,546.0,27300.0
2021021805017521,NIFRA,55,36,20,546.0,10920.0
2021021805017520,NIFRA,55,6,20,546.0,10920.0
2021021805017519,PLI,52,33,10,840.0,8400.0
2021021805017518,PLI,52,35,80,840.0,67200.0
2021021805017517,PLI,39,35,30,840.0,25200.0
2021021805017516,NIFRA,55,40,50,546.0,27300.0
2021021805017515,NIFRA,55,29,50,546.0,27300.0
2021021805017514,NIFRA,55,45,60,546.0,32760.0
2021021805017513,PLI,39,14,10,840.0,8400.0
2021021805017512,NIFRA,55,36,60,546.0,32760.0
2021021805017511,NIFRA,55,29,50,546.0,27300.0
2021021805017510,NIFRA,55,38,10,546.0,5460.0
2021021805017509,NIFRA,55,44,60,546.0,32760.0
2021021805017508,NIFRA,55,44,60,546.0,32760.0
2021021805017507,NIFRA,55,29,50,546.0,27300.0
2021021805017506,PLI,57,34,10,841.0,8410.0
2021021805017505,PLI,57,17,10,841.0,8410.0
2021021805017504,PLI,57,14,10,841.0,8410.0
2021021805017503,NIFRA,55,29,50,546.0,27300.0
2021021805017502,NIFRA,55,45,60,546.0,32760.0
2021021805017501,NIFRA,55,42,50,546.0,27300.0
2021021805017500,PLI,57,11,10,841.0,8410.0
2021021805017499,NIFRA,55,38,50,546.0,27300.0
2021021805017498,NIFRA,55,56,40,546.0,21840.0
2021021805017497,NIFRA,55,29,50,546.0,27300.0
2021021805017496,NIFRA,55,45,60,546.0,32760.0
2021021805017495,NIFRA,55,29,50,546.0,27300.0
2021021805017494,NIFRA,55,38,50,546.0,27300.0
2021021805017493,NIFRA,55,55,60,546.0,32760.0
2021021805017492,NIFRA,55,47,50,546.0,27300.0
2021021805017491,NIFRA,55,29,60,546.0,32760.0
2021021805017490,NIFRA,55,36,50,546.0,27300.0
2021021805017489,PLI,57,59,10,841.0,8410.0
2021021805017488,NIFRA,55,47,50,546.0,27300.0
2021021805017487,NIFRA,55,34,60,546.0,32760.0
2021021805017486,NIFRA,55,26,50,546.0,27300.0
2021021805017485,PLI,39,52,10,840.0,8400.0
2021021805017484,NIFRA,55,55,60,546.0,32760.0
2021021805017483,NIFRA,55,29,60,546.0,32760.0
2021021805017482,NIFRA,55,45,50,546.0,27300.0
2021021805017481,NIFRA,55,34,60,546.0,32760.0
2021021805017480,NIFRA,55,36,50,546.0,27300.0
2021021805017479,PLI,41,42,10,843.0,8430.0
2021021805017478,PLI,41,5,10,843.0,8430.0
2021021805017477,PLI,41,5,10,843.0,8430.0
2021021805017476,PLI,41,58,10,841.0,8410.0
2021021805017475,NIFRA,55,45,50,546.0,27300.0
2021021805017474,NIFRA,55,44,60,546.0,32760.0
2021021805017473,NIFRA,55,32,50,546.0,27300.0
2021021805017472,NIFRA,55,55,60,546.0,32760.0
2021021805017471,NIFRA,55,34,60,546.0,32760.0
2021021805017470,NIFRA,55,28,60,546.0,32760.0
2021021805017469,NIFRA,55,21,60,546.0,32760.0
2021021805017468,NIFRA,55,14,60,546.0,32760.0
2021021805017467,NIFRA,55,45,60,546.0,32760.0
2021021805017466,NIFRA,55,46,50,546.0,27300.0
2021021805017465,PLI,34,41,10,842.0,8420.0
2021021805017464,PLI,34,14,10,842.0,8420.0
2021021805017463,NIFRA,55,45,60,546.0,32760.0
2021021805017462,NIFRA,55,44,60,546.0,32760.0
2021021805017461,NIFRA,55,45,60,546.0,32760.0
2021021805017460,PLI,34,19,10,842.0,8420.0
2021021805017459,PLI,34,14,10,842.0,8420.0
2021021805017458,NIFRA,55,58,50,546.0,27300.0
2021021805017457,NIFRA,55,46,60,546.0,32760.0
2021021805017456,NIFRA,55,45,50,546.0,27300.0
2021021805017455,PLI,34,25,10,842.0,8420.0
2021021805017454,NIFRA,55,49,50,546.0,27300.0
2021021805017453,PLI,39,8,10,840.0,8400.0
2021021805017452,NIFRA,55,57,50,546.0,27300.0
2021021805017451,NIFRA,55,4,60,546.0,32760.0
2021021805017450,PLI,39,10,10,840.0,8400.0
2021021805017449,NIFRA,55,29,60,546.0,32760.0
2021021805017448,NIFRA,55,34,50,546.0,27300.0
2021021805017447,PLI,41,36,10,842.0,8420.0
2021021805017446,PLI,41,42,10,842.0,8420.0
2021021805017445,NIFRA,55,26,50,546.0,27300.0
2021021805017444,PLI,41,45,10,842.0,8420.0
2021021805017443,NIFRA,55,29,50,546.0,27300.0
2021021805017442,NIFRA,55,34,50,546.0,27300.0
2021021805017441,NIFRA,55,4,50,546.0,27300.0
2021021805017440,NIFRA,55,45,50,546.0,27300.0
2021021805017439,PLI,41,34,10,842.0,8420.0
2021021805017438,NIFRA,55,49,50,546.0,27300.0
2021021805017437,PLI,41,46,10,842.0,8420.0
2021021805017436,PLI,41,34,10,842.0,8420.0
2021021805017435,PLI,41,4,10,842.0,8420.0
2021021805017434,PLI,41,41,110,842.0,92620.0
2021021805017433,PLI,41,34,10,841.0,8410.0
2021021805017432,PLI,41,11,10,840.0,8400.0
2021021805017431,NIFRA,55,28,60,546.0,32760.0
2021021805017430,NIFRA,55,29,60,546.0,32760.0
2021021805017429,NIFRA,55,58,50,546.0,27300.0
2021021805017428,NIFRA,55,34,50,546.0,27300.0
2021021805017427,NIFRA,55,6,50,546.0,27300.0
2021021805017426,NIFRA,55,34,60,546.0,32760.0
2021021805017425,NIFRA,55,34,50,546.0,27300.0
2021021805017424,NIFRA,55,11,60,546.0,32760.0
2021021805017423,NIFRA,55,49,30,546.0,16380.0
2021021805017422,NIFRA,55,57,60,546.0,32760.0
2021021805017421,NIFRA,55,29,60,546.0,32760.0
2021021805017420,NIFRA,55,54,50,546.0,27300.0
2021021805017419,PLI,43,45,10,839.0,8390.0
2021021805017418,PLI,36,4,10,839.0,8390.0
2021021805017417,NIFRA,55,45,50,546.0,27300.0
2021021805017416,NIFRA,55,55,50,546.0,27300.0
2021021805017415,NIFRA,55,29,50,546.0,27300.0
2021021805017414,PLI,36,45,10,839.0,8390.0
2021021805017413,NIFRA,55,34,50,546.0,27300.0
2021021805017412,NIFRA,55,42,60,546.0,32760.0
2021021805017411,NIFRA,55,44,50,546.0,27300.0
2021021805017410,PLI,39,25,10,841.0,8410.0
2021021805017409,PLI,39,57,10,840.0,8400.0
2021021805017408,NIFRA,55,34,50,546.0,27300.0
2021021805017407,NIFRA,55,6,20,546.0,10920.0
2021021805017406,NIFRA,55,57,60,546.0,32760.0
2021021805017405,PLI,36,34,10,839.0,8390.0
2021021805017404,NIFRA,55,55,60,546.0,32760.0
2021021805017403,NIFRA,55,4,50,546.0,27300.0
2021021805017402,NIFRA,55,29,50,546.0,27300.0
2021021805017401,NIFRA,55,34,50,546.0,27300.0
2021021805017400,NIFRA,55,39,60,546.0,32760.0
2021021805017399,NIFRA,55,55,50,546.0,27300.0
2021021805017398,NIFRA,55,32,50,546.0,27300.0
2021021805017397,NIFRA,55,6,20,546.0,10920.0
2021021805017396,NIFRA,55,21,60,546.0,32760.0
2021021805017395,NIFRA,55,52,40,546.0,21840.0
2021021805017394,PLI,36,14,10,839.0,8390.0
2021021805017393,NIFRA,55,34,50,546.0,27300.0
2021021805017392,PLI,36,48,10,839.0,8390.0
2021021805017391,NIFRA,55,32,50,546.0,27300.0
2021021805017390,NIFRA,55,39,50,546.0,27300.0
2021021805017389,NIFRA,55,28,50,546.0,27300.0
2021021805017388,NIFRA,55,29,50,546.0,27300.0
2021021805017387,NIFRA,42,10,2,546.0,1092.0
2021021805017386,NIFRA,55,32,60,546.0,32760.0
2021021805017385,PLI,36,1,10,839.0,8390.0
2021021805017384,PLI,36,17,10,839.0,8390.0
2021021805017383,NIFRA,55,48,50,546.0,27300.0
2021021805017382,NIFRA,55,34,50,546.0,27300.0
2021021805017381,NIFRA,55,44,50,546.0,27300.0
2021021805017380,NIFRA,55,55,60,546.0,32760.0
2021021805017379,NIFRA,55,34,50,546.0,27300.0
2021021805017378,NIFRA,55,39,50,546.0,27300.0
2021021805017377,PLI,36,26,10,839.0,8390.0
2021021805017376,NIFRA,55,38,60,546.0,32760.0
2021021805017375,NIFRA,55,29,10,546.0,5460.0
2021021805017374,NIFRA,55,32,50,546.0,27300.0
2021021805017373,PLI,36,33,10,839.0,8390.0
2021021805017372,NIFRA,55,28,50,546.0,27300.0
2021021805017371,NIFRA,55,34,50,546.0,27300.0
2021021805017370,PLI,36,14,10,839.0,8390.0
2021021805017369,NIFRA,55,26,50,546.0,27300.0
2021021805017368,PLI,38,41,10,842.0,8420.0
2021021805017367,PLI,38,32,10,841.0,8410.0
2021021805017366,NIFRA,55,34,50,546.0,27300.0
2021021805017365,NIFRA,55,49,50,546.0,27300.0
2021021805017364,NIFRA,55,17,10,546.0,5460.0
2021021805017363,PLI,44,42,48,840.0,40320.0
2021021805017362,PLI,5,42,50,840.0,42000.0
2021021805017361,PLI,36,42,102,840.0,85680.0
2021021805017360,NIFRA,55,39,60,546.0,32760.0
2021021805017359,NIFRA,55,21,15,546.0,8190.0
2021021805017358,NIFRA,55,32,50,546.0,27300.0
2021021805017357,PLI,36,42,398,840.0,334320.0
2021021805017356,PLI,58,42,10,840.0,8400.0
2021021805017355,PLI,42,42,25,840.0,21000.0
2021021805017354,PLI,58,42,50,840.0,42000.0
2021021805017353,PLI,25,42,440,840.0,369600.0
2021021805017352,PLI,49,42,50,841.0,42050.0
2021021805017351,PLI,17,42,27,841.0,22707.0
2021021805017350,NIFRA,55,34,60,546.0,32760.0
2021021805017349,NIFRA,55,3,10,546.0,5460.0
2021021805017348,NIFRA,55,58,60,546.0,32760.0
2021021805017347,NIFRA,55,17,10,546.0,5460.0
2021021805017346,NIFRA,55,32,50,546.0,27300.0
2021021805017345,PLI,43,41,30,842.0,25260.0
2021021805017344,PLI,43,21,10,842.0,8420.0
2021021805017343,PLI,43,42,10,842.0,8420.0
2021021805017342,PLI,43,45,30,842.0,25260.0
2021021805017341,PLI,43,42,10,842.0,8420.0
2021021805017340,PLI,43,3,10,842.0,8420.0
2021021805017339,NIFRA,55,56,60,546.0,32760.0
2021021805017338,PLI,17,55,10,841.0,8410.0
2021021805017337,NIFRA,55,29,60,546.0,32760.0
2021021805017336,PLI,17,38,10,841.0,8410.0
2021021805017335,NIFRA,55,41,50,546.0,27300.0
2021021805017334,PLI,17,3,10,841.0,8410.0
2021021805017333,NIFRA,55,32,50,546.0,27300.0
2021021805017332,NIFRA,55,55,50,546.0,27300.0
2021021805017331,PLI,17,45,10,841.0,8410.0
2021021805017330,NIFRA,55,49,10,546.0,5460.0
2021021805017329,NIFRA,55,45,50,546.0,27300.0
2021021805017328,PLI,17,49,10,841.0,8410.0
2021021805017327,NIFRA,55,58,50,546.0,27300.0
2021021805017326,NIFRA,55,4,60,546.0,32760.0
2021021805017325,NIFRA,55,51,10,546.0,5460.0
2021021805017324,NIFRA,55,47,50,546.0,27300.0
2021021805017323,NIFRA,55,29,60,546.0,32760.0
2021021805017322,NIFRA,55,44,50,546.0,27300.0
2021021805017321,NIFRA,55,57,60,546.0,32760.0
2021021805017320,NIFRA,55,38,50,546.0,27300.0
2021021805017319,NIFRA,55,58,50,546.0,27300.0
2021021805017318,NIFRA,55,55,50,546.0,27300.0
2021021805017317,PLI,17,41,10,841.0,8410.0
2021021805017316,NIFRA,55,45,60,546.0,32760.0
2021021805017315,NIFRA,55,28,60,546.0,32760.0
2021021805017314,NIFRA,55,58,50,546.0,27300.0
2021021805017313,NIFRA,55,29,50,546.0,27300.0
2021021805017312,NIFRA,55,28,60,546.0,32760.0
2021021805017311,NIFRA,55,57,60,546.0,32760.0
2021021805017310,PLI,17,41,13,841.0,10933.0
2021021805017309,PLI,41,41,21,841.0,17661.0
2021021805017308,NIFRA,55,44,50,546.0,27300.0
2021021805017307,NIFRA,55,58,50,546.0,27300.0
2021021805017306,NIFRA,55,28,50,546.0,27300.0
2021021805017305,NIFRA,55,57,50,546.0,27300.0
2021021805017304,PLI,41,1,10,841.0,8410.0
2021021805017303,NIFRA,55,58,60,546.0,32760.0
2021021805017302,NIFRA,55,16,50,546.0,27300.0
2021021805017301,NIFRA,55,28,60,546.0,32760.0
2021021805017300,NIFRA,55,57,50,546.0,27300.0
2021021805017299,PLI,41,14,10,841.0,8410.0
2021021805017298,PLI,25,26,10,840.0,8400.0
2021021805017297,NIFRA,55,58,60,546.0,32760.0
2021021805017296,NIFRA,55,57,50,546.0,27300.0
2021021805017295,PLI,52,11,10,840.0,8400.0
2021021805017294,NIFRA,55,57,60,546.0,32760.0
2021021805017293,NIFRA,55,58,60,546.0,32760.0
2021021805017292,NIFRA,55,3,60,546.0,32760.0
2021021805017291,NIFRA,55,29,50,546.0,27300.0
2021021805017290,NIFRA,55,28,50,546.0,27300.0
2021021805017289,PLI,52,58,10,840.0,8400.0
2021021805017288,NIFRA,55,57,60,546.0,32760.0
2021021805017287,NIFRA,55,39,60,546.0,32760.0
2021021805017286,NIFRA,55,58,60,546.0,32760.0
2021021805017285,NIFRA,55,58,50,546.0,27300.0
2021021805017284,NIFRA,55,39,60,546.0,32760.0
2021021805017283,PLI,39,3,20,841.0,16820.0
2021021805017282,NIFRA,55,28,60,546.0,32760.0
2021021805017281,PLI,39,4,25,841.0,21025.0
2021021805017280,NIFRA,55,44,50,546.0,27300.0
2021021805017279,NIFRA,55,45,60,546.0,32760.0
2021021805017278,NIFRA,55,40,50,546.0,27300.0
2021021805017277,NIFRA,55,57,60,546.0,32760.0
2021021805017276,PLI,39,14,10,841.0,8410.0
2021021805017275,NIFRA,55,29,50,546.0,27300.0
2021021805017274,NIFRA,55,4,60,546.0,32760.0
2021021805017273,NIFRA,55,3,60,546.0,32760.0
2021021805017272,NIFRA,55,58,50,546.0,27300.0
2021021805017271,NIFRA,55,28,50,546.0,27300.0
2021021805017270,NIFRA,55,46,50,546.0,27300.0
2021021805017269,NIFRA,55,28,50,546.0,27300.0
2021021805017268,NIFRA,55,45,60,546.0,32760.0
2021021805017267,NIFRA,55,3,60,546.0,32760.0
2021021805017266,NIFRA,55,44,50,546.0,27300.0
2021021805017265,PLI,39,57,10,841.0,8410.0
2021021805017264,NIFRA,55,39,50,546.0,27300.0
2021021805017263,NIFRA,55,42,50,546.0,27300.0
2021021805017262,PLI,39,28,10,841.0,8410.0
2021021805017261,NIFRA,55,58,60,546.0,32760.0
2021021805017260,NIFRA,55,34,50,546.0,27300.0
2021021805017259,NIFRA,55,38,10,546.0,5460.0
2021021805017258,NIFRA,55,34,50,546.0,27300.0
2021021805017257,NIFRA,55,29,50,546.0,27300.0
2021021805017256,NIFRA,55,49,50,546.0,27300.0
2021021805017255,NIFRA,55,51,50,546.0,27300.0
2021021805017254,NIFRA,55,34,50,546.0,27300.0
2021021805017253,NIFRA,55,57,50,546.0,27300.0
2021021805017252,NIFRA,55,58,50,546.0,27300.0
2021021805017251,NIFRA,55,45,30,546.0,16380.0
2021021805017250,NIFRA,55,58,60,546.0,32760.0
2021021805017249,NIFRA,55,34,50,546.0,27300.0
2021021805017248,NIFRA,55,29,50,546.0,27300.0
2021021805017247,NIFRA,55,56,50,546.0,27300.0
2021021805017246,NIFRA,55,48,50,546.0,27300.0
2021021805017245,NIFRA,55,34,50,546.0,27300.0
2021021805017244,NIFRA,55,34,60,546.0,32760.0
2021021805017243,NIFRA,55,56,50,546.0,27300.0
2021021805017242,NIFRA,55,29,50,546.0,27300.0
2021021805017241,NIFRA,55,45,10,546.0,5460.0
2021021805017240,NIFRA,55,58,10,546.0,5460.0
2021021805017239,NIFRA,55,38,50,546.0,27300.0
2021021805017238,NIFRA,55,56,50,546.0,27300.0
2021021805017237,PLI,39,58,10,840.0,8400.0
2021021805017236,NIFRA,55,29,50,546.0,27300.0
2021021805017235,NIFRA,55,34,50,546.0,27300.0
2021021805017234,NIFRA,55,38,50,546.0,27300.0
2021021805017233,NIFRA,55,49,50,546.0,27300.0
2021021805017232,NIFRA,55,56,50,546.0,27300.0
2021021805017231,NIFRA,55,38,50,546.0,27300.0
2021021805017230,NIFRA,55,34,50,546.0,27300.0
2021021805017229,NIFRA,55,38,50,546.0,27300.0
2021021805017228,PLI,39,26,10,840.0,8400.0
2021021805017227,PLI,3,36,10,840.0,8400.0
2021021805017226,NIFRA,55,57,60,546.0,32760.0
2021021805017225,NIFRA,55,58,60,546.0,32760.0
2021021805017224,NIFRA,55,51,50,546.0,27300.0
2021021805017223,NIFRA,55,38,50,546.0,27300.0
2021021805017222,NIFRA,55,34,50,546.0,27300.0
2021021805017221,NIFRA,55,36,50,546.0,27300.0
2021021805017220,NIFRA,55,41,50,546.0,27300.0
2021021805017219,NIFRA,55,3,50,546.0,27300.0
2021021805017218,NIFRA,55,58,50,546.0,27300.0
2021021805017217,PLI,3,42,10,840.0,8400.0
2021021805017216,NIFRA,55,36,30,546.0,16380.0
2021021805017215,PLI,3,39,10,840.0,8400.0
2021021805017214,NIFRA,55,29,50,546.0,27300.0
2021021805017213,NIFRA,55,33,60,546.0,32760.0
2021021805017212,NIFRA,55,58,50,546.0,27300.0
2021021805017211,NIFRA,55,3,50,546.0,27300.0
2021021805017210,NIFRA,55,44,50,546.0,27300.0
2021021805017209,NIFRA,55,57,50,546.0,27300.0
2021021805017208,NIFRA,55,4,60,546.0,32760.0
2021021805017207,NIFRA,55,4,50,546.0,27300.0
2021021805017206,NIFRA,55,38,50,546.0,27300.0
2021021805017205,NIFRA,55,29,60,546.0,32760.0
2021021805017204,NIFRA,55,16,50,546.0,27300.0
2021021805017203,PLI,3,39,10,840.0,8400.0
2021021805017202,NIFRA,55,39,50,546.0,27300.0
2021021805017201,NIFRA,55,58,60,546.0,32760.0
2021021805017200,NIFRA,55,29,50,546.0,27300.0
2021021805017199,PLI,3,52,10,840.0,8400.0
2021021805017198,NIFRA,55,22,50,546.0,27300.0
2021021805017197,NIFRA,55,58,50,546.0,27300.0
2021021805017196,NIFRA,55,57,60,546.0,32760.0
2021021805017195,PLI,3,57,10,840.0,8400.0
2021021805017194,NIFRA,55,57,50,546.0,27300.0
2021021805017193,NIFRA,55,58,50,546.0,27300.0
2021021805017192,NIFRA,55,51,50,546.0,27300.0
2021021805017191,NIFRA,55,22,50,546.0,27300.0
2021021805017190,NIFRA,55,38,60,546.0,32760.0
2021021805017189,NIFRA,55,57,60,546.0,32760.0
2021021805017188,NIFRA,55,4,50,546.0,27300.0
2021021805017187,PLI,3,42,440,840.0,369600.0
2021021805017186,PLI,52,42,20,840.0,16800.0
2021021805017185,PLI,17,42,100,840.0,84000.0
2021021805017184,PLI,41,42,50,840.0,42000.0
2021021805017183,PLI,34,42,15,840.0,12600.0
2021021805017182,PLI,10,42,100,840.0,84000.0
2021021805017181,PLI,17,42,25,840.0,21000.0
2021021805017180,PLI,22,42,100,840.0,84000.0
2021021805017179,PLI,26,42,50,840.0,42000.0
2021021805017178,PLI,38,42,50,840.0,42000.0
2021021805017177,PLI,1,42,50,840.0,42000.0
2021021805017176,NIFRA,55,29,60,546.0,32760.0
2021021805017175,NIFRA,55,22,60,546.0,32760.0
2021021805017174,NIFRA,55,39,50,546.0,27300.0
2021021805017173,NIFRA,55,58,50,546.0,27300.0
2021021805017172,PLI,1,36,10,840.0,8400.0
2021021805017171,PLI,1,58,10,840.0,8400.0
2021021805017170,NIFRA,55,57,60,546.0,32760.0
2021021805017169,NIFRA,55,22,50,546.0,27300.0
2021021805017168,NIFRA,55,36,50,546.0,27300.0
2021021805017167,NIFRA,55,42,60,546.0,32760.0
2021021805017166,PLI,44,59,10,840.0,8400.0
2021021805017165,NIFRA,55,58,10,546.0,5460.0
2021021805017164,PLI,44,49,10,840.0,8400.0
2021021805017163,PLI,44,8,10,840.0,8400.0
2021021805017162,NIFRA,55,51,20,546.0,10920.0
2021021805017161,NIFRA,55,22,50,546.0,27300.0
2021021805017160,NIFRA,55,56,60,546.0,32760.0
2021021805017159,PLI,44,36,10,840.0,8400.0
2021021805017158,NIFRA,55,58,50,546.0,27300.0
2021021805017157,NIFRA,55,28,10,546.0,5460.0
2021021805017156,NIFRA,49,28,40,546.0,21840.0
2021021805017155,NIFRA,49,57,10,546.0,5460.0
2021021805017154,NIFRA,39,57,50,546.0,27300.0
2021021805017153,NIFRA,39,29,50,546.0,27300.0
2021021805017152,NIFRA,39,36,60,546.0,32760.0
2021021805017151,NIFRA,39,22,50,546.0,27300.0
2021021805017150,NIFRA,39,13,50,546.0,27300.0
2021021805017149,PLI,44,4,10,840.0,8400.0
2021021805017148,NIFRA,39,58,60,546.0,32760.0
2021021805017147,NIFRA,39,22,40,546.0,21840.0
2021021805017146,NIFRA,39,49,50,546.0,27300.0
2021021805017145,NIFRA,39,38,60,546.0,32760.0
2021021805017144,NIFRA,39,35,50,546.0,27300.0
2021021805017143,NIFRA,39,57,60,546.0,32760.0
2021021805017142,NIFRA,39,57,50,546.0,27300.0
2021021805017141,NIFRA,39,49,10,546.0,5460.0
2021021805017140,NIFRA,39,29,50,546.0,27300.0
2021021805017139,NIFRA,39,42,60,546.0,32760.0
2021021805017138,NIFRA,39,36,50,546.0,27300.0
2021021805017137,NIFRA,39,4,60,546.0,32760.0
2021021805017136,PLI,44,17,50,840.0,42000.0
2021021805017135,PLI,34,17,70,840.0,58800.0
2021021805017134,PLI,10,17,100,840.0,84000.0
2021021805017133,PLI,11,17,10,840.0,8400.0
2021021805017132,PLI,13,17,20,840.0,16800.0
2021021805017131,PLI,38,17,10,840.0,8400.0
2021021805017130,PLI,14,17,10,840.0,8400.0
2021021805017129,PLI,11,17,50,840.0,42000.0
2021021805017128,PLI,43,17,100,840.0,84000.0
2021021805017127,PLI,11,17,50,840.0,42000.0
2021021805017126,PLI,21,17,10,840.0,8400.0
2021021805017125,PLI,44,17,50,840.0,42000.0
2021021805017124,PLI,35,17,40,840.0,33600.0
2021021805017123,PLI,58,17,430,841.0,361630.0
2021021805017122,NIFRA,39,42,50,546.0,27300.0
2021021805017121,NIFRA,39,29,50,546.0,27300.0
2021021805017120,NIFRA,39,57,40,546.0,21840.0
2021021805017119,NIFRA,41,57,10,546.0,5460.0
2021021805017118,NIFRA,41,38,60,546.0,32760.0
2021021805017117,NIFRA,41,39,50,546.0,27300.0
2021021805017116,NIFRA,41,58,50,546.0,27300.0
2021021805017115,NIFRA,41,38,60,546.0,32760.0
2021021805017114,NIFRA,41,38,50,546.0,27300.0
2021021805017113,NIFRA,41,14,10,546.0,5460.0
2021021805017112,NIFRA,41,14,50,546.0,27300.0
2021021805017111,NIFRA,41,56,50,546.0,27300.0
2021021805017110,NIFRA,41,42,60,546.0,32760.0
2021021805017109,NIFRA,41,58,50,546.0,27300.0
2021021805017108,NIFRA,41,41,50,546.0,27300.0
2021021805017107,NIFRA,41,57,50,546.0,27300.0
2021021805017106,PLI,58,17,10,841.0,8410.0
2021021805017105,NIFRA,41,17,50,546.0,27300.0
2021021805017104,NIFRA,41,36,60,546.0,32760.0
2021021805017103,NIFRA,41,58,50,546.0,27300.0
2021021805017102,PLI,58,47,10,841.0,8410.0
2021021805017101,PLI,58,33,500,841.0,420500.0
2021021805017100,PLI,58,44,50,841.0,42050.0
2021021805017099,NIFRA,41,42,40,546.0,21840.0
2021021805017098,NIFRA,17,42,10,546.0,5460.0
2021021805017097,NIFRA,17,57,30,546.0,16380.0
2021021805017096,NIFRA,35,57,30,546.0,16380.0
2021021805017095,NIFRA,35,17,50,546.0,27300.0
2021021805017094,NIFRA,35,35,50,546.0,27300.0
2021021805017093,NIFRA,35,58,10,546.0,5460.0
2021021805017092,NIFRA,34,58,40,546.0,21840.0
2021021805017091,NIFRA,34,49,10,546.0,5460.0
2021021805017090,NIFRA,26,49,50,546.0,27300.0
2021021805017089,NIFRA,26,33,50,546.0,27300.0
2021021805017088,NIFRA,41,57,50,546.0,27300.0
2021021805017087,NIFRA,34,58,60,546.0,32760.0
2021021805017086,PLI,35,3,10,840.0,8400.0
2021021805017085,NIFRA,34,35,35,546.0,19110.0
2021021805017084,NIFRA,34,35,15,546.0,8190.0
2021021805017083,NIFRA,34,36,60,546.0,32760.0
2021021805017082,NIFRA,34,33,25,546.0,13650.0
2021021805017081,NIFRA,29,33,35,546.0,19110.0
2021021805017080,NIFRA,29,58,50,546.0,27300.0
2021021805017079,NIFRA,29,22,60,546.0,32760.0
2021021805017078,NIFRA,29,28,50,546.0,27300.0
2021021805017077,NIFRA,29,42,50,546.0,27300.0
2021021805017076,NIFRA,29,59,50,546.0,27300.0
2021021805017075,PLI,51,32,10,840.0,8400.0
2021021805017074,NIFRA,29,33,60,546.0,32760.0
2021021805017073,PLI,51,57,10,840.0,8400.0
2021021805017072,PLI,34,44,50,841.0,42050.0
2021021805017071,NIFRA,29,38,60,546.0,32760.0
2021021805017070,NIFRA,29,58,60,546.0,32760.0
2021021805017069,NIFRA,29,14,25,546.0,13650.0
2021021805017068,NIFRA,56,14,25,546.0,13650.0
2021021805017067,NIFRA,56,33,20,546.0,10920.0
2021021805017066,NIFRA,3,33,30,546.0,16380.0
2021021805017065,NIFRA,3,57,20,546.0,10920.0
2021021805017064,NIFRA,28,57,30,546.0,16380.0
2021021805017063,NIFRA,28,17,20,546.0,10920.0
2021021805017062,NIFRA,29,17,30,546.0,16380.0
2021021805017061,NIFRA,29,21,20,546.0,10920.0
2021021805017060,NIFRA,29,59,10,546.0,5460.0
2021021805017059,NIFRA,16,59,30,546.0,16380.0
2021021805017058,NIFRA,38,59,10,546.0,5460.0
2021021805017057,NIFRA,38,42,50,546.0,27300.0
2021021805017056,NIFRA,38,35,40,546.0,21840.0
2021021805017055,NIFRA,36,35,10,546.0,5460.0
2021021805017054,NIFRA,36,48,30,546.0,16380.0
2021021805017053,NIFRA,36,28,60,546.0,32760.0
2021021805017052,NIFRA,21,57,50,546.0,27300.0
2021021805017051,NIFRA,21,59,60,546.0,32760.0
2021021805017050,NIFRA,21,56,50,546.0,27300.0
2021021805017049,PLI,51,49,25,840.0,21000.0
2021021805017048,PLI,55,49,50,840.0,42000.0
2021021805017047,PLI,38,49,10,840.0,8400.0
2021021805017046,PLI,58,49,10,840.0,8400.0
2021021805017045,PLI,36,49,115,840.0,96600.0
2021021805017044,PLI,38,49,250,840.0,210000.0
2021021805017043,PLI,20,49,50,840.0,42000.0
2021021805017042,PLI,51,49,150,840.0,126000.0
2021021805017041,PLI,57,49,10,840.0,8400.0
2021021805017040,PLI,41,49,200,840.0,168000.0
2021021805017039,PLI,28,49,500,840.0,420000.0
2021021805017038,PLI,32,49,20,840.0,16800.0
2021021805017037,NIFRA,21,17,40,546.0,21840.0
2021021805017036,NIFRA,11,17,10,546.0,5460.0
2021021805017035,NIFRA,11,35,30,546.0,16380.0
2021021805017034,NIFRA,10,35,20,546.0,10920.0
2021021805017033,NIFRA,10,40,50,546.0,27300.0
2021021805017032,NIFRA,10,38,30,546.0,16380.0
2021021805017031,NIFRA,25,38,10,546.0,5460.0
2021021805017030,NIFRA,49,38,10,546.0,5460.0
2021021805017029,NIFRA,49,52,50,546.0,27300.0
2021021805017028,NIFRA,49,38,40,546.0,21840.0
2021021805017027,NIFRA,48,38,20,546.0,10920.0
2021021805017026,NIFRA,48,49,30,546.0,16380.0
2021021805017025,NIFRA,8,40,50,546.0,27300.0
2021021805017024,NIFRA,8,57,50,546.0,27300.0
2021021805017023,NIFRA,8,21,10,546.0,5460.0
2021021805017022,NIFRA,8,38,60,546.0,32760.0
2021021805017021,NIFRA,8,56,30,546.0,16380.0
2021021805017020,NIFRA,36,56,20,546.0,10920.0
2021021805017019,NIFRA,36,38,60,546.0,32760.0
2021021805017018,NIFRA,36,42,60,546.0,32760.0
2021021805017017,NIFRA,36,57,50,546.0,27300.0
2021021805017016,NIFRA,36,35,50,546.0,27300.0
2021021805017015,NIFRA,36,42,50,546.0,27300.0
2021021805017014,PLI,51,44,100,841.0,84100.0
2021021805017013,NIFRA,36,28,50,546.0,27300.0
2021021805017012,NIFRA,36,38,50,546.0,27300.0
2021021805017011,NIFRA,36,57,50,546.0,27300.0
2021021805017010,NIFRA,36,29,60,546.0,32760.0
2021021805017009,PLI,56,41,92,841.0,77372.0
2021021805017008,PLI,42,41,40,841.0,33640.0
2021021805017007,PLI,58,41,100,841.0,84100.0
2021021805017006,PLI,19,41,20,841.0,16820.0
2021021805017005,PLI,45,41,30,841.0,25230.0
2021021805017004,PLI,40,41,100,841.0,84100.0
2021021805017003,PLI,41,41,100,841.0,84100.0
2021021805017002,PLI,6,41,10,841.0,8410.0
2021021805017001,PLI,36,41,200,841.0,168200.0
2021021805017000,PLI,33,41,255,841.0,214455.0
2021021805016999,PLI,33,41,53,842.0,44626.0
2021021805016998,NIFRA,18,39,5,546.0,2730.0
2021021805016997,NIFRA,49,39,15,546.0,8190.0
2021021805016996,NIFRA,34,39,30,546.0,16380.0
2021021805016995,NIFRA,36,39,10,546.0,5460.0
2021021805016994,PLI,33,35,10,842.0,8420.0
2021021805016993,PLI,33,57,50,842.0,42100.0
2021021805016992,NIFRA,36,38,60,546.0,32760.0
2021021805016991,NIFRA,36,13,30,546.0,16380.0
2021021805016990,NIFRA,52,13,30,546.0,16380.0
2021021805016989,NIFRA,45,49,50,546.0,27300.0
2021021805016988,NIFRA,45,40,50,546.0,27300.0
2021021805016987,NIFRA,45,28,50,546.0,27300.0
2021021805016986,PLI,33,17,10,841.0,8410.0
2021021805016985,NIFRA,45,29,40,546.0,21840.0
2021021805016984,NIFRA,45,14,50,546.0,27300.0
2021021805016983,NIFRA,32,13,5,546.0,2730.0
2021021805016982,NIFRA,45,57,50,546.0,27300.0
2021021805016981,NIFRA,45,13,60,546.0,32760.0
2021021805016980,PLI,33,26,10,841.0,8410.0
2021021805016979,NIFRA,45,50,50,546.0,27300.0
2021021805016978,NIFRA,45,29,50,546.0,27300.0
2021021805016977,NIFRA,45,38,50,546.0,27300.0
2021021805016976,NIFRA,49,17,50,546.0,27300.0
2021021805016975,NIFRA,49,42,50,546.0,27300.0
2021021805016974,NIFRA,49,26,50,546.0,27300.0
2021021805016973,PLI,33,16,10,841.0,8410.0
2021021805016972,NIFRA,49,57,50,546.0,27300.0
2021021805016971,NIFRA,45,16,50,546.0,27300.0
2021021805016970,NIFRA,45,57,50,546.0,27300.0
2021021805016969,PLI,33,52,10,841.0,8410.0
2021021805016968,NIFRA,45,1,50,546.0,27300.0
2021021805016967,PLI,1,6,10,842.0,8420.0
2021021805016966,NIFRA,11,37,20,546.0,10920.0
2021021805016965,NIFRA,43,37,10,546.0,5460.0
2021021805016964,NIFRA,33,37,20,546.0,10920.0
2021021805016963,NIFRA,33,28,50,546.0,27300.0
2021021805016962,PLI,1,41,10,842.0,8420.0
2021021805016961,NIFRA,33,58,30,546.0,16380.0
2021021805016960,NIFRA,43,58,20,546.0,10920.0
2021021805016959,NIFRA,36,1,50,546.0,27300.0
2021021805016958,NIFRA,11,57,20,546.0,10920.0
2021021805016957,NIFRA,41,29,50,546.0,27300.0
2021021805016956,PLI,1,17,10,842.0,8420.0
2021021805016955,PLI,1,48,30,842.0,25260.0
2021021805016954,PLI,1,43,10,842.0,8420.0
2021021805016953,PLI,1,35,10,842.0,8420.0
2021021805016952,NIFRA,41,7,50,546.0,27300.0
2021021805016951,PLI,33,17,10,841.0,8410.0
2021021805016950,PLI,33,41,10,841.0,8410.0
2021021805016949,PLI,33,14,10,841.0,8410.0
2021021805016948,NIFRA,58,17,30,546.0,16380.0
2021021805016947,NIFRA,22,17,20,546.0,10920.0
2021021805016946,NIFRA,22,38,30,546.0,16380.0
2021021805016945,NIFRA,57,38,30,546.0,16380.0
2021021805016944,NIFRA,57,34,20,546.0,10920.0
2021021805016943,NIFRA,38,34,40,546.0,21840.0
2021021805016942,NIFRA,38,51,50,546.0,27300.0
2021021805016941,NIFRA,38,57,10,546.0,5460.0
2021021805016940,NIFRA,21,57,50,546.0,27300.0
2021021805016939,PLI,33,26,10,841.0,8410.0
2021021805016938,NIFRA,37,34,55,546.0,30030.0
2021021805016937,PLI,33,7,10,841.0,8410.0
2021021805016936,NIFRA,37,6,50,546.0,27300.0
2021021805016935,NIFRA,37,34,50,546.0,27300.0
2021021805016934,NIFRA,37,57,60,546.0,32760.0
2021021805016933,NIFRA,37,29,40,546.0,21840.0
2021021805016932,NIFRA,37,34,50,546.0,27300.0
2021021805016931,NIFRA,37,29,50,546.0,27300.0
2021021805016930,NIFRA,37,42,10,546.0,5460.0
2021021805016929,NIFRA,37,40,50,546.0,27300.0
2021021805016928,NIFRA,37,57,50,546.0,27300.0
2021021805016927,NIFRA,37,34,35,546.0,19110.0
2021021805016926,NIFRA,21,34,15,546.0,8190.0
2021021805016925,NIFRA,21,28,50,546.0,27300.0
2021021805016924,NIFRA,21,58,10,546.0,5460.0
2021021805016923,NIFRA,21,42,25,546.0,13650.0
2021021805016922,NIFRA,48,42,25,546.0,13650.0
2021021805016921,NIFRA,48,34,50,546.0,27300.0
2021021805016920,PLI,51,36,10,842.0,8420.0
2021021805016919,NIFRA,14,57,50,546.0,27300.0
2021021805016918,NIFRA,57,34,50,546.0,27300.0
2021021805016917,NIFRA,52,34,10,546.0,5460.0
2021021805016916,NIFRA,52,57,40,546.0,21840.0
2021021805016915,NIFRA,6,57,10,546.0,5460.0
2021021805016914,NIFRA,6,46,30,546.0,16380.0
2021021805016913,NIFRA,6,38,60,546.0,32760.0
2021021805016912,NIFRA,6,49,30,546.0,16380.0
2021021805016911,NIFRA,6,57,50,546.0,27300.0
2021021805016910,NIFRA,6,58,50,546.0,27300.0
2021021805016909,NIFRA,6,28,50,546.0,27300.0
2021021805016908,NIFRA,6,29,20,546.0,10920.0
2021021805016907,NIFRA,43,29,30,546.0,16380.0
2021021805016906,NIFRA,43,42,10,546.0,5460.0
2021021805016905,NIFRA,43,38,60,546.0,32760.0
2021021805016904,NIFRA,43,56,50,546.0,27300.0
2021021805016903,NIFRA,43,34,50,546.0,27300.0
2021021805016902,NIFRA,58,34,10,546.0,5460.0
2021021805016901,NIFRA,26,39,60,546.0,32760.0
2021021805016900,NIFRA,26,51,20,546.0,10920.0
2021021805016899,NIFRA,26,57,50,546.0,27300.0
2021021805016898,NIFRA,26,49,30,546.0,16380.0
2021021805016897,NIFRA,26,57,50,546.0,27300.0
2021021805016896,NIFRA,26,38,50,546.0,27300.0
2021021805016895,PLI,51,21,10,842.0,8420.0
2021021805016894,PLI,51,42,10,842.0,8420.0
2021021805016893,PLI,51,3,10,842.0,8420.0
2021021805016892,NIFRA,26,57,50,546.0,27300.0
2021021805016891,NIFRA,26,33,60,546.0,32760.0
2021021805016890,NIFRA,26,22,50,546.0,27300.0
2021021805016889,NIFRA,26,47,60,546.0,32760.0
2021021805016888,NIFRA,26,38,20,546.0,10920.0
2021021805016887,NIFRA,47,38,40,546.0,21840.0
2021021805016886,NIFRA,47,19,50,546.0,27300.0
2021021805016885,NIFRA,47,38,10,546.0,5460.0
2021021805016884,NIFRA,35,38,30,546.0,16380.0
2021021805016883,NIFRA,51,38,10,546.0,5460.0
2021021805016882,NIFRA,51,41,20,546.0,10920.0
2021021805016881,NIFRA,35,41,30,546.0,16380.0
2021021805016880,NIFRA,35,49,50,546.0,27300.0
2021021805016879,NIFRA,35,33,20,546.0,10920.0
2021021805016878,NIFRA,45,33,40,546.0,21840.0
2021021805016877,NIFRA,5,29,50,546.0,27300.0
2021021805016876,NIFRA,5,38,50,546.0,27300.0
2021021805016875,NIFRA,17,38,10,546.0,5460.0
2021021805016874,NIFRA,17,49,40,546.0,21840.0
2021021805016873,NIFRA,22,49,10,546.0,5460.0
2021021805016872,PLI,33,3,10,841.0,8410.0
2021021805016871,NIFRA,22,28,40,546.0,21840.0
2021021805016870,NIFRA,14,28,20,546.0,10920.0
2021021805016869,PLI,33,58,10,841.0,8410.0
2021021805016868,NIFRA,14,58,60,546.0,32760.0
2021021805016867,NIFRA,14,49,20,546.0,10920.0
2021021805016866,NIFRA,48,49,30,546.0,16380.0
2021021805016865,NIFRA,48,56,60,546.0,32760.0
2021021805016864,NIFRA,48,33,50,546.0,27300.0
2021021805016863,PLI,33,13,10,841.0,8410.0
2021021805016862,PLI,33,40,10,841.0,8410.0
2021021805016861,NIFRA,48,38,50,546.0,27300.0
2021021805016860,NIFRA,48,47,50,546.0,27300.0
2021021805016859,NIFRA,48,41,50,546.0,27300.0
2021021805016858,NIFRA,48,38,10,546.0,5460.0
2021021805016857,NIFRA,6,38,40,546.0,21840.0
2021021805016856,NIFRA,6,49,50,546.0,27300.0
2021021805016855,NIFRA,6,58,10,546.0,5460.0
2021021805016854,NIFRA,45,58,40,546.0,21840.0
2021021805016853,NIFRA,45,33,60,546.0,32760.0
2021021805016852,NIFRA,45,38,60,546.0,32760.0
2021021805016851,NIFRA,45,17,40,546.0,21840.0
2021021805016850,NIFRA,49,17,20,546.0,10920.0
2021021805016849,NIFRA,49,58,30,546.0,16380.0
2021021805016848,NIFRA,45,58,20,546.0,10920.0
2021021805016847,NIFRA,45,38,30,546.0,16380.0
2021021805016846,NIFRA,6,38,20,546.0,10920.0
2021021805016845,NIFRA,6,38,30,546.0,16380.0
2021021805016844,NIFRA,7,38,30,546.0,16380.0
2021021805016843,NIFRA,7,38,50,546.0,27300.0
2021021805016842,NIFRA,7,58,20,546.0,10920.0
2021021805016841,NIFRA,43,58,40,546.0,21840.0
2021021805016840,NIFRA,43,49,10,546.0,5460.0
2021021805016839,NIFRA,48,49,50,546.0,27300.0
2021021805016838,NIFRA,48,38,50,546.0,27300.0
2021021805016837,NIFRA,48,36,50,546.0,27300.0
2021021805016836,NIFRA,48,33,50,546.0,27300.0
2021021805016835,NIFRA,48,38,50,546.0,27300.0
2021021805016834,NIFRA,48,58,50,546.0,27300.0
2021021805016833,PLI,33,58,10,841.0,8410.0
2021021805016832,NIFRA,48,33,50,546.0,27300.0
2021021805016831,NIFRA,48,57,50,546.0,27300.0
2021021805016830,NIFRA,59,57,10,546.0,5460.0
2021021805016829,NIFRA,59,28,60,546.0,32760.0
2021021805016828,NIFRA,59,26,50,546.0,27300.0
2021021805016827,PLI,33,17,305,841.0,256505.0
2021021805016826,PLI,59,17,50,842.0,42100.0
2021021805016825,PLI,41,17,440,842.0,370480.0
2021021805016824,NIFRA,59,58,60,546.0,32760.0
2021021805016823,NIFRA,59,34,50,546.0,27300.0
2021021805016822,NIFRA,59,33,50,546.0,27300.0
2021021805016821,PLI,41,57,10,842.0,8420.0
2021021805016820,NIFRA,59,28,50,546.0,27300.0
2021021805016819,NIFRA,59,57,60,546.0,32760.0
2021021805016818,NIFRA,59,11,50,546.0,27300.0
2021021805016817,NIFRA,59,38,20,546.0,10920.0
2021021805016816,NIFRA,59,34,50,546.0,27300.0
2021021805016815,NIFRA,59,58,50,546.0,27300.0
2021021805016814,NIFRA,59,33,60,546.0,32760.0
2021021805016813,NIFRA,59,28,50,546.0,27300.0
2021021805016812,NIFRA,59,55,20,546.0,10920.0
2021021805016811,PLI,41,58,10,842.0,8420.0
2021021805016810,NIFRA,59,34,50,546.0,27300.0
2021021805016809,NIFRA,59,58,50,546.0,27300.0
2021021805016808,NIFRA,59,11,50,546.0,27300.0
2021021805016807,NIFRA,59,28,60,546.0,32760.0
2021021805016806,NIFRA,59,45,50,546.0,27300.0
2021021805016805,NIFRA,59,34,50,546.0,27300.0
2021021805016804,NIFRA,14,59,60,546.0,32760.0
2021021805016803,NIFRA,14,58,50,546.0,27300.0
2021021805016802,NIFRA,14,38,10,546.0,5460.0
2021021805016801,NIFRA,59,38,40,546.0,21840.0
2021021805016800,NIFRA,56,13,5,546.0,2730.0
2021021805016799,NIFRA,59,34,10,546.0,5460.0
2021021805016798,NIFRA,26,34,40,546.0,21840.0
2021021805016797,NIFRA,26,58,60,546.0,32760.0
2021021805016796,NIFRA,26,57,50,546.0,27300.0
2021021805016795,NIFRA,26,56,50,546.0,27300.0
2021021805016794,NIFRA,26,56,50,546.0,27300.0
2021021805016793,NIFRA,26,57,50,546.0,27300.0
2021021805016792,NIFRA,26,34,50,546.0,27300.0
2021021805016791,NIFRA,26,58,50,546.0,27300.0
2021021805016790,NIFRA,41,58,10,546.0,5460.0
2021021805016789,NIFRA,41,56,50,546.0,27300.0
2021021805016788,NIFRA,41,41,50,546.0,27300.0
2021021805016787,PLI,41,45,10,842.0,8420.0
2021021805016786,NIFRA,41,5,50,546.0,27300.0
2021021805016785,NIFRA,41,58,50,546.0,27300.0
2021021805016784,NIFRA,41,34,50,546.0,27300.0
2021021805016783,NIFRA,41,57,50,546.0,27300.0
2021021805016782,NIFRA,41,43,60,546.0,32760.0
2021021805016781,PLI,41,39,10,842.0,8420.0
2021021805016780,PLI,41,50,10,842.0,8420.0
2021021805016779,NIFRA,41,49,60,546.0,32760.0
2021021805016778,NIFRA,41,47,60,546.0,32760.0
2021021805016777,NIFRA,41,58,50,546.0,27300.0
2021021805016776,NIFRA,41,46,30,546.0,16380.0
2021021805016775,PLI,41,39,10,842.0,8420.0
2021021805016774,NIFRA,41,57,60,546.0,32760.0
2021021805016773,NIFRA,41,39,60,546.0,32760.0
2021021805016772,PLI,34,53,10,842.0,8420.0
2021021805016771,NIFRA,41,38,60,546.0,32760.0
2021021805016770,PLI,34,52,10,842.0,8420.0
2021021805016769,NIFRA,41,39,60,546.0,32760.0
2021021805016768,NIFRA,41,34,50,546.0,27300.0
2021021805016767,NIFRA,41,25,50,546.0,27300.0
2021021805016766,NIFRA,41,38,60,546.0,32760.0
2021021805016765,NIFRA,41,57,30,546.0,16380.0
2021021805016764,NIFRA,14,57,20,546.0,10920.0
2021021805016763,NIFRA,14,38,60,546.0,32760.0
2021021805016762,NIFRA,14,17,50,546.0,27300.0
2021021805016761,NIFRA,14,42,10,546.0,5460.0
2021021805016760,PLI,34,10,10,842.0,8420.0
2021021805016759,PLI,13,42,60,843.0,50580.0
2021021805016758,PLI,34,57,10,842.0,8420.0
2021021805016757,NIFRA,14,47,60,546.0,32760.0
2021021805016756,NIFRA,14,11,50,546.0,27300.0
2021021805016755,NIFRA,14,38,50,546.0,27300.0
2021021805016754,NIFRA,26,10,50,546.0,27300.0
2021021805016753,NIFRA,26,26,50,546.0,27300.0
2021021805016752,NIFRA,38,53,3,546.0,1638.0
2021021805016751,NIFRA,41,53,47,546.0,25662.0
2021021805016750,NIFRA,41,47,13,546.0,7098.0
2021021805016749,NIFRA,44,47,37,546.0,20202.0
2021021805016748,NIFRA,44,49,50,546.0,27300.0
2021021805016747,NIFRA,44,25,50,546.0,27300.0
2021021805016746,NIFRA,44,36,50,546.0,27300.0
2021021805016745,NIFRA,44,16,50,546.0,27300.0
2021021805016744,NIFRA,44,17,50,546.0,27300.0
2021021805016743,PLI,34,59,10,842.0,8420.0
2021021805016742,NIFRA,44,33,13,546.0,7098.0
2021021805016741,NIFRA,11,33,100,546.0,54600.0
2021021805016740,NIFRA,56,33,200,546.0,109200.0
2021021805016739,NIFRA,56,33,200,546.0,109200.0
2021021805016738,NIFRA,44,33,500,546.0,273000.0
2021021805016737,NIFRA,56,33,200,546.0,109200.0
2021021805016736,NIFRA,13,33,100,546.0,54600.0
2021021805016735,NIFRA,29,33,100,546.0,54600.0
2021021805016734,NIFRA,55,33,50,546.0,27300.0
2021021805016733,NIFRA,55,33,50,546.0,27300.0
2021021805016732,NIFRA,52,33,50,546.0,27300.0
2021021805016731,NIFRA,4,33,"1,000",546.0,546000.0
2021021805016730,NIFRA,58,33,100,546.0,54600.0
2021021805016729,NIFRA,21,33,700,546.0,382200.0
2021021805016728,NIFRA,53,33,100,546.0,54600.0
2021021805016727,NIFRA,25,33,100,546.0,54600.0
2021021805016726,NIFRA,7,33,"1,000",546.0,546000.0
2021021805016725,NIFRA,44,33,200,546.0,109200.0
2021021805016724,NIFRA,45,33,50,546.0,27300.0
2021021805016723,NIFRA,38,33,10,546.0,5460.0
2021021805016722,NIFRA,49,33,300,546.0,163800.0
2021021805016721,NIFRA,41,33,200,546.0,109200.0
2021021805016720,NIFRA,36,33,100,546.0,54600.0
2021021805016719,NIFRA,45,33,60,546.0,32760.0
2021021805016718,NIFRA,19,33,50,546.0,27300.0
2021021805016717,NIFRA,11,33,500,546.0,273000.0
2021021805016716,NIFRA,6,33,50,546.0,27300.0
2021021805016715,NIFRA,54,33,200,546.0,109200.0
2021021805016714,NIFRA,1,33,100,546.0,54600.0
2021021805016713,NIFRA,17,33,200,546.0,109200.0
2021021805016712,NIFRA,6,33,50,546.0,27300.0
2021021805016711,NIFRA,5,33,100,546.0,54600.0
2021021805016710,NIFRA,58,33,100,546.0,54600.0
2021021805016709,NIFRA,34,33,60,546.0,32760.0
2021021805016708,NIFRA,47,33,"1,000",546.0,546000.0
2021021805016707,NIFRA,38,33,150,546.0,81900.0
2021021805016706,NIFRA,38,33,200,546.0,109200.0
2021021805016705,NIFRA,26,33,25,546.0,13650.0
2021021805016704,NIFRA,56,33,140,546.0,76440.0
2021021805016703,NIFRA,17,33,500,546.0,273000.0
2021021805016702,NIFRA,21,33,50,546.0,27300.0
2021021805016701,NIFRA,58,33,50,546.0,27300.0
2021021805016700,NIFRA,25,33,100,546.0,54600.0
2021021805016699,NIFRA,1,33,500,546.0,273000.0
2021021805016698,NIFRA,21,33,50,546.0,27300.0
2021021805016697,NIFRA,11,33,100,546.0,54600.0
2021021805016696,NIFRA,44,33,"1,000",546.0,546000.0
2021021805016695,NIFRA,36,33,200,546.0,109200.0
2021021805016694,NIFRA,52,33,290,546.0,158340.0
2021021805016693,NIFRA,49,33,100,546.0,54600.0
2021021805016692,NIFRA,47,33,30,546.0,16380.0
2021021805016691,NIFRA,39,33,100,546.0,54600.0
2021021805016690,NIFRA,21,33,22,546.0,12012.0
2021021805016689,NIFRA,59,33,60,546.0,32760.0
2021021805016688,NIFRA,39,33,50,546.0,27300.0
2021021805016687,NIFRA,22,33,200,546.0,109200.0
2021021805016686,NIFRA,16,33,400,546.0,218400.0
2021021805016685,NIFRA,1,33,500,546.0,273000.0
2021021805016684,NIFRA,35,33,300,546.0,163800.0
2021021805016683,NIFRA,49,33,100,546.0,54600.0
2021021805016682,NIFRA,59,33,500,546.0,273000.0
2021021805016681,NIFRA,35,33,50,546.0,27300.0
2021021805016680,NIFRA,29,33,50,546.0,27300.0
2021021805016679,NIFRA,34,33,70,546.0,38220.0
2021021805016678,NIFRA,22,33,200,546.0,109200.0
2021021805016677,NIFRA,6,33,800,546.0,436800.0
2021021805016676,NIFRA,48,33,300,546.0,163800.0
2021021805016675,NIFRA,37,33,100,546.0,54600.0
2021021805016674,NIFRA,45,33,50,546.0,27300.0
2021021805016673,NIFRA,22,33,50,546.0,27300.0
2021021805016672,NIFRA,38,33,400,546.0,218400.0
2021021805016671,NIFRA,14,33,100,546.0,54600.0
2021021805016670,NIFRA,34,33,150,546.0,81900.0
2021021805016669,NIFRA,45,33,100,546.0,54600.0
2021021805016668,NIFRA,7,33,365,546.0,199290.0
2021021805016667,NIFRA,53,33,100,546.0,54600.0
2021021805016666,NIFRA,56,33,10,546.0,5460.0
2021021805016665,NIFRA,21,33,100,546.0,54600.0
2021021805016664,NIFRA,19,33,50,546.0,27300.0
2021021805016663,NIFRA,19,33,50,546.0,27300.0
2021021805016662,NIFRA,17,33,10,546.0,5460.0
2021021805016661,NIFRA,26,33,100,546.0,54600.0
2021021805016660,NIFRA,43,33,50,546.0,27300.0
2021021805016659,NIFRA,59,33,300,546.0,163800.0
2021021805016658,NIFRA,54,33,100,546.0,54600.0
2021021805016657,NIFRA,13,33,50,546.0,27300.0
2021021805016656,NIFRA,48,33,100,546.0,54600.0
2021021805016655,NIFRA,56,33,100,546.0,54600.0
2021021805016654,NIFRA,6,33,200,546.0,109200.0
2021021805016653,NIFRA,5,33,500,546.0,273000.0
2021021805016652,NIFRA,25,33,100,546.0,54600.0
2021021805016651,NIFRA,21,33,20,546.0,10920.0
2021021805016650,NIFRA,57,33,200,546.0,109200.0
2021021805016649,NIFRA,58,33,50,546.0,27300.0
2021021805016648,NIFRA,38,33,100,546.0,54600.0
2021021805016647,NIFRA,38,33,"1,000",546.0,546000.0
2021021805016646,NIFRA,36,33,50,546.0,27300.0
2021021805016645,NIFRA,14,33,100,546.0,54600.0
2021021805016644,NIFRA,16,33,70,546.0,38220.0
2021021805016643,NIFRA,44,33,95,546.0,51870.0
2021021805016642,NIFRA,36,47,50,546.0,27300.0
2021021805016641,NIFRA,58,47,10,546.0,5460.0
2021021805016640,NIFRA,58,53,50,546.0,27300.0
2021021805016639,NIFRA,58,58,40,546.0,21840.0
2021021805016638,NIFRA,1,58,10,546.0,5460.0
2021021805016637,NIFRA,1,16,40,546.0,21840.0
2021021805016636,NIFRA,36,16,10,546.0,5460.0
2021021805016635,NIFRA,36,40,30,546.0,16380.0
2021021805016634,NIFRA,36,49,60,546.0,32760.0
2021021805016633,NIFRA,51,17,50,546.0,27300.0
2021021805016632,NIFRA,5,35,10,546.0,5460.0
2021021805016631,NIFRA,5,53,50,546.0,27300.0
2021021805016630,NIFRA,5,47,40,546.0,21840.0
2021021805016629,NIFRA,59,47,10,546.0,5460.0
2021021805016628,PLI,34,26,10,842.0,8420.0
2021021805016627,NIFRA,59,16,40,546.0,21840.0
2021021805016626,NIFRA,38,16,10,546.0,5460.0
2021021805016625,NIFRA,38,57,10,546.0,5460.0
2021021805016624,NIFRA,38,58,60,546.0,32760.0
2021021805016623,NIFRA,38,25,20,546.0,10920.0
2021021805016622,NIFRA,13,25,20,546.0,10920.0
2021021805016621,NIFRA,4,25,10,546.0,5460.0
2021021805016620,NIFRA,4,57,40,546.0,21840.0
2021021805016619,NIFRA,32,57,20,546.0,10920.0
2021021805016618,NIFRA,32,17,30,546.0,16380.0
2021021805016617,NIFRA,49,17,30,546.0,16380.0
2021021805016616,NIFRA,49,53,50,546.0,27300.0
2021021805016615,NIFRA,49,46,20,546.0,10920.0
2021021805016614,NIFRA,21,46,10,546.0,5460.0
2021021805016613,NIFRA,21,38,20,546.0,10920.0
2021021805016612,NIFRA,7,38,40,546.0,21840.0
2021021805016611,NIFRA,7,47,50,546.0,27300.0
2021021805016610,NIFRA,7,25,30,546.0,16380.0
2021021805016609,NIFRA,7,58,50,546.0,27300.0
2021021805016608,PLI,34,26,10,842.0,8420.0
2021021805016607,NIFRA,7,53,60,546.0,32760.0
2021021805016606,PLI,34,28,10,842.0,8420.0
2021021805016605,PLI,34,58,10,842.0,8420.0
2021021805016604,NIFRA,7,38,20,546.0,10920.0
2021021805016603,NIFRA,1,38,30,546.0,16380.0
2021021805016602,PLI,34,16,10,842.0,8420.0
2021021805016601,NIFRA,1,1,60,546.0,32760.0
2021021805016600,NIFRA,1,58,50,546.0,27300.0
2021021805016599,NIFRA,1,28,60,546.0,32760.0
2021021805016598,NIFRA,1,38,50,546.0,27300.0
2021021805016597,NIFRA,1,25,50,546.0,27300.0
2021021805016596,NIFRA,1,16,50,546.0,27300.0
2021021805016595,NIFRA,1,14,60,546.0,32760.0
2021021805016594,NIFRA,1,21,50,546.0,27300.0
2021021805016593,NIFRA,1,49,40,546.0,21840.0
2021021805016592,NIFRA,1,49,10,546.0,5460.0
2021021805016591,NIFRA,1,50,40,546.0,21840.0
2021021805016590,NIFRA,1,57,60,546.0,32760.0
2021021805016589,NIFRA,1,38,50,546.0,27300.0
2021021805016588,NIFRA,1,58,60,546.0,32760.0
2021021805016587,PLI,33,4,10,841.0,8410.0
2021021805016586,PLI,46,49,10,842.0,8420.0
2021021805016585,NIFRA,1,38,50,546.0,27300.0
2021021805016584,PLI,46,58,10,842.0,8420.0
2021021805016583,NIFRA,1,11,50,546.0,27300.0
2021021805016582,NIFRA,1,58,60,546.0,32760.0
2021021805016581,NIFRA,1,38,60,546.0,32760.0
2021021805016580,NIFRA,1,17,10,546.0,5460.0
2021021805016579,NIFRA,1,6,50,546.0,27300.0
2021021805016578,NIFRA,25,59,50,546.0,27300.0
2021021805016577,NIFRA,54,38,50,546.0,27300.0
2021021805016576,NIFRA,39,38,10,546.0,5460.0
2021021805016575,NIFRA,39,29,20,546.0,10920.0
2021021805016574,NIFRA,10,29,30,546.0,16380.0
2021021805016573,NIFRA,10,38,50,546.0,27300.0
2021021805016572,PLI,33,47,10,841.0,8410.0
2021021805016571,PLI,33,58,20,841.0,16820.0
2021021805016570,NIFRA,10,57,50,546.0,27300.0
2021021805016569,NIFRA,10,38,60,546.0,32760.0
2021021805016568,NIFRA,10,58,10,546.0,5460.0
2021021805016567,NIFRA,26,58,40,546.0,21840.0
2021021805016566,NIFRA,26,47,50,546.0,27300.0
2021021805016565,PLI,33,58,10,841.0,8410.0
2021021805016564,NIFRA,26,57,50,546.0,27300.0
2021021805016563,NIFRA,26,59,60,546.0,32760.0
2021021805016562,NIFRA,26,6,50,546.0,27300.0
2021021805016561,NIFRA,26,17,60,546.0,32760.0
2021021805016560,NIFRA,14,38,50,546.0,27300.0
2021021805016559,NIFRA,14,57,50,546.0,27300.0
2021021805016558,NIFRA,14,58,60,546.0,32760.0
2021021805016557,NIFRA,14,38,50,546.0,27300.0
2021021805016556,NIFRA,14,32,50,546.0,27300.0
2021021805016555,NIFRA,14,59,50,546.0,27300.0
2021021805016554,NIFRA,14,4,50,546.0,27300.0
2021021805016553,NIFRA,14,38,50,546.0,27300.0
2021021805016552,PLI,33,47,10,841.0,8410.0
2021021805016551,PLI,33,36,10,841.0,8410.0
2021021805016550,NIFRA,14,58,50,546.0,27300.0
2021021805016549,NIFRA,14,49,50,546.0,27300.0
2021021805016548,NIFRA,14,38,50,546.0,27300.0
2021021805016547,NIFRA,14,38,50,546.0,27300.0
2021021805016546,NIFRA,14,57,50,546.0,27300.0
2021021805016545,NIFRA,14,58,50,546.0,27300.0
2021021805016544,NIFRA,14,47,50,546.0,27300.0
2021021805016543,NIFRA,14,38,50,546.0,27300.0
2021021805016542,PLI,33,37,10,841.0,8410.0
2021021805016541,NIFRA,14,38,50,546.0,27300.0
2021021805016540,NIFRA,14,6,50,546.0,27300.0
2021021805016539,NIFRA,14,38,50,546.0,27300.0
2021021805016538,NIFRA,14,49,40,546.0,21840.0
2021021805016537,NIFRA,58,49,10,546.0,5460.0
2021021805016536,NIFRA,58,38,10,546.0,5460.0
2021021805016535,NIFRA,56,38,40,546.0,21840.0
2021021805016534,PLI,33,37,10,841.0,8410.0
2021021805016533,NIFRA,56,48,60,546.0,32760.0
2021021805016532,NIFRA,56,38,50,546.0,27300.0
2021021805016531,NIFRA,56,34,60,546.0,32760.0
2021021805016530,PLI,48,42,240,843.0,202320.0
2021021805016529,PLI,48,16,10,843.0,8430.0
2021021805016528,PLI,48,3,10,843.0,8430.0
2021021805016527,PLI,48,59,10,843.0,8430.0
2021021805016526,PLI,48,58,10,842.0,8420.0
2021021805016525,PLI,48,29,10,842.0,8420.0
2021021805016524,PLI,48,40,10,842.0,8420.0
2021021805016523,NIFRA,56,38,50,546.0,27300.0
2021021805016522,NIFRA,56,58,10,546.0,5460.0
2021021805016521,NIFRA,56,49,60,546.0,32760.0
2021021805016520,PLI,42,37,10,842.0,8420.0
2021021805016519,NIFRA,56,34,50,546.0,27300.0
2021021805016518,NIFRA,56,39,50,546.0,27300.0
2021021805016517,NIFRA,56,57,50,546.0,27300.0
2021021805016516,NIFRA,56,29,50,546.0,27300.0
2021021805016515,NIFRA,56,59,50,546.0,27300.0
2021021805016514,NIFRA,56,58,50,546.0,27300.0
2021021805016513,NIFRA,56,6,50,546.0,27300.0
2021021805016512,PLI,33,42,10,841.0,8410.0
2021021805016511,NIFRA,56,34,50,546.0,27300.0
2021021805016510,NIFRA,56,40,50,546.0,27300.0
2021021805016509,PLI,33,37,10,841.0,8410.0
2021021805016508,NIFRA,56,38,60,546.0,32760.0
2021021805016507,NIFRA,56,59,50,546.0,27300.0
2021021805016506,NIFRA,56,58,50,546.0,27300.0
2021021805016505,NIFRA,56,36,60,546.0,32760.0
2021021805016504,NIFRA,41,41,20,546.0,10920.0
2021021805016503,NIFRA,41,41,10,546.0,5460.0
2021021805016502,NIFRA,41,49,50,546.0,27300.0
2021021805016501,NIFRA,41,49,60,546.0,32760.0
2021021805016500,NIFRA,41,38,50,546.0,27300.0
2021021805016499,NIFRA,41,34,50,546.0,27300.0
2021021805016498,PLI,33,38,10,841.0,8410.0
2021021805016497,NIFRA,41,6,30,546.0,16380.0
2021021805016496,NIFRA,41,58,60,546.0,32760.0
2021021805016495,NIFRA,41,49,50,546.0,27300.0
2021021805016494,NIFRA,41,38,50,546.0,27300.0
2021021805016493,NIFRA,41,51,50,546.0,27300.0
2021021805016492,PLI,33,37,10,841.0,8410.0
2021021805016491,NIFRA,41,34,40,546.0,21840.0
2021021805016490,NIFRA,8,34,10,546.0,5460.0
2021021805016489,NIFRA,8,38,50,546.0,27300.0
2021021805016488,NIFRA,22,40,20,546.0,10920.0
2021021805016487,NIFRA,3,40,10,546.0,5460.0
2021021805016486,NIFRA,55,40,30,546.0,16380.0
2021021805016485,NIFRA,55,57,20,546.0,10920.0
2021021805016484,NIFRA,58,57,10,546.0,5460.0
2021021805016483,NIFRA,47,57,20,546.0,10920.0
2021021805016482,NIFRA,47,38,20,546.0,10920.0
2021021805016481,NIFRA,45,38,40,546.0,21840.0
2021021805016480,NIFRA,45,34,20,546.0,10920.0
2021021805016479,NIFRA,54,34,40,546.0,21840.0
2021021805016478,NIFRA,54,58,10,546.0,5460.0
2021021805016477,NIFRA,33,58,40,546.0,21840.0
2021021805016476,PLI,21,45,10,842.0,8420.0
2021021805016475,NIFRA,33,49,60,546.0,32760.0
2021021805016474,NIFRA,17,38,60,546.0,32760.0
2021021805016473,NIFRA,17,38,40,546.0,21840.0
2021021805016472,NIFRA,1,38,10,546.0,5460.0
2021021805016471,NIFRA,1,38,50,546.0,27300.0
2021021805016470,PLI,21,6,10,842.0,8420.0
2021021805016469,NIFRA,1,34,40,546.0,21840.0
2021021805016468,NIFRA,25,34,10,546.0,5460.0
2021021805016467,NIFRA,25,57,50,546.0,27300.0
2021021805016466,NIFRA,25,38,50,546.0,27300.0
2021021805016465,NIFRA,25,58,60,546.0,32760.0
2021021805016464,NIFRA,25,57,60,546.0,32760.0
2021021805016463,NIFRA,25,38,60,546.0,32760.0
2021021805016462,NIFRA,25,34,60,546.0,32760.0
2021021805016461,PLI,21,26,10,842.0,8420.0
2021021805016460,NIFRA,25,6,50,546.0,27300.0
2021021805016459,NIFRA,25,57,50,546.0,27300.0
2021021805016458,NIFRA,25,46,60,546.0,32760.0
2021021805016457,PLI,21,37,10,842.0,8420.0
2021021805016456,PLI,21,38,10,842.0,8420.0
2021021805016455,NIFRA,25,59,10,546.0,5460.0
2021021805016454,NIFRA,25,34,60,546.0,32760.0
2021021805016453,NIFRA,25,59,20,546.0,10920.0
2021021805016452,NIFRA,58,59,40,546.0,21840.0
2021021805016451,NIFRA,58,1,60,546.0,32760.0
2021021805016450,PLI,21,58,10,842.0,8420.0
2021021805016449,PLI,21,37,10,842.0,8420.0
2021021805016448,NIFRA,19,57,50,546.0,27300.0
2021021805016447,PLI,21,47,10,842.0,8420.0
2021021805016446,PLI,21,46,10,842.0,8420.0
2021021805016445,PLI,21,57,10,842.0,8420.0
2021021805016444,NIFRA,35,34,50,546.0,27300.0
2021021805016443,NIFRA,35,6,50,546.0,27300.0
2021021805016442,NIFRA,35,49,50,546.0,27300.0
2021021805016441,NIFRA,6,47,50,546.0,27300.0
2021021805016440,NIFRA,6,38,50,546.0,27300.0
2021021805016439,NIFRA,6,8,50,546.0,27300.0
2021021805016438,NIFRA,6,57,60,546.0,32760.0
2021021805016437,NIFRA,6,58,60,546.0,32760.0
2021021805016436,NIFRA,6,47,50,546.0,27300.0
2021021805016435,PLI,48,58,10,842.0,8420.0
2021021805016434,NIFRA,6,38,10,546.0,5460.0
2021021805016433,NIFRA,6,10,30,546.0,16380.0
2021021805016432,PLI,48,37,10,842.0,8420.0
2021021805016431,NIFRA,6,51,50,546.0,27300.0
2021021805016430,NIFRA,6,49,50,546.0,27300.0
2021021805016429,NIFRA,6,59,40,546.0,21840.0
2021021805016428,NIFRA,19,59,10,546.0,5460.0
2021021805016427,PLI,33,52,10,841.0,8410.0
2021021805016426,NIFRA,19,38,10,546.0,5460.0
2021021805016425,NIFRA,38,38,40,546.0,21840.0
2021021805016424,NIFRA,38,57,50,546.0,27300.0
2021021805016423,PLI,33,26,10,841.0,8410.0
2021021805016422,PLI,39,37,10,842.0,8420.0
2021021805016421,NIFRA,38,51,50,546.0,27300.0
2021021805016420,NIFRA,38,57,50,546.0,27300.0
2021021805016419,NIFRA,38,49,50,546.0,27300.0
2021021805016418,NIFRA,38,57,60,546.0,32760.0
2021021805016417,PLI,39,53,10,842.0,8420.0
2021021805016416,PLI,39,34,10,842.0,8420.0
2021021805016415,PLI,39,22,10,842.0,8420.0
2021021805016414,PLI,39,34,10,842.0,8420.0
2021021805016413,PLI,39,34,10,842.0,8420.0
2021021805016412,PLI,39,34,10,842.0,8420.0
2021021805016411,PLI,39,16,10,842.0,8420.0
2021021805016410,PLI,39,55,10,842.0,8420.0
2021021805016409,NIFRA,38,59,50,546.0,27300.0
2021021805016408,NIFRA,38,34,50,546.0,27300.0
2021021805016407,PLI,33,37,10,841.0,8410.0
2021021805016406,NIFRA,38,58,60,546.0,32760.0
2021021805016405,NIFRA,38,6,40,546.0,21840.0
2021021805016404,NIFRA,35,6,10,546.0,5460.0
2021021805016403,NIFRA,35,57,50,546.0,27300.0
2021021805016402,NIFRA,35,51,40,546.0,21840.0
2021021805016401,NIFRA,1,51,10,546.0,5460.0
2021021805016400,NIFRA,1,3,40,546.0,21840.0
2021021805016399,NIFRA,38,3,10,546.0,5460.0
2021021805016398,NIFRA,38,56,60,546.0,32760.0
2021021805016397,NIFRA,38,58,30,546.0,16380.0
2021021805016396,NIFRA,54,58,20,546.0,10920.0
2021021805016395,PLI,33,47,10,841.0,8410.0
2021021805016394,NIFRA,54,28,50,546.0,27300.0
2021021805016393,NIFRA,54,49,30,546.0,16380.0
2021021805016392,NIFRA,45,49,20,546.0,10920.0
2021021805016391,PLI,33,37,10,841.0,8410.0
2021021805016390,NIFRA,45,40,50,546.0,27300.0
2021021805016389,PLI,33,46,10,841.0,8410.0
2021021805016388,NIFRA,45,34,50,546.0,27300.0
2021021805016387,NIFRA,45,59,50,546.0,27300.0
2021021805016386,NIFRA,45,57,60,546.0,32760.0
2021021805016385,NIFRA,45,51,50,546.0,27300.0
2021021805016384,NIFRA,41,47,10,546.0,5460.0
2021021805016383,NIFRA,41,57,30,546.0,16380.0
2021021805016382,NIFRA,34,57,20,546.0,10920.0
2021021805016381,NIFRA,34,41,50,546.0,27300.0
2021021805016380,NIFRA,34,58,50,546.0,27300.0
2021021805016379,NIFRA,34,56,60,546.0,32760.0
2021021805016378,NIFRA,34,59,20,546.0,10920.0
2021021805016377,NIFRA,36,59,40,546.0,21840.0
2021021805016376,NIFRA,36,49,60,546.0,32760.0
2021021805016375,NIFRA,36,57,50,546.0,27300.0
2021021805016374,NIFRA,36,13,50,546.0,27300.0
2021021805016373,NIFRA,36,34,50,546.0,27300.0
2021021805016372,NIFRA,36,58,40,546.0,21840.0
2021021805016371,PLI,33,38,10,841.0,8410.0
2021021805016370,NIFRA,36,13,60,546.0,32760.0
2021021805016369,PLI,33,32,10,841.0,8410.0
2021021805016368,NIFRA,36,49,50,546.0,27300.0
2021021805016367,NIFRA,36,59,50,546.0,27300.0
2021021805016366,NIFRA,36,47,50,546.0,27300.0
2021021805016365,NIFRA,20,57,50,546.0,27300.0
2021021805016364,NIFRA,20,49,50,546.0,27300.0
2021021805016363,PLI,26,42,37,842.0,31154.0
2021021805016362,NIFRA,20,8,50,546.0,27300.0
2021021805016361,PLI,33,37,10,841.0,8410.0
2021021805016360,NIFRA,20,45,20,546.0,10920.0
2021021805016359,NIFRA,20,47,60,546.0,32760.0
2021021805016358,NIFRA,20,34,50,546.0,27300.0
2021021805016357,NIFRA,20,57,60,546.0,32760.0
2021021805016356,NIFRA,20,59,50,546.0,27300.0
2021021805016355,NIFRA,20,49,50,546.0,27300.0
2021021805016354,PLI,43,42,50,842.0,42100.0
2021021805016353,NIFRA,20,56,50,546.0,27300.0
2021021805016352,NIFRA,20,8,10,546.0,5460.0
2021021805016351,NIFRA,43,8,40,546.0,21840.0
2021021805016350,NIFRA,43,6,50,546.0,27300.0
2021021805016349,NIFRA,43,57,60,546.0,32760.0
2021021805016348,NIFRA,43,49,50,546.0,27300.0
2021021805016347,NIFRA,43,1,60,546.0,32760.0
2021021805016346,NIFRA,43,8,60,546.0,32760.0
2021021805016345,NIFRA,43,4,60,546.0,32760.0
2021021805016344,NIFRA,43,42,50,546.0,27300.0
2021021805016343,NIFRA,43,59,50,546.0,27300.0
2021021805016342,PLI,33,17,10,841.0,8410.0
2021021805016341,NIFRA,43,49,50,546.0,27300.0
2021021805016340,PLI,33,16,10,841.0,8410.0
2021021805016339,NIFRA,43,8,50,546.0,27300.0
2021021805016338,NIFRA,43,57,50,546.0,27300.0
2021021805016337,NIFRA,43,49,60,546.0,32760.0
2021021805016336,NIFRA,43,34,50,546.0,27300.0
2021021805016335,NIFRA,43,34,50,546.0,27300.0
2021021805016334,NIFRA,43,59,50,546.0,27300.0
2021021805016333,NIFRA,43,8,10,546.0,5460.0
2021021805016332,NIFRA,40,8,40,546.0,21840.0
2021021805016331,NIFRA,40,57,60,546.0,32760.0
2021021805016330,NIFRA,40,49,50,546.0,27300.0
2021021805016329,PLI,33,36,10,841.0,8410.0
2021021805016328,NIFRA,40,8,60,546.0,32760.0
2021021805016327,NIFRA,40,45,60,546.0,32760.0
2021021805016326,PLI,33,54,10,841.0,8410.0
2021021805016325,NIFRA,40,57,50,546.0,27300.0
2021021805016324,NIFRA,40,49,60,546.0,32760.0
2021021805016323,NIFRA,40,54,50,546.0,27300.0
2021021805016322,PLI,33,8,10,841.0,8410.0
2021021805016321,NIFRA,40,49,50,546.0,27300.0
2021021805016320,PLI,33,34,10,841.0,8410.0
2021021805016319,NIFRA,40,34,50,546.0,27300.0
2021021805016318,NIFRA,40,1,50,546.0,27300.0
2021021805016317,PLI,33,37,10,841.0,8410.0
2021021805016316,NIFRA,40,34,50,546.0,27300.0
2021021805016315,NIFRA,40,49,50,546.0,27300.0
2021021805016314,PLI,26,42,10,842.0,8420.0
2021021805016313,PLI,33,8,10,841.0,8410.0
2021021805016312,NIFRA,40,50,30,546.0,16380.0
2021021805016311,NIFRA,40,36,50,546.0,27300.0
2021021805016310,PLI,26,49,10,841.0,8410.0
2021021805016309,PLI,26,25,10,841.0,8410.0
2021021805016308,NIFRA,40,21,40,546.0,21840.0
2021021805016307,NIFRA,21,21,10,546.0,5460.0
2021021805016306,NIFRA,21,1,50,546.0,27300.0
2021021805016305,NIFRA,43,38,50,546.0,27300.0
2021021805016304,NIFRA,43,44,50,546.0,27300.0
2021021805016303,NIFRA,22,48,50,546.0,27300.0
2021021805016302,PLI,26,16,10,841.0,8410.0
2021021805016301,NIFRA,22,21,50,546.0,27300.0
2021021805016300,NIFRA,35,36,60,546.0,32760.0
2021021805016299,NIFRA,35,16,40,546.0,21840.0
2021021805016298,NIFRA,17,16,10,546.0,5460.0
2021021805016297,NIFRA,17,8,50,546.0,27300.0
2021021805016296,NIFRA,17,34,60,546.0,32760.0
2021021805016295,NIFRA,17,49,60,546.0,32760.0
2021021805016294,NIFRA,17,59,60,546.0,32760.0
2021021805016293,NIFRA,17,8,60,546.0,32760.0
2021021805016292,NIFRA,17,1,60,546.0,32760.0
2021021805016291,NIFRA,17,57,50,546.0,27300.0
2021021805016290,NIFRA,17,38,60,546.0,32760.0
2021021805016289,NIFRA,17,1,30,546.0,16380.0
2021021805016288,NIFRA,55,1,20,546.0,10920.0
2021021805016287,NIFRA,55,21,50,546.0,27300.0
2021021805016286,NIFRA,55,21,30,546.0,16380.0
2021021805016285,NIFRA,34,21,20,546.0,10920.0
2021021805016284,NIFRA,34,8,50,546.0,27300.0
2021021805016283,PLI,26,34,10,841.0,8410.0
2021021805016282,NIFRA,34,29,50,546.0,27300.0
2021021805016281,NIFRA,7,29,10,546.0,5460.0
2021021805016280,NIFRA,7,8,50,546.0,27300.0
2021021805016279,NIFRA,7,40,60,546.0,32760.0
2021021805016278,NIFRA,7,21,50,546.0,27300.0
2021021805016277,NIFRA,7,19,30,546.0,16380.0
2021021805016276,NIFRA,19,19,20,546.0,10920.0
2021021805016275,NIFRA,19,1,30,546.0,16380.0
2021021805016274,NIFRA,42,1,20,546.0,10920.0
2021021805016273,NIFRA,42,57,60,546.0,32760.0
2021021805016272,NIFRA,42,8,20,546.0,10920.0
2021021805016271,NIFRA,50,8,30,546.0,16380.0
2021021805016270,NIFRA,50,34,60,546.0,32760.0
2021021805016269,NIFRA,50,58,50,546.0,27300.0
2021021805016268,NIFRA,50,8,50,546.0,27300.0
2021021805016267,PLI,14,42,40,842.0,33680.0
2021021805016266,PLI,14,43,10,842.0,8420.0
2021021805016265,PLI,14,34,10,842.0,8420.0
2021021805016264,PLI,26,10,10,841.0,8410.0
2021021805016263,PLI,42,10,200,841.0,168200.0
2021021805016262,PLI,21,10,30,841.0,25230.0
2021021805016261,PLI,16,10,100,841.0,84100.0
2021021805016260,NIFRA,50,25,50,546.0,27300.0
2021021805016259,NIFRA,50,45,10,546.0,5460.0
2021021805016258,NIFRA,50,57,50,546.0,27300.0
2021021805016257,NIFRA,52,47,50,546.0,27300.0
2021021805016256,NIFRA,52,8,50,546.0,27300.0
2021021805016255,NIFRA,16,46,50,546.0,27300.0
2021021805016254,PLI,16,57,10,841.0,8410.0
2021021805016253,NIFRA,16,3,50,546.0,27300.0
2021021805016252,PLI,16,59,10,841.0,8410.0
2021021805016251,PLI,16,55,10,841.0,8410.0
2021021805016250,PLI,16,58,10,841.0,8410.0
2021021805016249,NIFRA,36,3,50,546.0,27300.0
2021021805016248,NIFRA,36,8,50,546.0,27300.0
2021021805016247,NIFRA,36,57,60,546.0,32760.0
2021021805016246,NIFRA,36,21,50,546.0,27300.0
2021021805016245,NIFRA,36,3,10,546.0,5460.0
2021021805016244,PLI,16,59,10,841.0,8410.0
2021021805016243,NIFRA,36,3,50,546.0,27300.0
2021021805016242,NIFRA,36,52,50,546.0,27300.0
2021021805016241,NIFRA,36,3,10,546.0,5460.0
2021021805016240,PLI,16,10,10,841.0,8410.0
2021021805016239,NIFRA,36,8,60,546.0,32760.0
2021021805016238,NIFRA,36,21,50,546.0,27300.0
2021021805016237,NIFRA,36,58,60,546.0,32760.0
2021021805016236,NIFRA,51,3,50,546.0,27300.0
2021021805016235,PLI,16,59,10,841.0,8410.0
2021021805016234,NIFRA,51,57,50,546.0,27300.0
2021021805016233,NIFRA,25,3,10,546.0,5460.0
2021021805016232,NIFRA,25,25,40,546.0,21840.0
2021021805016231,NIFRA,39,25,10,546.0,5460.0
2021021805016230,NIFRA,39,3,50,546.0,27300.0
2021021805016229,NIFRA,39,3,10,546.0,5460.0
2021021805016228,NIFRA,39,58,50,546.0,27300.0
2021021805016227,NIFRA,39,1,50,546.0,27300.0
2021021805016226,NIFRA,39,3,30,546.0,16380.0
2021021805016225,NIFRA,45,3,30,546.0,16380.0
2021021805016224,NIFRA,45,3,10,546.0,5460.0
2021021805016223,PLI,16,59,10,841.0,8410.0
2021021805016222,PLI,37,3,10,842.0,8420.0
2021021805016221,NIFRA,35,57,50,546.0,27300.0
2021021805016220,NIFRA,34,53,40,546.0,21840.0
2021021805016219,NIFRA,45,53,10,546.0,5460.0
2021021805016218,NIFRA,59,3,60,546.0,32760.0
2021021805016217,NIFRA,59,8,40,546.0,21840.0
2021021805016216,NIFRA,45,8,10,546.0,5460.0
2021021805016215,NIFRA,45,58,50,546.0,27300.0
2021021805016214,NIFRA,19,58,10,546.0,5460.0
2021021805016213,NIFRA,19,21,60,546.0,32760.0
2021021805016212,PLI,16,52,10,841.0,8410.0
2021021805016211,PLI,16,26,10,841.0,8410.0
2021021805016210,NIFRA,19,57,50,546.0,27300.0
2021021805016209,NIFRA,19,21,60,546.0,32760.0
2021021805016208,PLI,58,38,10,841.0,8410.0
2021021805016207,PLI,58,6,10,841.0,8410.0
2021021805016206,NIFRA,19,58,20,546.0,10920.0
2021021805016205,NIFRA,49,58,40,546.0,21840.0
2021021805016204,NIFRA,49,19,10,546.0,5460.0
2021021805016203,NIFRA,44,19,40,546.0,21840.0
2021021805016202,NIFRA,44,34,50,546.0,27300.0
2021021805016201,NIFRA,44,57,60,546.0,32760.0
2021021805016200,NIFRA,44,57,20,546.0,10920.0
2021021805016199,NIFRA,44,3,60,546.0,32760.0
2021021805016198,PLI,58,32,10,841.0,8410.0
2021021805016197,NIFRA,44,57,50,546.0,27300.0
2021021805016196,NIFRA,44,1,60,546.0,32760.0
2021021805016195,PLI,50,34,10,842.0,8420.0
2021021805016194,PLI,50,34,10,842.0,8420.0
2021021805016193,PLI,58,14,100,841.0,84100.0
2021021805016192,NIFRA,44,25,50,546.0,27300.0
2021021805016191,NIFRA,44,48,50,546.0,27300.0
2021021805016190,NIFRA,44,58,50,546.0,27300.0
2021021805016189,NIFRA,44,3,10,546.0,5460.0
2021021805016188,NIFRA,18,3,50,546.0,27300.0
2021021805016187,NIFRA,18,21,40,546.0,21840.0
2021021805016186,NIFRA,18,5,10,546.0,5460.0
2021021805016185,NIFRA,29,5,40,546.0,21840.0
2021021805016184,NIFRA,29,25,50,546.0,27300.0
2021021805016183,NIFRA,29,58,50,546.0,27300.0
2021021805016182,NIFRA,29,42,60,546.0,32760.0
2021021805016181,NIFRA,29,28,30,546.0,16380.0
2021021805016180,NIFRA,29,38,50,546.0,27300.0
2021021805016179,NIFRA,29,38,50,546.0,27300.0
2021021805016178,NIFRA,29,25,20,546.0,10920.0
2021021805016177,NIFRA,36,25,30,546.0,16380.0
2021021805016176,NIFRA,36,40,50,546.0,27300.0
2021021805016175,NIFRA,36,51,50,546.0,27300.0
2021021805016174,NIFRA,36,58,50,546.0,27300.0
2021021805016173,NIFRA,36,48,60,546.0,32760.0
2021021805016172,NIFRA,36,47,50,546.0,27300.0
2021021805016171,NIFRA,36,1,50,546.0,27300.0
2021021805016170,PLI,58,55,10,841.0,8410.0
2021021805016169,NIFRA,36,57,50,546.0,27300.0
2021021805016168,PLI,58,46,10,841.0,8410.0
2021021805016167,PLI,58,58,10,841.0,8410.0
2021021805016166,NIFRA,36,38,30,546.0,16380.0
2021021805016165,NIFRA,36,25,60,546.0,32760.0
2021021805016164,NIFRA,36,21,50,546.0,27300.0
2021021805016163,NIFRA,36,34,60,546.0,32760.0
2021021805016162,NIFRA,36,58,50,546.0,27300.0
2021021805016161,NIFRA,36,25,60,546.0,32760.0
2021021805016160,NIFRA,36,58,50,546.0,27300.0
2021021805016159,NIFRA,36,57,50,546.0,27300.0
2021021805016158,PLI,58,58,10,841.0,8410.0
2021021805016157,NIFRA,36,58,60,546.0,32760.0
2021021805016156,NIFRA,36,40,50,546.0,27300.0
2021021805016155,NIFRA,36,34,50,546.0,27300.0
2021021805016154,NIFRA,36,21,40,546.0,21840.0
2021021805016153,NIFRA,1,21,20,546.0,10920.0
2021021805016152,NIFRA,1,51,50,546.0,27300.0
2021021805016151,NIFRA,1,47,50,546.0,27300.0
2021021805016150,NIFRA,1,32,50,546.0,27300.0
2021021805016149,PLI,58,58,10,841.0,8410.0
2021021805016148,NIFRA,1,53,50,546.0,27300.0
2021021805016147,PLI,58,52,10,841.0,8410.0
2021021805016146,NIFRA,1,58,50,546.0,27300.0
2021021805016145,NIFRA,1,58,50,546.0,27300.0
2021021805016144,NIFRA,1,25,60,546.0,32760.0
2021021805016143,NIFRA,1,42,50,546.0,27300.0
2021021805016142,NIFRA,1,57,60,546.0,32760.0
2021021805016141,NIFRA,1,55,10,546.0,5460.0
2021021805016140,NIFRA,46,55,50,546.0,27300.0
2021021805016139,NIFRA,46,21,50,546.0,27300.0
2021021805016138,NIFRA,46,40,50,546.0,27300.0
2021021805016137,NIFRA,46,5,50,546.0,27300.0
2021021805016136,NIFRA,37,5,10,546.0,5460.0
2021021805016135,NIFRA,37,1,50,546.0,27300.0
2021021805016134,NIFRA,37,8,60,546.0,32760.0
2021021805016133,NIFRA,37,25,60,546.0,32760.0
2021021805016132,NIFRA,37,58,60,546.0,32760.0
2021021805016131,PLI,58,49,10,841.0,8410.0
2021021805016130,NIFRA,37,42,50,546.0,27300.0
2021021805016129,NIFRA,37,25,50,546.0,27300.0
2021021805016128,NIFRA,32,25,10,546.0,5460.0
2021021805016127,NIFRA,32,47,50,546.0,27300.0
2021021805016126,NIFRA,51,47,10,546.0,5460.0
2021021805016125,NIFRA,51,32,40,546.0,21840.0
2021021805016124,NIFRA,53,32,10,546.0,5460.0
2021021805016123,NIFRA,53,58,60,546.0,32760.0
2021021805016122,NIFRA,53,49,50,546.0,27300.0
2021021805016121,NIFRA,53,8,60,546.0,32760.0
2021021805016120,NIFRA,53,40,50,546.0,27300.0
2021021805016119,NIFRA,53,57,50,546.0,27300.0
2021021805016118,NIFRA,53,25,60,546.0,32760.0
2021021805016117,NIFRA,53,57,10,546.0,5460.0
2021021805016116,NIFRA,49,57,50,546.0,27300.0
2021021805016115,NIFRA,1,34,45,546.0,24570.0
2021021805016114,NIFRA,48,34,15,546.0,8190.0
2021021805016113,PLI,58,55,10,841.0,8410.0
2021021805016112,PLI,58,42,10,841.0,8410.0
2021021805016111,PLI,58,14,75,841.0,63075.0
2021021805016110,PLI,48,14,15,841.0,12615.0
2021021805016109,PLI,49,14,10,841.0,8410.0
2021021805016108,PLI,49,58,10,841.0,8410.0
2021021805016107,NIFRA,48,6,50,546.0,27300.0
2021021805016106,NIFRA,48,47,50,546.0,27300.0
2021021805016105,NIFRA,48,25,60,546.0,32760.0
2021021805016104,NIFRA,48,8,50,546.0,27300.0
2021021805016103,PLI,49,57,10,841.0,8410.0
2021021805016102,NIFRA,48,1,60,546.0,32760.0
2021021805016101,NIFRA,48,58,50,546.0,27300.0
2021021805016100,NIFRA,48,36,60,546.0,32760.0
2021021805016099,NIFRA,48,58,35,546.0,19110.0
2021021805016098,NIFRA,33,58,15,546.0,8190.0
2021021805016097,NIFRA,33,49,50,546.0,27300.0
2021021805016096,NIFRA,33,57,35,546.0,19110.0
2021021805016095,NIFRA,25,57,15,546.0,8190.0
2021021805016094,NIFRA,25,40,50,546.0,27300.0
2021021805016093,NIFRA,25,47,50,546.0,27300.0
2021021805016092,NIFRA,25,32,35,546.0,19110.0
2021021805016091,NIFRA,38,32,15,546.0,8190.0
2021021805016090,NIFRA,38,57,50,546.0,27300.0
2021021805016089,PLI,49,34,10,841.0,8410.0
2021021805016088,NIFRA,38,49,50,546.0,27300.0
2021021805016087,NIFRA,38,45,50,546.0,27300.0
2021021805016086,NIFRA,38,58,60,546.0,32760.0
2021021805016085,NIFRA,38,49,60,546.0,32760.0
2021021805016084,NIFRA,38,8,60,546.0,32760.0
2021021805016083,NIFRA,38,40,50,546.0,27300.0
2021021805016082,PLI,49,16,10,841.0,8410.0
2021021805016081,PLI,49,34,10,841.0,8410.0
2021021805016080,PLI,49,42,10,841.0,8410.0
2021021805016079,PLI,37,52,10,843.0,8430.0
2021021805016078,PLI,37,34,10,842.0,8420.0
2021021805016077,NIFRA,38,49,60,546.0,32760.0
2021021805016076,NIFRA,38,47,45,546.0,24570.0
2021021805016075,NIFRA,22,47,15,546.0,8190.0
2021021805016074,PLI,49,16,10,841.0,8410.0
2021021805016073,NIFRA,22,1,10,546.0,5460.0
2021021805016072,NIFRA,45,1,40,546.0,21840.0
2021021805016071,PLI,49,49,10,841.0,8410.0
2021021805016070,NIFRA,41,8,10,546.0,5460.0
2021021805016069,NIFRA,47,8,40,546.0,21840.0
2021021805016068,NIFRA,47,38,10,546.0,5460.0
2021021805016067,NIFRA,1,38,50,546.0,27300.0
2021021805016066,NIFRA,19,57,8,546.0,4368.0
2021021805016065,NIFRA,41,57,42,546.0,22932.0
2021021805016064,NIFRA,41,57,50,546.0,27300.0
2021021805016063,NIFRA,41,58,60,546.0,32760.0
2021021805016062,NIFRA,41,40,50,546.0,27300.0
2021021805016061,NIFRA,41,16,20,546.0,10920.0
2021021805016060,NIFRA,41,47,60,546.0,32760.0
2021021805016059,PLI,49,49,10,841.0,8410.0
2021021805016058,NIFRA,41,59,50,546.0,27300.0
2021021805016057,NIFRA,41,49,50,546.0,27300.0
2021021805016056,NIFRA,41,8,60,546.0,32760.0
2021021805016055,NIFRA,41,42,60,546.0,32760.0
2021021805016054,PLI,36,57,10,841.0,8410.0
2021021805016053,NIFRA,41,36,50,546.0,27300.0
2021021805016052,NIFRA,41,34,60,546.0,32760.0
2021021805016051,NIFRA,41,40,50,546.0,27300.0
2021021805016050,NIFRA,41,4,50,546.0,27300.0
2021021805016049,NIFRA,41,49,60,546.0,32760.0
2021021805016048,NIFRA,41,21,50,546.0,27300.0
2021021805016047,NIFRA,41,39,50,546.0,27300.0
2021021805016046,NIFRA,41,57,60,546.0,32760.0
2021021805016045,NIFRA,41,59,18,546.0,9828.0
2021021805016044,NIFRA,43,59,32,546.0,17472.0
2021021805016043,NIFRA,43,47,50,546.0,27300.0
2021021805016042,NIFRA,43,8,50,546.0,27300.0
2021021805016041,PLI,36,36,10,841.0,8410.0
2021021805016040,NIFRA,43,49,50,546.0,27300.0
2021021805016039,NIFRA,43,47,50,546.0,27300.0
2021021805016038,NIFRA,43,3,50,546.0,27300.0
2021021805016037,NIFRA,43,1,50,546.0,27300.0
2021021805016036,NIFRA,43,47,50,546.0,27300.0
2021021805016035,NIFRA,43,40,50,546.0,27300.0
2021021805016034,NIFRA,43,58,50,546.0,27300.0
2021021805016033,NIFRA,43,36,60,546.0,32760.0
2021021805016032,NIFRA,43,3,50,546.0,27300.0
2021021805016031,PLI,38,58,10,843.0,8430.0
2021021805016030,PLI,38,43,10,842.0,8420.0
2021021805016029,NIFRA,43,3,50,546.0,27300.0
2021021805016028,NIFRA,43,39,60,546.0,32760.0
2021021805016027,NIFRA,43,47,50,546.0,27300.0
2021021805016026,NIFRA,43,51,20,546.0,10920.0
2021021805016025,NIFRA,43,47,50,546.0,27300.0
2021021805016024,NIFRA,43,3,28,546.0,15288.0
2021021805016023,NIFRA,29,3,22,546.0,12012.0
2021021805016022,NIFRA,29,28,18,546.0,9828.0
2021021805016021,NIFRA,58,28,32,546.0,17472.0
2021021805016020,NIFRA,58,34,18,546.0,9828.0
2021021805016019,NIFRA,19,34,32,546.0,17472.0
2021021805016018,NIFRA,19,21,60,546.0,32760.0
2021021805016017,NIFRA,19,47,40,546.0,21840.0
2021021805016016,NIFRA,28,47,10,546.0,5460.0
2021021805016015,NIFRA,28,3,50,546.0,27300.0
2021021805016014,NIFRA,28,38,60,546.0,32760.0
2021021805016013,PLI,26,37,10,843.0,8430.0
2021021805016012,PLI,36,52,10,841.0,8410.0
2021021805016011,NIFRA,28,3,50,546.0,27300.0
2021021805016010,NIFRA,28,44,50,546.0,27300.0
2021021805016009,NIFRA,28,47,60,546.0,32760.0
2021021805016008,NIFRA,28,29,50,546.0,27300.0
2021021805016007,NIFRA,28,34,50,546.0,27300.0
2021021805016006,NIFRA,28,1,60,546.0,32760.0
2021021805016005,PLI,36,21,10,841.0,8410.0
2021021805016004,NIFRA,28,3,50,546.0,27300.0
2021021805016003,NIFRA,28,47,10,546.0,5460.0
2021021805016002,NIFRA,33,47,50,546.0,27300.0
2021021805016001,PLI,37,42,10,843.0,8430.0
2021021805016000,NIFRA,33,36,50,546.0,27300.0
2021021805015999,NIFRA,49,39,40,546.0,21840.0
2021021805015998,NIFRA,47,39,10,546.0,5460.0
2021021805015997,PLI,52,36,10,842.0,8420.0
2021021805015996,NIFRA,47,47,20,546.0,10920.0
2021021805015995,NIFRA,51,47,40,546.0,21840.0
2021021805015994,NIFRA,34,3,50,546.0,27300.0
2021021805015993,NIFRA,34,39,50,546.0,27300.0
2021021805015992,NIFRA,4,47,50,546.0,27300.0
2021021805015991,NIFRA,4,3,10,546.0,5460.0
2021021805015990,NIFRA,43,3,40,546.0,21840.0
2021021805015989,NIFRA,43,58,10,546.0,5460.0
2021021805015988,NIFRA,18,58,50,546.0,27300.0
2021021805015987,NIFRA,18,58,50,546.0,27300.0
2021021805015986,PLI,52,56,10,842.0,8420.0
2021021805015985,PLI,52,16,10,842.0,8420.0
2021021805015984,PLI,52,34,10,842.0,8420.0
2021021805015983,PLI,52,34,10,842.0,8420.0
2021021805015982,PLI,54,34,10,842.0,8420.0
2021021805015981,NIFRA,18,47,50,546.0,27300.0
2021021805015980,PLI,36,22,10,841.0,8410.0
2021021805015979,PLI,36,58,10,841.0,8410.0
2021021805015978,NIFRA,18,1,60,546.0,32760.0
2021021805015977,NIFRA,18,58,40,546.0,21840.0
2021021805015976,NIFRA,44,58,10,546.0,5460.0
2021021805015975,NIFRA,44,40,50,546.0,27300.0
2021021805015974,NIFRA,44,58,60,546.0,32760.0
2021021805015973,PLI,36,6,10,841.0,8410.0
2021021805015972,NIFRA,44,39,60,546.0,32760.0
2021021805015971,NIFRA,44,47,50,546.0,27300.0
2021021805015970,NIFRA,44,57,50,546.0,27300.0
2021021805015969,NIFRA,44,38,20,546.0,10920.0
2021021805015968,NIFRA,21,38,40,546.0,21840.0
2021021805015967,PLI,36,42,10,841.0,8410.0
2021021805015966,NIFRA,21,58,50,546.0,27300.0
2021021805015965,NIFRA,21,1,10,546.0,5460.0
2021021805015964,NIFRA,29,1,40,546.0,21840.0
2021021805015963,NIFRA,29,42,10,546.0,5460.0
2021021805015962,NIFRA,3,42,10,546.0,5460.0
2021021805015961,NIFRA,41,42,30,546.0,16380.0
2021021805015960,NIFRA,41,8,50,546.0,27300.0
2021021805015959,NIFRA,45,8,10,546.0,5460.0
2021021805015958,NIFRA,21,58,60,546.0,32760.0
2021021805015957,NIFRA,21,51,50,546.0,27300.0
2021021805015956,NIFRA,21,37,60,546.0,32760.0
2021021805015955,NIFRA,21,5,50,546.0,27300.0
2021021805015954,NIFRA,21,36,50,546.0,27300.0
2021021805015953,NIFRA,21,6,40,546.0,21840.0
2021021805015952,NIFRA,14,6,10,546.0,5460.0
2021021805015951,NIFRA,14,51,10,546.0,5460.0
2021021805015950,NIFRA,21,51,40,546.0,21840.0
2021021805015949,NIFRA,21,8,10,546.0,5460.0
2021021805015948,NIFRA,38,8,20,546.0,10920.0
2021021805015947,NIFRA,58,8,20,546.0,10920.0
2021021805015946,NIFRA,58,50,30,546.0,16380.0
2021021805015945,NIFRA,36,50,20,546.0,10920.0
2021021805015944,NIFRA,36,58,60,546.0,32760.0
2021021805015943,NIFRA,36,57,50,546.0,27300.0
2021021805015942,NIFRA,36,36,50,546.0,27300.0
2021021805015941,NIFRA,36,51,50,546.0,27300.0
2021021805015940,NIFRA,36,40,40,546.0,21840.0
2021021805015939,PLI,36,21,10,841.0,8410.0
2021021805015938,PLI,36,26,10,841.0,8410.0
2021021805015937,NIFRA,36,51,60,546.0,32760.0
2021021805015936,NIFRA,36,36,60,546.0,32760.0
2021021805015935,NIFRA,36,58,60,546.0,32760.0
2021021805015934,NIFRA,36,58,50,546.0,27300.0
2021021805015933,NIFRA,32,58,10,546.0,5460.0
2021021805015932,NIFRA,32,20,50,546.0,27300.0
2021021805015931,NIFRA,32,40,40,546.0,21840.0
2021021805015930,NIFRA,49,40,10,546.0,5460.0
2021021805015929,PLI,36,58,10,841.0,8410.0
2021021805015928,NIFRA,49,1,50,546.0,27300.0
2021021805015927,NIFRA,49,42,60,546.0,32760.0
2021021805015926,NIFRA,49,58,60,546.0,32760.0
2021021805015925,NIFRA,49,40,50,546.0,27300.0
2021021805015924,NIFRA,49,28,60,546.0,32760.0
2021021805015923,NIFRA,49,58,50,546.0,27300.0
2021021805015922,NIFRA,49,42,60,546.0,32760.0
2021021805015921,NIFRA,49,34,50,546.0,27300.0
2021021805015920,NIFRA,49,32,60,546.0,32760.0
2021021805015919,NIFRA,49,42,50,546.0,27300.0
2021021805015918,NIFRA,49,58,60,546.0,32760.0
2021021805015917,NIFRA,49,36,50,546.0,27300.0
2021021805015916,NIFRA,49,40,50,546.0,27300.0
2021021805015915,NIFRA,49,1,50,546.0,27300.0
2021021805015914,NIFRA,49,42,60,546.0,32760.0
2021021805015913,NIFRA,49,52,50,546.0,27300.0
2021021805015912,PLI,36,38,10,841.0,8410.0
2021021805015911,NIFRA,49,58,50,546.0,27300.0
2021021805015910,NIFRA,49,42,50,546.0,27300.0
2021021805015909,NIFRA,49,40,20,546.0,10920.0
2021021805015908,NIFRA,42,40,30,546.0,16380.0
2021021805015907,NIFRA,42,34,50,546.0,27300.0
2021021805015906,NIFRA,42,11,10,546.0,5460.0
2021021805015905,NIFRA,42,8,60,546.0,32760.0
2021021805015904,NIFRA,42,38,60,546.0,32760.0
2021021805015903,NIFRA,42,58,40,546.0,21840.0
2021021805015902,NIFRA,35,58,10,546.0,5460.0
2021021805015901,NIFRA,35,58,50,546.0,27300.0
2021021805015900,NIFRA,22,41,50,546.0,27300.0
2021021805015899,NIFRA,22,58,50,546.0,27300.0
2021021805015898,NIFRA,49,58,50,546.0,27300.0
2021021805015897,NIFRA,44,58,10,546.0,5460.0
2021021805015896,NIFRA,44,8,40,546.0,21840.0
2021021805015895,NIFRA,41,8,10,546.0,5460.0
2021021805015894,PLI,57,51,10,841.0,8410.0
2021021805015893,PLI,57,36,10,841.0,8410.0
2021021805015892,NIFRA,41,58,10,546.0,5460.0
2021021805015891,NIFRA,49,58,50,546.0,27300.0
2021021805015890,NIFRA,57,34,50,546.0,27300.0
2021021805015889,NIFRA,57,45,50,546.0,27300.0
2021021805015888,NIFRA,57,58,40,546.0,21840.0
2021021805015887,NIFRA,57,42,60,546.0,32760.0
2021021805015886,NIFRA,35,57,60,546.0,32760.0
2021021805015885,NIFRA,35,58,50,546.0,27300.0
2021021805015884,NIFRA,35,34,50,546.0,27300.0
2021021805015883,NIFRA,35,48,50,546.0,27300.0
2021021805015882,PLI,32,57,10,840.0,8400.0
2021021805015881,NIFRA,35,58,40,546.0,21840.0
2021021805015880,NIFRA,19,58,10,546.0,5460.0
2021021805015879,NIFRA,19,58,50,546.0,27300.0
2021021805015878,NIFRA,19,5,40,546.0,21840.0
2021021805015877,NIFRA,44,5,20,546.0,10920.0
2021021805015876,NIFRA,44,5,50,546.0,27300.0
2021021805015875,PLI,32,29,10,840.0,8400.0
2021021805015874,NIFRA,44,57,50,546.0,27300.0
2021021805015873,NIFRA,44,49,50,546.0,27300.0
2021021805015872,PLI,32,57,10,840.0,8400.0
2021021805015871,NIFRA,44,44,30,546.0,16380.0
2021021805015870,NIFRA,55,44,20,546.0,10920.0
2021021805015869,PLI,1,57,10,841.0,8410.0
2021021805015868,NIFRA,55,52,30,546.0,16380.0
2021021805015867,NIFRA,55,32,50,546.0,27300.0
2021021805015866,NIFRA,55,56,50,546.0,27300.0
2021021805015865,NIFRA,55,32,50,546.0,27300.0
2021021805015864,PLI,1,49,10,841.0,8410.0
2021021805015863,NIFRA,11,36,50,546.0,27300.0
2021021805015862,NIFRA,49,32,50,546.0,27300.0
2021021805015861,PLI,36,34,10,842.0,8420.0
2021021805015860,PLI,36,43,10,842.0,8420.0
2021021805015859,PLI,1,33,10,841.0,8410.0
2021021805015858,PLI,1,57,10,841.0,8410.0
2021021805015857,PLI,1,20,10,841.0,8410.0
2021021805015856,PLI,6,20,50,841.0,42050.0
2021021805015855,PLI,47,20,40,841.0,33640.0
2021021805015854,NIFRA,49,59,50,546.0,27300.0
2021021805015853,NIFRA,49,58,50,546.0,27300.0
2021021805015852,NIFRA,49,34,50,546.0,27300.0
2021021805015851,NIFRA,49,32,50,546.0,27300.0
2021021805015850,NIFRA,49,57,50,546.0,27300.0
2021021805015849,NIFRA,49,14,50,546.0,27300.0
2021021805015848,NIFRA,49,32,50,546.0,27300.0
2021021805015847,NIFRA,49,32,50,546.0,27300.0
2021021805015846,NIFRA,49,43,50,546.0,27300.0
2021021805015845,NIFRA,53,43,10,546.0,5460.0
2021021805015844,NIFRA,41,3,10,546.0,5460.0
2021021805015843,NIFRA,41,34,35,546.0,19110.0
2021021805015842,NIFRA,14,34,15,546.0,8190.0
2021021805015841,NIFRA,14,32,50,546.0,27300.0
2021021805015840,NIFRA,14,7,25,546.0,13650.0
2021021805015839,NIFRA,14,34,10,546.0,5460.0
2021021805015838,NIFRA,32,34,40,546.0,21840.0
2021021805015837,NIFRA,32,57,10,546.0,5460.0
2021021805015836,NIFRA,29,57,50,546.0,27300.0
2021021805015835,PLI,47,14,10,841.0,8410.0
2021021805015834,NIFRA,29,32,60,546.0,32760.0
2021021805015833,NIFRA,29,22,10,546.0,5460.0
2021021805015832,NIFRA,29,6,30,546.0,16380.0
2021021805015831,NIFRA,52,6,20,546.0,10920.0
2021021805015830,NIFRA,52,1,60,546.0,32760.0
2021021805015829,NIFRA,52,58,60,546.0,32760.0
2021021805015828,NIFRA,52,34,50,546.0,27300.0
2021021805015827,NIFRA,52,58,60,546.0,32760.0
2021021805015826,NIFRA,52,58,50,546.0,27300.0
2021021805015825,NIFRA,43,32,50,546.0,27300.0
2021021805015824,PLI,1,43,10,842.0,8420.0
2021021805015823,PLI,1,43,10,842.0,8420.0
2021021805015822,PLI,1,13,120,842.0,101040.0
2021021805015821,PLI,1,50,10,842.0,8420.0
2021021805015820,NIFRA,48,7,5,546.0,2730.0
2021021805015819,NIFRA,58,7,20,546.0,10920.0
2021021805015818,NIFRA,58,57,50,546.0,27300.0
2021021805015817,NIFRA,58,32,30,546.0,16380.0
2021021805015816,NIFRA,58,59,50,546.0,27300.0
2021021805015815,NIFRA,58,17,50,546.0,27300.0
2021021805015814,NIFRA,58,18,60,546.0,32760.0
2021021805015813,NIFRA,58,48,50,546.0,27300.0
2021021805015812,NIFRA,58,32,50,546.0,27300.0
2021021805015811,NIFRA,58,40,50,546.0,27300.0
2021021805015810,NIFRA,58,49,50,546.0,27300.0
2021021805015809,NIFRA,58,50,10,546.0,5460.0
2021021805015808,PLI,47,59,10,841.0,8410.0
2021021805015807,NIFRA,58,18,60,546.0,32760.0
2021021805015806,NIFRA,58,37,50,546.0,27300.0
2021021805015805,NIFRA,58,49,50,546.0,27300.0
2021021805015804,NIFRA,58,16,20,546.0,10920.0
2021021805015803,NIFRA,58,18,60,546.0,32760.0
2021021805015802,NIFRA,58,57,50,546.0,27300.0
2021021805015801,PLI,47,8,10,841.0,8410.0
2021021805015800,NIFRA,58,21,10,546.0,5460.0
2021021805015799,NIFRA,58,57,50,546.0,27300.0
2021021805015798,NIFRA,58,44,60,546.0,32760.0
2021021805015797,PLI,47,37,10,841.0,8410.0
2021021805015796,NIFRA,58,21,20,546.0,10920.0
2021021805015795,NIFRA,41,21,30,546.0,16380.0
2021021805015794,NIFRA,41,49,60,546.0,32760.0
2021021805015793,NIFRA,41,18,60,546.0,32760.0
2021021805015792,NIFRA,41,49,50,546.0,27300.0
2021021805015791,NIFRA,41,38,50,546.0,27300.0
2021021805015790,NIFRA,21,38,10,546.0,5460.0
2021021805015789,NIFRA,21,37,60,546.0,32760.0
2021021805015788,PLI,47,53,10,841.0,8410.0
2021021805015787,NIFRA,21,49,30,546.0,16380.0
2021021805015786,NIFRA,16,49,20,546.0,10920.0
2021021805015785,PLI,47,57,10,841.0,8410.0
2021021805015784,NIFRA,16,18,60,546.0,32760.0
2021021805015783,NIFRA,16,38,20,546.0,10920.0
2021021805015782,NIFRA,58,38,30,546.0,16380.0
2021021805015781,NIFRA,58,37,60,546.0,32760.0
2021021805015780,NIFRA,58,18,10,546.0,5460.0
2021021805015779,NIFRA,49,18,50,546.0,27300.0
2021021805015778,NIFRA,49,46,50,546.0,27300.0
2021021805015777,NIFRA,43,48,50,546.0,27300.0
2021021805015776,NIFRA,48,59,5,546.0,2730.0
2021021805015775,NIFRA,55,59,45,546.0,24570.0
2021021805015774,NIFRA,55,59,25,546.0,13650.0
2021021805015773,NIFRA,55,37,30,546.0,16380.0
2021021805015772,NIFRA,38,37,30,546.0,16380.0
2021021805015771,NIFRA,38,13,50,546.0,27300.0
2021021805015770,PLI,47,10,10,842.0,8420.0
2021021805015769,PLI,47,43,10,842.0,8420.0
2021021805015768,PLI,47,34,10,842.0,8420.0
2021021805015767,PLI,47,43,10,842.0,8420.0
2021021805015766,NIFRA,38,57,50,546.0,27300.0
2021021805015765,NIFRA,38,46,20,546.0,10920.0
2021021805015764,NIFRA,39,46,30,546.0,16380.0
2021021805015763,NIFRA,39,46,50,546.0,27300.0
2021021805015762,NIFRA,39,37,20,546.0,10920.0
2021021805015761,NIFRA,53,37,40,546.0,21840.0
2021021805015760,NIFRA,53,21,50,546.0,27300.0
2021021805015759,NIFRA,53,38,10,546.0,5460.0
2021021805015758,NIFRA,38,38,40,546.0,21840.0
2021021805015757,PLI,32,34,10,840.0,8400.0
2021021805015756,NIFRA,38,13,50,546.0,27300.0
2021021805015755,NIFRA,38,37,50,546.0,27300.0
2021021805015754,PLI,32,28,10,840.0,8400.0
2021021805015753,NIFRA,38,34,60,546.0,32760.0
2021021805015752,NIFRA,33,57,60,546.0,32760.0
2021021805015751,NIFRA,33,46,40,546.0,21840.0
2021021805015750,NIFRA,1,46,20,546.0,10920.0
2021021805015749,NIFRA,1,13,30,546.0,16380.0
2021021805015748,NIFRA,59,13,20,546.0,10920.0
2021021805015747,NIFRA,59,34,40,546.0,21840.0
2021021805015746,NIFRA,45,34,20,546.0,10920.0
2021021805015745,NIFRA,45,20,50,546.0,27300.0
2021021805015744,NIFRA,45,37,60,546.0,32760.0
2021021805015743,NIFRA,45,13,60,546.0,32760.0
2021021805015742,NIFRA,45,46,60,546.0,32760.0
2021021805015741,NIFRA,45,17,50,546.0,27300.0
2021021805015740,PLI,32,36,30,840.0,25200.0
2021021805015739,PLI,29,36,400,840.0,336000.0
2021021805015738,PLI,46,36,300,841.0,252300.0
2021021805015737,PLI,22,36,270,841.0,227070.0
2021021805015736,PLI,13,36,200,841.0,168200.0
2021021805015735,NIFRA,45,34,50,546.0,27300.0
2021021805015734,NIFRA,43,18,60,546.0,32760.0
2021021805015733,PLI,46,43,10,842.0,8420.0
2021021805015732,NIFRA,43,36,60,546.0,32760.0
2021021805015731,NIFRA,43,57,60,546.0,32760.0
2021021805015730,NIFRA,43,11,50,546.0,27300.0
2021021805015729,NIFRA,43,57,60,546.0,32760.0
2021021805015728,NIFRA,43,38,50,546.0,27300.0
2021021805015727,NIFRA,43,17,50,546.0,27300.0
2021021805015726,NIFRA,43,36,50,546.0,27300.0
2021021805015725,NIFRA,43,57,60,546.0,32760.0
2021021805015724,NIFRA,43,13,60,546.0,32760.0
2021021805015723,NIFRA,43,25,10,546.0,5460.0
2021021805015722,PLI,22,38,10,841.0,8410.0
2021021805015721,NIFRA,43,34,60,546.0,32760.0
2021021805015720,NIFRA,43,38,60,546.0,32760.0
2021021805015719,NIFRA,43,25,10,546.0,5460.0
2021021805015718,NIFRA,43,17,60,546.0,32760.0
2021021805015717,NIFRA,43,38,50,546.0,27300.0
2021021805015716,NIFRA,43,13,35,546.0,19110.0
2021021805015715,NIFRA,38,13,25,546.0,13650.0
2021021805015714,PLI,22,34,10,841.0,8410.0
2021021805015713,NIFRA,38,36,25,546.0,13650.0
2021021805015712,NIFRA,58,36,25,546.0,13650.0
2021021805015711,NIFRA,58,17,60,546.0,32760.0
2021021805015710,NIFRA,58,36,50,546.0,27300.0
2021021805015709,NIFRA,58,21,25,546.0,13650.0
2021021805015708,NIFRA,58,38,40,546.0,21840.0
2021021805015707,NIFRA,58,38,20,546.0,10920.0
2021021805015706,NIFRA,58,20,20,546.0,10920.0
2021021805015705,NIFRA,34,20,20,546.0,10920.0
2021021805015704,NIFRA,34,46,30,546.0,16380.0
2021021805015703,NIFRA,34,46,20,546.0,10920.0
2021021805015702,NIFRA,34,26,60,546.0,32760.0
2021021805015701,PLI,22,32,10,841.0,8410.0
2021021805015700,NIFRA,34,46,50,546.0,27300.0
2021021805015699,NIFRA,34,17,60,546.0,32760.0
2021021805015698,NIFRA,34,38,10,546.0,5460.0
2021021805015697,NIFRA,41,38,50,546.0,27300.0
2021021805015696,NIFRA,41,21,50,546.0,27300.0
2021021805015695,NIFRA,41,46,50,546.0,27300.0
2021021805015694,PLI,22,3,10,841.0,8410.0
2021021805015693,NIFRA,41,36,50,546.0,27300.0
2021021805015692,NIFRA,35,17,60,546.0,32760.0
2021021805015691,NIFRA,14,38,50,546.0,27300.0
2021021805015690,NIFRA,14,13,50,546.0,27300.0
2021021805015689,NIFRA,14,38,36,546.0,19656.0
2021021805015688,NIFRA,11,38,24,546.0,13104.0
2021021805015687,NIFRA,11,44,26,546.0,14196.0
2021021805015686,NIFRA,45,44,34,546.0,18564.0
2021021805015685,NIFRA,45,21,16,546.0,8736.0
2021021805015684,NIFRA,33,21,14,546.0,7644.0
2021021805015683,NIFRA,33,58,50,546.0,27300.0
2021021805015682,NIFRA,33,21,36,546.0,19656.0
2021021805015681,NIFRA,58,21,14,546.0,7644.0
2021021805015680,NIFRA,58,18,36,546.0,19656.0
2021021805015679,NIFRA,32,18,24,546.0,13104.0
2021021805015678,PLI,22,14,10,841.0,8410.0
2021021805015677,NIFRA,32,17,50,546.0,27300.0
2021021805015676,NIFRA,32,21,26,546.0,14196.0
2021021805015675,NIFRA,41,21,24,546.0,13104.0
2021021805015674,PLI,22,8,10,841.0,8410.0
2021021805015673,NIFRA,41,46,60,546.0,32760.0
2021021805015672,NIFRA,41,17,16,546.0,8736.0
2021021805015671,NIFRA,6,17,34,546.0,18564.0
2021021805015670,NIFRA,6,29,50,546.0,27300.0
2021021805015669,NIFRA,6,38,16,546.0,8736.0
2021021805015668,NIFRA,6,38,60,546.0,32760.0
2021021805015667,NIFRA,6,44,60,546.0,32760.0
2021021805015666,NIFRA,6,17,50,546.0,27300.0
2021021805015665,NIFRA,6,57,30,546.0,16380.0
2021021805015664,NIFRA,22,57,30,546.0,16380.0
2021021805015663,PLI,22,57,10,841.0,8410.0
2021021805015662,PLI,22,55,10,841.0,8410.0
2021021805015661,NIFRA,22,57,50,546.0,27300.0
2021021805015660,NIFRA,22,13,20,546.0,10920.0
2021021805015659,NIFRA,47,13,40,546.0,21840.0
2021021805015658,NIFRA,47,3,50,546.0,27300.0
2021021805015657,NIFRA,47,51,50,546.0,27300.0
2021021805015656,NIFRA,47,57,50,546.0,27300.0
2021021805015655,NIFRA,47,18,60,546.0,32760.0
2021021805015654,NIFRA,47,13,50,546.0,27300.0
2021021805015653,PLI,22,57,10,841.0,8410.0
2021021805015652,PLI,22,47,10,841.0,8410.0
2021021805015651,NIFRA,47,13,50,546.0,27300.0
2021021805015650,NIFRA,47,34,50,546.0,27300.0
2021021805015649,NIFRA,47,38,50,546.0,27300.0
2021021805015648,PLI,22,59,10,841.0,8410.0
2021021805015647,NIFRA,7,47,7,546.0,3822.0
2021021805015646,NIFRA,38,47,33,546.0,18018.0
2021021805015645,NIFRA,38,47,10,546.0,5460.0
2021021805015644,NIFRA,38,41,50,546.0,27300.0
2021021805015643,NIFRA,38,59,50,546.0,27300.0
2021021805015642,NIFRA,38,57,10,546.0,5460.0
2021021805015641,NIFRA,38,49,60,546.0,32760.0
2021021805015640,NIFRA,38,13,60,546.0,32760.0
2021021805015639,NIFRA,38,1,60,546.0,32760.0
2021021805015638,NIFRA,38,18,60,546.0,32760.0
2021021805015637,PLI,22,54,10,841.0,8410.0
2021021805015636,PLI,22,14,10,841.0,8410.0
2021021805015635,NIFRA,38,34,50,546.0,27300.0
2021021805015634,NIFRA,38,57,50,546.0,27300.0
2021021805015633,NIFRA,38,57,50,546.0,27300.0
2021021805015632,NIFRA,38,48,50,546.0,27300.0
2021021805015631,NIFRA,38,50,50,546.0,27300.0
2021021805015630,PLI,29,38,10,840.0,8400.0
2021021805015629,PLI,29,34,10,840.0,8400.0
2021021805015628,NIFRA,38,5,50,546.0,27300.0
2021021805015627,NIFRA,38,21,60,546.0,32760.0
2021021805015626,NIFRA,38,58,50,546.0,27300.0
2021021805015625,NIFRA,38,38,30,546.0,16380.0
2021021805015624,NIFRA,35,38,30,546.0,16380.0
2021021805015623,NIFRA,35,35,10,546.0,5460.0
2021021805015622,NIFRA,35,34,60,546.0,32760.0
2021021805015621,NIFRA,45,1,50,546.0,27300.0
2021021805015620,NIFRA,45,49,50,546.0,27300.0
2021021805015619,NIFRA,28,49,10,546.0,5460.0
2021021805015618,PLI,29,1,10,840.0,8400.0
2021021805015617,NIFRA,28,49,50,546.0,27300.0
2021021805015616,NIFRA,28,36,50,546.0,27300.0
2021021805015615,NIFRA,28,57,60,546.0,32760.0
2021021805015614,NIFRA,28,13,50,546.0,27300.0
2021021805015613,NIFRA,28,38,50,546.0,27300.0
2021021805015612,NIFRA,28,5,50,546.0,27300.0
2021021805015611,NIFRA,28,49,50,546.0,27300.0
2021021805015610,NIFRA,28,49,50,546.0,27300.0
2021021805015609,NIFRA,28,57,60,546.0,32760.0
2021021805015608,NIFRA,28,42,20,546.0,10920.0
2021021805015607,NIFRA,49,42,40,546.0,21840.0
2021021805015606,NIFRA,49,38,10,546.0,5460.0
2021021805015605,NIFRA,45,38,40,546.0,21840.0
2021021805015604,NIFRA,45,38,50,546.0,27300.0
2021021805015603,NIFRA,45,34,10,546.0,5460.0
2021021805015602,NIFRA,26,34,40,546.0,21840.0
2021021805015601,NIFRA,26,38,50,546.0,27300.0
2021021805015600,NIFRA,26,13,60,546.0,32760.0
2021021805015599,PLI,26,17,10,841.0,8410.0
2021021805015598,PLI,45,17,"1,855",841.0,1560055.0
2021021805015597,NIFRA,26,57,60,546.0,32760.0
2021021805015596,NIFRA,26,36,50,546.0,27300.0
2021021805015595,NIFRA,26,34,50,546.0,27300.0
2021021805015594,NIFRA,26,57,50,546.0,27300.0
2021021805015593,NIFRA,26,49,60,546.0,32760.0
2021021805015592,NIFRA,26,34,60,546.0,32760.0
2021021805015591,NIFRA,26,36,50,546.0,27300.0
2021021805015590,NIFRA,26,35,50,546.0,27300.0
2021021805015589,NIFRA,26,1,50,546.0,27300.0
2021021805015588,NIFRA,26,49,60,546.0,32760.0
2021021805015587,NIFRA,26,57,50,546.0,27300.0
2021021805015586,NIFRA,26,38,50,546.0,27300.0
2021021805015585,NIFRA,26,46,60,546.0,32760.0
2021021805015584,NIFRA,26,21,50,546.0,27300.0
2021021805015583,NIFRA,29,21,10,546.0,5460.0
2021021805015582,NIFRA,29,49,40,546.0,21840.0
2021021805015581,NIFRA,32,49,20,546.0,10920.0
2021021805015580,NIFRA,32,36,50,546.0,27300.0
2021021805015579,NIFRA,11,34,15,546.0,8190.0
2021021805015578,NIFRA,11,35,50,546.0,27300.0
2021021805015577,NIFRA,11,57,30,546.0,16380.0
2021021805015576,NIFRA,11,57,20,546.0,10920.0
2021021805015575,NIFRA,11,57,30,546.0,16380.0
2021021805015574,NIFRA,48,57,20,546.0,10920.0
2021021805015573,NIFRA,59,49,50,546.0,27300.0
2021021805015572,PLI,43,41,10,843.0,8430.0
2021021805015571,NIFRA,34,13,50,546.0,27300.0
2021021805015570,NIFRA,34,49,60,546.0,32760.0
2021021805015569,PLI,43,51,10,843.0,8430.0
2021021805015568,NIFRA,34,35,60,546.0,32760.0
2021021805015567,NIFRA,34,57,50,546.0,27300.0
2021021805015566,NIFRA,34,57,60,546.0,32760.0
2021021805015565,NIFRA,34,5,50,546.0,27300.0
2021021805015564,NIFRA,34,34,60,546.0,32760.0
2021021805015563,NIFRA,34,49,50,546.0,27300.0
2021021805015562,NIFRA,34,38,60,546.0,32760.0
2021021805015561,NIFRA,58,3,40,546.0,21840.0
2021021805015560,NIFRA,58,58,50,546.0,27300.0
2021021805015559,NIFRA,58,57,60,546.0,32760.0
2021021805015558,NIFRA,58,35,50,546.0,27300.0
