Transact. No.,Symbol,Buyer,Seller,Quantity,Rate,Amount
2021021505002731,NIFRA,59,56,40,411.0,16440.0
2021021505002730,NIFRA,59,33,50,411.0,20550.0
2021021505002725,NIFRA,59,14,50,411.0,20550.0
2021021505002721,NIFRA,59,58,50,411.0,20550.0
2021021505002708,NIFRA,59,41,60,411.0,24660.0
2021021505002699,NIFRA,59,41,50,411.0,20550.0
2021021505002304,NIFRA,59,59,20,411.0,8220.0
2021021505002254,NIFRA,26,21,8,410.0,3280.0
2021021505002252,NIFRA,26,21,7,410.0,2870.0
2021021505002376,NIFRA,59,41,50,411.0,20550.0
2021021505002371,NIFRA,59,32,60,411.0,24660.0
2021021505002366,NIFRA,59,4,10,411.0,4110.0
2021021505002314,NIFRA,59,17,60,411.0,24660.0
2021021505002311,NIFRA,59,44,50,411.0,20550.0
2021021505002310,NIFRA,14,58,5,410.0,2050.0
2021021505002391,NIFRA,59,22,50,411.0,20550.0
2021021505002390,NIFRA,59,53,50,411.0,20550.0
2021021505002388,NIFRA,59,58,50,411.0,20550.0
2021021505002387,NIFRA,59,38,50,411.0,20550.0
2021021505002380,NIFRA,59,47,25,411.0,10275.0
2021021505002378,NIFRA,59,59,10,411.0,4110.0
2021021505002430,NIFRA,59,52,60,411.0,24660.0
2021021505002426,NIFRA,59,58,60,411.0,24660.0
2021021505002414,NIFRA,59,58,50,411.0,20550.0
2021021505002407,NIFRA,59,19,50,411.0,20550.0
2021021505002403,NIFRA,59,53,50,411.0,20550.0
2021021505002393,NIFRA,59,22,30,411.0,12330.0
2021021505002459,NIFRA,59,46,10,411.0,4110.0
2021021505002450,NIFRA,59,44,50,411.0,20550.0
2021021505002449,NIFRA,59,48,20,411.0,8220.0
2021021505002444,NIFRA,59,53,50,411.0,20550.0
2021021505002437,NIFRA,59,36,15,411.0,6165.0
2021021505002434,NIFRA,59,58,50,411.0,20550.0
2021021505002488,NIFRA,59,4,60,411.0,24660.0
2021021505002480,NIFRA,59,44,60,411.0,24660.0
2021021505002474,NIFRA,59,52,60,411.0,24660.0
2021021505002468,NIFRA,59,44,50,411.0,20550.0
2021021505002463,NIFRA,59,44,60,411.0,24660.0
2021021505002460,NIFRA,59,44,50,411.0,20550.0
2021021505002517,NIFRA,59,4,50,411.0,20550.0
2021021505002512,NIFRA,59,4,60,411.0,24660.0
2021021505002511,NIFRA,59,14,50,411.0,20550.0
2021021505002509,NIFRA,59,41,20,411.0,8220.0
2021021505002507,NIFRA,59,4,50,411.0,20550.0
2021021505002489,NIFRA,59,41,50,411.0,20550.0
2021021505002534,NIFRA,59,47,50,411.0,20550.0
2021021505002531,NIFRA,59,14,50,411.0,20550.0
2021021505002529,NIFRA,59,47,50,411.0,20550.0
2021021505002527,NIFRA,59,14,50,411.0,20550.0
2021021505002521,NIFRA,59,4,60,411.0,24660.0
2021021505002520,NIFRA,59,48,50,411.0,20550.0
2021021505002543,NIFRA,59,49,10,411.0,4110.0
2021021505002542,NIFRA,59,14,50,411.0,20550.0
2021021505002540,NIFRA,59,4,50,411.0,20550.0
2021021505002538,NIFRA,59,14,50,411.0,20550.0
2021021505002537,NIFRA,59,47,50,411.0,20550.0
2021021505002535,NIFRA,59,4,50,411.0,20550.0
2021021505002569,NIFRA,59,21,50,411.0,20550.0
2021021505002568,NIFRA,59,4,60,411.0,24660.0
2021021505002556,NIFRA,59,47,50,411.0,20550.0
2021021505002553,NIFRA,59,4,60,411.0,24660.0
2021021505002550,NIFRA,59,47,50,411.0,20550.0
2021021505002546,NIFRA,59,47,50,411.0,20550.0
2021021505002585,NIFRA,59,47,50,411.0,20550.0
2021021505002584,NIFRA,59,47,50,411.0,20550.0
2021021505002583,NIFRA,59,47,50,411.0,20550.0
2021021505002582,NIFRA,59,47,50,411.0,20550.0
2021021505002578,NIFRA,59,47,50,411.0,20550.0
2021021505002573,NIFRA,59,47,50,411.0,20550.0
2021021505002599,NIFRA,59,47,50,411.0,20550.0
2021021505002597,NIFRA,59,43,10,411.0,4110.0
2021021505002596,NIFRA,59,47,10,411.0,4110.0
2021021505002588,NIFRA,59,47,50,411.0,20550.0
2021021505002587,NIFRA,59,51,50,411.0,20550.0
2021021505002586,NIFRA,59,47,50,411.0,20550.0
2021021505002628,NIFRA,59,46,25,411.0,10275.0
2021021505002625,NIFRA,59,4,60,411.0,24660.0
2021021505002624,NIFRA,59,47,50,411.0,20550.0
2021021505002616,NIFRA,59,47,50,411.0,20550.0
2021021505002602,NIFRA,59,47,50,411.0,20550.0
2021021505002600,NIFRA,59,47,50,411.0,20550.0
2021021505002639,NIFRA,59,4,60,411.0,24660.0
2021021505002638,NIFRA,59,50,50,411.0,20550.0
2021021505002637,NIFRA,59,47,50,411.0,20550.0
2021021505002633,NIFRA,59,47,50,411.0,20550.0
2021021505002631,NIFRA,59,47,50,411.0,20550.0
2021021505002630,NIFRA,59,41,50,411.0,20550.0
2021021505002650,NIFRA,59,47,50,411.0,20550.0
2021021505002649,NIFRA,59,41,50,411.0,20550.0
2021021505002646,NIFRA,59,47,50,411.0,20550.0
2021021505002642,NIFRA,59,4,60,411.0,24660.0
2021021505002641,NIFRA,59,47,50,411.0,20550.0
2021021505002640,NIFRA,59,47,50,411.0,20550.0
2021021505002674,NIFRA,59,28,40,411.0,16440.0
2021021505002672,NIFRA,59,57,50,411.0,20550.0
2021021505002663,NIFRA,59,14,60,411.0,24660.0
2021021505002661,NIFRA,59,47,50,411.0,20550.0
2021021505002658,NIFRA,59,34,50,411.0,20550.0
2021021505002657,NIFRA,59,47,50,411.0,20550.0
2021021505002741,PLI,58,33,150,871.0,130650.0
2021021505002740,PLI,21,33,65,871.0,56615.0
2021021505002739,PLI,42,33,300,871.0,261300.0
2021021505002738,PLI,50,58,10,870.0,8700.0
2021021505002737,PLI,50,48,10,870.0,8700.0
2021021505002736,PLI,57,33,300,871.0,261300.0
2021021505002246,PLI,44,14,10,869.0,8690.0
2021021505002245,PLI,44,4,10,869.0,8690.0
2021021505002244,PLI,36,41,10,868.0,8680.0
2021021505002243,PLI,36,36,10,868.0,8680.0
2021021505002242,PLI,36,4,10,868.0,8680.0
2021021505002253,PLI,58,21,10,869.0,8690.0
2021021505002251,PLI,44,40,10,869.0,8690.0
2021021505002250,PLI,44,29,10,869.0,8690.0
2021021505002249,PLI,44,29,10,869.0,8690.0
2021021505002248,PLI,44,29,10,869.0,8690.0
2021021505002247,PLI,44,29,10,869.0,8690.0
2021021505002260,PLI,58,29,10,869.0,8690.0
2021021505002259,PLI,1,47,10,870.0,8700.0
2021021505002258,PLI,1,45,20,870.0,17400.0
2021021505002257,PLI,58,32,10,869.0,8690.0
2021021505002256,PLI,58,57,10,869.0,8690.0
2021021505002255,PLI,58,53,10,869.0,8690.0
2021021505002266,PLI,26,58,10,869.0,8690.0
2021021505002265,PLI,26,29,10,869.0,8690.0
2021021505002264,PLI,21,47,10,870.0,8700.0
2021021505002263,PLI,26,29,10,869.0,8690.0
2021021505002262,PLI,26,29,10,869.0,8690.0
2021021505002261,PLI,26,57,10,869.0,8690.0
2021021505002272,PLI,58,32,10,869.0,8690.0
2021021505002271,PLI,58,10,10,869.0,8690.0
2021021505002270,PLI,55,58,10,869.0,8690.0
2021021505002269,PLI,26,57,10,869.0,8690.0
2021021505002268,PLI,26,58,10,869.0,8690.0
2021021505002267,PLI,26,29,10,869.0,8690.0
2021021505002278,PLI,39,56,10,870.0,8700.0
2021021505002277,PLI,39,47,160,870.0,139200.0
2021021505002276,PLI,35,47,20,870.0,17400.0
2021021505002275,PLI,58,20,10,869.0,8690.0
2021021505002274,PLI,58,48,10,869.0,8690.0
2021021505002273,PLI,58,57,10,869.0,8690.0
2021021505002284,PLI,39,58,10,870.0,8700.0
2021021505002283,PLI,39,39,10,870.0,8700.0
2021021505002282,PLI,39,34,10,870.0,8700.0
2021021505002281,PLI,39,34,10,870.0,8700.0
2021021505002280,PLI,39,28,10,870.0,8700.0
2021021505002279,PLI,39,58,10,870.0,8700.0
2021021505002290,PLI,39,59,60,870.0,52200.0
2021021505002289,PLI,25,58,5,869.0,4345.0
2021021505002288,PLI,39,59,40,870.0,34800.0
2021021505002287,PLI,39,26,10,870.0,8700.0
2021021505002286,PLI,39,19,10,870.0,8700.0
2021021505002285,PLI,39,41,10,870.0,8700.0
2021021505002296,PLI,13,51,10,870.0,8700.0
2021021505002295,PLI,13,43,10,870.0,8700.0
2021021505002294,PLI,39,5,10,870.0,8700.0
2021021505002293,PLI,39,46,10,870.0,8700.0
2021021505002292,PLI,39,49,10,870.0,8700.0
2021021505002291,PLI,39,49,10,870.0,8700.0
2021021505002302,PLI,58,36,10,869.0,8690.0
2021021505002301,PLI,58,35,10,869.0,8690.0
2021021505002300,PLI,58,36,10,869.0,8690.0
2021021505002299,PLI,58,28,10,869.0,8690.0
2021021505002298,PLI,13,36,30,870.0,26100.0
2021021505002297,PLI,13,16,10,870.0,8700.0
2021021505002309,PLI,35,36,10,870.0,8700.0
2021021505002308,PLI,52,47,10,869.0,8690.0
2021021505002307,PLI,52,11,10,869.0,8690.0
2021021505002306,PLI,52,42,10,869.0,8690.0
2021021505002305,PLI,52,21,10,869.0,8690.0
2021021505002303,PLI,58,53,10,869.0,8690.0
2021021505002318,PLI,52,50,10,869.0,8690.0
2021021505002317,PLI,25,36,200,870.0,174000.0
2021021505002316,PLI,52,21,10,869.0,8690.0
2021021505002315,PLI,52,8,10,869.0,8690.0
2021021505002313,PLI,21,36,10,870.0,8700.0
2021021505002312,PLI,52,58,10,869.0,8690.0
2021021505002324,PLI,38,5,10,869.0,8690.0
2021021505002323,PLI,21,48,90,870.0,78300.0
2021021505002322,PLI,21,19,10,870.0,8700.0
2021021505002321,PLI,21,36,100,870.0,87000.0
2021021505002320,PLI,52,57,10,869.0,8690.0
2021021505002319,PLI,52,21,10,869.0,8690.0
2021021505002330,PLI,38,21,10,869.0,8690.0
2021021505002329,PLI,38,46,10,869.0,8690.0
2021021505002328,PLI,48,48,100,870.0,87000.0
2021021505002327,PLI,4,48,30,870.0,26100.0
2021021505002326,PLI,51,48,50,870.0,43500.0
2021021505002325,PLI,38,41,10,869.0,8690.0
2021021505002336,PLI,36,29,10,869.0,8690.0
2021021505002335,PLI,13,42,10,869.0,8690.0
2021021505002334,PLI,13,45,10,869.0,8690.0
2021021505002333,PLI,13,34,10,869.0,8690.0
2021021505002332,PLI,13,21,10,869.0,8690.0
2021021505002331,PLI,38,29,10,869.0,8690.0
2021021505002342,PLI,57,3,10,870.0,8700.0
2021021505002341,PLI,57,48,290,870.0,252300.0
2021021505002340,PLI,36,16,10,869.0,8690.0
2021021505002339,PLI,36,29,10,869.0,8690.0
2021021505002338,PLI,42,48,40,870.0,34800.0
2021021505002337,PLI,36,21,10,869.0,8690.0
2021021505002348,PLI,57,43,10,870.0,8700.0
2021021505002347,PLI,57,32,10,870.0,8700.0
2021021505002346,PLI,57,45,10,870.0,8700.0
2021021505002345,PLI,57,45,10,870.0,8700.0
2021021505002344,PLI,57,45,10,870.0,8700.0
2021021505002343,PLI,57,19,10,870.0,8700.0
2021021505002354,PLI,36,36,10,869.0,8690.0
2021021505002353,PLI,57,55,10,870.0,8700.0
2021021505002352,PLI,57,45,100,870.0,87000.0
2021021505002351,PLI,57,51,10,870.0,8700.0
2021021505002350,PLI,57,50,10,870.0,8700.0
2021021505002349,PLI,57,42,10,870.0,8700.0
2021021505002360,PLI,17,6,10,870.0,8700.0
2021021505002359,PLI,17,56,110,870.0,95700.0
2021021505002358,PLI,17,42,10,870.0,8700.0
2021021505002357,PLI,17,16,10,870.0,8700.0
2021021505002356,PLI,17,34,10,870.0,8700.0
2021021505002355,PLI,36,29,10,869.0,8690.0
2021021505002367,PLI,29,33,200,871.0,174200.0
2021021505002365,PLI,17,29,10,870.0,8700.0
2021021505002364,PLI,17,29,10,870.0,8700.0
2021021505002363,PLI,17,58,10,870.0,8700.0
2021021505002362,PLI,17,10,50,870.0,43500.0
2021021505002361,PLI,17,53,10,870.0,8700.0
2021021505002374,PLI,17,7,10,870.0,8700.0
2021021505002373,PLI,17,32,10,870.0,8700.0
2021021505002372,PLI,34,33,100,871.0,87100.0
2021021505002370,PLI,54,33,100,871.0,87100.0
2021021505002369,PLI,17,29,10,870.0,8700.0
2021021505002368,PLI,48,33,14,871.0,12194.0
2021021505002383,PLI,17,10,10,870.0,8700.0
2021021505002382,PLI,17,57,10,870.0,8700.0
2021021505002381,PLI,17,48,10,870.0,8700.0
2021021505002379,PLI,17,14,10,870.0,8700.0
2021021505002377,PLI,18,33,150,871.0,130650.0
2021021505002375,PLI,54,33,200,871.0,174200.0
2021021505002394,PLI,4,36,40,870.0,34800.0
2021021505002392,PLI,4,58,10,870.0,8700.0
2021021505002389,PLI,42,48,10,870.0,8700.0
2021021505002386,PLI,42,57,40,870.0,34800.0
2021021505002385,PLI,17,57,60,870.0,52200.0
2021021505002384,PLI,6,33,10,871.0,8710.0
2021021505002400,PLI,17,50,30,870.0,26100.0
2021021505002399,PLI,6,50,70,870.0,60900.0
2021021505002398,PLI,6,21,10,870.0,8700.0
2021021505002397,PLI,6,7,10,870.0,8700.0
2021021505002396,PLI,3,33,200,871.0,174200.0
2021021505002395,PLI,6,36,60,870.0,52200.0
2021021505002408,PLI,17,16,10,870.0,8700.0
2021021505002406,PLI,17,51,15,870.0,13050.0
2021021505002405,PLI,17,57,10,870.0,8700.0
2021021505002404,PLI,17,48,10,870.0,8700.0
2021021505002402,PLI,17,17,10,870.0,8700.0
2021021505002401,PLI,17,56,10,870.0,8700.0
2021021505002415,PLI,17,58,10,870.0,8700.0
2021021505002413,PLI,17,21,10,870.0,8700.0
2021021505002412,PLI,17,16,10,870.0,8700.0
2021021505002411,PLI,17,21,10,870.0,8700.0
2021021505002410,PLI,17,57,10,870.0,8700.0
2021021505002409,PLI,44,33,70,871.0,60970.0
2021021505002421,PLI,33,52,10,870.0,8700.0
2021021505002420,PLI,38,33,100,871.0,87100.0
2021021505002419,PLI,33,42,85,870.0,73950.0
2021021505002418,PLI,48,42,50,870.0,43500.0
2021021505002417,PLI,49,42,10,870.0,8700.0
2021021505002416,PLI,17,42,55,870.0,47850.0
2021021505002428,PLI,33,33,10,870.0,8700.0
2021021505002427,PLI,33,32,10,870.0,8700.0
2021021505002425,PLI,33,32,10,870.0,8700.0
2021021505002424,PLI,59,33,100,871.0,87100.0
2021021505002423,PLI,33,26,10,870.0,8700.0
2021021505002422,PLI,33,21,10,870.0,8700.0
2021021505002436,PLI,33,21,10,870.0,8700.0
2021021505002435,PLI,33,58,10,870.0,8700.0
2021021505002433,PLI,38,33,100,871.0,87100.0
2021021505002432,PLI,33,38,10,870.0,8700.0
2021021505002431,PLI,32,33,10,871.0,8710.0
2021021505002429,PLI,33,16,10,870.0,8700.0
2021021505002443,PLI,33,47,10,870.0,8700.0
2021021505002442,PLI,33,16,10,870.0,8700.0
2021021505002441,PLI,55,33,30,871.0,26130.0
2021021505002440,PLI,33,58,10,870.0,8700.0
2021021505002439,PLI,33,42,10,870.0,8700.0
2021021505002438,PLI,33,42,10,870.0,8700.0
2021021505002452,PLI,33,58,10,870.0,8700.0
2021021505002451,PLI,33,16,10,870.0,8700.0
2021021505002448,PLI,33,32,10,870.0,8700.0
2021021505002447,PLI,33,49,10,870.0,8700.0
2021021505002446,PLI,33,39,10,870.0,8700.0
2021021505002445,PLI,33,46,10,870.0,8700.0
2021021505002458,PLI,33,17,10,870.0,8700.0
2021021505002457,PLI,33,38,10,870.0,8700.0
2021021505002456,PLI,33,38,10,870.0,8700.0
2021021505002455,PLI,33,58,10,870.0,8700.0
2021021505002454,PLI,33,26,10,870.0,8700.0
2021021505002453,PLI,33,49,10,870.0,8700.0
2021021505002467,PLI,33,17,10,870.0,8700.0
2021021505002466,PLI,16,33,50,871.0,43550.0
2021021505002465,PLI,33,49,10,870.0,8700.0
2021021505002464,PLI,33,17,10,870.0,8700.0
2021021505002462,PLI,33,4,10,870.0,8700.0
2021021505002461,PLI,33,17,10,870.0,8700.0
2021021505002475,PLI,33,17,10,870.0,8700.0
2021021505002473,PLI,33,42,10,870.0,8700.0
2021021505002472,PLI,33,45,200,870.0,174000.0
2021021505002471,PLI,33,17,10,870.0,8700.0
2021021505002470,PLI,33,56,10,870.0,8700.0
2021021505002469,PLI,33,17,10,870.0,8700.0
2021021505002482,PLI,48,33,250,871.0,217750.0
2021021505002481,PLI,33,29,10,870.0,8700.0
2021021505002479,PLI,34,33,10,871.0,8710.0
2021021505002478,PLI,33,34,10,870.0,8700.0
2021021505002477,PLI,54,33,10,871.0,8710.0
2021021505002476,PLI,33,51,10,870.0,8700.0
2021021505002490,PLI,33,26,10,870.0,8700.0
2021021505002487,PLI,33,55,10,870.0,8700.0
2021021505002486,PLI,33,22,10,870.0,8700.0
2021021505002485,PLI,33,58,10,870.0,8700.0
2021021505002484,PLI,33,22,10,870.0,8700.0
2021021505002483,PLI,33,41,10,870.0,8700.0
2021021505002496,PLI,13,41,100,870.0,87000.0
2021021505002495,PLI,6,41,10,870.0,8700.0
2021021505002494,PLI,40,41,30,870.0,26100.0
2021021505002493,PLI,33,41,45,870.0,39150.0
2021021505002492,PLI,33,58,10,870.0,8700.0
2021021505002491,PLI,33,6,200,870.0,174000.0
2021021505002502,PLI,1,58,10,870.0,8700.0
2021021505002501,PLI,1,52,10,870.0,8700.0
2021021505002500,PLI,1,58,10,870.0,8700.0
2021021505002499,PLI,1,53,10,870.0,8700.0
2021021505002498,PLI,1,57,10,870.0,8700.0
2021021505002497,PLI,1,41,15,870.0,13050.0
2021021505002510,PLI,21,58,10,870.0,8700.0
2021021505002508,PLI,21,52,10,870.0,8700.0
2021021505002506,PLI,21,42,10,870.0,8700.0
2021021505002505,PLI,1,58,10,870.0,8700.0
2021021505002504,PLI,1,3,10,870.0,8700.0
2021021505002503,PLI,1,59,10,870.0,8700.0
2021021505002519,PLI,17,33,20,871.0,17420.0
2021021505002518,PLI,6,58,10,870.0,8700.0
2021021505002516,PLI,6,59,10,870.0,8700.0
2021021505002515,PLI,26,33,500,871.0,435500.0
2021021505002514,PLI,21,58,10,870.0,8700.0
2021021505002513,PLI,21,32,10,870.0,8700.0
2021021505002528,PLI,22,1,10,870.0,8700.0
2021021505002526,PLI,22,53,10,870.0,8700.0
2021021505002525,PLI,22,36,10,870.0,8700.0
2021021505002524,PLI,22,7,160,870.0,139200.0
2021021505002523,PLI,36,7,20,870.0,17400.0
2021021505002522,PLI,6,7,20,870.0,17400.0
2021021505002541,PLI,7,33,180,871.0,156780.0
2021021505002539,PLI,38,56,10,870.0,8700.0
2021021505002536,PLI,38,45,10,870.0,8700.0
2021021505002533,PLI,55,6,10,870.0,8700.0
2021021505002532,PLI,55,58,10,870.0,8700.0
2021021505002530,PLI,22,49,10,870.0,8700.0
2021021505002551,PLI,38,28,30,870.0,26100.0
2021021505002549,PLI,38,58,10,870.0,8700.0
2021021505002548,PLI,38,4,10,870.0,8700.0
2021021505002547,PLI,38,59,10,870.0,8700.0
2021021505002545,PLI,38,48,10,870.0,8700.0
2021021505002544,PLI,38,47,10,870.0,8700.0
2021021505002559,PLI,16,59,10,870.0,8700.0
2021021505002558,PLI,11,33,20,871.0,17420.0
2021021505002557,PLI,16,4,30,870.0,26100.0
2021021505002555,PLI,16,21,10,870.0,8700.0
2021021505002554,PLI,16,52,10,870.0,8700.0
2021021505002552,PLI,41,28,20,870.0,17400.0
2021021505002565,PLI,43,21,40,870.0,34800.0
2021021505002564,PLI,43,16,10,870.0,8700.0
2021021505002563,PLI,16,58,10,870.0,8700.0
2021021505002562,PLI,16,58,10,870.0,8700.0
2021021505002561,PLI,16,45,10,870.0,8700.0
2021021505002560,PLI,16,49,10,870.0,8700.0
2021021505002574,PLI,13,56,10,870.0,8700.0
2021021505002572,PLI,49,21,10,870.0,8700.0
2021021505002571,PLI,49,57,10,870.0,8700.0
2021021505002570,PLI,49,56,10,870.0,8700.0
2021021505002567,PLI,49,17,10,870.0,8700.0
2021021505002566,PLI,49,21,60,870.0,52200.0
2021021505002581,PLI,32,56,10,870.0,8700.0
2021021505002580,PLI,32,57,10,870.0,8700.0
2021021505002579,PLI,32,6,10,870.0,8700.0
2021021505002577,PLI,32,56,70,870.0,60900.0
2021021505002576,PLI,13,56,30,870.0,26100.0
2021021505002575,PLI,13,58,10,870.0,8700.0
2021021505002594,PLI,26,4,10,870.0,8700.0
2021021505002593,PLI,55,58,10,870.0,8700.0
2021021505002592,PLI,55,51,10,870.0,8700.0
2021021505002591,PLI,55,38,10,870.0,8700.0
2021021505002590,PLI,55,19,10,870.0,8700.0
2021021505002589,PLI,55,58,10,870.0,8700.0
2021021505002605,PLI,4,45,10,870.0,8700.0
2021021505002604,PLI,4,59,10,870.0,8700.0
2021021505002603,PLI,36,16,10,869.0,8690.0
2021021505002601,PLI,36,3,10,869.0,8690.0
2021021505002598,PLI,36,17,10,869.0,8690.0
2021021505002595,PLI,26,37,10,870.0,8700.0
2021021505002611,PLI,4,56,10,870.0,8700.0
2021021505002610,PLI,4,57,10,870.0,8700.0
2021021505002609,PLI,4,50,10,870.0,8700.0
2021021505002608,PLI,4,49,90,870.0,78300.0
2021021505002607,PLI,4,56,10,870.0,8700.0
2021021505002606,PLI,4,34,10,870.0,8700.0
2021021505002618,PLI,49,58,10,870.0,8700.0
2021021505002617,PLI,36,3,10,869.0,8690.0
2021021505002615,PLI,4,57,10,870.0,8700.0
2021021505002614,PLI,4,16,10,870.0,8700.0
2021021505002613,PLI,4,3,10,870.0,8700.0
2021021505002612,PLI,4,22,10,870.0,8700.0
2021021505002626,PLI,5,57,10,870.0,8700.0
2021021505002623,PLI,47,57,25,870.0,21750.0
2021021505002622,PLI,36,21,10,869.0,8690.0
2021021505002621,PLI,36,57,10,869.0,8690.0
2021021505002620,PLI,36,36,10,869.0,8690.0
2021021505002619,PLI,49,57,20,870.0,17400.0
2021021505002636,PLI,58,57,200,870.0,174000.0
2021021505002635,PLI,17,4,10,869.0,8690.0
2021021505002634,PLI,17,32,10,869.0,8690.0
2021021505002632,PLI,36,58,10,869.0,8690.0
2021021505002629,PLI,36,32,10,869.0,8690.0
2021021505002627,PLI,54,57,10,870.0,8700.0
2021021505002651,PLI,5,57,20,870.0,17400.0
2021021505002648,PLI,17,1,10,869.0,8690.0
2021021505002647,PLI,56,57,10,870.0,8700.0
2021021505002645,PLI,17,8,10,869.0,8690.0
2021021505002644,PLI,17,51,10,869.0,8690.0
2021021505002643,PLI,17,56,10,869.0,8690.0
2021021505002659,PLI,36,57,100,870.0,87000.0
2021021505002656,PLI,17,36,10,869.0,8690.0
2021021505002655,PLI,17,56,10,869.0,8690.0
2021021505002654,PLI,42,57,10,870.0,8700.0
2021021505002653,PLI,17,17,10,869.0,8690.0
2021021505002652,PLI,17,36,10,869.0,8690.0
2021021505002667,PLI,17,48,10,869.0,8690.0
2021021505002666,PLI,17,16,10,869.0,8690.0
2021021505002665,PLI,17,43,230,869.0,199870.0
2021021505002664,PLI,35,43,20,869.0,17380.0
2021021505002662,PLI,32,57,30,870.0,26100.0
2021021505002660,PLI,17,48,10,869.0,8690.0
2021021505002675,PLI,17,57,10,869.0,8690.0
2021021505002673,PLI,17,57,10,869.0,8690.0
2021021505002671,PLI,44,57,10,870.0,8700.0
2021021505002670,PLI,17,14,10,869.0,8690.0
2021021505002669,PLI,17,16,10,869.0,8690.0
2021021505002668,PLI,45,57,10,870.0,8700.0
2021021505002681,PLI,36,48,10,870.0,8700.0
2021021505002680,PLI,36,32,10,870.0,8700.0
2021021505002679,PLI,36,4,10,870.0,8700.0
2021021505002678,PLI,36,48,40,870.0,34800.0
2021021505002677,PLI,36,42,10,870.0,8700.0
2021021505002676,PLI,36,57,345,870.0,300150.0
2021021505002687,PLI,36,19,10,870.0,8700.0
2021021505002686,PLI,36,6,10,870.0,8700.0
2021021505002685,PLI,36,42,10,870.0,8700.0
2021021505002684,PLI,36,42,10,870.0,8700.0
2021021505002683,PLI,36,6,10,870.0,8700.0
2021021505002682,PLI,36,41,10,870.0,8700.0
2021021505002693,PLI,38,59,60,870.0,52200.0
2021021505002692,PLI,36,59,290,870.0,252300.0
2021021505002691,PLI,36,38,10,870.0,8700.0
2021021505002690,PLI,36,1,20,870.0,17400.0
2021021505002689,PLI,36,16,10,870.0,8700.0
2021021505002688,PLI,36,42,10,870.0,8700.0
2021021505002700,PLI,22,33,60,871.0,52260.0
2021021505002698,PLI,58,52,10,870.0,8700.0
2021021505002697,PLI,58,37,20,870.0,17400.0
2021021505002696,PLI,38,37,30,870.0,26100.0
2021021505002695,PLI,38,21,10,870.0,8700.0
2021021505002694,PLI,48,33,100,871.0,87100.0
2021021505002706,PLI,50,52,50,870.0,43500.0
2021021505002705,PLI,16,52,40,870.0,34800.0
2021021505002704,PLI,37,33,40,871.0,34840.0
2021021505002703,PLI,16,58,10,870.0,8700.0
2021021505002702,PLI,58,6,10,870.0,8700.0
2021021505002701,PLI,58,33,10,870.0,8700.0
2021021505002713,PLI,50,58,10,870.0,8700.0
2021021505002712,PLI,50,14,10,870.0,8700.0
2021021505002711,PLI,50,49,10,870.0,8700.0
2021021505002710,PLI,50,32,10,870.0,8700.0
2021021505002709,PLI,49,33,120,871.0,104520.0
2021021505002707,PLI,50,35,10,870.0,8700.0
2021021505002719,PLI,18,33,871,871.0,758641.0
2021021505002718,PLI,50,32,10,870.0,8700.0
2021021505002717,PLI,50,45,10,870.0,8700.0
2021021505002716,PLI,50,6,100,870.0,87000.0
2021021505002715,PLI,50,52,10,870.0,8700.0
2021021505002714,PLI,57,33,50,871.0,43550.0
2021021505002727,PLI,50,18,10,870.0,8700.0
2021021505002726,PLI,50,49,10,870.0,8700.0
2021021505002724,PLI,50,4,10,870.0,8700.0
2021021505002723,PLI,50,58,10,870.0,8700.0
2021021505002722,PLI,50,45,10,870.0,8700.0
2021021505002720,PLI,50,41,10,870.0,8700.0
2021021505002735,PLI,33,33,130,871.0,113230.0
2021021505002734,PLI,50,16,10,870.0,8700.0
2021021505002733,PLI,50,16,10,870.0,8700.0
2021021505002732,PLI,50,32,10,870.0,8700.0
2021021505002729,PLI,50,8,10,870.0,8700.0
2021021505002728,PLI,50,51,10,870.0,8700.0
2021021505002225,NIFRA,59,44,20,411.0,8220.0
2021021505002213,NIFRA,59,22,10,411.0,4110.0
2021021505002212,NIFRA,59,25,50,411.0,20550.0
2021021505002186,NIFRA,59,52,60,411.0,24660.0
2021021505002185,NIFRA,26,21,8,411.0,3288.0
2021021505002183,NIFRA,26,21,9,411.0,3699.0
2021021505001758,NIFRA,59,48,60,411.0,24660.0
2021021505001756,NIFRA,59,11,20,411.0,8220.0
2021021505001746,NIFRA,59,53,50,411.0,20550.0
2021021505001745,NIFRA,59,39,50,411.0,20550.0
2021021505001744,NIFRA,59,58,50,411.0,20550.0
2021021505001773,NIFRA,21,21,9,404.0,3636.0
2021021505001770,NIFRA,59,46,50,411.0,20550.0
2021021505001769,NIFRA,21,21,9,404.0,3636.0
2021021505001767,NIFRA,59,46,40,411.0,16440.0
2021021505001766,NIFRA,59,5,10,411.0,4110.0
2021021505001763,NIFRA,59,41,20,411.0,8220.0
2021021505001797,NIFRA,59,26,40,411.0,16440.0
2021021505001792,NIFRA,59,43,50,411.0,20550.0
2021021505001787,NIFRA,59,48,60,411.0,24660.0
2021021505001786,NIFRA,59,57,50,411.0,20550.0
2021021505001782,NIFRA,21,21,9,404.0,3636.0
2021021505001777,NIFRA,26,21,9,404.0,3636.0
2021021505001812,NIFRA,59,22,20,411.0,8220.0
2021021505001807,NIFRA,59,49,50,411.0,20550.0
2021021505001805,NIFRA,59,51,50,411.0,20550.0
2021021505001801,NIFRA,59,57,50,411.0,20550.0
2021021505001800,NIFRA,6,58,1,405.0,405.0
2021021505001798,NIFRA,59,21,24,411.0,9864.0
2021021505001831,NIFRA,59,6,60,411.0,24660.0
2021021505001828,NIFRA,59,8,50,411.0,20550.0
2021021505001824,NIFRA,59,4,25,411.0,10275.0
2021021505001818,NIFRA,52,58,4,403.0,1612.0
2021021505001817,NIFRA,59,48,60,411.0,24660.0
2021021505001814,NIFRA,59,32,30,411.0,12330.0
2021021505001849,NIFRA,59,22,40,411.0,16440.0
2021021505001848,NIFRA,59,6,50,411.0,20550.0
2021021505001847,NIFRA,52,58,6,406.0,2436.0
2021021505001845,NIFRA,59,8,60,411.0,24660.0
2021021505001835,NIFRA,59,6,50,411.0,20550.0
2021021505001834,NIFRA,59,48,50,411.0,20550.0
2021021505001861,NIFRA,59,6,60,411.0,24660.0
2021021505001860,NIFRA,26,21,9,404.0,3636.0
2021021505001858,NIFRA,21,21,9,404.0,3636.0
2021021505001856,NIFRA,59,13,50,411.0,20550.0
2021021505001855,NIFRA,59,6,50,411.0,20550.0
2021021505001853,NIFRA,21,21,9,404.0,3636.0
2021021505001874,NIFRA,59,38,40,411.0,16440.0
2021021505001873,NIFRA,59,58,60,411.0,24660.0
2021021505001869,NIFRA,59,13,50,411.0,20550.0
2021021505001868,NIFRA,59,21,24,411.0,9864.0
2021021505001865,NIFRA,59,43,10,411.0,4110.0
2021021505001864,NIFRA,26,21,9,404.0,3636.0
2021021505001894,NIFRA,59,59,50,411.0,20550.0
2021021505001891,NIFRA,59,38,10,411.0,4110.0
2021021505001885,NIFRA,59,38,50,411.0,20550.0
2021021505001881,NIFRA,59,38,50,411.0,20550.0
2021021505001879,NIFRA,59,38,40,411.0,16440.0
2021021505001878,NIFRA,59,43,10,411.0,4110.0
2021021505001910,NIFRA,59,56,20,411.0,8220.0
2021021505001905,NIFRA,59,56,20,411.0,8220.0
2021021505001903,NIFRA,59,51,50,411.0,20550.0
2021021505001902,NIFRA,59,10,50,411.0,20550.0
2021021505001901,NIFRA,59,56,20,411.0,8220.0
2021021505001900,NIFRA,59,10,50,411.0,20550.0
2021021505001963,NIFRA,21,21,9,403.0,3627.0
2021021505001961,NIFRA,59,29,50,411.0,20550.0
2021021505001956,NIFRA,59,42,50,411.0,20550.0
2021021505001951,NIFRA,21,21,9,403.0,3627.0
2021021505001920,NIFRA,59,57,50,411.0,20550.0
2021021505001914,NIFRA,59,36,60,411.0,24660.0
2021021505002002,NIFRA,26,21,9,405.0,3645.0
2021021505002000,NIFRA,59,22,50,411.0,20550.0
2021021505001987,NIFRA,59,6,50,411.0,20550.0
2021021505001979,NIFRA,59,13,50,411.0,20550.0
2021021505001978,NIFRA,26,21,9,403.0,3627.0
2021021505001975,NIFRA,26,21,9,403.0,3627.0
2021021505002056,NIFRA,59,32,40,411.0,16440.0
2021021505002022,NIFRA,59,22,60,411.0,24660.0
2021021505002010,NIFRA,26,21,6,403.0,2418.0
2021021505002008,NIFRA,59,22,50,411.0,20550.0
2021021505002007,NIFRA,59,22,50,411.0,20550.0
2021021505002003,NIFRA,28,21,9,405.0,3645.0
2021021505002085,NIFRA,59,21,20,411.0,8220.0
2021021505002067,NIFRA,59,22,50,411.0,20550.0
2021021505002065,NIFRA,59,13,10,411.0,4110.0
2021021505002064,NIFRA,59,58,60,411.0,24660.0
2021021505002062,NIFRA,59,22,50,411.0,20550.0
2021021505002057,NIFRA,59,57,50,411.0,20550.0
2021021505002124,NIFRA,59,13,50,411.0,20550.0
2021021505002113,NIFRA,59,42,50,411.0,20550.0
2021021505002112,NIFRA,59,14,60,411.0,24660.0
2021021505002102,NIFRA,59,58,50,411.0,20550.0
2021021505002096,NIFRA,59,42,10,411.0,4110.0
2021021505002095,NIFRA,59,48,50,411.0,20550.0
2021021505002141,NIFRA,59,21,60,411.0,24660.0
2021021505002138,NIFRA,59,14,50,411.0,20550.0
2021021505002135,NIFRA,59,32,60,411.0,24660.0
2021021505002132,NIFRA,26,21,9,409.0,3681.0
2021021505002130,NIFRA,59,22,50,411.0,20550.0
2021021505002125,NIFRA,26,21,8,405.0,3240.0
2021021505002173,NIFRA,26,21,6,404.0,2424.0
2021021505002172,NIFRA,59,41,10,411.0,4110.0
2021021505002163,NIFRA,59,21,25,411.0,10275.0
2021021505002162,NIFRA,59,54,50,411.0,20550.0
2021021505002149,NIFRA,59,34,30,411.0,12330.0
2021021505002148,NIFRA,26,21,5,409.0,2045.0
2021021505002241,PLI,36,4,10,868.0,8680.0
2021021505002240,PLI,36,4,10,868.0,8680.0
2021021505002239,PLI,36,4,10,868.0,8680.0
2021021505002238,PLI,36,4,10,868.0,8680.0
2021021505002237,PLI,36,43,10,868.0,8680.0
2021021505002236,PLI,36,44,10,868.0,8680.0
2021021505001747,PLI,49,42,90,861.0,77490.0
2021021505001743,PLI,49,51,10,861.0,8610.0
2021021505001742,PLI,45,54,10,862.0,8620.0
2021021505001753,PLI,37,42,60,861.0,51660.0
2021021505001752,PLI,49,42,20,861.0,17220.0
2021021505001751,PLI,49,42,100,861.0,86100.0
2021021505001750,PLI,43,42,50,861.0,43050.0
2021021505001749,PLI,3,42,100,861.0,86100.0
2021021505001748,PLI,35,42,200,861.0,172200.0
2021021505001761,PLI,29,19,100,860.0,86000.0
2021021505001760,PLI,56,42,50,861.0,43050.0
2021021505001759,PLI,13,14,10,860.0,8600.0
2021021505001757,PLI,50,42,30,861.0,25830.0
2021021505001755,PLI,42,42,57,861.0,49077.0
2021021505001754,PLI,21,42,100,861.0,86100.0
2021021505001772,PLI,43,25,10,860.0,8600.0
2021021505001771,PLI,16,42,40,861.0,34440.0
2021021505001768,PLI,43,48,10,860.0,8600.0
2021021505001765,PLI,42,42,10,861.0,8610.0
2021021505001764,PLI,43,55,10,860.0,8600.0
2021021505001762,PLI,57,19,10,860.0,8600.0
2021021505001780,PLI,43,25,10,860.0,8600.0
2021021505001779,PLI,43,40,10,860.0,8600.0
2021021505001778,PLI,43,38,10,860.0,8600.0
2021021505001776,PLI,43,25,10,860.0,8600.0
2021021505001775,PLI,43,25,10,860.0,8600.0
2021021505001774,PLI,43,38,10,860.0,8600.0
2021021505001789,PLI,33,42,93,861.0,80073.0
2021021505001788,PLI,43,21,10,860.0,8600.0
2021021505001785,PLI,43,21,10,860.0,8600.0
2021021505001784,PLI,43,41,10,860.0,8600.0
2021021505001783,PLI,43,6,10,860.0,8600.0
2021021505001781,PLI,43,6,10,860.0,8600.0
2021021505001796,PLI,43,8,10,860.0,8600.0
2021021505001795,PLI,50,42,100,861.0,86100.0
2021021505001794,PLI,43,46,10,860.0,8600.0
2021021505001793,PLI,43,17,10,860.0,8600.0
2021021505001791,PLI,33,42,897,861.0,772317.0
2021021505001790,PLI,33,29,10,861.0,8610.0
2021021505001808,PLI,57,42,10,861.0,8610.0
2021021505001806,PLI,26,42,10,861.0,8610.0
2021021505001804,PLI,34,11,10,860.0,8600.0
2021021505001803,PLI,43,8,10,860.0,8600.0
2021021505001802,PLI,43,6,10,860.0,8600.0
2021021505001799,PLI,43,6,10,860.0,8600.0
2021021505001816,PLI,34,47,10,860.0,8600.0
2021021505001815,PLI,58,42,200,861.0,172200.0
2021021505001813,PLI,34,29,10,860.0,8600.0
2021021505001811,PLI,43,42,100,861.0,86100.0
2021021505001810,PLI,34,11,10,860.0,8600.0
2021021505001809,PLI,34,49,10,860.0,8600.0
2021021505001825,PLI,36,51,10,861.0,8610.0
2021021505001823,PLI,36,57,10,861.0,8610.0
2021021505001822,PLI,36,41,10,861.0,8610.0
2021021505001821,PLI,36,42,171,861.0,147231.0
2021021505001820,PLI,34,33,30,860.0,25800.0
2021021505001819,PLI,34,45,10,860.0,8600.0
2021021505001833,PLI,36,28,10,861.0,8610.0
2021021505001832,PLI,36,21,10,861.0,8610.0
2021021505001830,PLI,36,45,10,861.0,8610.0
2021021505001829,PLI,36,33,10,861.0,8610.0
2021021505001827,PLI,36,49,10,861.0,8610.0
2021021505001826,PLI,36,33,10,861.0,8610.0
2021021505001841,PLI,41,39,10,862.0,8620.0
2021021505001840,PLI,41,55,10,862.0,8620.0
2021021505001839,PLI,41,56,10,862.0,8620.0
2021021505001838,PLI,41,29,10,862.0,8620.0
2021021505001837,PLI,41,28,10,862.0,8620.0
2021021505001836,PLI,36,22,10,861.0,8610.0
2021021505001851,PLI,36,36,10,861.0,8610.0
2021021505001850,PLI,36,47,10,861.0,8610.0
2021021505001846,PLI,36,58,320,861.0,275520.0
2021021505001844,PLI,41,42,120,862.0,103440.0
2021021505001843,PLI,41,21,10,862.0,8620.0
2021021505001842,PLI,41,34,10,862.0,8620.0
2021021505001863,PLI,36,57,10,861.0,8610.0
2021021505001862,PLI,18,42,200,862.0,172400.0
2021021505001859,PLI,55,42,100,862.0,86200.0
2021021505001857,PLI,36,25,10,861.0,8610.0
2021021505001854,PLI,36,53,10,861.0,8610.0
2021021505001852,PLI,36,35,10,861.0,8610.0
2021021505001875,PLI,36,41,10,861.0,8610.0
2021021505001872,PLI,36,14,10,861.0,8610.0
2021021505001871,PLI,46,42,100,862.0,86200.0
2021021505001870,PLI,36,45,10,861.0,8610.0
2021021505001867,PLI,36,28,10,861.0,8610.0
2021021505001866,PLI,36,45,10,861.0,8610.0
2021021505001884,PLI,36,58,10,861.0,8610.0
2021021505001883,PLI,36,4,10,861.0,8610.0
2021021505001882,PLI,36,39,10,861.0,8610.0
2021021505001880,PLI,36,35,10,861.0,8610.0
2021021505001877,PLI,36,42,10,861.0,8610.0
2021021505001876,PLI,51,42,40,862.0,34480.0
2021021505001892,PLI,6,42,50,862.0,43100.0
2021021505001890,PLI,1,42,20,862.0,17240.0
2021021505001889,PLI,38,42,100,862.0,86200.0
2021021505001888,PLI,36,26,10,861.0,8610.0
2021021505001887,PLI,41,42,100,862.0,86200.0
2021021505001886,PLI,36,58,10,861.0,8610.0
2021021505001899,PLI,36,29,10,861.0,8610.0
2021021505001898,PLI,36,58,10,861.0,8610.0
2021021505001897,PLI,36,58,10,861.0,8610.0
2021021505001896,PLI,36,28,10,861.0,8610.0
2021021505001895,PLI,36,29,10,861.0,8610.0
2021021505001893,PLI,36,10,10,861.0,8610.0
2021021505001911,PLI,25,42,20,862.0,17240.0
2021021505001909,PLI,36,52,10,861.0,8610.0
2021021505001908,PLI,36,21,10,861.0,8610.0
2021021505001907,PLI,36,26,10,861.0,8610.0
2021021505001906,PLI,4,42,200,862.0,172400.0
2021021505001904,PLI,42,42,60,862.0,51720.0
2021021505001918,PLI,36,8,10,861.0,8610.0
2021021505001917,PLI,36,8,10,861.0,8610.0
2021021505001916,PLI,36,58,10,861.0,8610.0
2021021505001915,PLI,49,42,500,862.0,431000.0
2021021505001913,PLI,36,43,10,861.0,8610.0
2021021505001912,PLI,36,42,10,861.0,8610.0
2021021505001925,PLI,43,38,10,862.0,8620.0
2021021505001924,PLI,43,58,10,862.0,8620.0
2021021505001923,PLI,43,13,10,862.0,8620.0
2021021505001922,PLI,43,42,390,862.0,336180.0
2021021505001921,PLI,36,8,10,861.0,8610.0
2021021505001919,PLI,36,8,10,861.0,8610.0
2021021505001931,PLI,36,55,10,861.0,8610.0
2021021505001930,PLI,36,8,10,861.0,8610.0
2021021505001929,PLI,36,8,10,861.0,8610.0
2021021505001928,PLI,43,57,10,862.0,8620.0
2021021505001927,PLI,43,52,10,862.0,8620.0
2021021505001926,PLI,43,8,10,862.0,8620.0
2021021505001937,PLI,11,21,10,862.0,8620.0
2021021505001936,PLI,11,8,10,862.0,8620.0
2021021505001935,PLI,11,8,10,862.0,8620.0
2021021505001934,PLI,11,8,10,862.0,8620.0
2021021505001933,PLI,11,56,10,862.0,8620.0
2021021505001932,PLI,11,8,10,862.0,8620.0
2021021505001943,PLI,6,42,10,863.0,8630.0
2021021505001942,PLI,6,52,10,863.0,8630.0
2021021505001941,PLI,11,8,10,862.0,8620.0
2021021505001940,PLI,11,8,10,862.0,8620.0
2021021505001939,PLI,11,8,10,862.0,8620.0
2021021505001938,PLI,11,8,10,862.0,8620.0
2021021505001949,PLI,11,8,10,862.0,8620.0
2021021505001948,PLI,11,8,10,862.0,8620.0
2021021505001947,PLI,11,49,10,862.0,8620.0
2021021505001946,PLI,11,8,10,862.0,8620.0
2021021505001945,PLI,11,42,10,862.0,8620.0
2021021505001944,PLI,11,8,10,862.0,8620.0
2021021505001957,PLI,36,8,10,861.0,8610.0
2021021505001955,PLI,36,8,10,861.0,8610.0
2021021505001954,PLI,11,8,10,862.0,8620.0
2021021505001953,PLI,11,55,10,862.0,8620.0
2021021505001952,PLI,11,8,10,862.0,8620.0
2021021505001950,PLI,11,8,10,862.0,8620.0
2021021505001965,PLI,38,45,10,861.0,8610.0
2021021505001964,PLI,38,8,10,861.0,8610.0
2021021505001962,PLI,34,42,50,863.0,43150.0
2021021505001960,PLI,38,26,10,861.0,8610.0
2021021505001959,PLI,38,8,10,861.0,8610.0
2021021505001958,PLI,36,8,10,861.0,8610.0
2021021505001971,PLI,38,26,10,861.0,8610.0
2021021505001970,PLI,45,42,50,863.0,43150.0
2021021505001969,PLI,38,8,10,861.0,8610.0
2021021505001968,PLI,38,8,10,861.0,8610.0
2021021505001967,PLI,38,8,10,861.0,8610.0
2021021505001966,PLI,38,8,10,861.0,8610.0
2021021505001980,PLI,33,42,"1,000",863.0,863000.0
2021021505001977,PLI,42,42,35,863.0,30205.0
2021021505001976,PLI,21,8,10,862.0,8620.0
2021021505001974,PLI,26,42,100,863.0,86300.0
2021021505001973,PLI,21,8,10,862.0,8620.0
2021021505001972,PLI,21,8,10,862.0,8620.0
2021021505001986,PLI,21,16,10,862.0,8620.0
2021021505001985,PLI,21,35,10,862.0,8620.0
2021021505001984,PLI,21,42,10,862.0,8620.0
2021021505001983,PLI,21,58,10,862.0,8620.0
2021021505001982,PLI,21,49,10,862.0,8620.0
2021021505001981,PLI,21,26,10,862.0,8620.0
2021021505001993,PLI,58,19,10,863.0,8630.0
2021021505001992,PLI,58,41,10,863.0,8630.0
2021021505001991,PLI,58,43,10,863.0,8630.0
2021021505001990,PLI,58,58,10,863.0,8630.0
2021021505001989,PLI,58,42,255,863.0,220065.0
2021021505001988,PLI,33,42,500,863.0,431500.0
2021021505001999,PLI,58,41,10,863.0,8630.0
2021021505001998,PLI,58,58,10,863.0,8630.0
2021021505001997,PLI,58,45,10,863.0,8630.0
2021021505001996,PLI,58,21,10,863.0,8630.0
2021021505001995,PLI,58,42,10,863.0,8630.0
2021021505001994,PLI,58,41,110,863.0,94930.0
2021021505002011,PLI,17,21,10,864.0,8640.0
2021021505002009,PLI,42,58,5,863.0,4315.0
2021021505002006,PLI,58,55,10,863.0,8630.0
2021021505002005,PLI,58,58,10,863.0,8630.0
2021021505002004,PLI,58,28,10,863.0,8630.0
2021021505002001,PLI,58,45,10,863.0,8630.0
2021021505002017,PLI,17,51,10,864.0,8640.0
2021021505002016,PLI,17,17,10,864.0,8640.0
2021021505002015,PLI,17,52,10,864.0,8640.0
2021021505002014,PLI,17,42,10,864.0,8640.0
2021021505002013,PLI,17,49,10,864.0,8640.0
2021021505002012,PLI,17,42,10,864.0,8640.0
2021021505002024,PLI,34,45,10,863.0,8630.0
2021021505002023,PLI,34,49,10,863.0,8630.0
2021021505002021,PLI,34,8,10,863.0,8630.0
2021021505002020,PLI,17,34,10,864.0,8640.0
2021021505002019,PLI,17,35,10,864.0,8640.0
2021021505002018,PLI,17,53,10,864.0,8640.0
2021021505002030,PLI,40,42,10,865.0,8650.0
2021021505002029,PLI,40,3,100,865.0,86500.0
2021021505002028,PLI,40,59,10,865.0,8650.0
2021021505002027,PLI,58,45,10,864.0,8640.0
2021021505002026,PLI,58,29,10,864.0,8640.0
2021021505002025,PLI,34,58,10,863.0,8630.0
2021021505002036,PLI,40,37,10,865.0,8650.0
2021021505002035,PLI,40,43,10,865.0,8650.0
2021021505002034,PLI,40,19,10,865.0,8650.0
2021021505002033,PLI,40,21,10,865.0,8650.0
2021021505002032,PLI,40,55,10,865.0,8650.0
2021021505002031,PLI,40,43,10,865.0,8650.0
2021021505002042,PLI,40,56,10,865.0,8650.0
2021021505002041,PLI,40,58,10,865.0,8650.0
2021021505002040,PLI,40,17,10,865.0,8650.0
2021021505002039,PLI,40,38,10,865.0,8650.0
2021021505002038,PLI,40,38,10,865.0,8650.0
2021021505002037,PLI,40,45,10,865.0,8650.0
2021021505002048,PLI,40,51,10,865.0,8650.0
2021021505002047,PLI,40,1,10,865.0,8650.0
2021021505002046,PLI,40,45,10,865.0,8650.0
2021021505002045,PLI,40,58,10,865.0,8650.0
2021021505002044,PLI,40,35,10,865.0,8650.0
2021021505002043,PLI,40,49,10,865.0,8650.0
2021021505002054,PLI,40,57,10,866.0,8660.0
2021021505002053,PLI,40,49,10,866.0,8660.0
2021021505002052,PLI,40,4,100,866.0,86600.0
2021021505002051,PLI,40,39,50,866.0,43300.0
2021021505002050,PLI,40,58,10,866.0,8660.0
2021021505002049,PLI,40,59,10,865.0,8650.0
2021021505002063,PLI,58,38,10,864.0,8640.0
2021021505002061,PLI,58,44,10,864.0,8640.0
2021021505002060,PLI,51,1,10,865.0,8650.0
2021021505002059,PLI,58,44,10,864.0,8640.0
2021021505002058,PLI,58,16,10,864.0,8640.0
2021021505002055,PLI,40,11,10,866.0,8660.0
2021021505002072,PLI,19,47,10,868.0,8680.0
2021021505002071,PLI,19,47,10,868.0,8680.0
2021021505002070,PLI,19,39,10,868.0,8680.0
2021021505002069,PLI,19,42,10,867.0,8670.0
2021021505002068,PLI,13,58,10,866.0,8660.0
2021021505002066,PLI,58,45,10,864.0,8640.0
2021021505002078,PLI,58,42,10,864.0,8640.0
2021021505002077,PLI,58,41,10,864.0,8640.0
2021021505002076,PLI,19,38,190,868.0,164920.0
2021021505002075,PLI,19,7,10,868.0,8680.0
2021021505002074,PLI,19,47,10,868.0,8680.0
2021021505002073,PLI,19,41,10,868.0,8680.0
2021021505002084,PLI,51,41,10,864.0,8640.0
2021021505002083,PLI,58,45,10,864.0,8640.0
2021021505002082,PLI,19,36,10,868.0,8680.0
2021021505002081,PLI,19,45,10,868.0,8680.0
2021021505002080,PLI,19,48,10,868.0,8680.0
2021021505002079,PLI,19,36,10,868.0,8680.0
2021021505002091,PLI,49,54,10,865.0,8650.0
2021021505002090,PLI,41,42,10,868.0,8680.0
2021021505002089,PLI,41,38,10,868.0,8680.0
2021021505002088,PLI,41,16,10,868.0,8680.0
2021021505002087,PLI,41,45,10,867.0,8670.0
2021021505002086,PLI,41,51,10,866.0,8660.0
2021021505002099,PLI,58,53,10,865.0,8650.0
2021021505002098,PLI,21,42,26,868.0,22568.0
2021021505002097,PLI,49,53,10,865.0,8650.0
2021021505002094,PLI,49,44,10,865.0,8650.0
2021021505002093,PLI,49,54,10,865.0,8650.0
2021021505002092,PLI,49,53,10,865.0,8650.0
2021021505002106,PLI,45,52,10,867.0,8670.0
2021021505002105,PLI,58,34,10,865.0,8650.0
2021021505002104,PLI,58,42,10,865.0,8650.0
2021021505002103,PLI,58,16,10,865.0,8650.0
2021021505002101,PLI,58,53,10,865.0,8650.0
2021021505002100,PLI,58,16,10,865.0,8650.0
2021021505002114,PLI,45,25,10,867.0,8670.0
2021021505002111,PLI,46,42,20,868.0,17360.0
2021021505002110,PLI,45,58,10,867.0,8670.0
2021021505002109,PLI,45,52,10,867.0,8670.0
2021021505002108,PLI,45,34,10,867.0,8670.0
2021021505002107,PLI,45,3,10,867.0,8670.0
2021021505002120,PLI,57,40,10,866.0,8660.0
2021021505002119,PLI,57,49,10,866.0,8660.0
2021021505002118,PLI,45,33,10,867.0,8670.0
2021021505002117,PLI,45,45,10,867.0,8670.0
2021021505002116,PLI,45,42,10,867.0,8670.0
2021021505002115,PLI,45,16,10,867.0,8670.0
2021021505002128,PLI,17,42,490,868.0,425320.0
2021021505002127,PLI,17,58,10,867.0,8670.0
2021021505002126,PLI,57,34,10,866.0,8660.0
2021021505002123,PLI,57,10,10,866.0,8660.0
2021021505002122,PLI,57,25,10,866.0,8660.0
2021021505002121,PLI,39,41,10,867.0,8670.0
2021021505002137,PLI,17,51,70,866.0,60620.0
2021021505002136,PLI,38,42,50,868.0,43400.0
2021021505002134,PLI,57,3,30,866.0,25980.0
2021021505002133,PLI,34,42,250,868.0,217000.0
2021021505002131,PLI,57,41,10,866.0,8660.0
2021021505002129,PLI,57,38,10,866.0,8660.0
2021021505002145,PLI,36,52,10,868.0,8680.0
2021021505002144,PLI,36,52,10,868.0,8680.0
2021021505002143,PLI,36,45,10,868.0,8680.0
2021021505002142,PLI,36,42,154,868.0,133672.0
2021021505002140,PLI,17,16,10,866.0,8660.0
2021021505002139,PLI,17,19,10,866.0,8660.0
2021021505002153,PLI,25,50,10,869.0,8690.0
2021021505002152,PLI,25,42,205,869.0,178145.0
2021021505002151,PLI,36,25,10,868.0,8680.0
2021021505002150,PLI,38,42,10,869.0,8690.0
2021021505002147,PLI,36,37,10,868.0,8680.0
2021021505002146,PLI,36,29,60,868.0,52080.0
2021021505002159,PLI,25,49,10,869.0,8690.0
2021021505002158,PLI,25,49,10,869.0,8690.0
2021021505002157,PLI,25,49,10,869.0,8690.0
2021021505002156,PLI,25,49,10,869.0,8690.0
2021021505002155,PLI,25,49,10,869.0,8690.0
2021021505002154,PLI,25,25,10,869.0,8690.0
2021021505002167,PLI,22,49,10,869.0,8690.0
2021021505002166,PLI,22,49,10,869.0,8690.0
2021021505002165,PLI,22,49,10,869.0,8690.0
2021021505002164,PLI,36,57,10,868.0,8680.0
2021021505002161,PLI,25,49,10,869.0,8690.0
2021021505002160,PLI,25,49,10,869.0,8690.0
2021021505002175,PLI,36,52,10,868.0,8680.0
2021021505002174,PLI,22,57,10,869.0,8690.0
2021021505002171,PLI,22,52,10,869.0,8690.0
2021021505002170,PLI,22,49,10,869.0,8690.0
2021021505002169,PLI,22,14,20,869.0,17380.0
2021021505002168,PLI,22,19,10,869.0,8690.0
2021021505002181,PLI,43,1,70,869.0,60830.0
2021021505002180,PLI,43,49,10,869.0,8690.0
2021021505002179,PLI,36,58,10,868.0,8680.0
2021021505002178,PLI,36,19,10,868.0,8680.0
2021021505002177,PLI,36,48,10,868.0,8680.0
2021021505002176,PLI,36,47,10,868.0,8680.0
2021021505002190,PLI,49,54,10,870.0,8700.0
2021021505002189,PLI,49,51,200,870.0,174000.0
2021021505002188,PLI,49,25,10,870.0,8700.0
2021021505002187,PLI,49,22,40,870.0,34800.0
2021021505002184,PLI,43,25,10,869.0,8690.0
2021021505002182,PLI,43,45,10,869.0,8690.0
2021021505002196,PLI,49,16,10,870.0,8700.0
2021021505002195,PLI,49,4,10,870.0,8700.0
2021021505002194,PLI,49,22,150,870.0,130500.0
2021021505002193,PLI,49,43,10,870.0,8700.0
2021021505002192,PLI,49,8,10,870.0,8700.0
2021021505002191,PLI,49,25,10,870.0,8700.0
2021021505002202,PLI,49,34,10,870.0,8700.0
2021021505002201,PLI,49,46,10,870.0,8700.0
2021021505002200,PLI,49,51,100,870.0,87000.0
2021021505002199,PLI,49,19,10,870.0,8700.0
2021021505002198,PLI,49,46,10,870.0,8700.0
2021021505002197,PLI,49,4,10,870.0,8700.0
2021021505002208,PLI,49,42,10,870.0,8700.0
2021021505002207,PLI,49,1,50,870.0,43500.0
2021021505002206,PLI,49,46,10,870.0,8700.0
2021021505002205,PLI,49,46,10,870.0,8700.0
2021021505002204,PLI,49,34,100,870.0,87000.0
2021021505002203,PLI,49,8,10,870.0,8700.0
2021021505002216,PLI,43,4,10,869.0,8690.0
2021021505002215,PLI,43,21,10,869.0,8690.0
2021021505002214,PLI,43,44,10,869.0,8690.0
2021021505002211,PLI,49,3,90,870.0,78300.0
2021021505002210,PLI,49,46,100,870.0,87000.0
2021021505002209,PLI,49,46,10,870.0,8700.0
2021021505002222,PLI,28,56,10,870.0,8700.0
2021021505002221,PLI,28,52,10,870.0,8700.0
2021021505002220,PLI,28,21,10,870.0,8700.0
2021021505002219,PLI,28,38,10,870.0,8700.0
2021021505002218,PLI,28,58,10,870.0,8700.0
2021021505002217,PLI,28,3,10,870.0,8700.0
2021021505002229,PLI,43,21,10,869.0,8690.0
2021021505002228,PLI,43,4,10,869.0,8690.0
2021021505002227,PLI,51,45,10,870.0,8700.0
2021021505002226,PLI,43,4,10,869.0,8690.0
2021021505002224,PLI,28,45,20,870.0,17400.0
2021021505002223,PLI,28,5,10,870.0,8700.0
2021021505002235,PLI,36,4,10,868.0,8680.0
2021021505002234,PLI,36,4,10,868.0,8680.0
2021021505002233,PLI,43,29,10,869.0,8690.0
2021021505002232,PLI,43,57,10,869.0,8690.0
2021021505002231,PLI,43,4,10,869.0,8690.0
2021021505002230,PLI,43,4,10,869.0,8690.0
2021021505001262,CGH,5,39,10,200.0,2000.0
2021021505001257,CGH,48,21,10,197.0,1970.0
2021021505001738,NIFRA,59,35,30,411.0,12330.0
2021021505001736,NIFRA,59,49,50,411.0,20550.0
2021021505001730,NIFRA,59,21,14,411.0,5754.0
2021021505001718,NIFRA,21,21,9,404.0,3636.0
2021021505001717,NIFRA,21,21,9,404.0,3636.0
2021021505001711,NIFRA,8,21,9,404.0,3636.0
2021021505001271,NIFRA,59,13,50,411.0,20550.0
2021021505001269,NIFRA,59,7,50,411.0,20550.0
2021021505001263,NIFRA,59,48,50,411.0,20550.0
2021021505001260,NIFRA,59,4,10,411.0,4110.0
2021021505001258,NIFRA,59,58,50,411.0,20550.0
2021021505001284,NIFRA,59,7,60,411.0,24660.0
2021021505001283,NIFRA,59,45,50,411.0,20550.0
2021021505001277,NIFRA,59,41,10,411.0,4110.0
2021021505001276,NIFRA,59,41,50,411.0,20550.0
2021021505001274,NIFRA,59,7,50,411.0,20550.0
2021021505001272,NIFRA,59,58,50,411.0,20550.0
2021021505001294,NIFRA,59,53,50,411.0,20550.0
2021021505001293,NIFRA,59,7,60,411.0,24660.0
2021021505001289,NIFRA,59,39,50,411.0,20550.0
2021021505001288,NIFRA,21,21,9,404.0,3636.0
2021021505001287,NIFRA,59,7,60,411.0,24660.0
2021021505001286,NIFRA,59,42,50,411.0,20550.0
2021021505001310,NIFRA,59,59,50,411.0,20550.0
2021021505001309,NIFRA,59,42,60,411.0,24660.0
2021021505001307,NIFRA,59,14,50,411.0,20550.0
2021021505001306,NIFRA,59,7,50,411.0,20550.0
2021021505001304,NIFRA,59,7,60,411.0,24660.0
2021021505001299,NIFRA,59,7,60,411.0,24660.0
2021021505001322,NIFRA,59,43,10,411.0,4110.0
2021021505001320,NIFRA,59,7,60,411.0,24660.0
2021021505001319,NIFRA,59,21,50,411.0,20550.0
2021021505001315,NIFRA,59,42,50,411.0,20550.0
2021021505001313,NIFRA,59,7,60,411.0,24660.0
2021021505001311,NIFRA,59,14,50,411.0,20550.0
2021021505001330,NIFRA,59,17,40,411.0,16440.0
2021021505001329,NIFRA,59,25,50,411.0,20550.0
2021021505001328,NIFRA,59,25,50,411.0,20550.0
2021021505001327,NIFRA,59,42,50,411.0,20550.0
2021021505001325,NIFRA,59,25,50,411.0,20550.0
2021021505001323,NIFRA,59,35,40,411.0,16440.0
2021021505001340,NIFRA,59,6,10,411.0,4110.0
2021021505001339,NIFRA,59,7,60,411.0,24660.0
2021021505001336,NIFRA,59,21,41,411.0,16851.0
2021021505001335,NIFRA,58,58,4,409.0,1636.0
2021021505001333,NIFRA,59,42,50,411.0,20550.0
2021021505001331,NIFRA,59,25,50,411.0,20550.0
2021021505001365,NIFRA,59,7,50,411.0,20550.0
2021021505001352,NIFRA,59,42,60,411.0,24660.0
2021021505001350,NIFRA,58,58,4,410.0,1640.0
2021021505001349,NIFRA,59,53,50,411.0,20550.0
2021021505001348,NIFRA,59,7,60,411.0,24660.0
2021021505001341,NIFRA,59,21,50,411.0,20550.0
2021021505001372,NIFRA,59,7,50,411.0,20550.0
2021021505001371,NIFRA,59,21,15,411.0,6165.0
2021021505001369,NIFRA,59,39,10,411.0,4110.0
2021021505001368,NIFRA,59,21,50,411.0,20550.0
2021021505001367,NIFRA,58,58,2,409.0,818.0
2021021505001366,NIFRA,59,58,50,411.0,20550.0
2021021505001381,NIFRA,58,58,7,410.0,2870.0
2021021505001380,NIFRA,59,34,60,411.0,24660.0
2021021505001379,NIFRA,59,53,60,411.0,24660.0
2021021505001378,NIFRA,59,34,50,411.0,20550.0
2021021505001377,NIFRA,59,7,50,411.0,20550.0
2021021505001373,NIFRA,59,19,50,411.0,20550.0
2021021505001395,NIFRA,59,39,50,411.0,20550.0
2021021505001394,NIFRA,59,22,50,411.0,20550.0
2021021505001387,NIFRA,59,21,50,411.0,20550.0
2021021505001385,NIFRA,59,41,50,411.0,20550.0
2021021505001384,NIFRA,59,51,50,411.0,20550.0
2021021505001383,NIFRA,59,57,30,411.0,12330.0
2021021505001408,NIFRA,59,22,50,411.0,20550.0
2021021505001407,NIFRA,59,53,50,411.0,20550.0
2021021505001406,NIFRA,59,13,40,411.0,16440.0
2021021505001404,NIFRA,59,22,50,411.0,20550.0
2021021505001402,NIFRA,59,7,50,411.0,20550.0
2021021505001397,NIFRA,58,58,8,410.0,3280.0
2021021505001417,NIFRA,59,54,50,411.0,20550.0
2021021505001416,NIFRA,58,58,3,410.0,1230.0
2021021505001415,NIFRA,59,13,50,411.0,20550.0
2021021505001413,NIFRA,59,7,50,411.0,20550.0
2021021505001412,NIFRA,59,54,30,411.0,12330.0
2021021505001411,NIFRA,59,52,60,411.0,24660.0
2021021505001429,NIFRA,59,32,50,411.0,20550.0
2021021505001428,NIFRA,59,52,60,411.0,24660.0
2021021505001425,NIFRA,59,52,60,411.0,24660.0
2021021505001422,NIFRA,59,52,50,411.0,20550.0
2021021505001420,NIFRA,59,22,50,411.0,20550.0
2021021505001418,NIFRA,59,52,50,411.0,20550.0
2021021505001471,NIFRA,59,41,20,411.0,8220.0
2021021505001468,NIFRA,59,7,60,411.0,24660.0
2021021505001451,NIFRA,59,7,60,411.0,24660.0
2021021505001442,NIFRA,59,58,50,411.0,20550.0
2021021505001440,NIFRA,59,7,50,411.0,20550.0
2021021505001436,NIFRA,59,25,50,411.0,20550.0
2021021505001495,NIFRA,59,7,50,411.0,20550.0
2021021505001494,NIFRA,59,48,30,411.0,12330.0
2021021505001482,NIFRA,59,7,50,411.0,20550.0
2021021505001481,NIFRA,59,42,50,411.0,20550.0
2021021505001478,NIFRA,59,7,50,411.0,20550.0
2021021505001472,NIFRA,59,51,40,411.0,16440.0
2021021505001508,NIFRA,58,58,6,410.0,2460.0
2021021505001505,NIFRA,59,17,50,411.0,20550.0
2021021505001501,NIFRA,59,7,60,411.0,24660.0
2021021505001500,NIFRA,58,58,8,410.0,3280.0
2021021505001499,NIFRA,58,58,8,410.0,3280.0
2021021505001497,NIFRA,59,42,50,411.0,20550.0
2021021505001527,NIFRA,59,34,10,411.0,4110.0
2021021505001520,NIFRA,59,47,10,411.0,4110.0
2021021505001513,NIFRA,59,6,50,411.0,20550.0
2021021505001512,NIFRA,59,7,50,411.0,20550.0
2021021505001511,NIFRA,59,42,10,411.0,4110.0
2021021505001509,NIFRA,59,17,50,411.0,20550.0
2021021505001542,NIFRA,59,6,50,411.0,20550.0
2021021505001541,NIFRA,59,29,50,411.0,20550.0
2021021505001538,NIFRA,21,21,9,404.0,3636.0
2021021505001537,NIFRA,59,47,10,411.0,4110.0
2021021505001534,NIFRA,59,45,50,411.0,20550.0
2021021505001531,NIFRA,59,7,50,411.0,20550.0
2021021505001555,NIFRA,59,49,50,411.0,20550.0
2021021505001551,NIFRA,59,47,10,411.0,4110.0
2021021505001550,NIFRA,59,58,60,411.0,24660.0
2021021505001549,NIFRA,59,6,50,411.0,20550.0
2021021505001548,NIFRA,59,49,60,411.0,24660.0
2021021505001543,NIFRA,59,7,50,411.0,20550.0
2021021505001568,NIFRA,59,45,60,411.0,24660.0
2021021505001566,NIFRA,59,17,50,411.0,20550.0
2021021505001563,NIFRA,59,49,60,411.0,24660.0
2021021505001561,NIFRA,21,21,9,404.0,3636.0
2021021505001557,NIFRA,59,49,60,411.0,24660.0
2021021505001556,NIFRA,59,7,50,411.0,20550.0
2021021505001576,NIFRA,59,17,50,411.0,20550.0
2021021505001575,NIFRA,59,7,50,411.0,20550.0
2021021505001574,NIFRA,59,17,50,411.0,20550.0
2021021505001572,NIFRA,59,7,60,411.0,24660.0
2021021505001570,NIFRA,59,17,60,411.0,24660.0
2021021505001569,NIFRA,59,4,10,411.0,4110.0
2021021505001587,NIFRA,59,7,50,411.0,20550.0
2021021505001586,NIFRA,59,48,50,411.0,20550.0
2021021505001585,NIFRA,21,21,9,404.0,3636.0
2021021505001583,NIFRA,59,17,50,411.0,20550.0
2021021505001581,NIFRA,59,53,50,411.0,20550.0
2021021505001580,NIFRA,59,17,50,411.0,20550.0
2021021505001599,NIFRA,59,41,50,411.0,20550.0
2021021505001598,NIFRA,59,17,50,411.0,20550.0
2021021505001594,NIFRA,59,17,60,411.0,24660.0
2021021505001590,NIFRA,59,53,50,411.0,20550.0
2021021505001589,NIFRA,21,21,9,404.0,3636.0
2021021505001588,NIFRA,59,53,50,411.0,20550.0
2021021505001614,NIFRA,59,41,20,411.0,8220.0
2021021505001613,NIFRA,59,21,50,411.0,20550.0
2021021505001612,NIFRA,59,21,24,411.0,9864.0
2021021505001607,NIFRA,59,52,10,411.0,4110.0
2021021505001605,NIFRA,59,47,60,411.0,24660.0
2021021505001601,NIFRA,59,51,15,411.0,6165.0
2021021505001636,NIFRA,59,39,60,411.0,24660.0
2021021505001635,NIFRA,59,47,50,411.0,20550.0
2021021505001634,NIFRA,59,47,50,411.0,20550.0
2021021505001633,NIFRA,59,34,50,411.0,20550.0
2021021505001630,NIFRA,59,47,60,411.0,24660.0
2021021505001616,NIFRA,59,34,60,411.0,24660.0
2021021505001661,NIFRA,59,49,50,411.0,20550.0
2021021505001657,NIFRA,59,21,50,411.0,20550.0
2021021505001656,NIFRA,59,49,60,411.0,24660.0
2021021505001654,NIFRA,26,42,2,411.0,822.0
2021021505001642,NIFRA,59,21,30,411.0,12330.0
2021021505001641,NIFRA,59,47,50,411.0,20550.0
2021021505001688,NIFRA,59,21,50,411.0,20550.0
2021021505001673,NIFRA,59,21,50,411.0,20550.0
2021021505001669,NIFRA,59,41,20,411.0,8220.0
2021021505001664,NIFRA,59,51,50,411.0,20550.0
2021021505001663,NIFRA,59,21,50,411.0,20550.0
2021021505001662,NIFRA,59,58,60,411.0,24660.0
2021021505001703,NIFRA,59,48,50,411.0,20550.0
2021021505001698,NIFRA,59,38,40,411.0,16440.0
2021021505001696,NIFRA,59,41,20,411.0,8220.0
2021021505001695,NIFRA,59,38,40,411.0,16440.0
2021021505001694,NIFRA,59,43,50,411.0,20550.0
2021021505001693,NIFRA,59,38,50,411.0,20550.0
2021021505001710,NIFRA,59,41,10,411.0,4110.0
2021021505001709,NIFRA,21,21,9,404.0,3636.0
2021021505001708,NIFRA,7,58,9,411.0,3699.0
2021021505001707,NIFRA,59,49,60,411.0,24660.0
2021021505001706,NIFRA,59,38,40,411.0,16440.0
2021021505001704,NIFRA,59,49,50,411.0,20550.0
2021021505001741,PLI,49,57,10,861.0,8610.0
2021021505001740,PLI,49,45,10,861.0,8610.0
2021021505001739,PLI,49,58,10,861.0,8610.0
2021021505001737,PLI,49,33,10,861.0,8610.0
2021021505001735,PLI,49,21,10,861.0,8610.0
2021021505001734,PLI,49,16,10,861.0,8610.0
2021021505001242,PLI,54,34,10,870.0,8700.0
2021021505001248,PLI,54,49,10,870.0,8700.0
2021021505001247,PLI,54,7,10,870.0,8700.0
2021021505001246,PLI,54,28,10,870.0,8700.0
2021021505001245,PLI,54,46,10,870.0,8700.0
2021021505001244,PLI,54,39,10,870.0,8700.0
2021021505001243,PLI,54,52,30,870.0,26100.0
2021021505001254,PLI,54,1,10,870.0,8700.0
2021021505001253,PLI,54,26,10,870.0,8700.0
2021021505001252,PLI,54,39,10,870.0,8700.0
2021021505001251,PLI,54,57,10,870.0,8700.0
2021021505001250,PLI,54,49,10,870.0,8700.0
2021021505001249,PLI,54,45,10,870.0,8700.0
2021021505001265,PLI,45,45,10,865.0,8650.0
2021021505001264,PLI,45,42,10,865.0,8650.0
2021021505001261,PLI,45,39,10,865.0,8650.0
2021021505001259,PLI,45,16,10,865.0,8650.0
2021021505001256,PLI,45,38,20,865.0,17300.0
2021021505001255,PLI,45,21,10,865.0,8650.0
2021021505001275,PLI,45,7,10,865.0,8650.0
2021021505001273,PLI,45,48,10,865.0,8650.0
2021021505001270,PLI,13,52,10,868.0,8680.0
2021021505001268,PLI,45,48,10,865.0,8650.0
2021021505001267,PLI,45,21,10,865.0,8650.0
2021021505001266,PLI,45,42,10,865.0,8650.0
2021021505001285,PLI,34,7,10,865.0,8650.0
2021021505001282,PLI,34,21,10,865.0,8650.0
2021021505001281,PLI,34,21,10,865.0,8650.0
2021021505001280,PLI,34,8,10,865.0,8650.0
2021021505001279,PLI,45,41,10,865.0,8650.0
2021021505001278,PLI,45,34,10,865.0,8650.0
2021021505001297,PLI,49,37,10,868.0,8680.0
2021021505001296,PLI,49,45,10,868.0,8680.0
2021021505001295,PLI,49,7,10,867.0,8670.0
2021021505001292,PLI,45,58,10,865.0,8650.0
2021021505001291,PLI,45,4,10,865.0,8650.0
2021021505001290,PLI,57,14,10,864.0,8640.0
2021021505001305,PLI,45,53,10,865.0,8650.0
2021021505001303,PLI,45,6,10,865.0,8650.0
2021021505001302,PLI,45,39,10,865.0,8650.0
2021021505001301,PLI,45,57,10,865.0,8650.0
2021021505001300,PLI,46,21,30,868.0,26040.0
2021021505001298,PLI,49,21,70,868.0,60760.0
2021021505001318,PLI,45,59,10,865.0,8650.0
2021021505001317,PLI,45,48,10,865.0,8650.0
2021021505001316,PLI,45,59,10,865.0,8650.0
2021021505001314,PLI,45,39,10,865.0,8650.0
2021021505001312,PLI,45,45,10,865.0,8650.0
2021021505001308,PLI,45,16,10,865.0,8650.0
2021021505001337,PLI,42,6,10,865.0,8650.0
2021021505001334,PLI,51,7,10,865.0,8650.0
2021021505001332,PLI,51,34,10,865.0,8650.0
2021021505001326,PLI,45,46,10,865.0,8650.0
2021021505001324,PLI,45,14,10,865.0,8650.0
2021021505001321,PLI,45,51,10,865.0,8650.0
2021021505001346,PLI,33,16,10,866.0,8660.0
2021021505001345,PLI,33,45,10,866.0,8660.0
2021021505001344,PLI,33,34,10,866.0,8660.0
2021021505001343,PLI,33,7,10,866.0,8660.0
2021021505001342,PLI,33,34,10,866.0,8660.0
2021021505001338,PLI,40,7,10,865.0,8650.0
2021021505001356,PLI,47,45,30,865.0,25950.0
2021021505001355,PLI,49,45,200,865.0,173000.0
2021021505001354,PLI,40,45,70,865.0,60550.0
2021021505001353,PLI,22,45,25,866.0,21650.0
2021021505001351,PLI,40,7,10,865.0,8650.0
2021021505001347,PLI,40,28,10,865.0,8650.0
2021021505001362,PLI,22,16,10,865.0,8650.0
2021021505001361,PLI,22,7,10,865.0,8650.0
2021021505001360,PLI,45,41,10,868.0,8680.0
2021021505001359,PLI,22,34,10,865.0,8650.0
2021021505001358,PLI,22,45,65,865.0,56225.0
2021021505001357,PLI,57,45,100,865.0,86500.0
2021021505001376,PLI,1,40,10,866.0,8660.0
2021021505001375,PLI,45,43,20,868.0,17360.0
2021021505001374,PLI,45,45,10,868.0,8680.0
2021021505001370,PLI,45,46,10,867.0,8670.0
2021021505001364,PLI,1,47,10,866.0,8660.0
2021021505001363,PLI,1,5,10,866.0,8660.0
2021021505001391,PLI,41,7,10,868.0,8680.0
2021021505001390,PLI,41,25,10,868.0,8680.0
2021021505001389,PLI,41,43,20,868.0,17360.0
2021021505001388,PLI,41,7,10,867.0,8670.0
2021021505001386,PLI,56,57,10,866.0,8660.0
2021021505001382,PLI,56,45,10,866.0,8660.0
2021021505001400,PLI,38,56,10,867.0,8670.0
2021021505001399,PLI,38,14,10,867.0,8670.0
2021021505001398,PLI,38,14,10,867.0,8670.0
2021021505001396,PLI,4,34,50,868.0,43400.0
2021021505001393,PLI,41,42,140,869.0,121660.0
2021021505001392,PLI,41,26,10,868.0,8680.0
2021021505001414,PLI,20,34,10,868.0,8680.0
2021021505001410,PLI,38,49,10,867.0,8670.0
2021021505001409,PLI,38,3,10,867.0,8670.0
2021021505001405,PLI,14,34,10,868.0,8680.0
2021021505001403,PLI,38,57,10,867.0,8670.0
2021021505001401,PLI,38,38,10,867.0,8670.0
2021021505001427,PLI,51,40,10,867.0,8670.0
2021021505001426,PLI,20,34,10,868.0,8680.0
2021021505001424,PLI,20,34,10,868.0,8680.0
2021021505001423,PLI,51,41,10,867.0,8670.0
2021021505001421,PLI,43,34,10,868.0,8680.0
2021021505001419,PLI,51,40,10,867.0,8670.0
2021021505001435,PLI,1,54,10,868.0,8680.0
2021021505001434,PLI,1,7,10,868.0,8680.0
2021021505001433,PLI,1,55,10,868.0,8680.0
2021021505001432,PLI,1,34,10,868.0,8680.0
2021021505001431,PLI,51,21,10,867.0,8670.0
2021021505001430,PLI,51,28,10,867.0,8670.0
2021021505001444,PLI,36,42,90,869.0,78210.0
2021021505001443,PLI,48,7,10,868.0,8680.0
2021021505001441,PLI,14,42,100,869.0,86900.0
2021021505001439,PLI,48,28,10,868.0,8680.0
2021021505001438,PLI,48,58,10,868.0,8680.0
2021021505001437,PLI,1,39,10,868.0,8680.0
2021021505001450,PLI,51,42,265,869.0,230285.0
2021021505001449,PLI,6,42,90,869.0,78210.0
2021021505001448,PLI,6,49,10,868.0,8680.0
2021021505001447,PLI,48,34,10,868.0,8680.0
2021021505001446,PLI,48,41,10,868.0,8680.0
2021021505001445,PLI,25,42,70,869.0,60830.0
2021021505001457,PLI,13,42,40,866.0,34640.0
2021021505001456,PLI,56,42,200,866.0,173200.0
2021021505001455,PLI,59,42,10,867.0,8670.0
2021021505001454,PLI,59,55,10,867.0,8670.0
2021021505001453,PLI,1,42,20,869.0,17380.0
2021021505001452,PLI,1,44,10,868.0,8680.0
2021021505001463,PLI,48,42,50,865.0,43250.0
2021021505001462,PLI,13,42,50,865.0,43250.0
2021021505001461,PLI,43,42,40,865.0,34600.0
2021021505001460,PLI,51,42,100,865.0,86500.0
2021021505001459,PLI,47,42,50,866.0,43300.0
2021021505001458,PLI,49,42,30,866.0,25980.0
2021021505001470,PLI,43,42,50,865.0,43250.0
2021021505001469,PLI,57,55,10,864.0,8640.0
2021021505001467,PLI,58,42,200,865.0,173000.0
2021021505001466,PLI,58,42,10,865.0,8650.0
2021021505001465,PLI,26,42,50,865.0,43250.0
2021021505001464,PLI,43,42,50,865.0,43250.0
2021021505001479,PLI,57,17,10,864.0,8640.0
2021021505001477,PLI,57,57,10,864.0,8640.0
2021021505001476,PLI,58,51,10,865.0,8650.0
2021021505001475,PLI,58,45,10,865.0,8650.0
2021021505001474,PLI,58,7,10,865.0,8650.0
2021021505001473,PLI,58,42,70,865.0,60550.0
2021021505001487,PLI,25,42,95,864.0,82080.0
2021021505001486,PLI,1,42,40,864.0,34560.0
2021021505001485,PLI,33,42,50,864.0,43200.0
2021021505001484,PLI,51,42,90,864.0,77760.0
2021021505001483,PLI,51,56,10,864.0,8640.0
2021021505001480,PLI,57,45,10,864.0,8640.0
2021021505001493,PLI,34,34,10,863.0,8630.0
2021021505001492,PLI,22,49,55,865.0,47575.0
2021021505001491,PLI,22,45,10,865.0,8650.0
2021021505001490,PLI,22,40,10,864.0,8640.0
2021021505001489,PLI,22,42,25,864.0,21600.0
2021021505001488,PLI,58,42,200,864.0,172800.0
2021021505001506,PLI,34,28,10,863.0,8630.0
2021021505001504,PLI,34,55,10,863.0,8630.0
2021021505001503,PLI,34,35,10,863.0,8630.0
2021021505001502,PLI,45,52,10,864.0,8640.0
2021021505001498,PLI,45,7,10,864.0,8640.0
2021021505001496,PLI,34,57,10,863.0,8630.0
2021021505001517,PLI,17,7,10,864.0,8640.0
2021021505001516,PLI,17,47,10,864.0,8640.0
2021021505001515,PLI,17,47,10,864.0,8640.0
2021021505001514,PLI,34,52,10,863.0,8630.0
2021021505001510,PLI,34,35,10,863.0,8630.0
2021021505001507,PLI,34,50,10,863.0,8630.0
2021021505001524,PLI,11,16,10,864.0,8640.0
2021021505001523,PLI,11,7,10,864.0,8640.0
2021021505001522,PLI,34,35,10,863.0,8630.0
2021021505001521,PLI,34,39,10,863.0,8630.0
2021021505001519,PLI,17,47,10,864.0,8640.0
2021021505001518,PLI,17,17,10,864.0,8640.0
2021021505001532,PLI,57,36,10,864.0,8640.0
2021021505001530,PLI,45,51,20,863.0,17260.0
2021021505001529,PLI,34,51,30,863.0,25890.0
2021021505001528,PLI,11,51,50,864.0,43200.0
2021021505001526,PLI,11,49,10,864.0,8640.0
2021021505001525,PLI,11,7,10,864.0,8640.0
2021021505001544,PLI,45,41,10,863.0,8630.0
2021021505001540,PLI,45,5,10,863.0,8630.0
2021021505001539,PLI,11,55,50,864.0,43200.0
2021021505001536,PLI,45,28,10,863.0,8630.0
2021021505001535,PLI,57,55,10,864.0,8640.0
2021021505001533,PLI,57,35,10,864.0,8640.0
2021021505001554,PLI,45,38,10,863.0,8630.0
2021021505001553,PLI,32,55,40,864.0,34560.0
2021021505001552,PLI,45,1,10,863.0,8630.0
2021021505001547,PLI,11,55,20,864.0,17280.0
2021021505001546,PLI,45,17,10,863.0,8630.0
2021021505001545,PLI,45,44,10,863.0,8630.0
2021021505001565,PLI,58,55,60,864.0,51840.0
2021021505001564,PLI,45,57,10,863.0,8630.0
2021021505001562,PLI,42,11,10,863.0,8630.0
2021021505001560,PLI,42,33,40,863.0,34520.0
2021021505001559,PLI,43,33,50,863.0,43150.0
2021021505001558,PLI,45,33,110,863.0,94930.0
2021021505001579,PLI,49,57,10,863.0,8630.0
2021021505001578,PLI,49,21,10,863.0,8630.0
2021021505001577,PLI,49,21,10,863.0,8630.0
2021021505001573,PLI,22,35,10,862.0,8620.0
2021021505001571,PLI,45,57,10,863.0,8630.0
2021021505001567,PLI,57,55,100,864.0,86400.0
2021021505001595,PLI,49,49,10,863.0,8630.0
2021021505001593,PLI,49,36,10,863.0,8630.0
2021021505001592,PLI,49,21,10,863.0,8630.0
2021021505001591,PLI,49,49,10,863.0,8630.0
2021021505001584,PLI,49,57,10,863.0,8630.0
2021021505001582,PLI,49,11,10,863.0,8630.0
2021021505001604,PLI,49,36,10,863.0,8630.0
2021021505001603,PLI,49,17,10,863.0,8630.0
2021021505001602,PLI,49,49,10,863.0,8630.0
2021021505001600,PLI,49,58,10,863.0,8630.0
2021021505001597,PLI,49,8,10,863.0,8630.0
2021021505001596,PLI,49,49,10,863.0,8630.0
2021021505001615,PLI,58,21,10,862.0,8620.0
2021021505001611,PLI,49,42,10,863.0,8630.0
2021021505001610,PLI,49,8,10,863.0,8630.0
2021021505001609,PLI,49,57,10,863.0,8630.0
2021021505001608,PLI,49,36,10,863.0,8630.0
2021021505001606,PLI,49,57,10,863.0,8630.0
2021021505001622,PLI,43,42,50,862.0,43100.0
2021021505001621,PLI,58,42,100,862.0,86200.0
2021021505001620,PLI,43,42,50,862.0,43100.0
2021021505001619,PLI,42,42,50,862.0,43100.0
2021021505001618,PLI,51,42,25,862.0,21550.0
2021021505001617,PLI,58,42,10,862.0,8620.0
2021021505001628,PLI,34,42,30,861.0,25830.0
2021021505001627,PLI,19,42,100,861.0,86100.0
2021021505001626,PLI,46,42,100,861.0,86100.0
2021021505001625,PLI,16,42,100,861.0,86100.0
2021021505001624,PLI,49,42,87,862.0,74994.0
2021021505001623,PLI,26,42,70,862.0,60340.0
2021021505001639,PLI,45,42,58,861.0,49938.0
2021021505001638,PLI,13,21,10,860.0,8600.0
2021021505001637,PLI,26,42,20,861.0,17220.0
2021021505001632,PLI,13,26,10,860.0,8600.0
2021021505001631,PLI,13,39,10,860.0,8600.0
2021021505001629,PLI,13,26,10,860.0,8600.0
2021021505001647,PLI,21,8,10,862.0,8620.0
2021021505001646,PLI,21,38,10,862.0,8620.0
2021021505001645,PLI,45,58,10,862.0,8620.0
2021021505001644,PLI,45,43,10,862.0,8620.0
2021021505001643,PLI,45,26,10,862.0,8620.0
2021021505001640,PLI,45,11,10,862.0,8620.0
2021021505001653,PLI,21,55,30,864.0,25920.0
2021021505001652,PLI,21,41,10,863.0,8630.0
2021021505001651,PLI,21,21,10,863.0,8630.0
2021021505001650,PLI,21,49,10,863.0,8630.0
2021021505001649,PLI,21,8,10,863.0,8630.0
2021021505001648,PLI,21,44,10,863.0,8630.0
2021021505001666,PLI,35,20,10,861.0,8610.0
2021021505001665,PLI,35,32,10,861.0,8610.0
2021021505001660,PLI,45,55,10,864.0,8640.0
2021021505001659,PLI,45,1,10,863.0,8630.0
2021021505001658,PLI,45,33,10,862.0,8620.0
2021021505001655,PLI,46,36,10,862.0,8620.0
2021021505001674,PLI,6,45,10,863.0,8630.0
2021021505001672,PLI,49,34,10,861.0,8610.0
2021021505001671,PLI,49,57,90,861.0,77490.0
2021021505001670,PLI,35,57,10,861.0,8610.0
2021021505001668,PLI,35,43,10,861.0,8610.0
2021021505001667,PLI,35,21,10,861.0,8610.0
2021021505001680,PLI,4,42,10,864.0,8640.0
2021021505001679,PLI,4,42,10,864.0,8640.0
2021021505001678,PLI,4,16,10,864.0,8640.0
2021021505001677,PLI,4,7,10,864.0,8640.0
2021021505001676,PLI,4,55,180,864.0,155520.0
2021021505001675,PLI,4,56,10,863.0,8630.0
2021021505001686,PLI,4,59,10,865.0,8650.0
2021021505001685,PLI,4,45,10,865.0,8650.0
2021021505001684,PLI,4,29,10,865.0,8650.0
2021021505001683,PLI,4,7,10,865.0,8650.0
2021021505001682,PLI,4,32,10,865.0,8650.0
2021021505001681,PLI,4,49,35,865.0,30275.0
2021021505001697,PLI,42,49,20,865.0,17300.0
2021021505001692,PLI,34,26,10,864.0,8640.0
2021021505001691,PLI,51,49,10,865.0,8650.0
2021021505001690,PLI,56,57,10,862.0,8620.0
2021021505001689,PLI,56,35,10,862.0,8620.0
2021021505001687,PLI,4,49,185,865.0,160025.0
2021021505001712,PLI,38,58,10,863.0,8630.0
2021021505001705,PLI,41,49,200,865.0,173000.0
2021021505001702,PLI,34,25,10,864.0,8640.0
2021021505001701,PLI,34,42,10,864.0,8640.0
2021021505001700,PLI,34,3,10,864.0,8640.0
2021021505001699,PLI,34,26,10,864.0,8640.0
2021021505001720,PLI,6,58,10,865.0,8650.0
2021021505001719,PLI,56,32,10,862.0,8620.0
2021021505001716,PLI,51,49,5,865.0,4325.0
2021021505001715,PLI,38,49,80,865.0,69200.0
2021021505001714,PLI,38,49,10,864.0,8640.0
2021021505001713,PLI,38,6,10,864.0,8640.0
2021021505001726,PLI,25,32,10,865.0,8650.0
2021021505001725,PLI,25,45,10,865.0,8650.0
2021021505001724,PLI,25,45,10,865.0,8650.0
2021021505001723,PLI,25,25,10,865.0,8650.0
2021021505001722,PLI,49,28,10,861.0,8610.0
2021021505001721,PLI,6,58,10,865.0,8650.0
2021021505001733,PLI,49,18,10,861.0,8610.0
2021021505001732,PLI,49,55,10,861.0,8610.0
2021021505001731,PLI,49,18,10,861.0,8610.0
2021021505001729,PLI,6,56,10,865.0,8650.0
2021021505001728,PLI,6,52,10,862.0,8620.0
2021021505001727,PLI,25,49,10,865.0,8650.0
2021021505001223,NIFRA,59,7,60,411.0,24660.0
2021021505001215,NIFRA,59,39,50,411.0,20550.0
2021021505001213,NIFRA,59,39,60,411.0,24660.0
2021021505001212,NIFRA,59,39,60,411.0,24660.0
2021021505001210,NIFRA,59,41,50,411.0,20550.0
2021021505001209,NIFRA,59,39,60,411.0,24660.0
2021021505000749,NIFRA,39,47,60,411.0,24660.0
2021021505000748,NIFRA,39,34,50,411.0,20550.0
2021021505000743,NIFRA,39,47,50,411.0,20550.0
2021021505000742,NIFRA,49,33,1,411.0,411.0
2021021505000761,NIFRA,39,34,10,411.0,4110.0
2021021505000757,NIFRA,39,47,50,411.0,20550.0
2021021505000755,NIFRA,39,34,50,411.0,20550.0
2021021505000753,NIFRA,39,47,50,411.0,20550.0
2021021505000752,NIFRA,39,34,50,411.0,20550.0
2021021505000751,NIFRA,39,47,50,411.0,20550.0
2021021505000780,NIFRA,10,47,50,411.0,20550.0
2021021505000778,NIFRA,10,34,50,411.0,20550.0
2021021505000777,NIFRA,10,49,50,411.0,20550.0
2021021505000765,NIFRA,10,47,50,411.0,20550.0
2021021505000764,NIFRA,10,36,60,411.0,24660.0
2021021505000762,NIFRA,10,34,40,411.0,16440.0
2021021505000786,NIFRA,10,54,30,411.0,12330.0
2021021505000785,NIFRA,10,34,50,411.0,20550.0
2021021505000784,NIFRA,10,38,60,411.0,24660.0
2021021505000783,NIFRA,10,33,50,411.0,20550.0
2021021505000782,NIFRA,10,36,50,411.0,20550.0
2021021505000781,NIFRA,10,54,30,411.0,12330.0
2021021505000793,NIFRA,10,34,50,411.0,20550.0
2021021505000792,NIFRA,10,3,50,411.0,20550.0
2021021505000790,NIFRA,10,54,30,411.0,12330.0
2021021505000789,NIFRA,10,42,50,411.0,20550.0
2021021505000788,NIFRA,10,3,60,411.0,24660.0
2021021505000787,NIFRA,10,36,50,411.0,20550.0
2021021505000800,NIFRA,10,3,50,411.0,20550.0
2021021505000798,NIFRA,10,14,50,411.0,20550.0
2021021505000797,NIFRA,10,3,50,411.0,20550.0
2021021505000796,NIFRA,10,54,30,411.0,12330.0
2021021505000795,NIFRA,10,36,60,411.0,24660.0
2021021505000794,NIFRA,10,10,50,411.0,20550.0
2021021505000808,NIFRA,10,10,50,411.0,20550.0
2021021505000807,NIFRA,10,34,50,411.0,20550.0
2021021505000806,NIFRA,10,36,60,411.0,24660.0
2021021505000803,NIFRA,10,51,50,411.0,20550.0
2021021505000802,NIFRA,10,36,60,411.0,24660.0
2021021505000801,NIFRA,10,14,50,411.0,20550.0
2021021505000818,NIFRA,10,38,50,411.0,20550.0
2021021505000817,NIFRA,10,58,50,411.0,20550.0
2021021505000816,NIFRA,10,38,50,411.0,20550.0
2021021505000814,NIFRA,10,58,50,411.0,20550.0
2021021505000813,NIFRA,10,44,10,411.0,4110.0
2021021505000809,NIFRA,10,45,10,411.0,4110.0
2021021505000825,NIFRA,10,51,50,411.0,20550.0
2021021505000824,NIFRA,10,3,50,411.0,20550.0
2021021505000823,NIFRA,10,21,50,411.0,20550.0
2021021505000822,NIFRA,10,58,60,411.0,24660.0
2021021505000820,NIFRA,10,58,50,411.0,20550.0
2021021505000819,NIFRA,10,34,50,411.0,20550.0
2021021505000832,NIFRA,10,8,50,411.0,20550.0
2021021505000831,NIFRA,10,34,50,411.0,20550.0
2021021505000830,NIFRA,10,58,50,411.0,20550.0
2021021505000828,NIFRA,10,3,50,411.0,20550.0
2021021505000827,NIFRA,10,38,50,411.0,20550.0
2021021505000826,NIFRA,10,38,50,411.0,20550.0
2021021505000842,NIFRA,10,58,50,411.0,20550.0
2021021505000841,NIFRA,10,58,50,411.0,20550.0
2021021505000840,NIFRA,10,34,50,411.0,20550.0
2021021505000839,NIFRA,10,58,50,411.0,20550.0
2021021505000836,NIFRA,10,38,60,411.0,24660.0
2021021505000833,NIFRA,10,38,50,411.0,20550.0
2021021505000854,NIFRA,10,34,50,411.0,20550.0
2021021505000853,NIFRA,10,46,50,411.0,20550.0
2021021505000850,NIFRA,10,34,50,411.0,20550.0
2021021505000848,NIFRA,10,58,50,411.0,20550.0
2021021505000845,NIFRA,10,58,50,411.0,20550.0
2021021505000844,NIFRA,10,58,50,411.0,20550.0
2021021505000868,NIFRA,10,58,60,411.0,24660.0
2021021505000865,NIFRA,10,51,60,411.0,24660.0
2021021505000864,NIFRA,49,34,1,411.0,411.0
2021021505000861,NIFRA,10,58,50,411.0,20550.0
2021021505000860,NIFRA,10,42,60,411.0,24660.0
2021021505000858,NIFRA,10,58,60,411.0,24660.0
2021021505000879,NIFRA,10,58,60,411.0,24660.0
2021021505000878,NIFRA,10,39,60,411.0,24660.0
2021021505000877,NIFRA,10,36,60,411.0,24660.0
2021021505000876,NIFRA,10,57,50,411.0,20550.0
2021021505000875,NIFRA,10,39,50,411.0,20550.0
2021021505000873,NIFRA,32,58,2,411.0,822.0
2021021505000891,NIFRA,10,29,50,411.0,20550.0
2021021505000889,NIFRA,10,58,50,411.0,20550.0
2021021505000886,NIFRA,10,58,60,411.0,24660.0
2021021505000885,NIFRA,10,58,50,411.0,20550.0
2021021505000881,NIFRA,10,39,60,411.0,24660.0
2021021505000880,NIFRA,10,57,50,411.0,20550.0
2021021505000906,NIFRA,10,58,50,411.0,20550.0
2021021505000904,NIFRA,10,4,30,411.0,12330.0
2021021505000903,NIFRA,10,19,50,411.0,20550.0
2021021505000894,NIFRA,10,58,10,411.0,4110.0
2021021505000893,NIFRA,10,29,50,411.0,20550.0
2021021505000892,NIFRA,10,58,25,411.0,10275.0
2021021505000920,NIFRA,10,13,50,411.0,20550.0
2021021505000918,NIFRA,10,13,50,411.0,20550.0
2021021505000916,NIFRA,10,57,50,411.0,20550.0
2021021505000914,NIFRA,10,58,50,411.0,20550.0
2021021505000913,NIFRA,10,57,50,411.0,20550.0
2021021505000911,NIFRA,10,58,40,411.0,16440.0
2021021505000928,NIFRA,10,58,50,411.0,20550.0
2021021505000926,NIFRA,10,58,50,411.0,20550.0
2021021505000925,NIFRA,10,51,50,411.0,20550.0
2021021505000924,NIFRA,10,57,50,411.0,20550.0
2021021505000923,NIFRA,10,21,60,411.0,24660.0
2021021505000921,NIFRA,10,58,50,411.0,20550.0
2021021505000938,NIFRA,10,57,50,411.0,20550.0
2021021505000936,NIFRA,10,34,40,411.0,16440.0
2021021505000935,NIFRA,10,6,10,411.0,4110.0
2021021505000933,NIFRA,10,58,60,411.0,24660.0
2021021505000932,NIFRA,10,41,60,411.0,24660.0
2021021505000931,NIFRA,10,34,60,411.0,24660.0
2021021505000959,NIFRA,10,58,25,411.0,10275.0
2021021505000958,NIFRA,10,21,50,411.0,20550.0
2021021505000957,NIFRA,10,1,20,411.0,8220.0
2021021505000953,NIFRA,10,58,50,411.0,20550.0
2021021505000943,NIFRA,10,49,50,411.0,20550.0
2021021505000942,NIFRA,10,6,60,411.0,24660.0
2021021505000969,NIFRA,10,49,60,411.0,24660.0
2021021505000967,NIFRA,10,58,60,411.0,24660.0
2021021505000966,NIFRA,10,34,50,411.0,20550.0
2021021505000965,NIFRA,10,22,60,411.0,24660.0
2021021505000963,NIFRA,10,34,60,411.0,24660.0
2021021505000961,NIFRA,10,58,60,411.0,24660.0
2021021505000980,NIFRA,59,57,50,411.0,20550.0
2021021505000979,NIFRA,59,34,50,411.0,20550.0
2021021505000978,NIFRA,59,49,60,411.0,24660.0
2021021505000976,NIFRA,59,58,40,411.0,16440.0
2021021505000973,NIFRA,59,34,40,411.0,16440.0
2021021505000972,NIFRA,59,49,60,411.0,24660.0
2021021505000994,NIFRA,59,56,50,411.0,20550.0
2021021505000990,NIFRA,59,57,60,411.0,24660.0
2021021505000989,NIFRA,59,34,50,411.0,20550.0
2021021505000984,NIFRA,59,58,50,411.0,20550.0
2021021505000983,NIFRA,59,57,60,411.0,24660.0
2021021505000982,NIFRA,59,58,60,411.0,24660.0
2021021505001016,NIFRA,59,38,50,411.0,20550.0
2021021505001012,NIFRA,59,38,60,411.0,24660.0
2021021505001008,NIFRA,59,14,50,411.0,20550.0
2021021505001007,NIFRA,59,21,50,411.0,20550.0
2021021505001003,NIFRA,59,19,10,411.0,4110.0
2021021505000998,NIFRA,59,56,10,411.0,4110.0
2021021505001037,NIFRA,59,21,50,411.0,20550.0
2021021505001036,NIFRA,59,29,50,411.0,20550.0
2021021505001035,NIFRA,59,29,60,411.0,24660.0
2021021505001033,NIFRA,59,29,50,411.0,20550.0
2021021505001026,NIFRA,59,28,60,411.0,24660.0
2021021505001021,NIFRA,59,58,50,411.0,20550.0
2021021505001047,NIFRA,59,58,50,411.0,20550.0
2021021505001044,NIFRA,59,21,50,411.0,20550.0
2021021505001043,NIFRA,59,35,50,411.0,20550.0
2021021505001041,NIFRA,26,28,3,411.0,1233.0
2021021505001040,NIFRA,59,25,60,411.0,24660.0
2021021505001038,NIFRA,59,29,50,411.0,20550.0
2021021505001059,NIFRA,59,29,50,411.0,20550.0
2021021505001058,NIFRA,59,29,60,411.0,24660.0
2021021505001057,NIFRA,59,21,50,411.0,20550.0
2021021505001056,NIFRA,59,29,60,411.0,24660.0
2021021505001054,NIFRA,59,29,50,411.0,20550.0
2021021505001049,NIFRA,59,21,50,411.0,20550.0
2021021505001069,NIFRA,59,29,50,411.0,20550.0
2021021505001065,NIFRA,59,29,60,411.0,24660.0
2021021505001064,NIFRA,59,29,60,411.0,24660.0
2021021505001062,NIFRA,59,29,60,411.0,24660.0
2021021505001061,NIFRA,59,21,50,411.0,20550.0
2021021505001060,NIFRA,59,29,50,411.0,20550.0
2021021505001081,NIFRA,59,14,50,411.0,20550.0
2021021505001080,NIFRA,59,41,20,411.0,8220.0
2021021505001078,NIFRA,59,29,50,411.0,20550.0
2021021505001075,NIFRA,59,7,50,411.0,20550.0
2021021505001074,NIFRA,59,29,50,411.0,20550.0
2021021505001073,NIFRA,59,29,50,411.0,20550.0
2021021505001093,NIFRA,59,50,20,411.0,8220.0
2021021505001091,NIFRA,59,7,50,411.0,20550.0
2021021505001090,NIFRA,59,21,60,411.0,24660.0
2021021505001087,NIFRA,59,7,60,411.0,24660.0
2021021505001084,NIFRA,59,7,50,411.0,20550.0
2021021505001082,NIFRA,59,58,50,411.0,20550.0
2021021505001108,NIFRA,59,46,50,411.0,20550.0
2021021505001102,NIFRA,59,7,60,411.0,24660.0
2021021505001098,NIFRA,59,29,60,411.0,24660.0
2021021505001096,NIFRA,59,7,60,411.0,24660.0
2021021505001095,NIFRA,59,29,60,411.0,24660.0
2021021505001094,NIFRA,59,29,50,411.0,20550.0
2021021505001126,NIFRA,59,29,50,411.0,20550.0
2021021505001119,NIFRA,59,41,60,411.0,24660.0
2021021505001118,NIFRA,59,58,50,411.0,20550.0
2021021505001117,NIFRA,59,29,50,411.0,20550.0
2021021505001115,NIFRA,59,29,50,411.0,20550.0
2021021505001110,NIFRA,59,7,60,411.0,24660.0
2021021505001141,NIFRA,59,58,50,411.0,20550.0
2021021505001137,NIFRA,59,58,10,411.0,4110.0
2021021505001134,NIFRA,59,42,50,411.0,20550.0
2021021505001133,NIFRA,59,58,50,411.0,20550.0
2021021505001131,NIFRA,59,7,60,411.0,24660.0
2021021505001128,NIFRA,59,29,60,411.0,24660.0
2021021505001171,NIFRA,59,39,20,411.0,8220.0
2021021505001170,NIFRA,59,58,50,411.0,20550.0
2021021505001155,NIFRA,59,46,50,411.0,20550.0
2021021505001151,NIFRA,59,7,60,411.0,24660.0
2021021505001149,NIFRA,59,21,41,411.0,16851.0
2021021505001143,NIFRA,59,17,60,411.0,24660.0
2021021505001191,NIFRA,59,41,50,411.0,20550.0
2021021505001185,NIFRA,59,58,60,411.0,24660.0
2021021505001184,NIFRA,59,41,60,411.0,24660.0
2021021505001183,NIFRA,59,7,60,411.0,24660.0
2021021505001182,NIFRA,59,58,60,411.0,24660.0
2021021505001176,NIFRA,59,7,50,411.0,20550.0
2021021505001204,NIFRA,59,21,50,411.0,20550.0
2021021505001202,NIFRA,59,41,20,411.0,8220.0
2021021505001201,NIFRA,59,46,50,411.0,20550.0
2021021505001199,NIFRA,59,48,10,411.0,4110.0
2021021505001197,NIFRA,59,17,50,411.0,20550.0
2021021505001196,NIFRA,59,39,50,411.0,20550.0
2021021505001241,PLI,54,58,10,870.0,8700.0
2021021505001240,PLI,54,25,10,870.0,8700.0
2021021505001239,PLI,54,41,10,870.0,8700.0
2021021505001238,PLI,54,3,10,870.0,8700.0
2021021505001237,PLI,54,42,10,870.0,8700.0
2021021505001236,PLI,54,59,10,870.0,8700.0
2021021505000747,PLI,28,7,10,870.0,8700.0
2021021505000746,PLI,45,33,30,871.0,26130.0
2021021505000745,PLI,28,52,10,870.0,8700.0
2021021505000744,PLI,26,33,100,871.0,87100.0
2021021505000760,PLI,28,11,10,870.0,8700.0
2021021505000759,PLI,28,11,10,870.0,8700.0
2021021505000758,PLI,28,36,10,870.0,8700.0
2021021505000756,PLI,28,21,10,870.0,8700.0
2021021505000754,PLI,28,54,10,870.0,8700.0
2021021505000750,PLI,28,52,10,870.0,8700.0
2021021505000770,PLI,14,52,10,870.0,8700.0
2021021505000769,PLI,55,52,20,870.0,17400.0
2021021505000768,PLI,14,52,20,870.0,17400.0
2021021505000767,PLI,52,52,10,870.0,8700.0
2021021505000766,PLI,28,52,10,870.0,8700.0
2021021505000763,PLI,28,8,10,870.0,8700.0
2021021505000776,PLI,25,52,115,870.0,100050.0
2021021505000775,PLI,14,52,100,870.0,87000.0
2021021505000774,PLI,11,52,30,870.0,26100.0
2021021505000773,PLI,11,52,50,870.0,43500.0
2021021505000772,PLI,32,52,25,870.0,21750.0
2021021505000771,PLI,38,52,10,870.0,8700.0
2021021505000810,PLI,25,49,10,870.0,8700.0
2021021505000805,PLI,39,33,100,871.0,87100.0
2021021505000804,PLI,25,51,10,870.0,8700.0
2021021505000799,PLI,55,33,10,871.0,8710.0
2021021505000791,PLI,25,45,10,870.0,8700.0
2021021505000779,PLI,25,7,10,870.0,8700.0
2021021505000834,PLI,4,33,68,871.0,59228.0
2021021505000829,PLI,25,52,30,870.0,26100.0
2021021505000821,PLI,25,43,10,870.0,8700.0
2021021505000815,PLI,58,33,20,871.0,17420.0
2021021505000812,PLI,11,33,50,871.0,43550.0
2021021505000811,PLI,25,34,10,870.0,8700.0
2021021505000847,PLI,25,58,10,870.0,8700.0
2021021505000846,PLI,25,45,10,870.0,8700.0
2021021505000843,PLI,25,7,10,870.0,8700.0
2021021505000838,PLI,25,13,10,870.0,8700.0
2021021505000837,PLI,25,55,40,870.0,34800.0
2021021505000835,PLI,25,7,100,870.0,87000.0
2021021505000857,PLI,5,3,10,870.0,8700.0
2021021505000856,PLI,25,35,5,870.0,4350.0
2021021505000855,PLI,25,8,10,870.0,8700.0
2021021505000852,PLI,21,33,20,871.0,17420.0
2021021505000851,PLI,58,33,20,871.0,17420.0
2021021505000849,PLI,25,53,10,870.0,8700.0
2021021505000869,PLI,42,7,20,870.0,17400.0
2021021505000867,PLI,42,51,10,870.0,8700.0
2021021505000866,PLI,45,26,10,870.0,8700.0
2021021505000863,PLI,45,26,10,870.0,8700.0
2021021505000862,PLI,59,26,10,870.0,8700.0
2021021505000859,PLI,59,51,10,870.0,8700.0
2021021505000883,PLI,59,7,50,870.0,43500.0
2021021505000882,PLI,39,50,10,866.0,8660.0
2021021505000874,PLI,39,7,100,870.0,87000.0
2021021505000872,PLI,40,7,20,870.0,17400.0
2021021505000871,PLI,35,7,10,870.0,8700.0
2021021505000870,PLI,1,7,150,870.0,130500.0
2021021505000896,PLI,39,45,10,866.0,8660.0
2021021505000895,PLI,39,19,10,866.0,8660.0
2021021505000890,PLI,39,38,10,866.0,8660.0
2021021505000888,PLI,39,41,10,866.0,8660.0
2021021505000887,PLI,39,21,10,866.0,8660.0
2021021505000884,PLI,39,50,10,866.0,8660.0
2021021505000902,PLI,8,58,10,870.0,8700.0
2021021505000901,PLI,8,19,10,870.0,8700.0
2021021505000900,PLI,8,36,10,870.0,8700.0
2021021505000899,PLI,8,26,10,870.0,8700.0
2021021505000898,PLI,8,42,10,870.0,8700.0
2021021505000897,PLI,8,7,150,870.0,130500.0
2021021505000912,PLI,58,47,10,867.0,8670.0
2021021505000910,PLI,58,57,10,867.0,8670.0
2021021505000909,PLI,58,38,10,867.0,8670.0
2021021505000908,PLI,58,8,10,867.0,8670.0
2021021505000907,PLI,58,34,10,867.0,8670.0
2021021505000905,PLI,39,34,10,866.0,8660.0
2021021505000929,PLI,39,56,10,866.0,8660.0
2021021505000927,PLI,58,52,10,867.0,8670.0
2021021505000922,PLI,58,7,10,867.0,8670.0
2021021505000919,PLI,58,40,10,867.0,8670.0
2021021505000917,PLI,58,47,10,867.0,8670.0
2021021505000915,PLI,58,38,10,867.0,8670.0
2021021505000941,PLI,50,57,10,867.0,8670.0
2021021505000940,PLI,50,57,10,867.0,8670.0
2021021505000939,PLI,50,21,10,866.0,8660.0
2021021505000937,PLI,32,6,10,866.0,8660.0
2021021505000934,PLI,32,38,10,866.0,8660.0
2021021505000930,PLI,39,56,10,866.0,8660.0
2021021505000949,PLI,42,45,10,870.0,8700.0
2021021505000948,PLI,42,57,10,870.0,8700.0
2021021505000947,PLI,42,58,10,870.0,8700.0
2021021505000946,PLI,42,58,10,869.0,8690.0
2021021505000945,PLI,42,57,10,867.0,8670.0
2021021505000944,PLI,42,57,10,866.0,8660.0
2021021505000956,PLI,39,54,10,865.0,8650.0
2021021505000955,PLI,39,44,10,865.0,8650.0
2021021505000954,PLI,39,39,10,865.0,8650.0
2021021505000952,PLI,42,19,20,870.0,17400.0
2021021505000951,PLI,42,22,50,870.0,43500.0
2021021505000950,PLI,42,41,10,870.0,8700.0
2021021505000971,PLI,39,39,10,865.0,8650.0
2021021505000970,PLI,39,57,10,865.0,8650.0
2021021505000968,PLI,39,41,10,865.0,8650.0
2021021505000964,PLI,39,57,10,865.0,8650.0
2021021505000962,PLI,39,57,10,865.0,8650.0
2021021505000960,PLI,39,52,10,865.0,8650.0
2021021505000986,PLI,51,50,10,868.0,8680.0
2021021505000985,PLI,51,52,10,868.0,8680.0
2021021505000981,PLI,39,58,15,865.0,12975.0
2021021505000977,PLI,39,57,10,865.0,8650.0
2021021505000975,PLI,39,39,10,865.0,8650.0
2021021505000974,PLI,39,11,10,865.0,8650.0
2021021505000995,PLI,58,57,10,866.0,8660.0
2021021505000993,PLI,51,57,120,869.0,104280.0
2021021505000992,PLI,51,49,40,869.0,34760.0
2021021505000991,PLI,21,19,30,870.0,26100.0
2021021505000988,PLI,51,25,10,868.0,8680.0
2021021505000987,PLI,51,10,10,868.0,8680.0
2021021505001002,PLI,58,17,10,866.0,8660.0
2021021505001001,PLI,19,19,30,870.0,26100.0
2021021505001000,PLI,58,41,10,866.0,8660.0
2021021505000999,PLI,58,57,10,866.0,8660.0
2021021505000997,PLI,58,11,10,866.0,8660.0
2021021505000996,PLI,39,57,30,867.0,26010.0
2021021505001011,PLI,58,59,10,866.0,8660.0
2021021505001010,PLI,58,50,10,866.0,8660.0
2021021505001009,PLI,58,59,10,866.0,8660.0
2021021505001006,PLI,58,41,10,866.0,8660.0
2021021505001005,PLI,34,19,50,870.0,43500.0
2021021505001004,PLI,22,19,10,870.0,8700.0
2021021505001019,PLI,58,26,10,866.0,8660.0
2021021505001018,PLI,58,26,10,866.0,8660.0
2021021505001017,PLI,58,11,10,866.0,8660.0
2021021505001015,PLI,58,35,10,866.0,8660.0
2021021505001014,PLI,58,26,10,866.0,8660.0
2021021505001013,PLI,58,55,10,866.0,8660.0
2021021505001027,PLI,57,50,10,869.0,8690.0
2021021505001025,PLI,21,42,10,868.0,8680.0
2021021505001024,PLI,26,26,10,869.0,8690.0
2021021505001023,PLI,26,26,10,869.0,8690.0
2021021505001022,PLI,26,42,10,869.0,8690.0
2021021505001020,PLI,58,57,10,867.0,8670.0
2021021505001034,PLI,21,59,10,868.0,8680.0
2021021505001032,PLI,39,7,20,870.0,17400.0
2021021505001031,PLI,39,7,100,870.0,87000.0
2021021505001030,PLI,21,7,120,870.0,104400.0
2021021505001029,PLI,21,36,10,870.0,8700.0
2021021505001028,PLI,21,19,70,870.0,60900.0
2021021505001050,PLI,58,50,10,867.0,8670.0
2021021505001048,PLI,58,20,10,867.0,8670.0
2021021505001046,PLI,58,20,10,867.0,8670.0
2021021505001045,PLI,39,16,10,868.0,8680.0
2021021505001042,PLI,21,20,10,868.0,8680.0
2021021505001039,PLI,21,50,10,868.0,8680.0
2021021505001066,PLI,22,57,10,869.0,8690.0
2021021505001063,PLI,57,17,10,868.0,8680.0
2021021505001055,PLI,57,20,10,868.0,8680.0
2021021505001053,PLI,57,57,10,868.0,8680.0
2021021505001052,PLI,58,22,40,867.0,34680.0
2021021505001051,PLI,58,20,10,867.0,8670.0
2021021505001076,PLI,58,46,10,867.0,8670.0
2021021505001072,PLI,58,16,40,867.0,34680.0
2021021505001071,PLI,57,16,60,868.0,52080.0
2021021505001070,PLI,57,52,10,868.0,8680.0
2021021505001068,PLI,22,7,65,870.0,56550.0
2021021505001067,PLI,22,58,10,869.0,8690.0
2021021505001088,PLI,58,29,10,867.0,8670.0
2021021505001086,PLI,58,16,10,867.0,8670.0
2021021505001085,PLI,58,7,10,867.0,8670.0
2021021505001083,PLI,58,57,10,867.0,8670.0
2021021505001079,PLI,58,57,10,867.0,8670.0
2021021505001077,PLI,58,14,10,867.0,8670.0
2021021505001101,PLI,58,17,10,866.0,8660.0
2021021505001100,PLI,58,58,10,866.0,8660.0
2021021505001099,PLI,58,57,10,866.0,8660.0
2021021505001097,PLI,58,21,10,866.0,8660.0
2021021505001092,PLI,45,59,40,867.0,34680.0
2021021505001089,PLI,45,42,10,867.0,8670.0
2021021505001109,PLI,58,17,10,866.0,8660.0
2021021505001107,PLI,58,42,10,866.0,8660.0
2021021505001106,PLI,58,57,10,866.0,8660.0
2021021505001105,PLI,58,17,10,866.0,8660.0
2021021505001104,PLI,58,44,10,866.0,8660.0
2021021505001103,PLI,58,56,10,866.0,8660.0
2021021505001120,PLI,58,52,10,866.0,8660.0
2021021505001116,PLI,58,26,10,866.0,8660.0
2021021505001114,PLI,58,17,10,866.0,8660.0
2021021505001113,PLI,58,45,10,866.0,8660.0
2021021505001112,PLI,49,59,60,867.0,52020.0
2021021505001111,PLI,58,58,10,866.0,8660.0
2021021505001127,PLI,58,17,10,866.0,8660.0
2021021505001125,PLI,58,17,10,866.0,8660.0
2021021505001124,PLI,17,7,10,870.0,8700.0
2021021505001123,PLI,17,21,10,867.0,8670.0
2021021505001122,PLI,17,53,10,867.0,8670.0
2021021505001121,PLI,17,59,10,867.0,8670.0
2021021505001138,PLI,58,59,10,866.0,8660.0
2021021505001136,PLI,58,58,10,866.0,8660.0
2021021505001135,PLI,58,17,10,866.0,8660.0
2021021505001132,PLI,58,17,10,866.0,8660.0
2021021505001130,PLI,58,17,10,866.0,8660.0
2021021505001129,PLI,58,7,10,866.0,8660.0
2021021505001146,PLI,44,46,10,866.0,8660.0
2021021505001145,PLI,44,21,10,866.0,8660.0
2021021505001144,PLI,58,21,90,866.0,77940.0
2021021505001142,PLI,58,17,10,866.0,8660.0
2021021505001140,PLI,58,17,10,866.0,8660.0
2021021505001139,PLI,58,17,10,866.0,8660.0
2021021505001154,PLI,19,41,10,866.0,8660.0
2021021505001153,PLI,19,44,10,866.0,8660.0
2021021505001152,PLI,19,49,10,866.0,8660.0
2021021505001150,PLI,44,58,10,866.0,8660.0
2021021505001148,PLI,44,17,10,866.0,8660.0
2021021505001147,PLI,44,17,10,866.0,8660.0
2021021505001161,PLI,37,49,50,865.0,43250.0
2021021505001160,PLI,57,49,50,865.0,43250.0
2021021505001159,PLI,39,49,65,865.0,56225.0
2021021505001158,PLI,42,49,100,866.0,86600.0
2021021505001157,PLI,29,49,20,866.0,17320.0
2021021505001156,PLI,19,49,70,866.0,60620.0
2021021505001167,PLI,50,49,50,865.0,43250.0
2021021505001166,PLI,43,49,50,865.0,43250.0
2021021505001165,PLI,43,49,100,865.0,86500.0
2021021505001164,PLI,43,49,110,865.0,95150.0
2021021505001163,PLI,58,49,10,865.0,8650.0
2021021505001162,PLI,42,49,20,865.0,17300.0
2021021505001175,PLI,57,1,10,864.0,8640.0
2021021505001174,PLI,57,26,10,864.0,8640.0
2021021505001173,PLI,57,17,10,864.0,8640.0
2021021505001172,PLI,58,49,30,865.0,25950.0
2021021505001169,PLI,58,49,15,865.0,12975.0
2021021505001168,PLI,14,49,50,865.0,43250.0
2021021505001186,PLI,57,58,10,864.0,8640.0
2021021505001181,PLI,57,3,10,864.0,8640.0
2021021505001180,PLI,57,58,10,864.0,8640.0
2021021505001179,PLI,57,26,10,864.0,8640.0
2021021505001178,PLI,57,35,10,864.0,8640.0
2021021505001177,PLI,57,58,10,864.0,8640.0
2021021505001193,PLI,21,29,10,864.0,8640.0
2021021505001192,PLI,21,48,10,864.0,8640.0
2021021505001190,PLI,21,7,10,864.0,8640.0
2021021505001189,PLI,57,7,10,864.0,8640.0
2021021505001188,PLI,58,49,5,865.0,4325.0
2021021505001187,PLI,45,49,200,865.0,173000.0
2021021505001205,PLI,34,45,10,863.0,8630.0
2021021505001203,PLI,34,35,10,863.0,8630.0
2021021505001200,PLI,34,3,10,863.0,8630.0
2021021505001198,PLI,34,45,10,863.0,8630.0
2021021505001195,PLI,21,25,10,864.0,8640.0
2021021505001194,PLI,21,36,10,864.0,8640.0
2021021505001216,PLI,45,21,10,864.0,8640.0
2021021505001214,PLI,54,58,10,864.0,8640.0
2021021505001211,PLI,49,7,10,864.0,8640.0
2021021505001208,PLI,34,41,10,863.0,8630.0
2021021505001207,PLI,34,16,10,863.0,8630.0
2021021505001206,PLI,34,48,10,863.0,8630.0
2021021505001222,PLI,45,45,10,865.0,8650.0
2021021505001221,PLI,45,51,10,865.0,8650.0
2021021505001220,PLI,45,7,10,865.0,8650.0
2021021505001219,PLI,45,14,10,865.0,8650.0
2021021505001218,PLI,45,36,10,865.0,8650.0
2021021505001217,PLI,45,34,10,865.0,8650.0
2021021505001229,PLI,54,7,173,870.0,150510.0
2021021505001228,PLI,54,14,10,867.0,8670.0
2021021505001227,PLI,54,7,10,867.0,8670.0
2021021505001226,PLI,54,17,10,867.0,8670.0
2021021505001225,PLI,54,34,10,867.0,8670.0
2021021505001224,PLI,54,58,10,866.0,8660.0
2021021505001235,PLI,54,45,10,870.0,8700.0
2021021505001234,PLI,54,58,10,870.0,8700.0
2021021505001233,PLI,54,39,10,870.0,8700.0
2021021505001232,PLI,54,45,10,870.0,8700.0
2021021505001231,PLI,54,34,10,870.0,8700.0
2021021505001230,PLI,54,22,10,870.0,8700.0
2021021505000741,NIFRA,39,52,40,411.0,16440.0
2021021505000740,NIFRA,39,14,50,411.0,20550.0
2021021505000739,NIFRA,39,38,60,411.0,24660.0
2021021505000738,NIFRA,39,47,50,411.0,20550.0
2021021505000737,NIFRA,39,39,60,411.0,24660.0
2021021505000736,NIFRA,39,33,60,411.0,24660.0
2021021505000246,NIFRA,17,34,50,411.0,20550.0
2021021505000245,NIFRA,17,56,50,411.0,20550.0
2021021505000244,NIFRA,17,3,50,411.0,20550.0
2021021505000243,NIFRA,17,34,60,411.0,24660.0
2021021505000242,NIFRA,17,45,50,411.0,20550.0
2021021505000252,NIFRA,17,34,50,411.0,20550.0
2021021505000251,NIFRA,17,53,50,411.0,20550.0
2021021505000250,NIFRA,17,19,50,411.0,20550.0
2021021505000249,NIFRA,17,42,50,411.0,20550.0
2021021505000248,NIFRA,17,45,50,411.0,20550.0
2021021505000247,NIFRA,17,47,60,411.0,24660.0
2021021505000272,NIFRA,57,32,60,411.0,24660.0
2021021505000263,NIFRA,57,8,50,411.0,20550.0
2021021505000256,NIFRA,57,3,60,411.0,24660.0
2021021505000255,NIFRA,57,6,45,411.0,18495.0
2021021505000254,NIFRA,17,6,15,411.0,6165.0
2021021505000253,NIFRA,17,22,30,411.0,12330.0
2021021505000278,NIFRA,17,19,50,411.0,20550.0
2021021505000277,NIFRA,17,34,24,411.0,9864.0
2021021505000276,NIFRA,57,34,36,411.0,14796.0
2021021505000275,NIFRA,57,4,50,411.0,20550.0
2021021505000274,NIFRA,57,35,50,411.0,20550.0
2021021505000273,NIFRA,57,3,60,411.0,24660.0
2021021505000286,NIFRA,17,34,50,411.0,20550.0
2021021505000283,NIFRA,17,47,60,411.0,24660.0
2021021505000282,NIFRA,17,38,50,411.0,20550.0
2021021505000281,NIFRA,17,4,60,411.0,24660.0
2021021505000280,NIFRA,17,34,60,411.0,24660.0
2021021505000279,NIFRA,17,3,50,411.0,20550.0
2021021505000292,NIFRA,1,17,20,411.0,8220.0
2021021505000291,NIFRA,1,47,60,411.0,24660.0
2021021505000290,NIFRA,1,34,14,411.0,5754.0
2021021505000289,NIFRA,17,34,36,411.0,14796.0
2021021505000288,NIFRA,17,6,50,411.0,20550.0
2021021505000287,NIFRA,17,45,10,411.0,4110.0
2021021505000300,NIFRA,58,16,60,411.0,24660.0
2021021505000298,NIFRA,58,34,50,411.0,20550.0
2021021505000297,NIFRA,58,38,10,411.0,4110.0
2021021505000296,NIFRA,1,6,50,411.0,20550.0
2021021505000295,NIFRA,1,47,50,411.0,20550.0
2021021505000293,NIFRA,1,33,50,411.0,20550.0
2021021505000307,NIFRA,58,47,60,411.0,24660.0
2021021505000306,NIFRA,58,46,60,411.0,24660.0
2021021505000305,NIFRA,58,56,50,411.0,20550.0
2021021505000303,NIFRA,58,42,10,411.0,4110.0
2021021505000302,NIFRA,58,6,60,411.0,24660.0
2021021505000301,NIFRA,58,29,50,411.0,20550.0
2021021505000324,NIFRA,58,21,50,411.0,20550.0
2021021505000323,NIFRA,58,48,60,411.0,24660.0
2021021505000318,NIFRA,58,56,50,411.0,20550.0
2021021505000317,NIFRA,58,33,50,411.0,20550.0
2021021505000314,NIFRA,58,47,50,411.0,20550.0
2021021505000311,NIFRA,58,56,50,411.0,20550.0
2021021505000337,NIFRA,58,54,30,411.0,12330.0
2021021505000336,NIFRA,58,33,50,411.0,20550.0
2021021505000335,NIFRA,58,17,10,411.0,4110.0
2021021505000334,NIFRA,58,53,60,411.0,24660.0
2021021505000331,NIFRA,58,42,50,411.0,20550.0
2021021505000325,NIFRA,58,33,60,411.0,24660.0
2021021505000349,NIFRA,47,58,50,411.0,20550.0
2021021505000346,NIFRA,47,6,60,411.0,24660.0
2021021505000343,NIFRA,47,22,30,411.0,12330.0
2021021505000342,NIFRA,47,54,30,411.0,12330.0
2021021505000339,NIFRA,47,50,40,411.0,16440.0
2021021505000338,NIFRA,58,50,20,411.0,8220.0
2021021505000355,NIFRA,47,58,50,411.0,20550.0
2021021505000354,NIFRA,47,58,50,411.0,20550.0
2021021505000353,NIFRA,47,58,10,411.0,4110.0
2021021505000352,NIFRA,47,58,10,411.0,4110.0
2021021505000351,NIFRA,47,58,50,411.0,20550.0
2021021505000350,NIFRA,47,58,50,411.0,20550.0
2021021505000363,NIFRA,47,54,30,411.0,12330.0
2021021505000362,NIFRA,47,56,50,411.0,20550.0
2021021505000361,NIFRA,47,42,10,411.0,4110.0
2021021505000358,NIFRA,47,54,30,411.0,12330.0
2021021505000357,NIFRA,47,29,50,411.0,20550.0
2021021505000356,NIFRA,47,34,20,411.0,8220.0
2021021505000376,NIFRA,47,47,50,411.0,20550.0
2021021505000371,NIFRA,47,22,50,411.0,20550.0
2021021505000369,NIFRA,47,35,30,411.0,12330.0
2021021505000367,NIFRA,47,41,30,411.0,12330.0
2021021505000365,NIFRA,47,47,50,411.0,20550.0
2021021505000364,NIFRA,47,25,30,411.0,12330.0
2021021505000387,NIFRA,47,6,60,411.0,24660.0
2021021505000384,NIFRA,47,54,50,411.0,20550.0
2021021505000383,NIFRA,47,1,60,411.0,24660.0
2021021505000382,NIFRA,47,6,50,411.0,20550.0
2021021505000380,NIFRA,47,47,50,411.0,20550.0
2021021505000377,NIFRA,47,14,40,411.0,16440.0
2021021505000401,NIFRA,47,29,50,411.0,20550.0
2021021505000397,NIFRA,47,45,50,411.0,20550.0
2021021505000396,NIFRA,47,6,20,411.0,8220.0
2021021505000394,NIFRA,47,21,50,411.0,20550.0
2021021505000393,NIFRA,47,32,50,411.0,20550.0
2021021505000392,NIFRA,47,17,10,411.0,4110.0
2021021505000411,NIFRA,47,59,50,411.0,20550.0
2021021505000410,NIFRA,47,45,50,411.0,20550.0
2021021505000408,NIFRA,47,34,60,411.0,24660.0
2021021505000406,NIFRA,47,34,30,411.0,12330.0
2021021505000404,NIFRA,47,21,50,411.0,20550.0
2021021505000402,NIFRA,47,36,50,411.0,20550.0
2021021505000423,NIFRA,47,34,10,411.0,4110.0
2021021505000422,NIFRA,47,44,30,411.0,12330.0
2021021505000421,NIFRA,47,38,60,411.0,24660.0
2021021505000416,NIFRA,47,43,20,411.0,8220.0
2021021505000415,NIFRA,47,54,60,411.0,24660.0
2021021505000414,NIFRA,47,22,20,411.0,8220.0
2021021505000434,NIFRA,47,56,60,411.0,24660.0
2021021505000433,NIFRA,47,42,50,411.0,20550.0
2021021505000432,NIFRA,47,46,50,411.0,20550.0
2021021505000431,NIFRA,47,56,50,411.0,20550.0
2021021505000430,NIFRA,47,41,50,411.0,20550.0
2021021505000427,NIFRA,47,21,20,411.0,8220.0
2021021505000447,NIFRA,47,56,60,411.0,24660.0
2021021505000446,NIFRA,47,56,50,411.0,20550.0
2021021505000444,NIFRA,47,56,60,411.0,24660.0
2021021505000443,NIFRA,47,58,30,411.0,12330.0
2021021505000441,NIFRA,47,59,50,411.0,20550.0
2021021505000440,NIFRA,47,42,50,411.0,20550.0
2021021505000459,NIFRA,47,59,50,411.0,20550.0
2021021505000458,NIFRA,47,56,60,411.0,24660.0
2021021505000457,NIFRA,45,36,5,411.0,2055.0
2021021505000455,NIFRA,47,56,50,411.0,20550.0
2021021505000450,NIFRA,47,35,50,411.0,20550.0
2021021505000448,NIFRA,47,56,50,411.0,20550.0
2021021505000470,NIFRA,47,40,60,411.0,24660.0
2021021505000468,NIFRA,47,42,50,411.0,20550.0
2021021505000467,NIFRA,47,59,50,411.0,20550.0
2021021505000464,NIFRA,47,56,60,411.0,24660.0
2021021505000463,NIFRA,47,28,50,411.0,20550.0
2021021505000462,NIFRA,47,40,60,411.0,24660.0
2021021505000485,NIFRA,47,38,50,411.0,20550.0
2021021505000484,NIFRA,47,42,60,411.0,24660.0
2021021505000483,NIFRA,47,40,60,411.0,24660.0
2021021505000482,NIFRA,47,17,60,411.0,24660.0
2021021505000481,NIFRA,47,51,60,411.0,24660.0
2021021505000471,NIFRA,47,45,30,411.0,12330.0
2021021505000497,NIFRA,47,38,50,411.0,20550.0
2021021505000496,NIFRA,47,46,50,411.0,20550.0
2021021505000494,NIFRA,47,40,50,411.0,20550.0
2021021505000493,NIFRA,47,59,60,411.0,24660.0
2021021505000491,NIFRA,47,52,60,411.0,24660.0
2021021505000488,NIFRA,47,17,50,411.0,20550.0
2021021505000505,NIFRA,47,40,50,411.0,20550.0
2021021505000504,NIFRA,47,17,50,411.0,20550.0
2021021505000502,NIFRA,47,14,50,411.0,20550.0
2021021505000501,NIFRA,47,17,50,411.0,20550.0
2021021505000500,NIFRA,47,42,40,411.0,16440.0
2021021505000498,NIFRA,47,51,50,411.0,20550.0
2021021505000514,NIFRA,47,36,60,411.0,24660.0
2021021505000512,NIFRA,47,36,50,411.0,20550.0
2021021505000511,NIFRA,47,42,20,411.0,8220.0
2021021505000510,NIFRA,47,40,10,411.0,4110.0
2021021505000509,NIFRA,47,52,60,411.0,24660.0
2021021505000506,NIFRA,47,36,50,411.0,20550.0
2021021505000521,NIFRA,47,36,50,411.0,20550.0
2021021505000520,NIFRA,47,42,20,411.0,8220.0
2021021505000519,NIFRA,47,35,60,411.0,24660.0
2021021505000518,NIFRA,47,40,60,411.0,24660.0
2021021505000517,NIFRA,47,17,50,411.0,20550.0
2021021505000516,NIFRA,47,14,50,411.0,20550.0
2021021505000532,NIFRA,47,29,50,411.0,20550.0
2021021505000530,NIFRA,47,35,30,411.0,12330.0
2021021505000529,NIFRA,47,59,50,411.0,20550.0
2021021505000527,NIFRA,47,1,10,411.0,4110.0
2021021505000526,NIFRA,47,5,10,411.0,4110.0
2021021505000525,NIFRA,47,40,60,411.0,24660.0
2021021505000541,NIFRA,10,29,50,411.0,20550.0
2021021505000539,NIFRA,47,43,50,411.0,20550.0
2021021505000538,NIFRA,47,22,50,411.0,20550.0
2021021505000537,NIFRA,47,40,50,411.0,20550.0
2021021505000534,NIFRA,47,16,60,411.0,24660.0
2021021505000533,NIFRA,47,40,50,411.0,20550.0
2021021505000550,NIFRA,10,40,50,411.0,20550.0
2021021505000549,NIFRA,10,41,50,411.0,20550.0
2021021505000548,NIFRA,10,3,60,411.0,24660.0
2021021505000547,NIFRA,10,29,60,411.0,24660.0
2021021505000543,NIFRA,10,34,50,411.0,20550.0
2021021505000542,NIFRA,10,40,50,411.0,20550.0
2021021505000556,NIFRA,10,41,40,411.0,16440.0
2021021505000555,NIFRA,10,40,50,411.0,20550.0
2021021505000554,NIFRA,10,29,60,411.0,24660.0
2021021505000553,NIFRA,10,43,10,411.0,4110.0
2021021505000552,NIFRA,10,34,50,411.0,20550.0
2021021505000551,NIFRA,10,34,10,411.0,4110.0
2021021505000563,NIFRA,10,34,50,411.0,20550.0
2021021505000562,NIFRA,10,45,60,411.0,24660.0
2021021505000561,NIFRA,10,55,40,411.0,16440.0
2021021505000560,NIFRA,10,29,50,411.0,20550.0
2021021505000559,NIFRA,10,39,50,411.0,20550.0
2021021505000558,NIFRA,10,29,50,411.0,20550.0
2021021505000571,NIFRA,10,3,50,411.0,20550.0
2021021505000569,NIFRA,10,29,60,411.0,24660.0
2021021505000568,NIFRA,10,40,10,411.0,4110.0
2021021505000567,NIFRA,10,3,50,411.0,20550.0
2021021505000566,NIFRA,10,40,50,411.0,20550.0
2021021505000564,NIFRA,10,3,50,411.0,20550.0
2021021505000580,NIFRA,10,29,50,411.0,20550.0
2021021505000579,NIFRA,10,40,50,411.0,20550.0
2021021505000578,NIFRA,10,34,50,411.0,20550.0
2021021505000577,NIFRA,10,3,50,411.0,20550.0
2021021505000576,NIFRA,10,34,60,411.0,24660.0
2021021505000572,NIFRA,10,55,40,411.0,16440.0
2021021505000590,NIFRA,10,14,60,411.0,24660.0
2021021505000588,NIFRA,10,35,50,411.0,20550.0
2021021505000586,NIFRA,10,40,50,411.0,20550.0
2021021505000584,NIFRA,10,55,30,411.0,12330.0
2021021505000583,NIFRA,10,3,50,411.0,20550.0
2021021505000582,NIFRA,10,3,50,411.0,20550.0
2021021505000599,NIFRA,10,43,60,411.0,24660.0
2021021505000597,NIFRA,10,10,50,411.0,20550.0
2021021505000595,NIFRA,10,40,60,411.0,24660.0
2021021505000594,NIFRA,10,3,50,411.0,20550.0
2021021505000593,NIFRA,10,58,50,411.0,20550.0
2021021505000592,NIFRA,10,51,50,411.0,20550.0
2021021505000609,NIFRA,10,47,60,411.0,24660.0
2021021505000608,NIFRA,10,3,50,411.0,20550.0
2021021505000605,NIFRA,10,40,50,411.0,20550.0
2021021505000604,NIFRA,10,3,50,411.0,20550.0
2021021505000602,NIFRA,10,10,50,411.0,20550.0
2021021505000600,NIFRA,10,3,50,411.0,20550.0
2021021505000620,NIFRA,10,49,50,411.0,20550.0
2021021505000614,NIFRA,10,3,50,411.0,20550.0
2021021505000613,NIFRA,10,40,60,411.0,24660.0
2021021505000612,NIFRA,10,38,60,411.0,24660.0
2021021505000611,NIFRA,10,10,50,411.0,20550.0
2021021505000610,NIFRA,10,35,60,411.0,24660.0
2021021505000628,NIFRA,10,47,50,411.0,20550.0
2021021505000627,NIFRA,10,42,50,411.0,20550.0
2021021505000625,NIFRA,10,40,50,411.0,20550.0
2021021505000623,NIFRA,10,47,50,411.0,20550.0
2021021505000622,NIFRA,10,40,50,411.0,20550.0
2021021505000621,NIFRA,10,47,50,411.0,20550.0
2021021505000636,NIFRA,10,3,60,411.0,24660.0
2021021505000634,NIFRA,10,35,50,411.0,20550.0
2021021505000633,NIFRA,10,47,60,411.0,24660.0
2021021505000632,NIFRA,10,3,10,411.0,4110.0
2021021505000630,NIFRA,10,3,50,411.0,20550.0
2021021505000629,NIFRA,10,4,60,411.0,24660.0
2021021505000642,NIFRA,10,3,60,411.0,24660.0
2021021505000641,NIFRA,10,22,50,411.0,20550.0
2021021505000640,NIFRA,10,40,50,411.0,20550.0
2021021505000639,NIFRA,10,3,60,411.0,24660.0
2021021505000638,NIFRA,10,3,60,411.0,24660.0
2021021505000637,NIFRA,10,53,50,411.0,20550.0
2021021505000650,NIFRA,10,56,40,411.0,16440.0
2021021505000649,NIFRA,10,17,50,411.0,20550.0
2021021505000648,NIFRA,10,4,40,411.0,16440.0
2021021505000647,NIFRA,10,40,50,411.0,20550.0
2021021505000646,NIFRA,10,3,60,411.0,24660.0
2021021505000643,NIFRA,10,58,50,411.0,20550.0
2021021505000660,NIFRA,8,40,60,411.0,24660.0
2021021505000657,NIFRA,8,40,10,411.0,4110.0
2021021505000656,NIFRA,54,40,50,411.0,20550.0
2021021505000654,NIFRA,54,55,20,411.0,8220.0
2021021505000653,NIFRA,10,55,30,411.0,12330.0
2021021505000652,NIFRA,10,58,50,411.0,20550.0
2021021505000681,NIFRA,34,1,50,411.0,20550.0
2021021505000680,NIFRA,34,29,30,411.0,12330.0
2021021505000678,NIFRA,34,3,60,411.0,24660.0
