Transact. No.,Symbol,Buyer,Seller,Quantity,Rate,Amount
2021021405001859,CGH,47,52,10,194.0,1940.0
2021021405001584,CGH,41,34,10,191.0,1910.0
2021021405001943,PLI,5,29,100,860.0,86000.0
2021021405001942,PLI,26,52,10,859.0,8590.0
2021021405001941,PLI,26,58,50,859.0,42950.0
2021021405001940,PLI,26,21,107,859.0,91913.0
2021021405001939,PLI,45,59,10,858.0,8580.0
2021021405001938,PLI,1,21,90,859.0,77310.0
2021021405001449,PLI,36,38,10,859.0,8590.0
2021021405001448,PLI,21,38,10,859.0,8590.0
2021021405001447,PLI,21,38,10,859.0,8590.0
2021021405001446,PLI,56,38,10,859.0,8590.0
2021021405001445,PLI,44,58,10,858.0,8580.0
2021021405001444,PLI,56,22,10,858.0,8580.0
2021021405001455,PLI,26,54,10,860.0,8600.0
2021021405001454,PLI,26,22,30,860.0,25800.0
2021021405001453,PLI,26,42,10,860.0,8600.0
2021021405001452,PLI,26,58,10,860.0,8600.0
2021021405001451,PLI,26,21,10,860.0,8600.0
2021021405001450,PLI,36,38,10,859.0,8590.0
2021021405001461,PLI,26,1,40,860.0,34400.0
2021021405001460,PLI,26,41,10,860.0,8600.0
2021021405001459,PLI,26,42,10,860.0,8600.0
2021021405001458,PLI,26,36,10,860.0,8600.0
2021021405001457,PLI,26,22,10,860.0,8600.0
2021021405001456,PLI,26,52,10,860.0,8600.0
2021021405001467,PLI,44,38,10,858.0,8580.0
2021021405001466,PLI,44,38,10,858.0,8580.0
2021021405001465,PLI,44,38,10,858.0,8580.0
2021021405001464,PLI,36,45,63,859.0,54117.0
2021021405001463,PLI,36,38,10,859.0,8590.0
2021021405001462,PLI,26,45,75,860.0,64500.0
2021021405001473,PLI,45,36,10,860.0,8600.0
2021021405001472,PLI,45,6,10,860.0,8600.0
2021021405001471,PLI,51,38,10,858.0,8580.0
2021021405001470,PLI,42,45,5,860.0,4300.0
2021021405001469,PLI,51,45,50,860.0,43000.0
2021021405001468,PLI,51,3,10,859.0,8590.0
2021021405001479,PLI,45,14,10,860.0,8600.0
2021021405001478,PLI,45,40,50,860.0,43000.0
2021021405001477,PLI,45,40,100,860.0,86000.0
2021021405001476,PLI,45,37,10,860.0,8600.0
2021021405001475,PLI,45,33,10,860.0,8600.0
2021021405001474,PLI,45,58,10,860.0,8600.0
2021021405001485,PLI,45,57,10,860.0,8600.0
2021021405001484,PLI,45,26,10,860.0,8600.0
2021021405001483,PLI,45,58,10,860.0,8600.0
2021021405001482,PLI,45,33,10,860.0,8600.0
2021021405001481,PLI,45,49,10,860.0,8600.0
2021021405001480,PLI,45,48,10,860.0,8600.0
2021021405001491,PLI,38,55,200,861.0,172200.0
2021021405001490,PLI,43,45,50,860.0,43000.0
2021021405001489,PLI,1,55,10,861.0,8610.0
2021021405001488,PLI,48,55,30,860.0,25800.0
2021021405001487,PLI,48,29,10,860.0,8600.0
2021021405001486,PLI,48,51,10,860.0,8600.0
2021021405001497,PLI,38,49,10,861.0,8610.0
2021021405001496,PLI,38,40,10,861.0,8610.0
2021021405001495,PLI,38,18,120,861.0,103320.0
2021021405001494,PLI,38,41,10,861.0,8610.0
2021021405001493,PLI,38,58,10,861.0,8610.0
2021021405001492,PLI,38,36,10,861.0,8610.0
2021021405001503,PLI,52,36,10,862.0,8620.0
2021021405001502,PLI,52,3,10,862.0,8620.0
2021021405001501,PLI,52,36,10,862.0,8620.0
2021021405001500,PLI,52,21,10,862.0,8620.0
2021021405001499,PLI,52,35,10,862.0,8620.0
2021021405001498,PLI,38,14,10,861.0,8610.0
2021021405001509,PLI,42,26,10,862.0,8620.0
2021021405001508,PLI,42,57,10,862.0,8620.0
2021021405001507,PLI,42,55,10,862.0,8620.0
2021021405001506,PLI,42,14,150,862.0,129300.0
2021021405001505,PLI,38,58,10,861.0,8610.0
2021021405001504,PLI,52,14,250,862.0,215500.0
2021021405001515,PLI,38,41,70,861.0,60270.0
2021021405001514,PLI,38,38,10,861.0,8610.0
2021021405001513,PLI,58,51,10,863.0,8630.0
2021021405001512,PLI,38,38,10,861.0,8610.0
2021021405001511,PLI,38,16,10,861.0,8610.0
2021021405001510,PLI,38,38,10,861.0,8610.0
2021021405001521,PLI,5,26,10,858.0,8580.0
2021021405001520,PLI,5,38,10,858.0,8580.0
2021021405001519,PLI,51,8,10,858.0,8580.0
2021021405001518,PLI,58,57,30,864.0,25920.0
2021021405001517,PLI,58,41,20,861.0,17220.0
2021021405001516,PLI,42,41,20,861.0,17220.0
2021021405001527,PLI,58,38,10,860.0,8600.0
2021021405001526,PLI,58,42,10,860.0,8600.0
2021021405001525,PLI,58,49,10,860.0,8600.0
2021021405001524,PLI,57,8,10,857.0,8570.0
2021021405001523,PLI,57,38,10,857.0,8570.0
2021021405001522,PLI,5,38,10,858.0,8580.0
2021021405001533,PLI,37,26,10,861.0,8610.0
2021021405001532,PLI,37,38,10,861.0,8610.0
2021021405001531,PLI,37,49,10,861.0,8610.0
2021021405001530,PLI,58,38,10,860.0,8600.0
2021021405001529,PLI,58,38,10,860.0,8600.0
2021021405001528,PLI,58,38,10,860.0,8600.0
2021021405001539,PLI,35,57,10,861.0,8610.0
2021021405001538,PLI,35,38,10,861.0,8610.0
2021021405001537,PLI,35,58,10,861.0,8610.0
2021021405001536,PLI,41,38,10,860.0,8600.0
2021021405001535,PLI,37,38,10,861.0,8610.0
2021021405001534,PLI,49,52,10,863.0,8630.0
2021021405001545,PLI,38,38,10,859.0,8590.0
2021021405001544,PLI,38,36,10,859.0,8590.0
2021021405001543,PLI,32,41,10,862.0,8620.0
2021021405001542,PLI,32,32,10,862.0,8620.0
2021021405001541,PLI,32,49,10,862.0,8620.0
2021021405001540,PLI,41,38,10,860.0,8600.0
2021021405001551,PLI,57,41,10,857.0,8570.0
2021021405001550,PLI,57,38,10,857.0,8570.0
2021021405001549,PLI,38,38,10,859.0,8590.0
2021021405001548,PLI,38,38,10,859.0,8590.0
2021021405001547,PLI,21,58,10,861.0,8610.0
2021021405001546,PLI,38,38,10,859.0,8590.0
2021021405001557,PLI,58,17,10,859.0,8590.0
2021021405001556,PLI,57,32,10,857.0,8570.0
2021021405001555,PLI,57,39,10,857.0,8570.0
2021021405001554,PLI,57,28,10,857.0,8570.0
2021021405001553,PLI,57,38,10,857.0,8570.0
2021021405001552,PLI,57,42,10,857.0,8570.0
2021021405001563,PLI,39,38,10,857.0,8570.0
2021021405001562,PLI,39,56,10,857.0,8570.0
2021021405001561,PLI,39,38,10,857.0,8570.0
2021021405001560,PLI,57,38,10,857.0,8570.0
2021021405001559,PLI,58,58,10,860.0,8600.0
2021021405001558,PLI,58,43,10,860.0,8600.0
2021021405001569,PLI,16,38,10,856.0,8560.0
2021021405001568,PLI,16,59,10,856.0,8560.0
2021021405001567,PLI,16,6,70,856.0,59920.0
2021021405001566,PLI,21,6,30,856.0,25680.0
2021021405001565,PLI,39,5,10,857.0,8570.0
2021021405001564,PLI,39,58,10,857.0,8570.0
2021021405001575,PLI,3,54,10,856.0,8560.0
2021021405001574,PLI,3,38,10,856.0,8560.0
2021021405001573,PLI,3,38,10,856.0,8560.0
2021021405001572,PLI,3,38,10,856.0,8560.0
2021021405001571,PLI,47,54,10,856.0,8560.0
2021021405001570,PLI,16,38,10,856.0,8560.0
2021021405001581,PLI,54,34,10,856.0,8560.0
2021021405001580,PLI,54,58,10,856.0,8560.0
2021021405001579,PLI,54,38,10,856.0,8560.0
2021021405001578,PLI,54,58,10,856.0,8560.0
2021021405001577,PLI,54,38,10,856.0,8560.0
2021021405001576,PLI,3,38,10,856.0,8560.0
2021021405001588,PLI,54,54,10,856.0,8560.0
2021021405001587,PLI,54,38,10,856.0,8560.0
2021021405001586,PLI,54,4,10,856.0,8560.0
2021021405001585,PLI,54,6,10,856.0,8560.0
2021021405001583,PLI,54,45,10,856.0,8560.0
2021021405001582,PLI,28,11,10,858.0,8580.0
2021021405001594,PLI,32,34,10,857.0,8570.0
2021021405001593,PLI,32,54,10,857.0,8570.0
2021021405001592,PLI,32,38,10,857.0,8570.0
2021021405001591,PLI,32,38,10,857.0,8570.0
2021021405001590,PLI,32,17,10,857.0,8570.0
2021021405001589,PLI,32,38,10,857.0,8570.0
2021021405001600,PLI,43,38,10,859.0,8590.0
2021021405001599,PLI,43,38,10,859.0,8590.0
2021021405001598,PLI,43,49,10,859.0,8590.0
2021021405001597,PLI,43,6,10,859.0,8590.0
2021021405001596,PLI,32,38,10,857.0,8570.0
2021021405001595,PLI,32,38,10,857.0,8570.0
2021021405001606,PLI,43,38,10,859.0,8590.0
2021021405001605,PLI,43,38,10,859.0,8590.0
2021021405001604,PLI,43,38,10,859.0,8590.0
2021021405001603,PLI,43,50,10,859.0,8590.0
2021021405001602,PLI,43,38,10,859.0,8590.0
2021021405001601,PLI,43,38,10,859.0,8590.0
2021021405001612,PLI,45,40,10,860.0,8600.0
2021021405001611,PLI,45,57,10,860.0,8600.0
2021021405001610,PLI,28,42,10,858.0,8580.0
2021021405001609,PLI,28,32,10,858.0,8580.0
2021021405001608,PLI,28,40,10,858.0,8580.0
2021021405001607,PLI,43,38,10,859.0,8590.0
2021021405001618,PLI,35,21,10,860.0,8600.0
2021021405001617,PLI,35,34,10,860.0,8600.0
2021021405001616,PLI,35,6,10,860.0,8600.0
2021021405001615,PLI,35,13,10,860.0,8600.0
2021021405001614,PLI,22,58,10,858.0,8580.0
2021021405001613,PLI,28,21,10,858.0,8580.0
2021021405001624,PLI,32,42,10,857.0,8570.0
2021021405001623,PLI,32,16,10,857.0,8570.0
2021021405001622,PLI,32,32,10,857.0,8570.0
2021021405001621,PLI,32,37,10,857.0,8570.0
2021021405001620,PLI,22,41,10,858.0,8580.0
2021021405001619,PLI,35,16,10,860.0,8600.0
2021021405001630,PLI,13,14,10,860.0,8600.0
2021021405001629,PLI,13,6,10,860.0,8600.0
2021021405001628,PLI,13,45,10,860.0,8600.0
2021021405001627,PLI,13,32,10,858.0,8580.0
2021021405001626,PLI,32,58,10,857.0,8570.0
2021021405001625,PLI,32,6,10,857.0,8570.0
2021021405001636,PLI,32,59,10,857.0,8570.0
2021021405001635,PLI,13,59,10,860.0,8600.0
2021021405001634,PLI,13,38,10,860.0,8600.0
2021021405001633,PLI,13,3,10,860.0,8600.0
2021021405001632,PLI,13,45,10,860.0,8600.0
2021021405001631,PLI,13,21,10,860.0,8600.0
2021021405001642,PLI,58,45,10,856.0,8560.0
2021021405001641,PLI,58,44,10,856.0,8560.0
2021021405001640,PLI,58,59,10,856.0,8560.0
2021021405001639,PLI,4,17,100,857.0,85700.0
2021021405001638,PLI,28,17,10,857.0,8570.0
2021021405001637,PLI,32,17,200,857.0,171400.0
2021021405001648,PLI,33,45,10,855.0,8550.0
2021021405001647,PLI,33,59,10,856.0,8560.0
2021021405001646,PLI,33,45,10,856.0,8560.0
2021021405001645,PLI,33,59,10,856.0,8560.0
2021021405001644,PLI,33,45,10,856.0,8560.0
2021021405001643,PLI,58,59,10,856.0,8560.0
2021021405001654,PLI,33,6,10,855.0,8550.0
2021021405001653,PLI,33,59,10,855.0,8550.0
2021021405001652,PLI,1,17,90,857.0,77130.0
2021021405001651,PLI,1,49,10,856.0,8560.0
2021021405001650,PLI,1,41,100,856.0,85600.0
2021021405001649,PLI,33,59,10,855.0,8550.0
2021021405001660,PLI,4,41,30,855.0,25650.0
2021021405001659,PLI,51,41,100,855.0,85500.0
2021021405001658,PLI,55,41,50,855.0,42750.0
2021021405001657,PLI,40,41,20,855.0,17100.0
2021021405001656,PLI,41,41,20,855.0,17100.0
2021021405001655,PLI,33,41,40,855.0,34200.0
2021021405001666,PLI,49,59,10,856.0,8560.0
2021021405001665,PLI,49,49,10,856.0,8560.0
2021021405001664,PLI,49,41,35,855.0,29925.0
2021021405001663,PLI,42,41,30,855.0,25650.0
2021021405001662,PLI,1,41,25,855.0,21375.0
2021021405001661,PLI,25,41,100,855.0,85500.0
2021021405001672,PLI,5,38,10,854.0,8540.0
2021021405001671,PLI,45,38,10,856.0,8560.0
2021021405001670,PLI,49,49,10,856.0,8560.0
2021021405001669,PLI,49,45,10,856.0,8560.0
2021021405001668,PLI,49,57,10,856.0,8560.0
2021021405001667,PLI,49,45,10,856.0,8560.0
2021021405001678,PLI,28,38,10,854.0,8540.0
2021021405001677,PLI,28,17,10,854.0,8540.0
2021021405001676,PLI,5,38,10,854.0,8540.0
2021021405001675,PLI,5,32,10,854.0,8540.0
2021021405001674,PLI,5,38,10,854.0,8540.0
2021021405001673,PLI,5,58,10,854.0,8540.0
2021021405001684,PLI,52,17,90,857.0,77130.0
2021021405001683,PLI,52,58,10,856.0,8560.0
2021021405001682,PLI,52,49,10,856.0,8560.0
2021021405001681,PLI,52,49,10,856.0,8560.0
2021021405001680,PLI,52,48,10,856.0,8560.0
2021021405001679,PLI,52,17,10,855.0,8550.0
2021021405001690,PLI,37,38,10,854.0,8540.0
2021021405001689,PLI,37,58,10,854.0,8540.0
2021021405001688,PLI,37,45,10,854.0,8540.0
2021021405001687,PLI,28,44,10,854.0,8540.0
2021021405001686,PLI,28,37,10,854.0,8540.0
2021021405001685,PLI,28,36,10,854.0,8540.0
2021021405001696,PLI,45,38,10,855.0,8550.0
2021021405001695,PLI,45,38,10,855.0,8550.0
2021021405001694,PLI,45,8,10,855.0,8550.0
2021021405001693,PLI,32,38,10,854.0,8540.0
2021021405001692,PLI,32,38,10,854.0,8540.0
2021021405001691,PLI,37,45,10,854.0,8540.0
2021021405001702,PLI,45,38,10,855.0,8550.0
2021021405001701,PLI,32,38,10,856.0,8560.0
2021021405001700,PLI,32,14,10,855.0,8550.0
2021021405001699,PLI,45,49,10,856.0,8560.0
2021021405001698,PLI,45,45,10,855.0,8550.0
2021021405001697,PLI,45,52,10,855.0,8550.0
2021021405001708,PLI,35,38,10,854.0,8540.0
2021021405001707,PLI,35,57,10,854.0,8540.0
2021021405001706,PLI,35,38,10,854.0,8540.0
2021021405001705,PLI,35,38,10,854.0,8540.0
2021021405001704,PLI,35,57,10,854.0,8540.0
2021021405001703,PLI,35,38,10,854.0,8540.0
2021021405001714,PLI,52,50,10,858.0,8580.0
2021021405001713,PLI,52,3,10,857.0,8570.0
2021021405001712,PLI,52,47,10,857.0,8570.0
2021021405001711,PLI,52,17,10,857.0,8570.0
2021021405001710,PLI,35,11,10,854.0,8540.0
2021021405001709,PLI,35,58,10,854.0,8540.0
2021021405001720,PLI,21,49,10,859.0,8590.0
2021021405001719,PLI,21,58,10,857.0,8570.0
2021021405001718,PLI,45,43,10,855.0,8550.0
2021021405001717,PLI,52,29,80,860.0,68800.0
2021021405001716,PLI,52,16,10,860.0,8600.0
2021021405001715,PLI,52,45,10,859.0,8590.0
2021021405001726,PLI,43,44,10,855.0,8550.0
2021021405001725,PLI,4,29,20,860.0,17200.0
2021021405001724,PLI,43,38,10,855.0,8550.0
2021021405001723,PLI,43,26,10,855.0,8550.0
2021021405001722,PLI,35,38,10,854.0,8540.0
2021021405001721,PLI,21,29,30,860.0,25800.0
2021021405001732,PLI,43,13,10,855.0,8550.0
2021021405001731,PLI,43,38,10,855.0,8550.0
2021021405001730,PLI,43,13,10,855.0,8550.0
2021021405001729,PLI,43,52,10,855.0,8550.0
2021021405001728,PLI,43,38,10,855.0,8550.0
2021021405001727,PLI,43,13,10,855.0,8550.0
2021021405001738,PLI,43,11,10,855.0,8550.0
2021021405001737,PLI,43,14,100,855.0,85500.0
2021021405001736,PLI,43,38,10,855.0,8550.0
2021021405001735,PLI,43,38,10,855.0,8550.0
2021021405001734,PLI,43,34,10,855.0,8550.0
2021021405001733,PLI,43,38,10,855.0,8550.0
2021021405001744,PLI,49,28,10,856.0,8560.0
2021021405001743,PLI,49,58,10,856.0,8560.0
2021021405001742,PLI,49,53,25,856.0,21400.0
2021021405001741,PLI,45,4,10,856.0,8560.0
2021021405001740,PLI,45,48,10,856.0,8560.0
2021021405001739,PLI,43,26,10,855.0,8550.0
2021021405001750,PLI,35,45,10,859.0,8590.0
2021021405001749,PLI,39,49,10,856.0,8560.0
2021021405001748,PLI,39,59,10,856.0,8560.0
2021021405001747,PLI,39,42,10,856.0,8560.0
2021021405001746,PLI,43,44,10,855.0,8550.0
2021021405001745,PLI,45,57,10,856.0,8560.0
2021021405001756,PLI,39,38,10,856.0,8560.0
2021021405001755,PLI,39,38,10,856.0,8560.0
2021021405001754,PLI,39,38,10,856.0,8560.0
2021021405001753,PLI,39,49,10,856.0,8560.0
2021021405001752,PLI,39,14,10,856.0,8560.0
2021021405001751,PLI,35,34,90,859.0,77310.0
2021021405001762,PLI,21,49,10,856.0,8560.0
2021021405001761,PLI,33,52,20,858.0,17160.0
2021021405001760,PLI,33,1,20,858.0,17160.0
2021021405001759,PLI,33,32,10,858.0,8580.0
2021021405001758,PLI,39,36,10,856.0,8560.0
2021021405001757,PLI,39,49,10,856.0,8560.0
2021021405001768,PLI,21,21,10,856.0,8560.0
2021021405001767,PLI,21,38,10,856.0,8560.0
2021021405001766,PLI,21,38,10,856.0,8560.0
2021021405001765,PLI,21,38,10,856.0,8560.0
2021021405001764,PLI,21,1,10,856.0,8560.0
2021021405001763,PLI,21,4,10,856.0,8560.0
2021021405001774,PLI,25,38,10,856.0,8560.0
2021021405001773,PLI,25,38,10,856.0,8560.0
2021021405001772,PLI,25,17,10,856.0,8560.0
2021021405001771,PLI,21,38,10,856.0,8560.0
2021021405001770,PLI,21,38,10,856.0,8560.0
2021021405001769,PLI,21,38,10,856.0,8560.0
2021021405001780,PLI,13,8,50,856.0,42800.0
2021021405001779,PLI,25,38,10,856.0,8560.0
2021021405001778,PLI,25,38,10,856.0,8560.0
2021021405001777,PLI,25,56,10,856.0,8560.0
2021021405001776,PLI,25,34,10,856.0,8560.0
2021021405001775,PLI,25,38,10,856.0,8560.0
2021021405001786,PLI,58,52,50,858.0,42900.0
2021021405001785,PLI,33,58,20,857.0,17140.0
2021021405001784,PLI,25,38,10,856.0,8560.0
2021021405001783,PLI,25,41,10,856.0,8560.0
2021021405001782,PLI,25,49,45,856.0,38520.0
2021021405001781,PLI,25,8,150,856.0,128400.0
2021021405001792,PLI,45,45,10,859.0,8590.0
2021021405001791,PLI,45,34,10,859.0,8590.0
2021021405001790,PLI,45,58,10,858.0,8580.0
2021021405001789,PLI,45,58,10,858.0,8580.0
2021021405001788,PLI,45,52,10,858.0,8580.0
2021021405001787,PLI,47,52,20,858.0,17160.0
2021021405001798,PLI,33,58,10,857.0,8570.0
2021021405001797,PLI,33,17,10,857.0,8570.0
2021021405001796,PLI,33,39,10,857.0,8570.0
2021021405001795,PLI,33,58,10,857.0,8570.0
2021021405001794,PLI,33,58,10,857.0,8570.0
2021021405001793,PLI,45,14,10,859.0,8590.0
2021021405001804,PLI,38,38,10,858.0,8580.0
2021021405001803,PLI,38,38,10,858.0,8580.0
2021021405001802,PLI,38,38,10,858.0,8580.0
2021021405001801,PLI,33,58,10,857.0,8570.0
2021021405001800,PLI,33,57,10,857.0,8570.0
2021021405001799,PLI,33,36,10,857.0,8570.0
2021021405001810,PLI,33,58,10,857.0,8570.0
2021021405001809,PLI,33,29,10,857.0,8570.0
2021021405001808,PLI,33,58,10,857.0,8570.0
2021021405001807,PLI,38,38,10,858.0,8580.0
2021021405001806,PLI,38,38,10,858.0,8580.0
2021021405001805,PLI,38,38,10,858.0,8580.0
2021021405001816,PLI,1,17,10,859.0,8590.0
2021021405001815,PLI,1,50,10,858.0,8580.0
2021021405001814,PLI,1,4,10,858.0,8580.0
2021021405001813,PLI,33,58,10,857.0,8570.0
2021021405001812,PLI,33,38,10,857.0,8570.0
2021021405001811,PLI,33,16,10,857.0,8570.0
2021021405001822,PLI,25,56,5,860.0,4300.0
2021021405001821,PLI,33,57,10,857.0,8570.0
2021021405001820,PLI,45,57,10,858.0,8580.0
2021021405001819,PLI,45,6,10,858.0,8580.0
2021021405001818,PLI,33,38,10,857.0,8570.0
2021021405001817,PLI,1,29,20,860.0,17200.0
2021021405001828,PLI,25,14,205,856.0,175480.0
2021021405001827,PLI,45,14,10,857.0,8570.0
2021021405001826,PLI,34,14,60,857.0,51420.0
2021021405001825,PLI,34,14,30,857.0,25710.0
2021021405001824,PLI,33,14,10,857.0,8570.0
2021021405001823,PLI,33,57,10,857.0,8570.0
2021021405001834,PLI,57,14,10,855.0,8550.0
2021021405001833,PLI,57,14,10,855.0,8550.0
2021021405001832,PLI,57,14,55,855.0,47025.0
2021021405001831,PLI,34,14,100,856.0,85600.0
2021021405001830,PLI,45,14,20,856.0,17120.0
2021021405001829,PLI,51,14,10,856.0,8560.0
2021021405001840,PLI,44,46,10,858.0,8580.0
2021021405001839,PLI,28,46,10,858.0,8580.0
2021021405001838,PLI,28,29,10,858.0,8580.0
2021021405001837,PLI,28,58,10,857.0,8570.0
2021021405001836,PLI,57,39,10,855.0,8550.0
2021021405001835,PLI,57,16,10,855.0,8550.0
2021021405001846,PLI,29,17,10,858.0,8580.0
2021021405001845,PLI,29,58,10,858.0,8580.0
2021021405001844,PLI,44,58,10,856.0,8560.0
2021021405001843,PLI,44,16,10,856.0,8560.0
2021021405001842,PLI,57,55,100,855.0,85500.0
2021021405001841,PLI,44,58,10,858.0,8580.0
2021021405001852,PLI,17,45,10,859.0,8590.0
2021021405001851,PLI,17,45,10,859.0,8590.0
2021021405001850,PLI,17,58,10,858.0,8580.0
2021021405001849,PLI,44,58,10,856.0,8560.0
2021021405001848,PLI,44,42,10,856.0,8560.0
2021021405001847,PLI,29,19,10,858.0,8580.0
2021021405001858,PLI,44,58,10,856.0,8560.0
2021021405001857,PLI,28,1,20,859.0,17180.0
2021021405001856,PLI,44,45,10,856.0,8560.0
2021021405001855,PLI,44,58,10,856.0,8560.0
2021021405001854,PLI,44,58,10,856.0,8560.0
2021021405001853,PLI,17,29,20,860.0,17200.0
2021021405001865,PLI,34,38,10,856.0,8560.0
2021021405001864,PLI,34,58,10,856.0,8560.0
2021021405001863,PLI,58,7,10,856.0,8560.0
2021021405001862,PLI,58,36,10,856.0,8560.0
2021021405001861,PLI,44,58,10,856.0,8560.0
2021021405001860,PLI,44,36,10,856.0,8560.0
2021021405001871,PLI,7,36,10,856.0,8560.0
2021021405001870,PLI,42,42,10,858.0,8580.0
2021021405001869,PLI,7,10,100,856.0,85600.0
2021021405001868,PLI,7,58,10,856.0,8560.0
2021021405001867,PLI,7,58,10,856.0,8560.0
2021021405001866,PLI,34,36,10,856.0,8560.0
2021021405001877,PLI,7,38,10,856.0,8560.0
2021021405001876,PLI,7,36,10,856.0,8560.0
2021021405001875,PLI,7,58,10,856.0,8560.0
2021021405001874,PLI,7,58,10,856.0,8560.0
2021021405001873,PLI,21,29,70,860.0,60200.0
2021021405001872,PLI,21,1,180,859.0,154620.0
2021021405001883,PLI,28,36,10,857.0,8570.0
2021021405001882,PLI,7,1,10,856.0,8560.0
2021021405001881,PLI,7,58,10,856.0,8560.0
2021021405001880,PLI,7,58,10,856.0,8560.0
2021021405001879,PLI,7,21,10,856.0,8560.0
2021021405001878,PLI,7,36,10,856.0,8560.0
2021021405001889,PLI,7,58,10,856.0,8560.0
2021021405001888,PLI,21,45,10,857.0,8570.0
2021021405001887,PLI,7,29,10,856.0,8560.0
2021021405001886,PLI,7,58,10,856.0,8560.0
2021021405001885,PLI,7,36,10,856.0,8560.0
2021021405001884,PLI,7,11,10,856.0,8560.0
2021021405001895,PLI,7,58,10,856.0,8560.0
2021021405001894,PLI,7,58,10,856.0,8560.0
2021021405001893,PLI,7,38,10,856.0,8560.0
2021021405001892,PLI,7,6,10,856.0,8560.0
2021021405001891,PLI,7,58,10,856.0,8560.0
2021021405001890,PLI,7,41,10,856.0,8560.0
2021021405001901,PLI,7,34,100,856.0,85600.0
2021021405001900,PLI,7,36,10,856.0,8560.0
2021021405001899,PLI,7,58,10,856.0,8560.0
2021021405001898,PLI,21,49,10,858.0,8580.0
2021021405001897,PLI,29,36,10,857.0,8570.0
2021021405001896,PLI,29,58,10,856.0,8560.0
2021021405001907,PLI,8,39,10,858.0,8580.0
2021021405001906,PLI,21,57,10,858.0,8580.0
2021021405001905,PLI,21,13,50,858.0,42900.0
2021021405001904,PLI,7,38,10,856.0,8560.0
2021021405001903,PLI,7,41,10,856.0,8560.0
2021021405001902,PLI,42,53,10,857.0,8570.0
2021021405001913,PLI,57,29,10,859.0,8590.0
2021021405001912,PLI,57,55,10,859.0,8590.0
2021021405001911,PLI,34,29,80,860.0,68800.0
2021021405001910,PLI,34,56,100,859.0,85900.0
2021021405001909,PLI,34,10,10,859.0,8590.0
2021021405001908,PLI,34,52,10,859.0,8590.0
2021021405001919,PLI,8,42,30,859.0,25770.0
2021021405001918,PLI,5,42,100,859.0,85900.0
2021021405001917,PLI,8,42,40,859.0,34360.0
2021021405001916,PLI,57,42,60,859.0,51540.0
2021021405001915,PLI,57,49,10,859.0,8590.0
2021021405001914,PLI,57,21,10,859.0,8590.0
2021021405001925,PLI,7,10,20,856.0,17120.0
2021021405001924,PLI,8,10,40,858.0,34320.0
2021021405001923,PLI,28,10,40,859.0,34360.0
2021021405001922,PLI,42,36,10,859.0,8590.0
2021021405001921,PLI,42,58,10,859.0,8590.0
2021021405001920,PLI,42,42,30,859.0,25770.0
2021021405001931,PLI,41,58,10,859.0,8590.0
2021021405001930,PLI,41,29,10,857.0,8570.0
2021021405001929,PLI,7,36,10,856.0,8560.0
2021021405001928,PLI,21,36,10,857.0,8570.0
2021021405001927,PLI,21,14,10,857.0,8570.0
2021021405001926,PLI,41,29,10,857.0,8570.0
2021021405001937,PLI,51,21,50,859.0,42950.0
2021021405001936,PLI,25,58,10,856.0,8560.0
2021021405001935,PLI,41,21,20,859.0,17180.0
2021021405001934,PLI,41,22,10,859.0,8590.0
2021021405001933,PLI,41,3,10,859.0,8590.0
2021021405001932,PLI,41,29,40,859.0,34360.0
2021021405001443,PLI,56,3,10,858.0,8580.0
2021021405001442,PLI,45,58,210,858.0,180180.0
2021021405001441,PLI,45,3,10,858.0,8580.0
2021021405001440,PLI,45,34,10,858.0,8580.0
2021021405001439,PLI,21,57,20,856.0,17120.0
2021021405001438,PLI,45,57,30,856.0,25680.0
2021021405000945,PLI,58,39,10,867.0,8670.0
2021021405000944,PLI,58,14,10,867.0,8670.0
2021021405000951,PLI,58,14,10,867.0,8670.0
2021021405000950,PLI,34,48,20,868.0,17360.0
2021021405000949,PLI,58,59,18,868.0,15624.0
2021021405000948,PLI,58,35,10,868.0,8680.0
2021021405000947,PLI,58,45,10,867.0,8670.0
2021021405000946,PLI,58,52,10,867.0,8670.0
2021021405000957,PLI,58,59,200,867.0,173400.0
2021021405000956,PLI,58,11,10,867.0,8670.0
2021021405000955,PLI,58,56,10,867.0,8670.0
2021021405000954,PLI,58,43,10,867.0,8670.0
2021021405000953,PLI,11,48,20,868.0,17360.0
2021021405000952,PLI,58,45,10,867.0,8670.0
2021021405000963,PLI,42,39,10,868.0,8680.0
2021021405000962,PLI,42,28,10,868.0,8680.0
2021021405000961,PLI,42,33,10,868.0,8680.0
2021021405000960,PLI,42,48,60,868.0,52080.0
2021021405000959,PLI,58,21,10,867.0,8670.0
2021021405000958,PLI,58,3,100,867.0,86700.0
2021021405000969,PLI,58,17,65,867.0,56355.0
2021021405000968,PLI,57,17,50,868.0,43400.0
2021021405000967,PLI,42,59,30,868.0,26040.0
2021021405000966,PLI,42,6,10,868.0,8680.0
2021021405000965,PLI,42,10,10,868.0,8680.0
2021021405000964,PLI,42,33,10,868.0,8680.0
2021021405000975,PLI,58,16,10,866.0,8660.0
2021021405000974,PLI,58,34,10,866.0,8660.0
2021021405000973,PLI,58,17,15,866.0,12990.0
2021021405000972,PLI,6,17,100,866.0,86600.0
2021021405000971,PLI,39,17,50,867.0,43350.0
2021021405000970,PLI,41,17,20,867.0,17340.0
2021021405000981,PLI,42,17,45,865.0,38925.0
2021021405000980,PLI,57,17,50,865.0,43250.0
2021021405000979,PLI,42,17,10,865.0,8650.0
2021021405000978,PLI,49,17,220,865.0,190300.0
2021021405000977,PLI,58,17,175,866.0,151550.0
2021021405000976,PLI,58,10,10,866.0,8660.0
2021021405000987,PLI,14,41,10,866.0,8660.0
2021021405000986,PLI,14,53,10,866.0,8660.0
2021021405000985,PLI,14,49,15,865.0,12975.0
2021021405000984,PLI,14,17,10,865.0,8650.0
2021021405000983,PLI,53,34,10,864.0,8640.0
2021021405000982,PLI,42,56,10,865.0,8650.0
2021021405000993,PLI,45,11,10,864.0,8640.0
2021021405000992,PLI,45,26,10,864.0,8640.0
2021021405000991,PLI,53,22,50,864.0,43200.0
2021021405000990,PLI,14,26,35,866.0,30310.0
2021021405000989,PLI,14,10,10,866.0,8660.0
2021021405000988,PLI,14,45,10,866.0,8660.0
2021021405000999,PLI,45,43,10,864.0,8640.0
2021021405000998,PLI,45,59,10,864.0,8640.0
2021021405000997,PLI,45,43,10,864.0,8640.0
2021021405000996,PLI,45,38,10,864.0,8640.0
2021021405000995,PLI,45,26,10,864.0,8640.0
2021021405000994,PLI,45,19,10,864.0,8640.0
2021021405001005,PLI,45,43,10,864.0,8640.0
2021021405001004,PLI,45,56,10,864.0,8640.0
2021021405001003,PLI,45,56,10,864.0,8640.0
2021021405001002,PLI,45,38,10,864.0,8640.0
2021021405001001,PLI,34,29,10,865.0,8650.0
2021021405001000,PLI,45,42,10,864.0,8640.0
2021021405001011,PLI,45,43,10,864.0,8640.0
2021021405001010,PLI,45,13,10,864.0,8640.0
2021021405001009,PLI,45,57,10,864.0,8640.0
2021021405001008,PLI,45,43,10,864.0,8640.0
2021021405001007,PLI,45,57,10,864.0,8640.0
2021021405001006,PLI,45,56,10,864.0,8640.0
2021021405001017,PLI,26,42,10,865.0,8650.0
2021021405001016,PLI,26,40,10,865.0,8650.0
2021021405001015,PLI,26,26,15,865.0,12975.0
2021021405001014,PLI,26,49,10,865.0,8650.0
2021021405001013,PLI,26,29,40,865.0,34600.0
2021021405001012,PLI,45,57,10,864.0,8640.0
2021021405001023,PLI,14,20,90,865.0,77850.0
2021021405001022,PLI,14,19,10,865.0,8650.0
2021021405001021,PLI,26,43,10,865.0,8650.0
2021021405001020,PLI,26,57,10,865.0,8650.0
2021021405001019,PLI,26,14,10,865.0,8650.0
2021021405001018,PLI,26,49,50,865.0,43250.0
2021021405001029,PLI,14,36,30,866.0,25980.0
2021021405001028,PLI,14,50,10,865.0,8650.0
2021021405001027,PLI,14,57,10,865.0,8650.0
2021021405001026,PLI,41,20,10,865.0,8650.0
2021021405001025,PLI,45,57,10,864.0,8640.0
2021021405001024,PLI,45,42,10,864.0,8640.0
2021021405001035,PLI,45,14,10,864.0,8640.0
2021021405001034,PLI,14,13,10,866.0,8660.0
2021021405001033,PLI,14,45,10,866.0,8660.0
2021021405001032,PLI,14,47,10,866.0,8660.0
2021021405001031,PLI,14,58,10,866.0,8660.0
2021021405001030,PLI,14,38,10,866.0,8660.0
2021021405001041,PLI,45,6,10,864.0,8640.0
2021021405001040,PLI,45,40,10,864.0,8640.0
2021021405001039,PLI,45,22,10,864.0,8640.0
2021021405001038,PLI,45,1,10,864.0,8640.0
2021021405001037,PLI,45,10,10,864.0,8640.0
2021021405001036,PLI,45,40,10,864.0,8640.0
2021021405001047,PLI,16,40,10,863.0,8630.0
2021021405001046,PLI,16,53,10,863.0,8630.0
2021021405001045,PLI,16,40,10,863.0,8630.0
2021021405001044,PLI,56,57,10,864.0,8640.0
2021021405001043,PLI,45,57,100,864.0,86400.0
2021021405001042,PLI,45,47,10,864.0,8640.0
2021021405001053,PLI,16,56,10,863.0,8630.0
2021021405001052,PLI,44,57,10,864.0,8640.0
2021021405001051,PLI,16,55,10,863.0,8630.0
2021021405001050,PLI,44,57,50,864.0,43200.0
2021021405001049,PLI,16,29,10,863.0,8630.0
2021021405001048,PLI,16,1,10,863.0,8630.0
2021021405001059,PLI,44,21,10,864.0,8640.0
2021021405001058,PLI,44,57,20,864.0,17280.0
2021021405001057,PLI,16,45,10,863.0,8630.0
2021021405001056,PLI,16,38,60,863.0,51780.0
2021021405001055,PLI,16,28,10,863.0,8630.0
2021021405001054,PLI,16,40,10,863.0,8630.0
2021021405001065,PLI,49,42,10,865.0,8650.0
2021021405001064,PLI,44,58,20,864.0,17280.0
2021021405001063,PLI,44,58,10,864.0,8640.0
2021021405001062,PLI,44,59,10,864.0,8640.0
2021021405001061,PLI,44,42,10,864.0,8640.0
2021021405001060,PLI,44,40,10,864.0,8640.0
2021021405001071,PLI,16,29,10,863.0,8630.0
2021021405001070,PLI,49,6,10,865.0,8650.0
2021021405001069,PLI,49,45,10,865.0,8650.0
2021021405001068,PLI,49,16,10,865.0,8650.0
2021021405001067,PLI,49,50,50,865.0,43250.0
2021021405001066,PLI,49,34,10,865.0,8650.0
2021021405001077,PLI,49,50,50,863.0,43150.0
2021021405001076,PLI,16,58,20,863.0,17260.0
2021021405001075,PLI,16,36,10,863.0,8630.0
2021021405001074,PLI,16,50,10,863.0,8630.0
2021021405001073,PLI,16,29,10,863.0,8630.0
2021021405001072,PLI,42,29,30,863.0,25890.0
2021021405001083,PLI,44,56,10,865.0,8650.0
2021021405001082,PLI,49,20,10,863.0,8630.0
2021021405001081,PLI,49,56,10,863.0,8630.0
2021021405001080,PLI,49,20,10,863.0,8630.0
2021021405001079,PLI,49,58,10,863.0,8630.0
2021021405001078,PLI,49,36,10,863.0,8630.0
2021021405001089,PLI,49,13,10,863.0,8630.0
2021021405001088,PLI,44,32,40,865.0,34600.0
2021021405001087,PLI,44,42,10,865.0,8650.0
2021021405001086,PLI,44,43,10,865.0,8650.0
2021021405001085,PLI,44,47,10,865.0,8650.0
2021021405001084,PLI,44,22,10,865.0,8650.0
2021021405001095,PLI,49,7,90,863.0,77670.0
2021021405001094,PLI,49,42,10,863.0,8630.0
2021021405001093,PLI,49,46,10,863.0,8630.0
2021021405001092,PLI,49,28,10,863.0,8630.0
2021021405001091,PLI,49,6,10,863.0,8630.0
2021021405001090,PLI,49,25,10,863.0,8630.0
2021021405001101,PLI,5,58,25,865.0,21625.0
2021021405001100,PLI,5,32,15,865.0,12975.0
2021021405001099,PLI,29,10,10,863.0,8630.0
2021021405001098,PLI,29,33,10,863.0,8630.0
2021021405001097,PLI,29,51,10,863.0,8630.0
2021021405001096,PLI,29,7,50,863.0,43150.0
2021021405001107,PLI,25,13,10,864.0,8640.0
2021021405001106,PLI,5,50,20,865.0,17300.0
2021021405001105,PLI,5,41,10,865.0,8650.0
2021021405001104,PLI,5,33,10,865.0,8650.0
2021021405001103,PLI,5,57,10,865.0,8650.0
2021021405001102,PLI,5,33,10,865.0,8650.0
2021021405001113,PLI,29,8,20,863.0,17260.0
2021021405001112,PLI,25,8,10,864.0,8640.0
2021021405001111,PLI,25,17,10,864.0,8640.0
2021021405001110,PLI,25,55,10,864.0,8640.0
2021021405001109,PLI,25,58,10,864.0,8640.0
2021021405001108,PLI,57,50,150,865.0,129750.0
2021021405001119,PLI,42,8,80,862.0,68960.0
2021021405001118,PLI,51,8,50,863.0,43150.0
2021021405001117,PLI,10,8,100,863.0,86300.0
2021021405001116,PLI,45,8,20,863.0,17260.0
2021021405001115,PLI,41,8,50,863.0,43150.0
2021021405001114,PLI,42,8,20,863.0,17260.0
2021021405001125,PLI,33,8,133,861.0,114513.0
2021021405001124,PLI,38,8,10,861.0,8610.0
2021021405001123,PLI,38,8,100,862.0,86200.0
2021021405001122,PLI,14,8,50,862.0,43100.0
2021021405001121,PLI,48,8,300,862.0,258600.0
2021021405001120,PLI,5,8,50,862.0,43100.0
2021021405001131,PLI,48,37,10,865.0,8650.0
2021021405001130,PLI,48,33,10,865.0,8650.0
2021021405001129,PLI,48,50,20,865.0,17300.0
2021021405001128,PLI,48,47,10,864.0,8640.0
2021021405001127,PLI,48,58,10,864.0,8640.0
2021021405001126,PLI,48,28,10,863.0,8630.0
2021021405001137,PLI,48,47,10,865.0,8650.0
2021021405001136,PLI,48,58,10,865.0,8650.0
2021021405001135,PLI,48,26,10,865.0,8650.0
2021021405001134,PLI,48,56,10,865.0,8650.0
2021021405001133,PLI,48,20,10,865.0,8650.0
2021021405001132,PLI,48,37,400,865.0,346000.0
2021021405001143,PLI,58,38,10,865.0,8650.0
2021021405001142,PLI,58,45,10,865.0,8650.0
2021021405001141,PLI,58,45,10,865.0,8650.0
2021021405001140,PLI,58,33,10,865.0,8650.0
2021021405001139,PLI,33,3,20,861.0,17220.0
2021021405001138,PLI,48,3,30,865.0,25950.0
2021021405001149,PLI,58,38,10,865.0,8650.0
2021021405001148,PLI,51,29,10,866.0,8660.0
2021021405001147,PLI,58,58,10,865.0,8650.0
2021021405001146,PLI,51,29,80,866.0,69280.0
2021021405001145,PLI,48,29,30,866.0,25980.0
2021021405001144,PLI,48,38,10,866.0,8660.0
2021021405001155,PLI,58,57,10,865.0,8650.0
2021021405001154,PLI,56,29,20,866.0,17320.0
2021021405001153,PLI,58,57,10,865.0,8650.0
2021021405001152,PLI,51,29,20,866.0,17320.0
2021021405001151,PLI,58,6,10,865.0,8650.0
2021021405001150,PLI,58,14,10,865.0,8650.0
2021021405001161,PLI,58,38,40,865.0,34600.0
2021021405001160,PLI,58,55,10,865.0,8650.0
2021021405001159,PLI,58,58,10,865.0,8650.0
2021021405001158,PLI,58,4,10,865.0,8650.0
2021021405001157,PLI,58,20,10,865.0,8650.0
2021021405001156,PLI,58,38,20,865.0,17300.0
2021021405001167,PLI,42,33,150,865.0,129750.0
2021021405001166,PLI,41,29,100,866.0,86600.0
2021021405001165,PLI,42,38,10,865.0,8650.0
2021021405001164,PLI,42,38,45,865.0,38925.0
2021021405001163,PLI,41,38,45,865.0,38925.0
2021021405001162,PLI,34,38,20,865.0,17300.0
2021021405001173,PLI,42,52,10,865.0,8650.0
2021021405001172,PLI,42,33,10,865.0,8650.0
2021021405001171,PLI,42,38,10,865.0,8650.0
2021021405001170,PLI,42,32,10,865.0,8650.0
2021021405001169,PLI,42,19,10,865.0,8650.0
2021021405001168,PLI,42,34,10,865.0,8650.0
2021021405001179,PLI,56,29,13,866.0,11258.0
2021021405001178,PLI,42,48,10,865.0,8650.0
2021021405001177,PLI,42,51,10,865.0,8650.0
2021021405001176,PLI,42,43,10,865.0,8650.0
2021021405001175,PLI,42,38,10,865.0,8650.0
2021021405001174,PLI,1,29,100,866.0,86600.0
2021021405001185,PLI,42,21,10,865.0,8650.0
2021021405001184,PLI,42,52,10,865.0,8650.0
2021021405001183,PLI,42,57,10,865.0,8650.0
2021021405001182,PLI,42,42,10,865.0,8650.0
2021021405001181,PLI,42,21,10,865.0,8650.0
2021021405001180,PLI,42,21,10,865.0,8650.0
2021021405001191,PLI,34,41,10,865.0,8650.0
2021021405001190,PLI,34,21,10,865.0,8650.0
2021021405001189,PLI,34,21,10,865.0,8650.0
2021021405001188,PLI,34,45,10,865.0,8650.0
2021021405001187,PLI,42,58,4,865.0,3460.0
2021021405001186,PLI,42,58,10,865.0,8650.0
2021021405001197,PLI,32,21,10,864.0,8640.0
2021021405001196,PLI,6,29,100,866.0,86600.0
2021021405001195,PLI,32,16,10,864.0,8640.0
2021021405001194,PLI,4,57,10,865.0,8650.0
2021021405001193,PLI,4,16,10,865.0,8650.0
2021021405001192,PLI,34,21,10,865.0,8650.0
2021021405001203,PLI,59,16,10,863.0,8630.0
2021021405001202,PLI,59,21,10,863.0,8630.0
2021021405001201,PLI,59,16,10,863.0,8630.0
2021021405001200,PLI,59,20,10,863.0,8630.0
2021021405001199,PLI,59,16,10,863.0,8630.0
2021021405001198,PLI,59,16,10,863.0,8630.0
2021021405001209,PLI,40,57,10,862.0,8620.0
2021021405001208,PLI,40,21,10,862.0,8620.0
2021021405001207,PLI,59,40,10,863.0,8630.0
2021021405001206,PLI,59,21,10,863.0,8630.0
2021021405001205,PLI,59,16,10,863.0,8630.0
2021021405001204,PLI,59,21,10,863.0,8630.0
2021021405001215,PLI,33,36,10,861.0,8610.0
2021021405001214,PLI,33,36,10,861.0,8610.0
2021021405001213,PLI,45,43,10,862.0,8620.0
2021021405001212,PLI,40,43,10,862.0,8620.0
2021021405001211,PLI,40,36,10,862.0,8620.0
2021021405001210,PLI,40,36,10,862.0,8620.0
2021021405001221,PLI,33,22,10,861.0,8610.0
2021021405001220,PLI,33,34,100,861.0,86100.0
2021021405001219,PLI,33,45,10,861.0,8610.0
2021021405001218,PLI,33,34,10,861.0,8610.0
2021021405001217,PLI,33,45,10,861.0,8610.0
2021021405001216,PLI,33,51,50,861.0,43050.0
2021021405001227,PLI,33,36,10,861.0,8610.0
2021021405001226,PLI,37,41,35,863.0,30205.0
2021021405001225,PLI,37,34,10,862.0,8620.0
2021021405001224,PLI,37,42,10,862.0,8620.0
2021021405001223,PLI,37,36,10,862.0,8620.0
2021021405001222,PLI,37,43,30,862.0,25860.0
2021021405001233,PLI,33,51,10,861.0,8610.0
2021021405001232,PLI,33,26,10,861.0,8610.0
2021021405001231,PLI,33,26,10,861.0,8610.0
2021021405001230,PLI,33,45,10,861.0,8610.0
2021021405001229,PLI,33,34,10,861.0,8610.0
2021021405001228,PLI,33,6,10,861.0,8610.0
2021021405001239,PLI,39,47,116,862.0,99992.0
2021021405001238,PLI,33,28,10,861.0,8610.0
2021021405001237,PLI,58,47,40,862.0,34480.0
2021021405001236,PLI,33,21,10,861.0,8610.0
2021021405001235,PLI,33,57,10,861.0,8610.0
2021021405001234,PLI,33,45,10,861.0,8610.0
2021021405001245,PLI,57,28,10,860.0,8600.0
2021021405001244,PLI,57,29,10,860.0,8600.0
2021021405001243,PLI,58,43,10,861.0,8610.0
2021021405001242,PLI,57,43,100,861.0,86100.0
2021021405001241,PLI,33,43,17,861.0,14637.0
2021021405001240,PLI,33,49,10,861.0,8610.0
2021021405001251,PLI,48,26,10,860.0,8600.0
2021021405001250,PLI,51,29,10,860.0,8600.0
2021021405001249,PLI,51,29,10,860.0,8600.0
2021021405001248,PLI,51,50,10,860.0,8600.0
2021021405001247,PLI,51,29,10,860.0,8600.0
2021021405001246,PLI,51,14,10,860.0,8600.0
2021021405001257,PLI,48,47,10,860.0,8600.0
2021021405001256,PLI,48,29,10,860.0,8600.0
2021021405001255,PLI,48,29,10,860.0,8600.0
2021021405001254,PLI,48,26,10,860.0,8600.0
2021021405001253,PLI,48,57,10,860.0,8600.0
2021021405001252,PLI,48,29,10,860.0,8600.0
2021021405001263,PLI,50,29,10,860.0,8600.0
2021021405001262,PLI,55,57,10,860.0,8600.0
2021021405001261,PLI,55,43,33,860.0,28380.0
2021021405001260,PLI,35,43,50,860.0,43000.0
2021021405001259,PLI,48,43,20,860.0,17200.0
2021021405001258,PLI,48,26,10,860.0,8600.0
2021021405001269,PLI,38,45,10,860.0,8600.0
2021021405001268,PLI,38,36,100,860.0,86000.0
2021021405001267,PLI,50,3,10,860.0,8600.0
2021021405001266,PLI,50,29,10,860.0,8600.0
2021021405001265,PLI,50,32,10,860.0,8600.0
2021021405001264,PLI,50,39,10,860.0,8600.0
2021021405001275,PLI,36,56,200,860.0,172000.0
2021021405001274,PLI,42,56,50,860.0,43000.0
2021021405001273,PLI,45,56,50,860.0,43000.0
2021021405001272,PLI,38,56,120,860.0,103200.0
2021021405001271,PLI,38,52,10,860.0,8600.0
2021021405001270,PLI,38,29,10,860.0,8600.0
2021021405001281,PLI,39,57,10,861.0,8610.0
2021021405001280,PLI,39,58,10,861.0,8610.0
2021021405001279,PLI,39,1,10,861.0,8610.0
2021021405001278,PLI,39,43,10,861.0,8610.0
2021021405001277,PLI,47,29,10,860.0,8600.0
2021021405001276,PLI,47,56,90,860.0,77400.0
2021021405001287,PLI,47,29,10,860.0,8600.0
2021021405001286,PLI,39,34,86,862.0,74132.0
2021021405001285,PLI,39,29,10,862.0,8620.0
2021021405001284,PLI,39,49,10,862.0,8620.0
2021021405001283,PLI,39,47,344,862.0,296528.0
2021021405001282,PLI,39,59,10,861.0,8610.0
2021021405001293,PLI,43,17,10,863.0,8630.0
2021021405001292,PLI,43,41,10,863.0,8630.0
2021021405001291,PLI,43,45,100,862.0,86200.0
2021021405001290,PLI,47,14,10,860.0,8600.0
2021021405001289,PLI,47,29,10,860.0,8600.0
2021021405001288,PLI,47,38,10,860.0,8600.0
2021021405001299,PLI,47,16,10,860.0,8600.0
2021021405001298,PLI,47,38,10,860.0,8600.0
2021021405001297,PLI,47,29,10,860.0,8600.0
2021021405001296,PLI,47,50,10,860.0,8600.0
2021021405001295,PLI,43,41,10,863.0,8630.0
2021021405001294,PLI,43,17,10,863.0,8630.0
2021021405001305,PLI,28,21,10,860.0,8600.0
2021021405001304,PLI,28,21,10,860.0,8600.0
2021021405001303,PLI,28,10,10,860.0,8600.0
2021021405001302,PLI,59,51,10,860.0,8600.0
2021021405001301,PLI,47,42,10,860.0,8600.0
2021021405001300,PLI,47,49,10,860.0,8600.0
2021021405001311,PLI,28,21,10,860.0,8600.0
2021021405001310,PLI,28,38,10,860.0,8600.0
2021021405001309,PLI,28,17,10,860.0,8600.0
2021021405001308,PLI,28,57,10,860.0,8600.0
2021021405001307,PLI,28,57,10,860.0,8600.0
2021021405001306,PLI,28,21,10,860.0,8600.0
2021021405001317,PLI,52,34,50,860.0,43000.0
2021021405001316,PLI,37,34,50,860.0,43000.0
2021021405001315,PLI,55,34,80,860.0,68800.0
2021021405001314,PLI,55,19,10,860.0,8600.0
2021021405001313,PLI,55,55,10,860.0,8600.0
2021021405001312,PLI,28,21,10,860.0,8600.0
2021021405001323,PLI,45,21,10,859.0,8590.0
2021021405001322,PLI,45,59,10,859.0,8590.0
2021021405001321,PLI,45,19,10,859.0,8590.0
2021021405001320,PLI,45,19,10,860.0,8600.0
2021021405001319,PLI,45,38,10,860.0,8600.0
2021021405001318,PLI,45,34,30,860.0,25800.0
2021021405001329,PLI,45,21,10,859.0,8590.0
2021021405001328,PLI,45,40,10,859.0,8590.0
2021021405001327,PLI,45,21,10,859.0,8590.0
2021021405001326,PLI,45,21,10,859.0,8590.0
2021021405001325,PLI,45,40,10,859.0,8590.0
2021021405001324,PLI,45,48,10,859.0,8590.0
2021021405001335,PLI,45,56,10,859.0,8590.0
2021021405001334,PLI,45,59,10,859.0,8590.0
2021021405001333,PLI,57,21,10,860.0,8600.0
2021021405001332,PLI,57,42,10,860.0,8600.0
2021021405001331,PLI,57,33,10,860.0,8600.0
2021021405001330,PLI,57,48,10,860.0,8600.0
2021021405001341,PLI,45,49,10,859.0,8590.0
2021021405001340,PLI,45,35,10,859.0,8590.0
2021021405001339,PLI,45,37,10,859.0,8590.0
2021021405001338,PLI,52,35,10,860.0,8600.0
2021021405001337,PLI,45,57,10,859.0,8590.0
2021021405001336,PLI,45,21,10,859.0,8590.0
2021021405001347,PLI,45,56,10,859.0,8590.0
2021021405001346,PLI,45,38,10,859.0,8590.0
2021021405001345,PLI,45,59,10,859.0,8590.0
2021021405001344,PLI,45,20,10,859.0,8590.0
2021021405001343,PLI,45,13,290,859.0,249110.0
2021021405001342,PLI,45,59,10,859.0,8590.0
2021021405001353,PLI,45,38,10,859.0,8590.0
2021021405001352,PLI,45,38,10,859.0,8590.0
2021021405001351,PLI,45,38,10,859.0,8590.0
2021021405001350,PLI,45,38,10,859.0,8590.0
2021021405001349,PLI,45,38,10,859.0,8590.0
2021021405001348,PLI,45,38,10,859.0,8590.0
2021021405001359,PLI,45,17,10,859.0,8590.0
2021021405001358,PLI,49,26,10,860.0,8600.0
2021021405001357,PLI,49,35,10,860.0,8600.0
2021021405001356,PLI,45,17,10,859.0,8590.0
2021021405001355,PLI,45,17,10,859.0,8590.0
2021021405001354,PLI,45,47,10,859.0,8590.0
2021021405001365,PLI,45,21,10,859.0,8590.0
2021021405001364,PLI,45,17,10,859.0,8590.0
2021021405001363,PLI,45,50,10,859.0,8590.0
2021021405001362,PLI,45,59,10,859.0,8590.0
2021021405001361,PLI,45,39,10,860.0,8600.0
2021021405001360,PLI,45,17,10,859.0,8590.0
2021021405001371,PLI,45,21,10,859.0,8590.0
2021021405001370,PLI,45,39,10,860.0,8600.0
2021021405001369,PLI,45,38,10,859.0,8590.0
2021021405001368,PLI,45,17,10,859.0,8590.0
2021021405001367,PLI,45,51,10,859.0,8590.0
2021021405001366,PLI,45,58,10,859.0,8590.0
2021021405001377,PLI,32,22,10,857.0,8570.0
2021021405001376,PLI,4,22,90,857.0,77130.0
2021021405001375,PLI,48,22,100,857.0,85700.0
2021021405001374,PLI,42,22,50,857.0,42850.0
2021021405001373,PLI,21,22,100,858.0,85800.0
2021021405001372,PLI,47,22,90,858.0,77220.0
2021021405001383,PLI,45,17,10,856.0,8560.0
2021021405001382,PLI,45,52,10,859.0,8590.0
2021021405001381,PLI,45,17,10,856.0,8560.0
2021021405001380,PLI,45,38,10,856.0,8560.0
2021021405001379,PLI,13,22,60,857.0,51420.0
2021021405001378,PLI,6,22,500,857.0,428500.0
2021021405001389,PLI,42,42,10,859.0,8590.0
2021021405001388,PLI,42,57,10,859.0,8590.0
2021021405001387,PLI,42,22,10,859.0,8590.0
2021021405001386,PLI,42,36,10,859.0,8590.0
2021021405001385,PLI,45,38,10,856.0,8560.0
2021021405001384,PLI,42,46,10,860.0,8600.0
2021021405001395,PLI,20,45,10,856.0,8560.0
2021021405001394,PLI,20,40,10,856.0,8560.0
2021021405001393,PLI,20,21,10,856.0,8560.0
2021021405001392,PLI,20,38,10,856.0,8560.0
2021021405001391,PLI,45,5,10,856.0,8560.0
2021021405001390,PLI,42,45,10,859.0,8590.0
2021021405001401,PLI,33,38,10,855.0,8550.0
2021021405001400,PLI,57,22,10,855.0,8550.0
2021021405001399,PLI,6,36,10,860.0,8600.0
2021021405001398,PLI,57,45,10,855.0,8550.0
2021021405001397,PLI,52,39,10,855.0,8550.0
2021021405001396,PLI,20,45,10,856.0,8560.0
2021021405001407,PLI,33,38,10,855.0,8550.0
2021021405001406,PLI,33,38,10,855.0,8550.0
2021021405001405,PLI,33,45,10,855.0,8550.0
2021021405001404,PLI,17,42,10,856.0,8560.0
2021021405001403,PLI,33,1,10,855.0,8550.0
2021021405001402,PLI,33,58,10,855.0,8550.0
2021021405001413,PLI,33,40,10,855.0,8550.0
2021021405001412,PLI,58,41,10,856.0,8560.0
2021021405001411,PLI,58,55,10,856.0,8560.0
2021021405001410,PLI,33,6,10,855.0,8550.0
2021021405001409,PLI,33,40,10,855.0,8550.0
2021021405001408,PLI,33,28,10,855.0,8550.0
2021021405001419,PLI,45,40,10,856.0,8560.0
2021021405001418,PLI,45,38,10,856.0,8560.0
2021021405001417,PLI,45,45,10,856.0,8560.0
2021021405001416,PLI,45,41,10,856.0,8560.0
2021021405001415,PLI,33,38,10,855.0,8550.0
2021021405001414,PLI,33,21,10,855.0,8550.0
2021021405001425,PLI,45,58,10,856.0,8560.0
2021021405001424,PLI,45,38,10,856.0,8560.0
2021021405001423,PLI,45,40,10,856.0,8560.0
2021021405001422,PLI,45,38,10,856.0,8560.0
2021021405001421,PLI,45,38,10,856.0,8560.0
2021021405001420,PLI,45,38,10,856.0,8560.0
2021021405001431,PLI,45,14,10,856.0,8560.0
2021021405001430,PLI,45,36,10,856.0,8560.0
2021021405001429,PLI,45,58,10,856.0,8560.0
2021021405001428,PLI,45,33,10,856.0,8560.0
2021021405001427,PLI,45,16,10,856.0,8560.0
2021021405001426,PLI,45,40,10,856.0,8560.0
2021021405001437,PLI,45,38,10,856.0,8560.0
2021021405001436,PLI,45,14,10,856.0,8560.0
2021021405001435,PLI,45,38,10,856.0,8560.0
2021021405001434,PLI,45,38,10,856.0,8560.0
2021021405001433,PLI,45,14,10,856.0,8560.0
2021021405001432,PLI,45,35,10,856.0,8560.0
2021021405000943,PLI,58,38,10,867.0,8670.0
2021021405000942,PLI,39,43,10,868.0,8680.0
2021021405000941,PLI,17,43,10,868.0,8680.0
2021021405000940,PLI,41,58,10,868.0,8680.0
2021021405000939,PLI,41,25,40,868.0,34720.0
2021021405000938,PLI,45,25,60,868.0,52080.0
2021021405000445,PLI,49,58,10,862.0,8620.0
2021021405000444,PLI,33,58,10,863.0,8630.0
2021021405000451,PLI,45,53,10,862.0,8620.0
2021021405000450,PLI,57,8,10,861.0,8610.0
2021021405000449,PLI,57,32,40,861.0,34440.0
2021021405000448,PLI,49,32,70,862.0,60340.0
2021021405000447,PLI,49,57,10,862.0,8620.0
2021021405000446,PLI,49,38,10,862.0,8620.0
2021021405000457,PLI,45,1,40,865.0,34600.0
2021021405000456,PLI,45,41,10,864.0,8640.0
2021021405000455,PLI,45,22,10,864.0,8640.0
2021021405000454,PLI,45,21,10,864.0,8640.0
2021021405000453,PLI,45,3,10,864.0,8640.0
2021021405000452,PLI,45,38,10,862.0,8620.0
2021021405000463,PLI,45,52,10,865.0,8650.0
2021021405000462,PLI,45,45,10,865.0,8650.0
2021021405000461,PLI,45,35,10,865.0,8650.0
2021021405000460,PLI,45,17,500,865.0,432500.0
2021021405000459,PLI,45,45,10,865.0,8650.0
2021021405000458,PLI,45,45,10,865.0,8650.0
2021021405000469,PLI,45,21,10,865.0,8650.0
2021021405000468,PLI,45,20,40,865.0,34600.0
2021021405000467,PLI,45,38,10,865.0,8650.0
2021021405000466,PLI,45,28,10,865.0,8650.0
2021021405000465,PLI,45,25,10,865.0,8650.0
2021021405000464,PLI,45,28,20,865.0,17300.0
2021021405000475,PLI,45,52,10,865.0,8650.0
2021021405000474,PLI,45,38,10,865.0,8650.0
2021021405000473,PLI,45,38,10,865.0,8650.0
2021021405000472,PLI,45,54,10,865.0,8650.0
2021021405000471,PLI,45,22,10,865.0,8650.0
2021021405000470,PLI,45,56,10,865.0,8650.0
2021021405000481,PLI,45,38,10,865.0,8650.0
2021021405000480,PLI,45,53,10,865.0,8650.0
2021021405000479,PLI,45,29,10,865.0,8650.0
2021021405000478,PLI,45,58,10,865.0,8650.0
2021021405000477,PLI,45,38,10,865.0,8650.0
2021021405000476,PLI,45,57,10,865.0,8650.0
2021021405000487,PLI,48,57,20,865.0,17300.0
2021021405000486,PLI,52,57,10,865.0,8650.0
2021021405000485,PLI,45,57,100,865.0,86500.0
2021021405000484,PLI,45,38,10,865.0,8650.0
2021021405000483,PLI,45,21,10,865.0,8650.0
2021021405000482,PLI,45,38,10,865.0,8650.0
2021021405000493,PLI,48,39,10,865.0,8650.0
2021021405000492,PLI,59,17,40,866.0,34640.0
2021021405000491,PLI,59,42,10,866.0,8660.0
2021021405000490,PLI,48,4,10,865.0,8650.0
2021021405000489,PLI,48,52,10,865.0,8650.0
2021021405000488,PLI,48,57,10,865.0,8650.0
2021021405000499,PLI,58,52,10,865.0,8650.0
2021021405000498,PLI,58,57,10,865.0,8650.0
2021021405000497,PLI,58,38,10,865.0,8650.0
2021021405000496,PLI,58,58,10,865.0,8650.0
2021021405000495,PLI,58,57,10,865.0,8650.0
2021021405000494,PLI,48,6,10,865.0,8650.0
2021021405000505,PLI,58,36,10,865.0,8650.0
2021021405000504,PLI,21,17,22,866.0,19052.0
2021021405000503,PLI,22,17,60,866.0,51960.0
2021021405000502,PLI,58,58,10,865.0,8650.0
2021021405000501,PLI,58,18,10,865.0,8650.0
2021021405000500,PLI,58,46,10,865.0,8650.0
2021021405000511,PLI,42,49,10,862.0,8620.0
2021021405000510,PLI,14,52,10,865.0,8650.0
2021021405000509,PLI,14,49,10,865.0,8650.0
2021021405000508,PLI,14,17,180,865.0,155700.0
2021021405000507,PLI,7,17,10,865.0,8650.0
2021021405000506,PLI,58,17,10,865.0,8650.0
2021021405000517,PLI,57,18,10,865.0,8650.0
2021021405000516,PLI,57,39,10,865.0,8650.0
2021021405000515,PLI,5,58,10,865.0,8650.0
2021021405000514,PLI,5,47,10,865.0,8650.0
2021021405000513,PLI,5,45,10,865.0,8650.0
2021021405000512,PLI,5,57,20,865.0,17300.0
2021021405000523,PLI,6,58,10,865.0,8650.0
2021021405000522,PLI,5,57,10,865.0,8650.0
2021021405000521,PLI,57,34,10,865.0,8650.0
2021021405000520,PLI,35,17,10,866.0,8660.0
2021021405000519,PLI,57,58,10,865.0,8650.0
2021021405000518,PLI,57,48,10,865.0,8650.0
2021021405000529,PLI,58,58,10,865.0,8650.0
2021021405000528,PLI,58,34,10,862.0,8620.0
2021021405000527,PLI,42,52,10,862.0,8620.0
2021021405000526,PLI,6,1,10,865.0,8650.0
2021021405000525,PLI,6,39,10,865.0,8650.0
2021021405000524,PLI,6,32,10,865.0,8650.0
2021021405000535,PLI,22,17,50,866.0,43300.0
2021021405000534,PLI,57,40,10,861.0,8610.0
2021021405000533,PLI,57,36,10,861.0,8610.0
2021021405000532,PLI,57,34,10,861.0,8610.0
2021021405000531,PLI,58,17,270,866.0,233820.0
2021021405000530,PLI,58,57,10,865.0,8650.0
2021021405000541,PLI,36,58,40,859.0,34360.0
2021021405000540,PLI,5,58,100,860.0,86000.0
2021021405000539,PLI,51,58,40,860.0,34400.0
2021021405000538,PLI,58,58,20,860.0,17200.0
2021021405000537,PLI,57,45,10,861.0,8610.0
2021021405000536,PLI,57,36,10,861.0,8610.0
2021021405000547,PLI,7,11,10,865.0,8650.0
2021021405000546,PLI,7,57,10,861.0,8610.0
2021021405000545,PLI,7,26,10,861.0,8610.0
2021021405000544,PLI,57,18,10,860.0,8600.0
2021021405000543,PLI,57,40,10,860.0,8600.0
2021021405000542,PLI,57,45,10,860.0,8600.0
2021021405000553,PLI,52,40,10,865.0,8650.0
2021021405000552,PLI,51,42,10,861.0,8610.0
2021021405000551,PLI,51,49,10,861.0,8610.0
2021021405000550,PLI,51,44,10,861.0,8610.0
2021021405000549,PLI,11,26,10,862.0,8620.0
2021021405000548,PLI,7,43,30,865.0,25950.0
2021021405000559,PLI,52,17,48,866.0,41568.0
2021021405000558,PLI,52,38,10,865.0,8650.0
2021021405000557,PLI,52,35,10,865.0,8650.0
2021021405000556,PLI,52,41,10,865.0,8650.0
2021021405000555,PLI,52,43,10,865.0,8650.0
2021021405000554,PLI,52,58,10,865.0,8650.0
2021021405000565,PLI,51,49,10,861.0,8610.0
2021021405000564,PLI,52,32,50,866.0,43300.0
2021021405000563,PLI,52,41,10,866.0,8660.0
2021021405000562,PLI,52,11,10,866.0,8660.0
2021021405000561,PLI,52,4,10,866.0,8660.0
2021021405000560,PLI,52,8,10,866.0,8660.0
2021021405000571,PLI,6,29,10,864.0,8640.0
2021021405000570,PLI,36,38,10,862.0,8620.0
2021021405000569,PLI,36,56,10,862.0,8620.0
2021021405000568,PLI,36,29,10,862.0,8620.0
2021021405000567,PLI,36,38,10,862.0,8620.0
2021021405000566,PLI,51,44,10,861.0,8610.0
2021021405000577,PLI,6,52,10,865.0,8650.0
2021021405000576,PLI,6,29,10,865.0,8650.0
2021021405000575,PLI,6,21,10,865.0,8650.0
2021021405000574,PLI,6,19,10,865.0,8650.0
2021021405000573,PLI,6,56,10,865.0,8650.0
2021021405000572,PLI,6,29,10,865.0,8650.0
2021021405000583,PLI,14,43,10,865.0,8650.0
2021021405000582,PLI,36,43,10,865.0,8650.0
2021021405000581,PLI,54,44,10,863.0,8630.0
2021021405000580,PLI,54,29,10,863.0,8630.0
2021021405000579,PLI,6,43,20,865.0,17300.0
2021021405000578,PLI,6,58,10,865.0,8650.0
2021021405000589,PLI,54,22,10,865.0,8650.0
2021021405000588,PLI,54,58,10,865.0,8650.0
2021021405000587,PLI,54,41,10,865.0,8650.0
2021021405000586,PLI,54,53,10,865.0,8650.0
2021021405000585,PLI,54,47,10,865.0,8650.0
2021021405000584,PLI,54,43,10,865.0,8650.0
2021021405000595,PLI,44,11,10,866.0,8660.0
2021021405000594,PLI,44,34,10,866.0,8660.0
2021021405000593,PLI,44,47,10,866.0,8660.0
2021021405000592,PLI,54,56,10,865.0,8650.0
2021021405000591,PLI,54,51,10,865.0,8650.0
2021021405000590,PLI,54,44,10,865.0,8650.0
2021021405000601,PLI,44,21,10,868.0,8680.0
2021021405000600,PLI,44,48,10,868.0,8680.0
2021021405000599,PLI,44,29,10,868.0,8680.0
2021021405000598,PLI,44,4,10,867.0,8670.0
2021021405000597,PLI,44,48,10,867.0,8670.0
2021021405000596,PLI,44,37,50,866.0,43300.0
2021021405000607,PLI,54,58,10,865.0,8650.0
2021021405000606,PLI,44,43,30,868.0,26040.0
2021021405000605,PLI,44,38,10,868.0,8680.0
2021021405000604,PLI,44,49,10,868.0,8680.0
2021021405000603,PLI,44,21,10,868.0,8680.0
2021021405000602,PLI,44,16,10,868.0,8680.0
2021021405000613,PLI,49,36,10,867.0,8670.0
2021021405000612,PLI,49,50,10,867.0,8670.0
2021021405000611,PLI,49,52,10,867.0,8670.0
2021021405000610,PLI,3,43,90,868.0,78120.0
2021021405000609,PLI,34,44,10,866.0,8660.0
2021021405000608,PLI,34,58,10,866.0,8660.0
2021021405000619,PLI,34,38,20,868.0,17360.0
2021021405000618,PLI,34,39,10,868.0,8680.0
2021021405000617,PLI,34,48,10,868.0,8680.0
2021021405000616,PLI,34,43,80,868.0,69440.0
2021021405000615,PLI,49,44,10,867.0,8670.0
2021021405000614,PLI,49,56,10,867.0,8670.0
2021021405000625,PLI,48,39,90,868.0,78120.0
2021021405000624,PLI,35,13,100,869.0,86900.0
2021021405000623,PLI,48,41,10,868.0,8680.0
2021021405000622,PLI,35,13,100,869.0,86900.0
2021021405000621,PLI,52,58,10,868.0,8680.0
2021021405000620,PLI,34,38,80,868.0,69440.0
2021021405000631,PLI,26,21,10,868.0,8680.0
2021021405000630,PLI,29,21,15,868.0,13020.0
2021021405000629,PLI,26,21,50,868.0,43400.0
2021021405000628,PLI,26,28,10,868.0,8680.0
2021021405000627,PLI,26,56,10,868.0,8680.0
2021021405000626,PLI,26,43,50,868.0,43400.0
2021021405000637,PLI,33,45,10,869.0,8690.0
2021021405000636,PLI,33,13,300,869.0,260700.0
2021021405000635,PLI,46,21,125,865.0,108125.0
2021021405000634,PLI,46,21,20,865.0,17300.0
2021021405000633,PLI,46,21,10,865.0,8650.0
2021021405000632,PLI,49,21,50,867.0,43350.0
2021021405000643,PLI,17,52,10,868.0,8680.0
2021021405000642,PLI,17,56,10,868.0,8680.0
2021021405000641,PLI,33,51,10,869.0,8690.0
2021021405000640,PLI,33,52,10,869.0,8690.0
2021021405000639,PLI,33,43,160,869.0,139040.0
2021021405000638,PLI,33,51,10,869.0,8690.0
2021021405000649,PLI,46,56,10,865.0,8650.0
2021021405000648,PLI,45,41,10,868.0,8680.0
2021021405000647,PLI,45,21,10,868.0,8680.0
2021021405000646,PLI,45,38,10,868.0,8680.0
2021021405000645,PLI,17,44,10,868.0,8680.0
2021021405000644,PLI,17,58,10,868.0,8680.0
2021021405000655,PLI,55,56,10,868.0,8680.0
2021021405000654,PLI,55,38,10,868.0,8680.0
2021021405000653,PLI,46,41,10,865.0,8650.0
2021021405000652,PLI,46,58,10,865.0,8650.0
2021021405000651,PLI,26,58,10,869.0,8690.0
2021021405000650,PLI,26,44,10,869.0,8690.0
2021021405000661,PLI,57,35,10,868.0,8680.0
2021021405000660,PLI,57,36,10,868.0,8680.0
2021021405000659,PLI,57,51,10,868.0,8680.0
2021021405000658,PLI,55,51,10,868.0,8680.0
2021021405000657,PLI,55,22,10,868.0,8680.0
2021021405000656,PLI,55,6,10,868.0,8680.0
2021021405000667,PLI,35,32,10,869.0,8690.0
2021021405000666,PLI,35,35,10,869.0,8690.0
2021021405000665,PLI,35,58,10,868.0,8680.0
2021021405000664,PLI,46,19,10,865.0,8650.0
2021021405000663,PLI,57,58,10,868.0,8680.0
2021021405000662,PLI,57,56,10,868.0,8680.0
2021021405000673,PLI,46,56,10,865.0,8650.0
2021021405000672,PLI,57,45,10,867.0,8670.0
2021021405000671,PLI,35,50,50,869.0,43450.0
2021021405000670,PLI,35,41,10,869.0,8690.0
2021021405000669,PLI,35,35,10,869.0,8690.0
2021021405000668,PLI,35,26,100,869.0,86900.0
2021021405000679,PLI,46,56,10,865.0,8650.0
2021021405000678,PLI,46,58,200,865.0,173000.0
2021021405000677,PLI,46,38,10,865.0,8650.0
2021021405000676,PLI,46,49,10,865.0,8650.0
2021021405000675,PLI,46,38,10,865.0,8650.0
2021021405000674,PLI,46,32,10,865.0,8650.0
2021021405000685,PLI,46,19,10,865.0,8650.0
2021021405000684,PLI,46,45,10,865.0,8650.0
2021021405000683,PLI,46,54,10,865.0,8650.0
2021021405000682,PLI,46,6,10,865.0,8650.0
2021021405000681,PLI,46,58,10,865.0,8650.0
2021021405000680,PLI,46,32,10,865.0,8650.0
2021021405000691,PLI,33,41,50,867.0,43350.0
2021021405000690,PLI,33,13,10,867.0,8670.0
2021021405000689,PLI,33,57,10,867.0,8670.0
2021021405000688,PLI,53,57,10,865.0,8650.0
2021021405000687,PLI,53,22,10,865.0,8650.0
2021021405000686,PLI,46,44,10,865.0,8650.0
2021021405000697,PLI,3,16,10,865.0,8650.0
2021021405000696,PLI,45,14,10,865.0,8650.0
2021021405000695,PLI,45,13,10,865.0,8650.0
2021021405000694,PLI,33,39,10,867.0,8670.0
2021021405000693,PLI,33,45,10,867.0,8670.0
2021021405000692,PLI,33,13,10,867.0,8670.0
2021021405000703,PLI,26,59,20,865.0,17300.0
2021021405000702,PLI,14,59,10,865.0,8650.0
2021021405000701,PLI,45,33,10,864.0,8640.0
2021021405000700,PLI,45,17,10,864.0,8640.0
2021021405000699,PLI,41,59,20,865.0,17300.0
2021021405000698,PLI,49,59,100,865.0,86500.0
2021021405000709,PLI,45,6,10,864.0,8640.0
2021021405000708,PLI,36,50,150,865.0,129750.0
2021021405000707,PLI,45,28,10,864.0,8640.0
2021021405000706,PLI,45,3,10,864.0,8640.0
2021021405000705,PLI,26,50,50,865.0,43250.0
2021021405000704,PLI,26,56,10,865.0,8650.0
2021021405000715,PLI,45,55,10,864.0,8640.0
2021021405000714,PLI,16,50,50,865.0,43250.0
2021021405000713,PLI,22,50,10,865.0,8650.0
2021021405000712,PLI,45,21,10,864.0,8640.0
2021021405000711,PLI,45,56,10,864.0,8640.0
2021021405000710,PLI,45,3,10,864.0,8640.0
2021021405000721,PLI,58,50,25,865.0,21625.0
2021021405000720,PLI,45,36,10,864.0,8640.0
2021021405000719,PLI,45,51,10,864.0,8640.0
2021021405000718,PLI,45,38,10,864.0,8640.0
2021021405000717,PLI,45,22,10,864.0,8640.0
2021021405000716,PLI,45,56,10,864.0,8640.0
2021021405000727,PLI,11,49,90,863.0,77670.0
2021021405000726,PLI,11,49,20,864.0,17280.0
2021021405000725,PLI,34,50,100,865.0,86500.0
2021021405000724,PLI,11,56,10,864.0,8640.0
2021021405000723,PLI,11,58,10,864.0,8640.0
2021021405000722,PLI,11,11,10,864.0,8640.0
2021021405000733,PLI,17,20,10,862.0,8620.0
2021021405000732,PLI,17,36,10,862.0,8620.0
2021021405000731,PLI,17,52,10,862.0,8620.0
2021021405000730,PLI,51,13,10,861.0,8610.0
2021021405000729,PLI,51,56,10,861.0,8610.0
2021021405000728,PLI,11,57,10,863.0,8630.0
2021021405000739,PLI,17,36,10,862.0,8620.0
2021021405000738,PLI,7,14,10,864.0,8640.0
2021021405000737,PLI,7,50,10,864.0,8640.0
2021021405000736,PLI,7,50,10,864.0,8640.0
2021021405000735,PLI,17,57,10,862.0,8620.0
2021021405000734,PLI,17,44,10,862.0,8620.0
2021021405000745,PLI,17,58,10,864.0,8640.0
2021021405000744,PLI,51,13,10,861.0,8610.0
2021021405000743,PLI,17,40,10,862.0,8620.0
2021021405000742,PLI,17,58,10,862.0,8620.0
2021021405000741,PLI,17,58,10,862.0,8620.0
2021021405000740,PLI,17,40,10,862.0,8620.0
2021021405000751,PLI,13,36,10,861.0,8610.0
2021021405000750,PLI,51,56,10,861.0,8610.0
2021021405000749,PLI,51,44,10,861.0,8610.0
2021021405000748,PLI,35,50,40,865.0,34600.0
2021021405000747,PLI,35,13,10,864.0,8640.0
2021021405000746,PLI,17,50,15,865.0,12975.0
2021021405000757,PLI,45,6,10,865.0,8650.0
2021021405000756,PLI,45,22,10,865.0,8650.0
2021021405000755,PLI,45,47,10,865.0,8650.0
2021021405000754,PLI,45,50,60,865.0,51900.0
2021021405000753,PLI,45,11,10,862.0,8620.0
2021021405000752,PLI,45,11,10,862.0,8620.0
2021021405000763,PLI,13,56,10,861.0,8610.0
2021021405000762,PLI,45,57,25,865.0,21625.0
2021021405000761,PLI,45,57,10,865.0,8650.0
2021021405000760,PLI,45,34,10,865.0,8650.0
2021021405000759,PLI,45,21,10,865.0,8650.0
2021021405000758,PLI,45,35,10,865.0,8650.0
2021021405000769,PLI,45,49,10,861.0,8610.0
2021021405000768,PLI,45,56,10,861.0,8610.0
2021021405000767,PLI,13,39,10,861.0,8610.0
2021021405000766,PLI,21,57,50,865.0,43250.0
2021021405000765,PLI,13,39,10,861.0,8610.0
2021021405000764,PLI,13,56,10,861.0,8610.0
2021021405000775,PLI,49,36,10,862.0,8620.0
2021021405000774,PLI,49,47,10,862.0,8620.0
2021021405000773,PLI,49,38,10,862.0,8620.0
2021021405000772,PLI,49,19,10,862.0,8620.0
2021021405000771,PLI,45,38,10,861.0,8610.0
2021021405000770,PLI,45,6,10,861.0,8610.0
2021021405000781,PLI,49,6,10,862.0,8620.0
2021021405000780,PLI,49,37,10,862.0,8620.0
2021021405000779,PLI,49,39,10,862.0,8620.0
2021021405000778,PLI,10,46,10,864.0,8640.0
2021021405000777,PLI,10,34,10,864.0,8640.0
2021021405000776,PLI,49,39,10,862.0,8620.0
2021021405000787,PLI,10,45,10,862.0,8620.0
2021021405000786,PLI,41,49,40,865.0,34600.0
2021021405000785,PLI,41,52,10,864.0,8640.0
2021021405000784,PLI,10,8,10,862.0,8620.0
2021021405000783,PLI,49,19,10,862.0,8620.0
2021021405000782,PLI,49,33,10,862.0,8620.0
2021021405000793,PLI,42,45,10,862.0,8620.0
2021021405000792,PLI,42,28,10,862.0,8620.0
2021021405000791,PLI,42,51,10,862.0,8620.0
2021021405000790,PLI,42,57,10,862.0,8620.0
2021021405000789,PLI,48,45,10,862.0,8620.0
2021021405000788,PLI,56,49,40,865.0,34600.0
2021021405000799,PLI,42,8,10,864.0,8640.0
2021021405000798,PLI,42,32,10,864.0,8640.0
2021021405000797,PLI,42,32,10,862.0,8620.0
2021021405000796,PLI,42,45,10,862.0,8620.0
2021021405000795,PLI,42,4,10,862.0,8620.0
2021021405000794,PLI,42,4,10,862.0,8620.0
2021021405000805,PLI,42,39,10,862.0,8620.0
2021021405000804,PLI,42,8,10,862.0,8620.0
2021021405000803,PLI,42,19,10,862.0,8620.0
2021021405000802,PLI,42,37,10,862.0,8620.0
2021021405000801,PLI,26,8,10,864.0,8640.0
2021021405000800,PLI,26,59,10,864.0,8640.0
2021021405000811,PLI,16,32,10,863.0,8630.0
2021021405000810,PLI,16,22,10,863.0,8630.0
2021021405000809,PLI,16,8,10,863.0,8630.0
2021021405000808,PLI,16,38,10,863.0,8630.0
2021021405000807,PLI,16,58,10,863.0,8630.0
2021021405000806,PLI,16,8,10,863.0,8630.0
2021021405000817,PLI,16,29,60,863.0,51780.0
2021021405000816,PLI,16,38,10,863.0,8630.0
2021021405000815,PLI,16,49,500,863.0,431500.0
2021021405000814,PLI,16,40,10,863.0,8630.0
2021021405000813,PLI,16,36,10,863.0,8630.0
2021021405000812,PLI,16,54,100,863.0,86300.0
2021021405000823,PLI,39,17,10,864.0,8640.0
2021021405000822,PLI,39,17,10,864.0,8640.0
2021021405000821,PLI,39,42,10,864.0,8640.0
2021021405000820,PLI,16,8,10,863.0,8630.0
2021021405000819,PLI,16,51,10,863.0,8630.0
2021021405000818,PLI,16,56,10,863.0,8630.0
2021021405000829,PLI,16,39,10,863.0,8630.0
2021021405000828,PLI,16,51,10,863.0,8630.0
2021021405000827,PLI,16,19,10,863.0,8630.0
2021021405000826,PLI,39,59,10,864.0,8640.0
2021021405000825,PLI,39,52,10,864.0,8640.0
2021021405000824,PLI,39,52,10,864.0,8640.0
2021021405000835,PLI,16,49,10,864.0,8640.0
2021021405000834,PLI,16,51,10,864.0,8640.0
2021021405000833,PLI,6,49,10,865.0,8650.0
2021021405000832,PLI,26,1,10,864.0,8640.0
2021021405000831,PLI,26,6,10,864.0,8640.0
2021021405000830,PLI,16,49,10,863.0,8630.0
2021021405000841,PLI,16,47,10,864.0,8640.0
2021021405000840,PLI,16,43,10,864.0,8640.0
2021021405000839,PLI,16,55,10,864.0,8640.0
2021021405000838,PLI,16,37,10,864.0,8640.0
2021021405000837,PLI,16,58,10,864.0,8640.0
2021021405000836,PLI,16,53,20,864.0,17280.0
2021021405000847,PLI,26,17,10,864.0,8640.0
2021021405000846,PLI,26,46,10,864.0,8640.0
2021021405000845,PLI,26,32,40,864.0,34560.0
2021021405000844,PLI,25,32,10,864.0,8640.0
2021021405000843,PLI,25,46,10,864.0,8640.0
2021021405000842,PLI,16,51,10,864.0,8640.0
2021021405000853,PLI,49,38,10,865.0,8650.0
2021021405000852,PLI,49,54,190,865.0,164350.0
2021021405000851,PLI,49,49,660,865.0,570900.0
2021021405000850,PLI,49,4,10,864.0,8640.0
2021021405000849,PLI,49,34,10,864.0,8640.0
2021021405000848,PLI,16,1,10,863.0,8630.0
2021021405000859,PLI,49,52,10,865.0,8650.0
2021021405000858,PLI,49,3,10,865.0,8650.0
2021021405000857,PLI,49,14,10,865.0,8650.0
2021021405000856,PLI,49,45,10,865.0,8650.0
2021021405000855,PLI,49,57,10,865.0,8650.0
2021021405000854,PLI,49,34,10,865.0,8650.0
2021021405000865,PLI,49,47,10,865.0,8650.0
2021021405000864,PLI,49,51,10,865.0,8650.0
2021021405000863,PLI,49,51,10,865.0,8650.0
2021021405000862,PLI,49,42,10,865.0,8650.0
2021021405000861,PLI,49,20,10,865.0,8650.0
2021021405000860,PLI,49,51,10,865.0,8650.0
2021021405000871,PLI,49,49,10,865.0,8650.0
2021021405000870,PLI,49,58,10,865.0,8650.0
2021021405000869,PLI,49,41,10,865.0,8650.0
2021021405000868,PLI,49,52,10,865.0,8650.0
2021021405000867,PLI,49,13,10,865.0,8650.0
2021021405000866,PLI,49,49,10,865.0,8650.0
2021021405000877,PLI,49,19,10,865.0,8650.0
2021021405000876,PLI,49,47,10,865.0,8650.0
2021021405000875,PLI,49,39,10,865.0,8650.0
2021021405000874,PLI,49,41,10,865.0,8650.0
2021021405000873,PLI,49,51,10,865.0,8650.0
2021021405000872,PLI,49,38,10,865.0,8650.0
2021021405000883,PLI,37,58,10,866.0,8660.0
2021021405000882,PLI,37,52,10,866.0,8660.0
2021021405000881,PLI,49,52,10,865.0,8650.0
2021021405000880,PLI,49,47,10,865.0,8650.0
2021021405000879,PLI,49,1,10,865.0,8650.0
2021021405000878,PLI,49,58,10,865.0,8650.0
2021021405000889,PLI,21,16,10,867.0,8670.0
2021021405000888,PLI,37,56,10,866.0,8660.0
2021021405000887,PLI,37,38,10,866.0,8660.0
2021021405000886,PLI,37,32,10,866.0,8660.0
2021021405000885,PLI,37,51,10,866.0,8660.0
2021021405000884,PLI,37,3,100,866.0,86600.0
2021021405000895,PLI,58,32,10,867.0,8670.0
2021021405000894,PLI,58,52,10,867.0,8670.0
2021021405000893,PLI,58,32,10,867.0,8670.0
2021021405000892,PLI,58,57,10,867.0,8670.0
2021021405000891,PLI,58,21,10,867.0,8670.0
2021021405000890,PLI,58,21,10,867.0,8670.0
2021021405000901,PLI,37,38,10,868.0,8680.0
2021021405000900,PLI,37,42,30,868.0,26040.0
2021021405000899,PLI,37,58,10,868.0,8680.0
2021021405000898,PLI,37,38,10,868.0,8680.0
2021021405000897,PLI,37,7,10,868.0,8680.0
2021021405000896,PLI,6,7,10,868.0,8680.0
2021021405000907,PLI,45,38,10,868.0,8680.0
2021021405000906,PLI,37,58,40,869.0,34760.0
2021021405000905,PLI,37,55,10,869.0,8690.0
2021021405000904,PLI,37,50,210,869.0,182490.0
2021021405000903,PLI,37,58,10,868.0,8680.0
2021021405000902,PLI,37,58,10,868.0,8680.0
2021021405000913,PLI,45,34,10,868.0,8680.0
2021021405000912,PLI,45,45,25,868.0,21700.0
2021021405000911,PLI,45,37,10,868.0,8680.0
2021021405000910,PLI,45,38,20,868.0,17360.0
2021021405000909,PLI,45,32,10,868.0,8680.0
2021021405000908,PLI,45,58,10,868.0,8680.0
2021021405000919,PLI,10,58,40,869.0,34760.0
2021021405000918,PLI,47,34,10,868.0,8680.0
2021021405000917,PLI,47,41,10,868.0,8680.0
2021021405000916,PLI,47,49,10,868.0,8680.0
2021021405000915,PLI,47,32,10,868.0,8680.0
2021021405000914,PLI,6,51,10,868.0,8680.0
2021021405000925,PLI,58,38,10,868.0,8680.0
2021021405000924,PLI,58,3,10,868.0,8680.0
2021021405000923,PLI,58,57,10,868.0,8680.0
2021021405000922,PLI,58,56,10,867.0,8670.0
2021021405000921,PLI,58,4,10,867.0,8670.0
2021021405000920,PLI,47,56,10,868.0,8680.0
2021021405000931,PLI,57,38,10,868.0,8680.0
2021021405000930,PLI,58,58,10,867.0,8670.0
2021021405000929,PLI,34,44,40,869.0,34760.0
2021021405000928,PLI,58,57,10,867.0,8670.0
2021021405000927,PLI,58,38,10,868.0,8680.0
2021021405000926,PLI,58,58,10,868.0,8680.0
2021021405000937,PLI,45,59,10,868.0,8680.0
2021021405000936,PLI,45,6,10,868.0,8680.0
2021021405000935,PLI,45,3,10,868.0,8680.0
2021021405000934,PLI,32,44,10,869.0,8690.0
2021021405000933,PLI,45,56,10,868.0,8680.0
2021021405000932,PLI,57,34,10,868.0,8680.0
2021021404016611,AHPC,1,14,127,303.0,38481.0
2021021404016610,AHPC,58,14,500,303.0,151500.0
2021021404016609,AHPC,58,14,"1,369",303.0,414807.0
2021021404016608,AHPC,58,10,431,303.0,130593.0
2021021404016595,AHPC,1,49,"1,500",304.0,456000.0
2021021404016598,AKPL,55,26,"1,000",331.0,331000.0
2021021404016597,AKPL,55,10,80,331.0,26480.0
2021021404016596,AKPL,55,10,950,331.0,314450.0
2021021404016629,CHCL,16,33,100,576.0,57600.0
2021021404016636,DHPL,56,58,10,114.0,1140.0
2021021404016602,HURJA,38,45,15,245.0,3675.0
2021021404016601,HURJA,38,22,20,244.0,4880.0
2021021404016600,HURJA,38,34,15,244.0,3660.0
2021021404016599,HURJA,38,17,150,242.0,36300.0
2021021404016619,LGIL,6,13,100,771.0,77100.0
2021021404016650,MEN,50,4,370,613.0,226810.0
2021021404016649,MEN,41,4,500,614.0,307000.0
2021021404016648,MEN,45,4,40,614.0,24560.0
2021021404016647,MEN,13,4,100,615.0,61500.0
2021021404016646,MEN,6,4,30,615.0,18450.0
2021021404016645,MEN,53,4,20,615.0,12300.0
2021021404016644,MEN,32,4,10,615.0,6150.0
2021021404016643,MEN,45,4,50,615.0,30750.0
2021021404016642,MEN,45,4,400,615.0,246000.0
2021021404016641,MEN,21,4,20,616.0,12320.0
2021021404016640,MEN,36,4,460,616.0,283360.0
2021021404016616,NGPL,34,22,450,236.0,106200.0
2021021404016615,NGPL,34,26,11,236.0,2596.0
2021021404016614,NGPL,34,56,86,235.0,20210.0
2021021404016613,NGPL,34,59,193,235.0,45355.0
2021021404016612,NGPL,34,39,249,234.0,58266.0
2021021404016635,NHPC,50,19,100,134.0,13400.0
2021021404016639,NIL,42,59,90,1699.0,152910.0
2021021404016638,NIL,48,59,50,1699.0,84950.0
2021021404016637,NIL,22,59,100,1700.0,170000.0
2021021404016630,NLG,47,57,100,1115.0,111500.0
2021021404016594,PIC,36,53,40,1230.0,49200.0
2021021405000443,PLI,33,58,10,863.0,8630.0
2021021405000442,PLI,33,4,10,863.0,8630.0
2021021405000441,PLI,33,33,150,862.0,129300.0
2021021405000440,PLI,42,6,10,860.0,8600.0
2021021405000439,PLI,43,20,60,861.0,51660.0
2021021405000438,PLI,43,29,100,861.0,86100.0
2021021405000005,PLI,35,6,10,850.0,8500.0
2021021405000004,PLI,35,58,10,850.0,8500.0
2021021405000003,PLI,35,57,10,850.0,8500.0
2021021405000002,PLI,38,25,50,850.0,42500.0
2021021405000001,PLI,16,49,10,850.0,8500.0
2021021405000011,PLI,44,51,10,858.0,8580.0
2021021405000010,PLI,44,16,10,858.0,8580.0
2021021405000009,PLI,51,42,10,842.0,8420.0
2021021405000008,PLI,58,34,10,840.0,8400.0
2021021405000007,PLI,35,44,10,850.0,8500.0
2021021405000006,PLI,35,42,10,850.0,8500.0
2021021405000017,PLI,14,14,20,858.0,17160.0
2021021405000016,PLI,51,41,10,865.0,8650.0
2021021405000015,PLI,51,51,10,865.0,8650.0
2021021405000014,PLI,14,21,10,858.0,8580.0
2021021405000013,PLI,14,57,10,858.0,8580.0
2021021405000012,PLI,44,57,30,858.0,25740.0
2021021405000023,PLI,57,41,10,865.0,8650.0
2021021405000022,PLI,57,51,10,865.0,8650.0
2021021405000021,PLI,57,38,10,865.0,8650.0
2021021405000020,PLI,57,41,390,865.0,337350.0
2021021405000019,PLI,32,41,100,865.0,86500.0
2021021405000018,PLI,14,52,10,858.0,8580.0
2021021405000029,PLI,36,16,50,865.0,43250.0
2021021405000028,PLI,17,16,100,865.0,86500.0
2021021405000027,PLI,57,16,50,865.0,43250.0
2021021405000026,PLI,57,56,10,865.0,8650.0
2021021405000025,PLI,57,50,10,865.0,8650.0
2021021405000024,PLI,57,47,10,865.0,8650.0
2021021405000035,PLI,14,16,100,880.0,88000.0
2021021405000034,PLI,36,41,10,865.0,8650.0
2021021405000033,PLI,36,28,10,865.0,8650.0
2021021405000032,PLI,49,57,10,880.0,8800.0
2021021405000031,PLI,36,6,10,865.0,8650.0
2021021405000030,PLI,51,22,20,882.0,17640.0
2021021405000041,PLI,52,45,50,899.0,44950.0
2021021405000040,PLI,14,42,10,882.0,8820.0
2021021405000039,PLI,14,41,50,882.0,44100.0
2021021405000038,PLI,14,28,50,882.0,44100.0
2021021405000037,PLI,14,53,50,882.0,44100.0
2021021405000036,PLI,14,22,30,882.0,26460.0
2021021405000047,PLI,34,57,10,899.0,8990.0
2021021405000046,PLI,34,57,40,898.0,35920.0
2021021405000045,PLI,26,57,10,898.0,8980.0
2021021405000044,PLI,26,57,10,898.0,8980.0
2021021405000043,PLI,14,26,20,882.0,17640.0
2021021405000042,PLI,52,35,50,899.0,44950.0
2021021405000053,PLI,19,16,12,882.0,10584.0
2021021405000052,PLI,57,16,100,882.0,88200.0
2021021405000051,PLI,41,16,10,882.0,8820.0
2021021405000050,PLI,14,16,640,882.0,564480.0
2021021405000049,PLI,6,16,50,883.0,44150.0
2021021405000048,PLI,34,16,150,899.0,134850.0
2021021405000059,PLI,45,28,10,899.0,8990.0
2021021405000058,PLI,45,48,10,899.0,8990.0
2021021405000057,PLI,45,16,10,899.0,8990.0
2021021405000056,PLI,45,8,10,895.0,8950.0
2021021405000055,PLI,45,57,10,883.0,8830.0
2021021405000054,PLI,45,32,10,882.0,8820.0
2021021405000065,PLI,49,4,20,910.0,18200.0
2021021405000064,PLI,42,4,80,910.0,72800.0
2021021405000063,PLI,42,38,10,899.0,8990.0
2021021405000062,PLI,42,17,10,894.0,8940.0
2021021405000061,PLI,51,4,20,910.0,18200.0
2021021405000060,PLI,38,57,10,910.0,9100.0
2021021405000071,PLI,40,25,10,900.0,9000.0
2021021405000070,PLI,1,4,30,910.0,27300.0
2021021405000069,PLI,1,35,10,909.0,9090.0
2021021405000068,PLI,1,57,50,909.0,45450.0
2021021405000067,PLI,1,56,10,909.0,9090.0
2021021405000066,PLI,53,4,30,910.0,27300.0
2021021405000077,PLI,53,22,10,900.0,9000.0
2021021405000076,PLI,53,7,10,900.0,9000.0
2021021405000075,PLI,53,50,10,900.0,9000.0
2021021405000074,PLI,21,4,20,909.0,18180.0
2021021405000073,PLI,38,57,10,900.0,9000.0
2021021405000072,PLI,44,45,100,899.0,89900.0
2021021405000083,PLI,53,38,20,900.0,18000.0
2021021405000082,PLI,44,16,10,899.0,8990.0
2021021405000081,PLI,44,19,120,899.0,107880.0
2021021405000080,PLI,44,35,100,899.0,89900.0
2021021405000079,PLI,58,38,10,900.0,9000.0
2021021405000078,PLI,53,38,70,900.0,63000.0
2021021405000089,PLI,16,54,40,895.0,35800.0
2021021405000088,PLI,35,56,270,899.0,242730.0
2021021405000087,PLI,35,35,150,899.0,134850.0
2021021405000086,PLI,16,11,10,895.0,8950.0
2021021405000085,PLI,44,35,60,899.0,53940.0
2021021405000084,PLI,44,46,10,899.0,8990.0
2021021405000095,PLI,6,54,20,895.0,17900.0
2021021405000094,PLI,6,50,90,894.0,80460.0
2021021405000093,PLI,51,50,100,894.0,89400.0
2021021405000092,PLI,21,50,10,894.0,8940.0
2021021405000091,PLI,21,34,90,894.0,80460.0
2021021405000090,PLI,16,34,10,894.0,8940.0
2021021405000101,PLI,7,48,10,892.0,8920.0
2021021405000100,PLI,7,32,40,892.0,35680.0
2021021405000099,PLI,7,58,10,892.0,8920.0
2021021405000098,PLI,7,21,30,892.0,26760.0
2021021405000097,PLI,6,56,15,899.0,13485.0
2021021405000096,PLI,6,4,25,895.0,22375.0
2021021405000107,PLI,5,58,10,890.0,8900.0
2021021405000106,PLI,7,6,10,892.0,8920.0
2021021405000105,PLI,35,45,170,895.0,152150.0
2021021405000104,PLI,35,48,10,894.0,8940.0
2021021405000103,PLI,35,11,10,894.0,8940.0
2021021405000102,PLI,35,1,10,894.0,8940.0
2021021405000113,PLI,38,57,10,890.0,8900.0
2021021405000112,PLI,5,34,30,885.0,26550.0
2021021405000111,PLI,5,49,10,885.0,8850.0
2021021405000110,PLI,5,14,10,885.0,8850.0
2021021405000109,PLI,49,57,75,895.0,67125.0
2021021405000108,PLI,5,35,20,890.0,17800.0
2021021405000119,PLI,38,52,10,892.0,8920.0
2021021405000118,PLI,38,32,10,892.0,8920.0
2021021405000117,PLI,38,34,10,890.0,8900.0
2021021405000116,PLI,38,57,10,890.0,8900.0
2021021405000115,PLI,38,45,10,890.0,8900.0
2021021405000114,PLI,38,10,20,890.0,17800.0
2021021405000125,PLI,52,55,200,882.0,176400.0
2021021405000124,PLI,45,55,20,882.0,17640.0
2021021405000123,PLI,45,21,10,882.0,8820.0
2021021405000122,PLI,45,16,100,882.0,88200.0
2021021405000121,PLI,45,45,10,882.0,8820.0
2021021405000120,PLI,38,56,20,892.0,17840.0
2021021405000131,PLI,28,39,50,870.0,43500.0
2021021405000130,PLI,33,39,100,872.0,87200.0
2021021405000129,PLI,17,21,10,875.0,8750.0
2021021405000128,PLI,54,55,10,875.0,8750.0
2021021405000127,PLI,50,55,50,882.0,44100.0
2021021405000126,PLI,7,55,10,882.0,8820.0
2021021405000137,PLI,17,22,10,870.0,8700.0
2021021405000136,PLI,1,56,10,870.0,8700.0
2021021405000135,PLI,1,3,90,870.0,78300.0
2021021405000134,PLI,52,3,10,871.0,8710.0
2021021405000133,PLI,1,52,10,870.0,8700.0
2021021405000132,PLI,1,39,90,870.0,78300.0
2021021405000143,PLI,29,58,10,865.0,8650.0
2021021405000142,PLI,29,10,10,865.0,8650.0
2021021405000141,PLI,42,41,20,870.0,17400.0
2021021405000140,PLI,29,28,10,865.0,8650.0
2021021405000139,PLI,29,52,10,865.0,8650.0
2021021405000138,PLI,38,41,10,870.0,8700.0
2021021405000149,PLI,50,11,70,865.0,60550.0
2021021405000148,PLI,50,59,10,865.0,8650.0
2021021405000147,PLI,50,21,10,865.0,8650.0
2021021405000146,PLI,50,3,10,865.0,8650.0
2021021405000145,PLI,50,26,40,865.0,34600.0
2021021405000144,PLI,29,26,60,865.0,51900.0
2021021405000155,PLI,38,51,50,860.0,43000.0
2021021405000154,PLI,47,25,30,865.0,25950.0
2021021405000153,PLI,47,59,10,865.0,8650.0
2021021405000152,PLI,47,34,20,865.0,17300.0
2021021405000151,PLI,47,52,10,865.0,8650.0
2021021405000150,PLI,47,11,30,865.0,25950.0
2021021405000161,PLI,35,42,10,859.0,8590.0
2021021405000160,PLI,35,33,30,859.0,25770.0
2021021405000159,PLI,13,19,10,858.0,8580.0
2021021405000158,PLI,13,6,10,858.0,8580.0
2021021405000157,PLI,5,33,30,859.0,25770.0
2021021405000156,PLI,38,33,50,860.0,43000.0
2021021405000167,PLI,41,6,10,855.0,8550.0
2021021405000166,PLI,41,21,10,858.0,8580.0
2021021405000165,PLI,48,38,60,865.0,51900.0
2021021405000164,PLI,48,48,10,865.0,8650.0
2021021405000163,PLI,48,25,20,865.0,17300.0
2021021405000162,PLI,48,51,10,860.0,8600.0
2021021405000173,PLI,35,54,10,860.0,8600.0
2021021405000172,PLI,45,38,200,865.0,173000.0
2021021405000171,PLI,45,21,40,860.0,34400.0
2021021405000170,PLI,45,49,50,858.0,42900.0
2021021405000169,PLI,45,45,10,857.0,8570.0
2021021405000168,PLI,14,19,10,855.0,8550.0
2021021405000179,PLI,36,16,10,853.0,8530.0
2021021405000178,PLI,57,25,40,860.0,34400.0
2021021405000177,PLI,36,21,10,853.0,8530.0
2021021405000176,PLI,28,38,180,865.0,155700.0
2021021405000175,PLI,28,25,20,855.0,17100.0
2021021405000174,PLI,14,45,10,855.0,8550.0
2021021405000185,PLI,22,56,10,859.0,8590.0
2021021405000184,PLI,22,45,10,859.0,8590.0
2021021405000183,PLI,22,6,10,859.0,8590.0
2021021405000182,PLI,22,11,10,859.0,8590.0
2021021405000181,PLI,22,21,10,859.0,8590.0
2021021405000180,PLI,22,45,10,859.0,8590.0
2021021405000191,PLI,57,38,110,865.0,95150.0
2021021405000190,PLI,57,4,10,861.0,8610.0
2021021405000189,PLI,57,42,10,860.0,8600.0
2021021405000188,PLI,57,29,10,860.0,8600.0
2021021405000187,PLI,57,52,10,860.0,8600.0
2021021405000186,PLI,57,46,10,860.0,8600.0
2021021405000197,PLI,17,34,10,865.0,8650.0
2021021405000196,PLI,17,57,50,865.0,43250.0
2021021405000195,PLI,17,38,150,865.0,129750.0
2021021405000194,PLI,45,13,10,860.0,8600.0
2021021405000193,PLI,45,46,10,860.0,8600.0
2021021405000192,PLI,45,11,10,860.0,8600.0
2021021405000203,PLI,17,41,70,870.0,60900.0
2021021405000202,PLI,17,41,10,865.0,8650.0
2021021405000201,PLI,17,44,10,865.0,8650.0
2021021405000200,PLI,17,45,50,865.0,43250.0
2021021405000199,PLI,17,42,10,865.0,8650.0
2021021405000198,PLI,17,22,140,865.0,121100.0
2021021405000209,PLI,16,22,40,860.0,34400.0
2021021405000208,PLI,16,8,10,860.0,8600.0
2021021405000207,PLI,16,58,10,860.0,8600.0
2021021405000206,PLI,54,21,10,860.0,8600.0
2021021405000205,PLI,45,21,10,860.0,8600.0
2021021405000204,PLI,45,8,10,860.0,8600.0
2021021405000215,PLI,34,38,50,870.0,43500.0
2021021405000214,PLI,57,52,10,865.0,8650.0
2021021405000213,PLI,14,38,20,870.0,17400.0
2021021405000212,PLI,57,16,10,865.0,8650.0
2021021405000211,PLI,57,52,10,865.0,8650.0
2021021405000210,PLI,57,52,10,865.0,8650.0
2021021405000221,PLI,17,35,10,870.0,8700.0
2021021405000220,PLI,17,29,10,870.0,8700.0
2021021405000219,PLI,17,11,10,870.0,8700.0
2021021405000218,PLI,17,38,30,870.0,26100.0
2021021405000217,PLI,57,42,10,865.0,8650.0
2021021405000216,PLI,57,52,10,865.0,8650.0
2021021405000227,PLI,17,25,390,870.0,339300.0
2021021405000226,PLI,17,48,10,870.0,8700.0
2021021405000225,PLI,17,34,10,870.0,8700.0
2021021405000224,PLI,17,4,10,870.0,8700.0
2021021405000223,PLI,17,39,10,870.0,8700.0
2021021405000222,PLI,17,35,10,870.0,8700.0
2021021405000233,PLI,17,28,10,870.0,8700.0
2021021405000232,PLI,17,56,10,870.0,8700.0
2021021405000231,PLI,17,44,10,870.0,8700.0
2021021405000230,PLI,17,13,10,870.0,8700.0
2021021405000229,PLI,17,42,10,870.0,8700.0
2021021405000228,PLI,17,25,120,870.0,104400.0
2021021405000239,PLI,40,41,10,870.0,8700.0
2021021405000238,PLI,40,16,40,870.0,34800.0
2021021405000237,PLI,17,11,10,872.0,8720.0
2021021405000236,PLI,17,42,10,872.0,8720.0
2021021405000235,PLI,17,43,10,871.0,8710.0
2021021405000234,PLI,17,17,200,870.0,174000.0
2021021405000245,PLI,40,38,10,875.0,8750.0
2021021405000244,PLI,40,56,10,875.0,8750.0
2021021405000243,PLI,40,49,40,875.0,35000.0
2021021405000242,PLI,40,56,10,872.0,8720.0
2021021405000241,PLI,40,17,10,872.0,8720.0
2021021405000240,PLI,40,4,10,871.0,8710.0
2021021405000251,PLI,40,57,10,879.0,8790.0
2021021405000250,PLI,40,3,10,877.0,8770.0
2021021405000249,PLI,40,14,10,876.0,8760.0
2021021405000248,PLI,40,6,10,876.0,8760.0
2021021405000247,PLI,40,34,10,876.0,8760.0
2021021405000246,PLI,40,47,10,876.0,8760.0
2021021405000257,PLI,42,45,10,870.0,8700.0
2021021405000256,PLI,40,55,60,882.0,52920.0
2021021405000255,PLI,40,59,10,880.0,8800.0
2021021405000254,PLI,40,38,10,880.0,8800.0
2021021405000253,PLI,40,32,10,880.0,8800.0
2021021405000252,PLI,40,35,10,880.0,8800.0
2021021405000263,PLI,16,1,110,870.0,95700.0
2021021405000262,PLI,13,1,90,871.0,78390.0
2021021405000261,PLI,13,56,10,871.0,8710.0
2021021405000260,PLI,16,48,30,870.0,26100.0
2021021405000259,PLI,42,32,100,870.0,87000.0
2021021405000258,PLI,42,33,10,870.0,8700.0
2021021405000269,PLI,16,57,130,870.0,113100.0
2021021405000268,PLI,56,57,10,875.0,8750.0
2021021405000267,PLI,16,4,10,870.0,8700.0
2021021405000266,PLI,16,45,10,870.0,8700.0
2021021405000265,PLI,16,50,10,870.0,8700.0
2021021405000264,PLI,40,45,10,875.0,8750.0
2021021405000275,PLI,57,36,10,865.0,8650.0
2021021405000274,PLI,56,34,10,870.0,8700.0
2021021405000273,PLI,57,58,10,865.0,8650.0
2021021405000272,PLI,16,34,100,870.0,87000.0
2021021405000271,PLI,57,16,20,875.0,17500.0
2021021405000270,PLI,57,4,10,874.0,8740.0
2021021405000281,PLI,57,56,70,875.0,61250.0
2021021405000280,PLI,57,21,10,865.0,8650.0
2021021405000279,PLI,14,56,170,875.0,148750.0
2021021405000278,PLI,14,16,20,875.0,17500.0
2021021405000277,PLI,14,6,10,870.0,8700.0
2021021405000276,PLI,57,41,10,865.0,8650.0
2021021405000287,PLI,40,48,10,865.0,8650.0
2021021405000286,PLI,40,52,10,865.0,8650.0
2021021405000285,PLI,40,38,10,865.0,8650.0
2021021405000284,PLI,48,50,10,870.0,8700.0
2021021405000283,PLI,40,17,10,865.0,8650.0
2021021405000282,PLI,40,41,10,865.0,8650.0
2021021405000293,PLI,16,55,10,875.0,8750.0
2021021405000292,PLI,16,25,10,875.0,8750.0
2021021405000291,PLI,16,6,10,875.0,8750.0
2021021405000290,PLI,16,50,10,870.0,8700.0
2021021405000289,PLI,40,42,10,865.0,8650.0
2021021405000288,PLI,40,17,10,865.0,8650.0
2021021405000299,PLI,17,38,10,861.0,8610.0
2021021405000298,PLI,17,20,10,861.0,8610.0
2021021405000297,PLI,39,56,60,865.0,51900.0
2021021405000296,PLI,40,56,30,865.0,25950.0
2021021405000295,PLI,16,22,350,875.0,306250.0
2021021405000294,PLI,16,41,10,875.0,8750.0
2021021405000305,PLI,33,6,10,861.0,8610.0
2021021405000304,PLI,42,22,10,860.0,8600.0
2021021405000303,PLI,42,20,10,860.0,8600.0
2021021405000302,PLI,42,53,20,860.0,17200.0
2021021405000301,PLI,57,53,100,860.0,86000.0
2021021405000300,PLI,17,53,80,861.0,68880.0
2021021405000311,PLI,52,19,10,860.0,8600.0
2021021405000310,PLI,26,56,10,865.0,8650.0
2021021405000309,PLI,42,39,10,860.0,8600.0
2021021405000308,PLI,47,43,10,864.0,8640.0
2021021405000307,PLI,47,43,10,864.0,8640.0
2021021405000306,PLI,33,20,10,861.0,8610.0
2021021405000317,PLI,26,57,25,860.0,21500.0
2021021405000316,PLI,52,57,20,860.0,17200.0
2021021405000315,PLI,52,38,10,860.0,8600.0
2021021405000314,PLI,52,57,10,860.0,8600.0
2021021405000313,PLI,22,56,35,865.0,30275.0
2021021405000312,PLI,22,34,15,861.0,12915.0
2021021405000323,PLI,55,14,50,865.0,43250.0
2021021405000322,PLI,55,22,10,865.0,8650.0
2021021405000321,PLI,55,21,20,865.0,17300.0
2021021405000320,PLI,55,20,10,865.0,8650.0
2021021405000319,PLI,55,56,165,865.0,142725.0
2021021405000318,PLI,7,38,10,858.0,8580.0
2021021405000329,PLI,55,44,10,865.0,8650.0
2021021405000328,PLI,55,51,10,865.0,8650.0
2021021405000327,PLI,55,48,10,865.0,8650.0
2021021405000326,PLI,55,28,10,865.0,8650.0
2021021405000325,PLI,55,48,10,865.0,8650.0
2021021405000324,PLI,55,36,10,865.0,8650.0
2021021405000335,PLI,55,57,10,865.0,8650.0
2021021405000334,PLI,55,35,10,865.0,8650.0
2021021405000333,PLI,55,57,10,865.0,8650.0
2021021405000332,PLI,39,46,10,867.0,8670.0
2021021405000331,PLI,55,11,220,865.0,190300.0
2021021405000330,PLI,55,45,10,865.0,8650.0
2021021405000341,PLI,39,4,10,868.0,8680.0
2021021405000340,PLI,55,48,10,865.0,8650.0
2021021405000339,PLI,5,21,10,868.0,8680.0
2021021405000338,PLI,55,6,10,865.0,8650.0
2021021405000337,PLI,55,45,10,865.0,8650.0
2021021405000336,PLI,55,8,150,865.0,129750.0
2021021405000347,PLI,22,35,370,868.0,321160.0
2021021405000346,PLI,22,48,10,868.0,8680.0
2021021405000345,PLI,22,3,10,868.0,8680.0
2021021405000344,PLI,22,57,10,867.0,8670.0
2021021405000343,PLI,55,43,30,865.0,25950.0
2021021405000342,PLI,39,43,10,868.0,8680.0
2021021405000353,PLI,55,17,10,865.0,8650.0
2021021405000352,PLI,5,51,10,868.0,8680.0
2021021405000351,PLI,55,42,10,865.0,8650.0
2021021405000350,PLI,55,45,10,865.0,8650.0
2021021405000349,PLI,55,42,10,865.0,8650.0
2021021405000348,PLI,55,35,65,865.0,56225.0
2021021405000359,PLI,55,39,10,865.0,8650.0
2021021405000358,PLI,55,52,10,865.0,8650.0
2021021405000357,PLI,55,48,10,865.0,8650.0
2021021405000356,PLI,22,34,10,867.0,8670.0
2021021405000355,PLI,55,45,10,865.0,8650.0
2021021405000354,PLI,55,49,10,865.0,8650.0
2021021405000365,PLI,55,1,10,865.0,8650.0
2021021405000364,PLI,55,57,10,865.0,8650.0
2021021405000363,PLI,55,45,10,865.0,8650.0
2021021405000362,PLI,55,58,10,865.0,8650.0
2021021405000361,PLI,55,39,10,865.0,8650.0
2021021405000360,PLI,55,59,10,865.0,8650.0
2021021405000371,PLI,58,1,100,865.0,86500.0
2021021405000370,PLI,25,1,30,865.0,25950.0
2021021405000369,PLI,47,1,10,865.0,8650.0
2021021405000368,PLI,5,1,10,865.0,8650.0
2021021405000367,PLI,33,1,20,865.0,17300.0
2021021405000366,PLI,25,1,200,865.0,173000.0
2021021405000377,PLI,6,39,10,862.0,8620.0
2021021405000376,PLI,6,39,10,862.0,8620.0
2021021405000375,PLI,58,1,900,865.0,778500.0
2021021405000374,PLI,52,39,10,863.0,8630.0
2021021405000373,PLI,52,6,10,863.0,8630.0
2021021405000372,PLI,38,1,30,865.0,25950.0
2021021405000383,PLI,45,41,10,862.0,8620.0
2021021405000382,PLI,45,58,10,862.0,8620.0
2021021405000381,PLI,45,58,10,862.0,8620.0
2021021405000380,PLI,45,6,10,862.0,8620.0
2021021405000379,PLI,45,47,10,860.0,8600.0
2021021405000378,PLI,45,48,10,860.0,8600.0
2021021405000389,PLI,45,52,10,862.0,8620.0
2021021405000388,PLI,45,52,10,862.0,8620.0
2021021405000387,PLI,50,1,200,865.0,173000.0
2021021405000386,PLI,45,42,10,862.0,8620.0
2021021405000385,PLI,45,32,10,862.0,8620.0
2021021405000384,PLI,45,26,10,862.0,8620.0
2021021405000395,PLI,19,21,10,860.0,8600.0
2021021405000394,PLI,19,52,10,860.0,8600.0
2021021405000393,PLI,32,58,110,861.0,94710.0
2021021405000392,PLI,45,58,50,862.0,43100.0
2021021405000391,PLI,52,58,20,863.0,17260.0
2021021405000390,PLI,45,3,10,862.0,8620.0
2021021405000401,PLI,7,52,10,858.0,8580.0
2021021405000400,PLI,7,28,10,858.0,8580.0
2021021405000399,PLI,7,8,10,858.0,8580.0
2021021405000398,PLI,7,21,10,858.0,8580.0
2021021405000397,PLI,17,58,20,861.0,17220.0
2021021405000396,PLI,17,53,10,860.0,8600.0
2021021405000407,PLI,55,49,10,858.0,8580.0
2021021405000406,PLI,7,19,10,858.0,8580.0
2021021405000405,PLI,7,37,10,858.0,8580.0
2021021405000404,PLI,7,52,10,858.0,8580.0
2021021405000403,PLI,7,19,10,858.0,8580.0
2021021405000402,PLI,7,16,10,858.0,8580.0
2021021405000413,PLI,33,58,10,859.0,8590.0
2021021405000412,PLI,33,35,25,859.0,21475.0
2021021405000411,PLI,45,58,10,858.0,8580.0
2021021405000410,PLI,45,49,10,858.0,8580.0
2021021405000409,PLI,55,6,10,858.0,8580.0
2021021405000408,PLI,55,17,10,858.0,8580.0
2021021405000419,PLI,33,38,10,860.0,8600.0
2021021405000418,PLI,33,21,10,860.0,8600.0
2021021405000417,PLI,33,58,10,860.0,8600.0
2021021405000416,PLI,45,38,10,858.0,8580.0
2021021405000415,PLI,45,58,10,858.0,8580.0
2021021405000414,PLI,45,58,10,858.0,8580.0
2021021405000425,PLI,56,11,10,859.0,8590.0
2021021405000424,PLI,56,42,10,859.0,8590.0
2021021405000423,PLI,47,49,10,858.0,8580.0
2021021405000422,PLI,33,17,180,860.0,154800.0
2021021405000421,PLI,33,32,10,860.0,8600.0
2021021405000420,PLI,33,17,10,860.0,8600.0
2021021405000431,PLI,43,44,10,860.0,8600.0
2021021405000430,PLI,43,32,10,860.0,8600.0
2021021405000429,PLI,43,32,10,860.0,8600.0
2021021405000428,PLI,43,32,10,860.0,8600.0
2021021405000427,PLI,43,17,20,860.0,17200.0
2021021405000426,PLI,56,22,10,859.0,8590.0
2021021405000437,PLI,43,14,10,861.0,8610.0
2021021405000436,PLI,43,58,700,861.0,602700.0
2021021405000435,PLI,43,58,40,860.0,34400.0
2021021405000434,PLI,43,35,10,860.0,8600.0
2021021405000433,PLI,43,45,10,860.0,8600.0
2021021405000432,PLI,43,58,10,860.0,8600.0
2021021404016618,PRIN,16,57,50,944.0,47200.0
2021021404016617,PRIN,16,54,150,944.0,141600.0
2021021404016605,RADHI,38,40,88,338.0,29744.0
2021021404016604,RADHI,38,58,12,338.0,4056.0
2021021404016607,SICL,58,36,50,2643.0,132150.0
2021021404016634,SIL,53,44,40,1207.0,48280.0
2021021404016633,SIL,53,44,200,1207.0,241400.0
2021021404016632,SIL,4,44,200,1208.0,241600.0
2021021404016631,SIL,42,44,40,1208.0,48320.0
2021021404016606,SJCL,3,22,260,301.0,78260.0
2021021404016603,SSHL,53,58,10,160.0,1600.0
2021021404016628,UIC,41,25,12,656.0,7872.0
2021021404016627,UIC,41,25,20,656.0,13120.0
2021021404016626,UIC,7,25,111,656.0,72816.0
2021021404016625,UIC,8,25,265,663.0,175695.0
2021021404016624,UIC,8,39,150,660.0,99000.0
2021021404016623,UIC,8,38,20,659.0,13180.0
2021021404016622,UIC,8,32,28,659.0,18452.0
2021021404016621,UIC,8,26,300,658.0,197400.0
2021021404016620,UIC,8,46,247,658.0,162526.0
2021021404016553,AHPC,17,49,"1,000",304.0,304000.0
2021021404016494,AHPC,55,49,10,304.0,3040.0
2021021404016361,AHPC,55,49,300,304.0,91200.0
2021021404016353,AHPC,58,51,200,303.0,60600.0
2021021404016348,AHPC,22,49,160,304.0,48640.0
2021021404016347,AHPC,22,59,100,304.0,30400.0
2021021404016273,AHPC,4,41,500,303.0,151500.0
2021021404016272,AHPC,4,16,500,303.0,151500.0
2021021404016179,AHPC,22,34,50,302.0,15100.0
2021021404016157,AHPC,22,33,35,302.0,10570.0
2021021404016114,AHPC,22,58,81,302.0,24462.0
2021021404016346,AHPC,22,17,40,304.0,12160.0
2021021404016327,AHPC,58,13,"1,000",303.0,303000.0
2021021404016321,AHPC,55,13,"1,000",303.0,303000.0
2021021404016316,AHPC,35,40,50,303.0,15150.0
2021021404016276,AHPC,35,51,50,303.0,15150.0
2021021404016274,AHPC,4,8,"2,500",303.0,757500.0
2021021404016545,AIL,22,42,90,749.0,67410.0
2021021404016358,AIL,38,45,70,748.0,52360.0
2021021404016155,AIL,42,54,353,745.0,262985.0
2021021404016154,AIL,38,54,100,745.0,74500.0
2021021404016153,AIL,38,54,100,745.0,74500.0
2021021404016152,AIL,14,54,100,745.0,74500.0
2021021404016145,AIL,45,54,50,748.0,37400.0
2021021404016144,AIL,45,54,80,748.0,59840.0
2021021404016143,AIL,14,54,40,749.0,29960.0
2021021404016142,AIL,35,54,20,749.0,14980.0
2021021404016141,AIL,11,54,30,749.0,22470.0
2021021404016151,AIL,40,54,50,745.0,37250.0
2021021404016150,AIL,55,54,50,745.0,37250.0
2021021404016149,AIL,58,54,32,746.0,23872.0
2021021404016148,AIL,21,54,100,747.0,74700.0
2021021404016147,AIL,11,54,50,748.0,37400.0
2021021404016146,AIL,37,54,50,748.0,37400.0
2021021404016473,AKJCL,56,22,100,143.0,14300.0
2021021404016163,AKJCL,45,45,10,142.0,1420.0
2021021404016556,AKPL,48,38,"2,000",329.0,658000.0
2021021404016451,AKPL,48,38,485,329.0,159565.0
2021021404016450,AKPL,39,38,500,330.0,165000.0
2021021404016449,AKPL,41,38,15,330.0,4950.0
2021021404016420,AKPL,41,39,285,330.0,94050.0
2021021404016419,AKPL,57,39,15,330.0,4950.0
2021021404016418,AKPL,7,39,500,330.0,165000.0
2021021404016417,AKPL,54,39,200,330.0,66000.0
2021021404016383,AKPL,49,10,50,331.0,16550.0
2021021404016342,AKPL,54,26,100,330.0,33000.0
2021021404016592,API,41,41,50,280.0,14000.0
2021021404016591,API,41,39,211,280.0,59080.0
2021021404016590,API,41,8,822,280.0,230160.0
2021021404016426,API,39,8,20,280.0,5600.0
2021021404016372,API,21,8,70,280.0,19600.0
2021021404016208,API,16,8,500,280.0,140000.0
2021021404016173,API,25,8,500,280.0,140000.0
2021021404016425,BARUN,8,50,50,258.0,12900.0
2021021404016340,BARUN,21,38,50,260.0,13000.0
2021021404016185,BARUN,7,38,425,260.0,110500.0
2021021404016184,BARUN,21,38,565,260.0,146900.0
2021021404016183,BARUN,58,52,300,262.0,78600.0
2021021404016182,BARUN,58,33,200,261.0,52200.0
2021021404016180,BARUN,7,42,250,261.0,65250.0
2021021404016589,BPCL,43,50,"1,380",405.0,558900.0
2021021404016431,BPCL,43,32,69,405.0,27945.0
2021021404016355,BPCL,28,50,50,405.0,20250.0
2021021404016354,BPCL,11,50,129,405.0,52245.0
2021021404016338,BPCL,11,58,71,405.0,28755.0
2021021404016337,BPCL,45,58,49,405.0,19845.0
2021021404016324,BPCL,16,59,200,405.0,81000.0
2021021404016323,BPCL,54,59,100,405.0,40500.0
2021021404016322,BPCL,16,59,100,405.0,40500.0
2021021404016491,CHCL,16,55,350,576.0,201600.0
2021021404016490,CHCL,4,55,20,576.0,11520.0
2021021404016489,CHCL,57,55,50,576.0,28800.0
2021021404016488,CHCL,59,55,500,576.0,288000.0
2021021404016487,CHCL,28,55,500,577.0,288500.0
2021021404016486,CHCL,28,55,500,577.0,288500.0
2021021404016214,CHCL,56,7,50,579.0,28950.0
2021021404016424,CHCL,44,58,100,580.0,58000.0
2021021404016367,CHCL,7,58,100,579.0,57900.0
2021021404016334,CHCL,7,28,100,579.0,57900.0
2021021404016333,CHCL,57,28,50,579.0,28950.0
2021021404016332,CHCL,56,28,50,579.0,28950.0
2021021404016271,CHCL,56,58,20,579.0,11580.0
2021021404016479,CHCL,53,55,10,578.0,5780.0
2021021404016478,CHCL,4,55,350,578.0,202300.0
2021021404016477,CHCL,51,55,140,578.0,80920.0
2021021404016476,CHCL,51,55,500,579.0,289500.0
2021021404016475,CHCL,7,55,100,579.0,57900.0
2021021404016452,CHCL,7,28,200,579.0,115800.0
2021021404016485,CHCL,57,55,100,577.0,57700.0
2021021404016484,CHCL,58,55,134,577.0,77318.0
2021021404016483,CHCL,45,55,200,578.0,115600.0
2021021404016482,CHCL,42,55,10,578.0,5780.0
2021021404016481,CHCL,51,55,500,578.0,289000.0
2021021404016480,CHCL,51,55,500,578.0,289000.0
2021021404016470,CHL,49,49,15,193.0,2895.0
2021021404016423,DHPL,57,20,500,113.0,56500.0
2021021404016587,EIC,38,45,10,723.0,7230.0
2021021404016422,EIC,21,39,50,722.0,36100.0
2021021404016421,EIC,51,39,50,723.0,36150.0
2021021404016381,EIC,51,17,300,723.0,216900.0
2021021404016250,EIC,51,17,150,723.0,108450.0
2021021404016213,EIC,21,17,50,723.0,36150.0
2021021404016212,EIC,45,17,100,723.0,72300.0
2021021404016175,EIC,35,58,100,724.0,72400.0
2021021404016115,EIC,45,17,100,723.0,72300.0
2021021404016544,GIC,57,21,200,700.0,140000.0
2021021404016543,GIC,17,21,10,700.0,7000.0
2021021404016542,GIC,7,21,300,700.0,210000.0
2021021404016541,GIC,43,21,100,700.0,70000.0
2021021404016540,GIC,6,21,35,700.0,24500.0
2021021404016525,GIC,6,29,465,700.0,325500.0
2021021404016100,GIC,20,42,10,701.0,7010.0
2021021404016172,GIC,11,3,180,700.0,126000.0
2021021404016171,GIC,34,3,20,701.0,14020.0
2021021404016297,GIC,38,14,200,702.0,140400.0
2021021404016256,GIC,11,48,10,700.0,7000.0
2021021404016236,GIC,6,14,60,702.0,42120.0
2021021404016235,GIC,6,29,20,701.0,14020.0
2021021404016524,GIC,38,29,50,700.0,35000.0
2021021404016523,GIC,58,29,15,700.0,10500.0
2021021404016522,GIC,57,29,100,700.0,70000.0
2021021404016521,GIC,11,29,590,700.0,413000.0
2021021404016368,GIC,52,14,50,702.0,35100.0
2021021404016471,HDHPC,47,34,"1,000",134.0,134000.0
2021021404016441,HDHPC,47,50,15,134.0,2010.0
2021021404016360,HDHPC,33,22,50,135.0,6750.0
2021021404016350,HDHPC,47,57,10,134.0,1340.0
2021021404016248,HDHPC,47,41,10,134.0,1340.0
2021021404016165,HDHPC,47,22,500,134.0,67000.0
2021021404016124,HDHPC,47,44,20,134.0,2680.0
2021021404016123,HDHPC,47,44,10,134.0,1340.0
2021021404016122,HDHPC,47,44,10,134.0,1340.0
2021021404016539,HGI,21,45,77,700.0,53900.0
2021021404016538,HGI,34,45,15,700.0,10500.0
2021021404016537,HGI,38,45,10,700.0,7000.0
2021021404016536,HGI,47,45,50,700.0,35000.0
2021021404016535,HGI,58,45,50,700.0,35000.0
2021021404016534,HGI,48,45,30,700.0,21000.0
2021021404016533,HGI,10,45,100,700.0,70000.0
2021021404016532,HGI,57,45,68,700.0,47600.0
2021021404016531,HGI,36,45,100,701.0,70100.0
2021021404016336,HGI,34,37,85,701.0,59585.0
2021021404016335,HGI,16,37,15,701.0,10515.0
2021021404016220,HPPL,26,17,10,335.0,3350.0
2021021404016095,HPPL,4,45,864,337.0,291168.0
2021021404016094,HPPL,4,37,10,337.0,3370.0
2021021404016437,HURJA,38,17,100,242.0,24200.0
2021021404016436,HURJA,38,33,100,241.0,24100.0
2021021404016378,HURJA,19,7,880,240.0,211200.0
2021021404016281,HURJA,57,33,100,241.0,24100.0
2021021404016237,HURJA,57,7,600,241.0,144600.0
2021021404016121,HURJA,38,7,10,243.0,2430.0
2021021404016096,IGI,58,45,10,1100.0,11000.0
2021021404016190,IGI,43,45,20,1092.0,21840.0
2021021404016189,IGI,59,45,100,1092.0,109200.0
2021021404016188,IGI,42,45,100,1093.0,109300.0
2021021404016187,IGI,17,45,200,1095.0,219000.0
2021021404016186,IGI,37,45,180,1095.0,197100.0
2021021404016194,IGI,42,45,100,1091.0,109100.0
2021021404016193,IGI,46,45,100,1091.0,109100.0
2021021404016192,IGI,38,45,200,1091.0,218200.0
2021021404016191,IGI,19,45,200,1091.0,218200.0
2021021404016266,IGI,59,38,250,1100.0,275000.0
2021021404016219,IGI,42,45,40,1091.0,43640.0
2021021404016466,IGI,45,32,10,1108.0,11080.0
2021021404016309,IGI,59,57,100,1100.0,110000.0
2021021404016308,IGI,59,10,200,1100.0,220000.0
2021021404016293,KPCL,47,52,10,255.0,2550.0
2021021404016356,LEC,38,38,10,238.0,2380.0
2021021404016320,LEC,38,59,10,238.0,2380.0
2021021404016232,LEC,4,1,115,239.0,27485.0
2021021404016231,LEC,4,58,10,239.0,2390.0
2021021404016230,LEC,4,34,10,239.0,2390.0
2021021404016229,LEC,4,42,60,239.0,14340.0
2021021404016228,LEC,4,29,20,239.0,4780.0
2021021404016547,LEMF,45,4,343,10.22,3505.46
2021021404016492,LGIL,6,50,13,771.0,10023.0
2021021404016474,LGIL,6,34,100,771.0,77100.0
2021021404016300,LGIL,38,58,500,769.0,384500.0
2021021404016299,LGIL,44,58,300,770.0,231000.0
2021021404016254,LGIL,44,28,200,770.0,154000.0
2021021404016253,LGIL,41,28,100,770.0,77000.0
2021021404016252,LGIL,22,28,100,770.0,77000.0
2021021404016129,LGIL,21,14,257,776.0,199432.0
2021021404016127,LGIL,21,34,243,776.0,188568.0
2021021404016456,MEN,51,33,25,617.0,15425.0
2021021404016455,MEN,41,33,90,617.0,55530.0
2021021404016429,MEN,41,42,10,617.0,6170.0
2021021404016282,MEN,36,59,10,616.0,6160.0
2021021404016233,MEN,21,8,50,625.0,31250.0
2021021404016140,MEN,21,8,360,625.0,225000.0
2021021404016139,MEN,21,58,10,625.0,6250.0
2021021404016138,MEN,21,6,10,625.0,6250.0
2021021404016137,MEN,21,52,10,624.0,6240.0
2021021404016136,MEN,21,32,90,624.0,56160.0
2021021404016135,MEN,21,58,10,623.0,6230.0
2021021404016134,MEN,21,6,10,620.0,6200.0
2021021404016204,MHNL,44,29,50,230.0,11500.0
2021021404016280,MHNL,16,1,"2,772",227.0,629244.0
2021021404016279,MHNL,51,1,85,228.0,19380.0
2021021404016278,MHNL,25,1,100,228.0,22800.0
2021021404016277,MHNL,57,1,50,229.0,11450.0
2021021404016205,MHNL,44,26,30,230.0,6900.0
2021021404016288,NBF2,56,41,100,10.55,1055.0
2021021404016287,NBF2,56,58,200,10.5,2100.0
2021021404016286,NBF2,56,47,"1,000",10.5,10500.0
2021021404016285,NBF2,56,58,200,10.45,2090.0
2021021404016558,NEF,17,29,"4,000",11.5,46000.0
2021021404016557,NGPL,21,42,25,233.0,5825.0
2021021404016301,NGPL,21,6,11,233.0,2563.0
2021021404016174,NGPL,10,58,300,233.0,69900.0
2021021404016580,NHPC,14,6,690,133.0,91770.0
2021021404016579,NHPC,6,6,10,133.0,1330.0
2021021404016463,NHPC,4,6,200,133.0,26600.0
2021021404016257,NHPC,4,6,100,133.0,13300.0
2021021404016176,NHPC,8,35,100,132.0,13200.0
2021021404016247,NICBF,53,45,"17,000",10.24,174080.0
2021021404016246,NICBF,10,45,"10,000",10.24,102400.0
2021021404016245,NICBF,43,45,"5,000",10.24,51200.0
2021021404016244,NICBF,32,45,"20,000",10.25,205000.0
2021021404016243,NICBF,17,45,"29,000",10.28,298120.0
2021021404016211,NICGF,57,22,100,11.29,1129.0
2021021404016359,NICL,14,5,10,850.0,8500.0
2021021404016341,NICL,3,5,90,850.0,76500.0
2021021404016313,NICL,3,5,110,850.0,93500.0
2021021404016312,NICL,55,5,50,850.0,42500.0
2021021404016311,NICL,1,5,190,850.0,161500.0
2021021404016310,NICL,16,5,150,851.0,127650.0
2021021404016306,NICL,21,25,100,852.0,85200.0
2021021404016269,NICL,29,50,"1,000",851.0,851000.0
2021021404016574,NIL,58,38,67,1703.0,114101.0
2021021404016573,NIL,58,51,500,1703.0,851500.0
2021021404016572,NIL,58,10,50,1703.0,85150.0
2021021404016571,NIL,58,57,100,1702.0,170200.0
2021021404016570,NIL,58,45,100,1701.0,170100.0
2021021404016569,NIL,58,25,50,1701.0,85050.0
2021021404016117,NIL,48,49,120,1698.0,203760.0
2021021404016111,NIL,48,50,50,1699.0,84950.0
2021021404016099,NIL,3,50,200,1699.0,339800.0
2021021404016098,NIL,48,13,980,1698.0,1664040.0
2021021404016097,NIL,28,13,20,1698.0,33960.0
2021021404016207,NIL,34,50,470,1699.0,798530.0
2021021404016206,NIL,34,49,30,1698.0,50940.0
2021021404016181,NIL,32,49,150,1698.0,254700.0
2021021404016120,NIL,10,57,280,1695.0,474600.0
2021021404016119,NIL,3,57,250,1696.0,424000.0
2021021404016118,NIL,14,49,200,1698.0,339600.0
2021021404016328,NIL,57,41,10,1696.0,16960.0
2021021404016284,NIL,14,3,190,1698.0,322620.0
2021021404016283,NIL,14,39,10,1698.0,16980.0
2021021404016258,NIL,49,39,30,1698.0,50940.0
2021021404016249,NIL,17,39,30,1698.0,50940.0
2021021404016239,NIL,44,39,30,1698.0,50940.0
2021021404016352,NIL,35,3,110,1698.0,186780.0
2021021404016349,NIL,6,3,100,1698.0,169800.0
2021021404016344,NIL,3,45,10,1696.0,16960.0
2021021404016343,NIL,3,45,90,1696.0,152640.0
2021021404016330,NIL,22,3,100,1698.0,169800.0
2021021404016329,NIL,3,41,10,1696.0,16960.0
2021021404016386,NIL,17,57,200,1698.0,339600.0
2021021404016385,NIL,17,21,46,1698.0,78108.0
2021021404016384,NIL,17,57,100,1698.0,169800.0
2021021404016382,NIL,53,39,44,1698.0,74712.0
2021021404016377,NIL,17,39,10,1698.0,16980.0
2021021404016376,NIL,35,39,40,1698.0,67920.0
2021021404016392,NIL,58,20,76,1699.0,129124.0
2021021404016391,NIL,58,53,100,1698.0,169800.0
2021021404016390,NIL,58,57,"1,000",1698.0,1698000.0
2021021404016389,NIL,17,20,224,1699.0,380576.0
2021021404016388,NIL,17,51,250,1699.0,424750.0
2021021404016387,NIL,17,50,280,1699.0,475720.0
2021021404016398,NIL,58,1,100,1699.0,169900.0
2021021404016397,NIL,58,36,40,1699.0,67960.0
2021021404016396,NIL,58,36,546,1699.0,927654.0
2021021404016395,NIL,58,26,16,1699.0,27184.0
2021021404016394,NIL,58,38,650,1699.0,1104350.0
2021021404016393,NIL,58,51,300,1699.0,509700.0
2021021404016404,NIL,58,13,"1,000",1700.0,1700000.0
2021021404016403,NIL,58,48,100,1700.0,170000.0
2021021404016402,NIL,58,35,100,1700.0,170000.0
2021021404016401,NIL,58,39,25,1700.0,42500.0
2021021404016400,NIL,58,13,200,1700.0,340000.0
2021021404016399,NIL,58,49,50,1700.0,85000.0
2021021404016410,NIL,58,17,137,1700.0,232900.0
2021021404016409,NIL,58,34,100,1700.0,170000.0
2021021404016408,NIL,58,44,50,1700.0,85000.0
2021021404016407,NIL,58,34,200,1700.0,340000.0
2021021404016406,NIL,58,35,200,1700.0,340000.0
2021021404016405,NIL,58,54,10,1700.0,17000.0
2021021404016495,NIL,58,17,128,1700.0,217600.0
2021021404016467,NIL,14,28,100,1698.0,169800.0
2021021404016465,NIL,44,1,20,1698.0,33960.0
2021021404016462,NIL,45,1,49,1698.0,83202.0
2021021404016461,NIL,45,41,51,1698.0,86598.0
2021021404016427,NIL,34,39,6,1698.0,10188.0
2021021404016501,NIL,58,32,40,1700.0,68000.0
2021021404016500,NIL,58,51,500,1700.0,850000.0
