Transact. No.,Symbol,Buyer,Seller,Quantity,Rate,Amount
2021022205008678,NIFRA,56,35,30,660.0,19800.0
2021022205008677,NIFRA,52,35,20,660.0,13200.0
2021022205008675,NIFRA,52,48,60,660.0,39600.0
2021022205008674,NIFRA,52,16,60,660.0,39600.0
2021022205008672,NIFRA,52,48,50,660.0,33000.0
2021022205008666,NIFRA,52,41,10,660.0,6600.0
2021022205008190,NIFRA,1,18,50,660.0,33000.0
2021022205008181,NIFRA,1,38,10,660.0,6600.0
2021022205008198,NIFRA,1,38,50,660.0,33000.0
2021022205008196,NIFRA,1,14,50,660.0,33000.0
2021022205008194,NIFRA,1,49,50,660.0,33000.0
2021022205008193,NIFRA,1,36,50,660.0,33000.0
2021022205008192,NIFRA,1,16,10,660.0,6600.0
2021022205008191,NIFRA,1,10,60,660.0,39600.0
2021022205008204,NIFRA,1,36,50,660.0,33000.0
2021022205008203,NIFRA,1,39,60,660.0,39600.0
2021022205008202,NIFRA,1,14,60,660.0,39600.0
2021022205008201,NIFRA,1,36,50,660.0,33000.0
2021022205008200,NIFRA,1,49,50,660.0,33000.0
2021022205008199,NIFRA,1,37,50,660.0,33000.0
2021022205008211,NIFRA,1,36,50,660.0,33000.0
2021022205008210,NIFRA,1,28,50,660.0,33000.0
2021022205008209,NIFRA,1,18,10,660.0,6600.0
2021022205008208,NIFRA,1,14,50,660.0,33000.0
2021022205008207,NIFRA,1,57,20,660.0,13200.0
2021022205008206,NIFRA,1,37,50,660.0,33000.0
2021022205008219,NIFRA,1,14,50,660.0,33000.0
2021022205008218,NIFRA,1,36,50,660.0,33000.0
2021022205008215,NIFRA,1,38,50,660.0,33000.0
2021022205008214,NIFRA,1,14,50,660.0,33000.0
2021022205008213,NIFRA,1,22,10,660.0,6600.0
2021022205008212,NIFRA,1,49,60,660.0,39600.0
2021022205008227,NIFRA,1,49,50,660.0,33000.0
2021022205008226,NIFRA,1,14,50,660.0,33000.0
2021022205008224,NIFRA,1,51,10,660.0,6600.0
2021022205008223,NIFRA,1,37,60,660.0,39600.0
2021022205008222,NIFRA,1,57,50,660.0,33000.0
2021022205008220,NIFRA,1,49,50,660.0,33000.0
2021022205008240,NIFRA,1,14,50,660.0,33000.0
2021022205008239,NIFRA,1,39,60,660.0,39600.0
2021022205008238,NIFRA,1,49,50,660.0,33000.0
2021022205008236,NIFRA,1,42,50,660.0,33000.0
2021022205008230,NIFRA,1,14,50,660.0,33000.0
2021022205008229,NIFRA,1,39,50,660.0,33000.0
2021022205008248,NIFRA,49,59,50,660.0,33000.0
2021022205008247,NIFRA,1,59,10,660.0,6600.0
2021022205008246,NIFRA,1,49,60,660.0,39600.0
2021022205008245,NIFRA,1,52,50,660.0,33000.0
2021022205008243,NIFRA,1,39,60,660.0,39600.0
2021022205008242,NIFRA,1,38,60,660.0,39600.0
2021022205008257,NIFRA,19,14,40,660.0,26400.0
2021022205008256,NIFRA,19,49,50,660.0,33000.0
2021022205008255,NIFRA,21,49,10,660.0,6600.0
2021022205008254,NIFRA,49,28,50,660.0,33000.0
2021022205008252,NIFRA,49,14,50,660.0,33000.0
2021022205008249,NIFRA,49,39,50,660.0,33000.0
2021022205008269,NIFRA,33,39,60,660.0,39600.0
2021022205008266,NIFRA,33,14,50,660.0,33000.0
2021022205008263,NIFRA,33,59,20,660.0,13200.0
2021022205008260,NIFRA,33,39,50,660.0,33000.0
2021022205008259,NIFRA,33,42,40,660.0,26400.0
2021022205008258,NIFRA,33,14,20,660.0,13200.0
2021022205008277,NIFRA,33,39,30,660.0,19800.0
2021022205008276,NIFRA,33,28,60,660.0,39600.0
2021022205008275,NIFRA,33,14,50,660.0,33000.0
2021022205008274,NIFRA,33,6,20,660.0,13200.0
2021022205008271,NIFRA,33,39,50,660.0,33000.0
2021022205008270,NIFRA,33,38,50,660.0,33000.0
2021022205008286,NIFRA,38,57,40,660.0,26400.0
2021022205008285,NIFRA,38,47,60,660.0,39600.0
2021022205008283,NIFRA,42,59,20,660.0,13200.0
2021022205008282,NIFRA,34,59,30,660.0,19800.0
2021022205008281,NIFRA,34,6,40,660.0,26400.0
2021022205008278,NIFRA,34,39,30,660.0,19800.0
2021022205008295,NIFRA,18,14,60,660.0,39600.0
2021022205008293,NIFRA,18,47,10,660.0,6600.0
2021022205008292,NIFRA,18,39,10,660.0,6600.0
2021022205008291,NIFRA,49,39,40,660.0,26400.0
2021022205008288,NIFRA,49,14,50,660.0,33000.0
2021022205008287,NIFRA,49,57,10,660.0,6600.0
2021022205008303,NIFRA,43,45,300,660.0,198000.0
2021022205008302,NIFRA,34,45,500,660.0,330000.0
2021022205008300,NIFRA,18,37,60,660.0,39600.0
2021022205008298,NIFRA,18,58,60,660.0,39600.0
2021022205008297,NIFRA,18,35,60,660.0,39600.0
2021022205008296,NIFRA,18,58,50,660.0,33000.0
2021022205008312,NIFRA,21,37,50,660.0,33000.0
2021022205008308,NIFRA,21,28,50,660.0,33000.0
2021022205008307,NIFRA,38,45,10,660.0,6600.0
2021022205008306,NIFRA,39,45,50,660.0,33000.0
2021022205008305,NIFRA,46,45,10,660.0,6600.0
2021022205008304,NIFRA,18,45,190,660.0,125400.0
2021022205008321,NIFRA,49,28,50,660.0,33000.0
2021022205008319,NIFRA,49,33,50,660.0,33000.0
2021022205008317,NIFRA,49,39,60,660.0,39600.0
2021022205008316,NIFRA,49,58,50,660.0,33000.0
2021022205008314,NIFRA,49,11,50,660.0,33000.0
2021022205008313,NIFRA,49,37,10,660.0,6600.0
2021022205008333,NIFRA,58,39,30,660.0,19800.0
2021022205008332,NIFRA,32,39,30,660.0,19800.0
2021022205008326,NIFRA,32,33,30,660.0,19800.0
2021022205008325,NIFRA,49,33,20,660.0,13200.0
2021022205008324,NIFRA,49,47,50,660.0,33000.0
2021022205008323,NIFRA,49,37,60,660.0,39600.0
2021022205008341,NIFRA,58,38,10,660.0,6600.0
2021022205008340,NIFRA,58,58,20,660.0,13200.0
2021022205008337,NIFRA,58,39,50,660.0,33000.0
2021022205008336,NIFRA,58,38,50,660.0,33000.0
2021022205008335,NIFRA,58,28,60,660.0,39600.0
2021022205008334,NIFRA,58,35,48,660.0,31680.0
2021022205008349,NIFRA,58,6,20,660.0,13200.0
2021022205008348,NIFRA,58,39,60,660.0,39600.0
2021022205008347,NIFRA,58,35,12,660.0,7920.0
2021022205008346,NIFRA,58,59,25,660.0,16500.0
2021022205008344,NIFRA,58,45,60,660.0,39600.0
2021022205008342,NIFRA,58,38,50,660.0,33000.0
2021022205008358,NIFRA,34,38,50,660.0,33000.0
2021022205008357,NIFRA,34,56,10,660.0,6600.0
2021022205008356,NIFRA,57,56,20,660.0,13200.0
2021022205008355,NIFRA,58,56,20,660.0,13200.0
2021022205008354,NIFRA,58,38,50,660.0,33000.0
2021022205008353,NIFRA,58,50,30,660.0,19800.0
2021022205008364,NIFRA,3,59,50,660.0,33000.0
2021022205008363,NIFRA,38,49,5,660.0,3300.0
2021022205008362,NIFRA,25,49,40,660.0,26400.0
2021022205008361,NIFRA,25,6,10,660.0,6600.0
2021022205008360,NIFRA,34,6,40,660.0,26400.0
2021022205008359,NIFRA,34,39,50,660.0,33000.0
2021022205008377,NIFRA,21,38,30,660.0,19800.0
2021022205008376,NIFRA,21,28,10,660.0,6600.0
2021022205008375,NIFRA,21,39,50,660.0,33000.0
2021022205008374,NIFRA,50,49,50,660.0,33000.0
2021022205008373,NIFRA,3,47,50,660.0,33000.0
2021022205008372,NIFRA,3,38,50,660.0,33000.0
2021022205008383,NIFRA,39,16,60,660.0,39600.0
2021022205008382,NIFRA,39,58,50,660.0,33000.0
2021022205008381,NIFRA,39,47,10,660.0,6600.0
2021022205008380,NIFRA,50,47,40,660.0,26400.0
2021022205008379,NIFRA,50,42,10,660.0,6600.0
2021022205008378,NIFRA,21,42,50,660.0,33000.0
2021022205008391,NIFRA,39,10,50,660.0,33000.0
2021022205008390,NIFRA,39,16,60,660.0,39600.0
2021022205008389,NIFRA,39,34,50,660.0,33000.0
2021022205008388,NIFRA,39,29,10,660.0,6600.0
2021022205008387,NIFRA,39,35,60,660.0,39600.0
2021022205008384,NIFRA,39,38,50,660.0,33000.0
2021022205008399,NIFRA,39,56,20,660.0,13200.0
2021022205008398,NIFRA,39,20,60,660.0,39600.0
2021022205008397,NIFRA,39,14,100,660.0,66000.0
2021022205008396,NIFRA,56,14,400,660.0,264000.0
2021022205008394,NIFRA,39,1,60,660.0,39600.0
2021022205008393,NIFRA,39,16,50,660.0,33000.0
2021022205008407,NIFRA,39,36,30,660.0,19800.0
2021022205008405,NIFRA,39,20,60,660.0,39600.0
2021022205008403,NIFRA,39,34,60,660.0,39600.0
2021022205008402,NIFRA,39,38,50,660.0,33000.0
2021022205008401,NIFRA,39,20,60,660.0,39600.0
2021022205008400,NIFRA,39,10,50,660.0,33000.0
2021022205008414,NIFRA,38,35,50,660.0,33000.0
2021022205008413,NIFRA,41,35,10,660.0,6600.0
2021022205008412,NIFRA,41,26,40,660.0,26400.0
2021022205008411,NIFRA,19,26,10,660.0,6600.0
2021022205008409,NIFRA,19,20,60,660.0,39600.0
2021022205008408,NIFRA,19,36,30,660.0,19800.0
2021022205008422,NIFRA,41,20,30,660.0,19800.0
2021022205008421,NIFRA,38,20,30,660.0,19800.0
2021022205008420,NIFRA,38,58,60,660.0,39600.0
2021022205008417,NIFRA,38,20,10,660.0,6600.0
2021022205008416,NIFRA,25,20,40,660.0,26400.0
2021022205008415,NIFRA,25,46,60,660.0,39600.0
2021022205008433,NIFRA,45,20,50,660.0,33000.0
2021022205008432,NIFRA,45,46,50,660.0,33000.0
2021022205008431,NIFRA,34,49,60,660.0,39600.0
2021022205008430,NIFRA,34,20,40,660.0,26400.0
2021022205008429,NIFRA,41,20,10,660.0,6600.0
2021022205008423,NIFRA,41,34,10,660.0,6600.0
2021022205008440,NIFRA,45,36,60,660.0,39600.0
2021022205008439,NIFRA,45,20,60,660.0,39600.0
2021022205008438,NIFRA,45,42,60,660.0,39600.0
2021022205008437,NIFRA,45,36,60,660.0,39600.0
2021022205008436,NIFRA,45,6,50,660.0,33000.0
2021022205008435,NIFRA,45,36,50,660.0,33000.0
2021022205008448,NIFRA,45,26,50,660.0,33000.0
2021022205008446,NIFRA,45,20,50,660.0,33000.0
2021022205008445,NIFRA,45,36,50,660.0,33000.0
2021022205008444,NIFRA,45,26,60,660.0,39600.0
2021022205008443,NIFRA,45,20,50,660.0,33000.0
2021022205008441,NIFRA,45,6,60,660.0,39600.0
2021022205008460,NIFRA,45,45,480,660.0,316800.0
2021022205008459,NIFRA,45,38,50,660.0,33000.0
2021022205008457,NIFRA,45,38,50,660.0,33000.0
2021022205008455,NIFRA,45,17,50,660.0,33000.0
2021022205008453,NIFRA,45,6,50,660.0,33000.0
2021022205008449,NIFRA,45,20,60,660.0,39600.0
2021022205008466,NIFRA,36,45,200,660.0,132000.0
2021022205008465,NIFRA,38,45,200,660.0,132000.0
2021022205008464,NIFRA,1,45,400,660.0,264000.0
2021022205008463,NIFRA,14,45,150,660.0,99000.0
2021022205008462,NIFRA,7,45,500,660.0,330000.0
2021022205008461,NIFRA,34,45,100,660.0,66000.0
2021022205008476,NIFRA,40,36,50,660.0,33000.0
2021022205008473,NIFRA,40,22,50,660.0,33000.0
2021022205008472,NIFRA,40,38,50,660.0,33000.0
2021022205008471,NIFRA,40,7,30,660.0,19800.0
2021022205008470,NIFRA,1,7,30,660.0,19800.0
2021022205008467,NIFRA,1,45,20,660.0,13200.0
2021022205008486,NIFRA,13,10,60,660.0,39600.0
2021022205008483,NIFRA,13,33,60,660.0,39600.0
2021022205008482,NIFRA,13,56,20,660.0,13200.0
2021022205008481,NIFRA,7,56,10,660.0,6600.0
2021022205008478,NIFRA,7,35,40,660.0,26400.0
2021022205008477,NIFRA,40,35,20,660.0,13200.0
2021022205008503,NIFRA,51,45,50,660.0,33000.0
2021022205008502,NIFRA,51,59,50,660.0,33000.0
2021022205008501,NIFRA,51,46,60,660.0,39600.0
2021022205008500,NIFRA,51,46,60,660.0,39600.0
2021022205008498,NIFRA,55,35,50,660.0,33000.0
2021022205008495,NIFRA,13,46,60,660.0,39600.0
2021022205008512,NIFRA,51,35,60,660.0,39600.0
2021022205008511,NIFRA,51,26,50,660.0,33000.0
2021022205008509,NIFRA,51,38,50,660.0,33000.0
2021022205008508,NIFRA,51,28,60,660.0,39600.0
2021022205008507,NIFRA,51,38,60,660.0,39600.0
2021022205008506,NIFRA,51,5,10,660.0,6600.0
2021022205008519,NIFRA,54,18,20,660.0,13200.0
2021022205008518,NIFRA,51,18,30,660.0,19800.0
2021022205008517,NIFRA,51,42,50,660.0,33000.0
2021022205008516,NIFRA,51,28,50,660.0,33000.0
2021022205008515,NIFRA,51,7,60,660.0,39600.0
2021022205008513,NIFRA,51,38,50,660.0,33000.0
2021022205008526,NIFRA,6,35,20,660.0,13200.0
2021022205008525,NIFRA,56,35,30,660.0,19800.0
2021022205008524,NIFRA,56,28,20,660.0,13200.0
2021022205008523,NIFRA,54,28,30,660.0,19800.0
2021022205008522,NIFRA,54,38,50,660.0,33000.0
2021022205008520,NIFRA,54,38,50,660.0,33000.0
2021022205008539,NIFRA,57,38,50,660.0,33000.0
2021022205008531,NIFRA,57,38,10,660.0,6600.0
2021022205008530,NIFRA,36,38,40,660.0,26400.0
2021022205008529,NIFRA,36,21,60,660.0,39600.0
2021022205008528,NIFRA,20,42,40,660.0,26400.0
2021022205008527,NIFRA,6,42,10,660.0,6600.0
2021022205008560,NIFRA,32,36,20,660.0,13200.0
2021022205008557,NIFRA,32,35,60,660.0,39600.0
2021022205008543,NIFRA,32,38,50,660.0,33000.0
2021022205008542,NIFRA,32,4,50,660.0,33000.0
2021022205008541,NIFRA,32,56,20,660.0,13200.0
2021022205008540,NIFRA,57,56,40,660.0,26400.0
2021022205008572,NIFRA,58,28,60,660.0,39600.0
2021022205008571,NIFRA,58,35,60,660.0,39600.0
2021022205008569,NIFRA,58,41,20,660.0,13200.0
2021022205008567,NIFRA,58,56,60,660.0,39600.0
2021022205008562,NIFRA,58,36,10,660.0,6600.0
2021022205008561,NIFRA,58,36,20,660.0,13200.0
2021022205008581,NIFRA,53,45,60,660.0,39600.0
2021022205008579,NIFRA,53,55,60,660.0,39600.0
2021022205008577,NIFRA,53,26,60,660.0,39600.0
2021022205008576,NIFRA,53,14,30,660.0,19800.0
2021022205008575,NIFRA,58,14,30,660.0,19800.0
2021022205008573,NIFRA,58,46,60,660.0,39600.0
2021022205008588,NIFRA,45,37,50,660.0,33000.0
2021022205008586,NIFRA,45,46,40,660.0,26400.0
2021022205008585,NIFRA,45,38,50,660.0,33000.0
2021022205008584,NIFRA,45,28,10,660.0,6600.0
2021022205008583,NIFRA,53,28,40,660.0,26400.0
2021022205008582,NIFRA,53,56,50,660.0,33000.0
2021022205008598,NIFRA,45,34,50,660.0,33000.0
2021022205008596,NIFRA,45,17,50,660.0,33000.0
2021022205008595,NIFRA,45,16,50,660.0,33000.0
2021022205008593,NIFRA,45,4,40,660.0,26400.0
2021022205008591,NIFRA,45,46,50,660.0,33000.0
2021022205008589,NIFRA,45,34,50,660.0,33000.0
2021022205008606,NIFRA,38,47,50,660.0,33000.0
2021022205008605,NIFRA,38,13,30,660.0,19800.0
2021022205008604,NIFRA,48,13,10,660.0,6600.0
2021022205008602,NIFRA,48,34,40,660.0,26400.0
2021022205008601,NIFRA,45,34,10,660.0,6600.0
2021022205008600,NIFRA,45,11,50,660.0,33000.0
2021022205008616,NIFRA,38,48,50,660.0,33000.0
2021022205008615,NIFRA,38,33,50,660.0,33000.0
2021022205008614,NIFRA,38,16,50,660.0,33000.0
2021022205008613,NIFRA,38,21,60,660.0,39600.0
2021022205008610,NIFRA,38,57,50,660.0,33000.0
2021022205008608,NIFRA,38,1,20,660.0,13200.0
2021022205008623,NIFRA,38,28,60,660.0,39600.0
2021022205008622,NIFRA,38,57,50,660.0,33000.0
2021022205008621,NIFRA,38,34,50,660.0,33000.0
2021022205008620,NIFRA,38,16,50,660.0,33000.0
2021022205008619,NIFRA,38,57,40,660.0,26400.0
2021022205008618,NIFRA,38,34,50,660.0,33000.0
2021022205008631,NIFRA,38,57,50,660.0,33000.0
2021022205008629,NIFRA,38,4,50,660.0,33000.0
2021022205008628,NIFRA,38,47,50,660.0,33000.0
2021022205008627,NIFRA,38,50,50,660.0,33000.0
2021022205008625,NIFRA,38,36,50,660.0,33000.0
2021022205008624,NIFRA,38,59,50,660.0,33000.0
2021022205008639,NIFRA,38,57,50,660.0,33000.0
2021022205008638,NIFRA,38,33,60,660.0,39600.0
2021022205008636,NIFRA,38,45,300,660.0,198000.0
2021022205008635,NIFRA,38,28,50,660.0,33000.0
2021022205008633,NIFRA,38,41,20,660.0,13200.0
2021022205008632,NIFRA,38,34,50,660.0,33000.0
2021022205008650,NIFRA,38,44,50,660.0,33000.0
2021022205008647,NIFRA,38,38,50,660.0,33000.0
2021022205008646,NIFRA,38,48,20,660.0,13200.0
2021022205008645,NIFRA,38,28,50,660.0,33000.0
2021022205008641,NIFRA,38,46,20,660.0,13200.0
2021022205008640,NIFRA,38,35,50,660.0,33000.0
2021022205008658,NIFRA,4,49,10,660.0,6600.0
2021022205008657,NIFRA,38,49,40,660.0,26400.0
2021022205008656,NIFRA,38,48,60,660.0,39600.0
2021022205008655,NIFRA,38,38,60,660.0,39600.0
2021022205008654,NIFRA,38,56,60,660.0,39600.0
2021022205008651,NIFRA,38,38,50,660.0,33000.0
2021022205008665,NIFRA,45,41,10,660.0,6600.0
2021022205008664,NIFRA,40,41,20,660.0,13200.0
2021022205008663,NIFRA,40,52,30,660.0,19800.0
2021022205008662,NIFRA,4,52,20,660.0,13200.0
2021022205008661,NIFRA,4,44,60,660.0,39600.0
2021022205008660,NIFRA,4,50,60,660.0,39600.0
2021022205008680,PLI,39,19,10,823.0,8230.0
2021022205008679,PLI,39,5,10,823.0,8230.0
2021022205008676,PLI,40,49,10,823.0,8230.0
2021022205008673,PLI,56,45,10,822.0,8220.0
2021022205008671,PLI,45,36,10,822.0,8220.0
2021022205008670,PLI,45,16,10,822.0,8220.0
2021022205008187,PLI,59,40,10,820.0,8200.0
2021022205008186,PLI,45,40,50,820.0,41000.0
2021022205008185,PLI,58,40,50,820.0,41000.0
2021022205008184,PLI,22,40,50,820.0,41000.0
2021022205008183,PLI,44,40,490,820.0,401800.0
2021022205008182,PLI,37,40,17,821.0,13957.0
2021022205008216,PLI,19,19,10,822.0,8220.0
2021022205008205,PLI,1,18,10,820.0,8200.0
2021022205008197,PLI,1,10,10,820.0,8200.0
2021022205008195,PLI,44,45,10,823.0,8230.0
2021022205008189,PLI,1,40,23,820.0,18860.0
2021022205008188,PLI,1,40,100,820.0,82000.0
2021022205008232,PLI,45,44,60,820.0,49200.0
2021022205008231,PLI,55,44,150,820.0,123000.0
2021022205008228,PLI,45,16,10,820.0,8200.0
2021022205008225,PLI,45,34,10,820.0,8200.0
2021022205008221,PLI,45,45,10,820.0,8200.0
2021022205008217,PLI,45,16,10,820.0,8200.0
2021022205008244,PLI,26,38,10,821.0,8210.0
2021022205008241,PLI,44,21,10,820.0,8200.0
2021022205008237,PLI,44,6,10,820.0,8200.0
2021022205008235,PLI,44,48,10,820.0,8200.0
2021022205008234,PLI,44,44,10,820.0,8200.0
2021022205008233,PLI,11,44,20,820.0,16400.0
2021022205008264,PLI,20,49,10,820.0,8200.0
2021022205008262,PLI,20,52,10,820.0,8200.0
2021022205008261,PLI,40,6,10,821.0,8210.0
2021022205008253,PLI,20,43,10,820.0,8200.0
2021022205008251,PLI,20,39,10,820.0,8200.0
2021022205008250,PLI,44,38,10,820.0,8200.0
2021022205008279,PLI,28,16,10,821.0,8210.0
2021022205008273,PLI,28,32,10,821.0,8210.0
2021022205008272,PLI,44,49,10,821.0,8210.0
2021022205008268,PLI,19,19,10,822.0,8220.0
2021022205008267,PLI,44,6,10,821.0,8210.0
2021022205008265,PLI,44,49,100,820.0,82000.0
2021022205008299,PLI,22,41,10,820.0,8200.0
2021022205008294,PLI,28,44,10,821.0,8210.0
2021022205008290,PLI,28,50,10,821.0,8210.0
2021022205008289,PLI,28,16,10,821.0,8210.0
2021022205008284,PLI,28,21,10,821.0,8210.0
2021022205008280,PLI,28,34,10,821.0,8210.0
2021022205008318,PLI,7,52,10,820.0,8200.0
2021022205008315,PLI,7,6,10,820.0,8200.0
2021022205008311,PLI,7,39,10,820.0,8200.0
2021022205008310,PLI,7,49,10,820.0,8200.0
2021022205008309,PLI,22,11,10,820.0,8200.0
2021022205008301,PLI,22,16,10,820.0,8200.0
2021022205008330,PLI,41,19,30,821.0,24630.0
2021022205008329,PLI,19,19,10,822.0,8220.0
2021022205008328,PLI,19,59,10,822.0,8220.0
2021022205008327,PLI,41,41,10,821.0,8210.0
2021022205008322,PLI,41,16,10,821.0,8210.0
2021022205008320,PLI,41,48,10,821.0,8210.0
2021022205008350,PLI,14,44,10,821.0,8210.0
2021022205008345,PLI,7,38,10,820.0,8200.0
2021022205008343,PLI,7,58,10,820.0,8200.0
2021022205008339,PLI,57,19,10,821.0,8210.0
2021022205008338,PLI,57,16,10,821.0,8210.0
2021022205008331,PLI,35,19,30,821.0,24630.0
2021022205008368,PLI,26,19,60,820.0,49200.0
2021022205008367,PLI,45,19,500,820.0,410000.0
2021022205008366,PLI,7,19,20,820.0,16400.0
2021022205008365,PLI,7,35,10,820.0,8200.0
2021022205008352,PLI,7,42,10,820.0,8200.0
2021022205008351,PLI,14,34,10,821.0,8210.0
2021022205008392,PLI,50,41,10,820.0,8200.0
2021022205008386,PLI,50,43,20,820.0,16400.0
2021022205008385,PLI,28,43,50,820.0,41000.0
2021022205008371,PLI,28,19,50,820.0,41000.0
2021022205008370,PLI,11,19,35,820.0,28700.0
2021022205008369,PLI,19,19,65,820.0,53300.0
2021022205008419,PLI,50,46,10,820.0,8200.0
2021022205008418,PLI,50,55,10,820.0,8200.0
2021022205008410,PLI,50,55,10,820.0,8200.0
2021022205008406,PLI,4,48,10,821.0,8210.0
2021022205008404,PLI,50,10,10,820.0,8200.0
2021022205008395,PLI,50,33,10,820.0,8200.0
2021022205008434,PLI,29,46,10,821.0,8210.0
2021022205008428,PLI,29,52,10,821.0,8210.0
2021022205008427,PLI,29,45,10,821.0,8210.0
2021022205008426,PLI,29,49,10,821.0,8210.0
2021022205008425,PLI,29,21,10,821.0,8210.0
2021022205008424,PLI,50,45,10,820.0,8200.0
2021022205008454,PLI,19,42,10,820.0,8200.0
2021022205008452,PLI,21,56,10,821.0,8210.0
2021022205008451,PLI,19,56,10,820.0,8200.0
2021022205008450,PLI,19,56,10,820.0,8200.0
2021022205008447,PLI,50,6,10,820.0,8200.0
2021022205008442,PLI,45,45,10,821.0,8210.0
2021022205008475,PLI,53,56,10,820.0,8200.0
2021022205008474,PLI,53,26,10,820.0,8200.0
2021022205008469,PLI,53,29,50,820.0,41000.0
2021022205008468,PLI,29,29,50,820.0,41000.0
2021022205008458,PLI,19,56,10,820.0,8200.0
2021022205008456,PLI,19,56,10,820.0,8200.0
2021022205008488,PLI,39,6,10,821.0,8210.0
2021022205008487,PLI,51,8,10,820.0,8200.0
2021022205008485,PLI,54,52,10,820.0,8200.0
2021022205008484,PLI,53,38,10,820.0,8200.0
2021022205008480,PLI,53,38,10,820.0,8200.0
2021022205008479,PLI,53,7,10,820.0,8200.0
2021022205008494,PLI,32,57,10,820.0,8200.0
2021022205008493,PLI,44,57,50,820.0,41000.0
2021022205008492,PLI,36,57,100,820.0,82000.0
2021022205008491,PLI,14,57,60,820.0,49200.0
2021022205008490,PLI,41,57,50,820.0,41000.0
2021022205008489,PLI,39,57,90,821.0,73890.0
2021022205008510,PLI,45,52,10,822.0,8220.0
2021022205008505,PLI,34,51,10,821.0,8210.0
2021022205008504,PLI,34,28,10,821.0,8210.0
2021022205008499,PLI,34,47,10,821.0,8210.0
2021022205008497,PLI,11,3,10,820.0,8200.0
2021022205008496,PLI,11,56,10,820.0,8200.0
2021022205008535,PLI,45,13,10,822.0,8220.0
2021022205008534,PLI,45,13,10,822.0,8220.0
2021022205008533,PLI,45,17,10,822.0,8220.0
2021022205008532,PLI,45,45,10,822.0,8220.0
2021022205008521,PLI,34,18,10,821.0,8210.0
2021022205008514,PLI,36,45,10,822.0,8220.0
2021022205008546,PLI,34,29,10,823.0,8230.0
2021022205008545,PLI,34,40,71,822.0,58362.0
2021022205008544,PLI,45,40,39,822.0,32058.0
2021022205008538,PLI,45,13,10,822.0,8220.0
2021022205008537,PLI,45,52,10,822.0,8220.0
2021022205008536,PLI,45,13,10,822.0,8220.0
2021022205008552,PLI,34,45,10,823.0,8230.0
2021022205008551,PLI,34,45,10,823.0,8230.0
2021022205008550,PLI,34,58,10,823.0,8230.0
2021022205008549,PLI,34,58,10,823.0,8230.0
2021022205008548,PLI,34,29,10,823.0,8230.0
2021022205008547,PLI,34,29,10,823.0,8230.0
2021022205008559,PLI,34,38,10,821.0,8210.0
2021022205008558,PLI,34,38,10,821.0,8210.0
2021022205008556,PLI,34,52,10,821.0,8210.0
2021022205008555,PLI,34,7,39,823.0,32097.0
2021022205008554,PLI,34,46,10,823.0,8230.0
2021022205008553,PLI,34,52,10,823.0,8230.0
2021022205008570,PLI,34,38,10,821.0,8210.0
2021022205008568,PLI,34,38,10,821.0,8210.0
2021022205008566,PLI,34,52,10,821.0,8210.0
2021022205008565,PLI,34,38,10,821.0,8210.0
2021022205008564,PLI,34,21,10,821.0,8210.0
2021022205008563,PLI,34,34,10,821.0,8210.0
2021022205008592,PLI,43,7,100,822.0,82200.0
2021022205008590,PLI,34,33,10,821.0,8210.0
2021022205008587,PLI,34,56,10,821.0,8210.0
2021022205008580,PLI,34,45,10,821.0,8210.0
2021022205008578,PLI,34,46,10,821.0,8210.0
2021022205008574,PLI,34,38,10,821.0,8210.0
2021022205008609,PLI,29,7,50,822.0,41100.0
2021022205008607,PLI,34,48,10,821.0,8210.0
2021022205008603,PLI,34,57,10,821.0,8210.0
2021022205008599,PLI,34,34,20,821.0,16420.0
2021022205008597,PLI,34,33,10,821.0,8210.0
2021022205008594,PLI,34,46,10,821.0,8210.0
2021022205008634,PLI,34,57,10,821.0,8210.0
2021022205008630,PLI,41,41,50,822.0,41100.0
2021022205008626,PLI,34,38,10,821.0,8210.0
2021022205008617,PLI,34,32,10,821.0,8210.0
2021022205008612,PLI,34,57,10,821.0,8210.0
2021022205008611,PLI,3,7,10,822.0,8220.0
2021022205008649,PLI,34,32,10,821.0,8210.0
2021022205008648,PLI,21,7,150,822.0,123300.0
2021022205008644,PLI,45,7,10,822.0,8220.0
2021022205008643,PLI,34,32,10,821.0,8210.0
2021022205008642,PLI,34,57,10,821.0,8210.0
2021022205008637,PLI,50,7,30,822.0,24660.0
2021022205008669,PLI,45,57,10,822.0,8220.0
2021022205008668,PLI,44,52,10,822.0,8220.0
2021022205008667,PLI,44,7,11,822.0,9042.0
2021022205008659,PLI,59,7,50,822.0,41100.0
2021022205008653,PLI,34,38,10,821.0,8210.0
2021022205008652,PLI,57,7,50,822.0,41100.0
2021022205008113,CGH,5,1,10,295.0,2950.0
2021022205008180,NIFRA,1,16,50,660.0,33000.0
2021022205008179,NIFRA,1,28,50,660.0,33000.0
2021022205008178,NIFRA,1,14,60,660.0,39600.0
2021022205008177,NIFRA,1,49,50,660.0,33000.0
2021022205008173,NIFRA,1,10,50,660.0,33000.0
2021022205008172,NIFRA,1,34,60,660.0,39600.0
2021022205007684,NIFRA,3,59,60,660.0,39600.0
2021022205007683,NIFRA,3,11,25,660.0,16500.0
2021022205007682,NIFRA,3,8,50,660.0,33000.0
2021022205007681,NIFRA,3,59,50,660.0,33000.0
2021022205007694,NIFRA,3,8,50,660.0,33000.0
2021022205007693,NIFRA,3,8,60,660.0,39600.0
2021022205007689,NIFRA,3,46,50,660.0,33000.0
2021022205007688,NIFRA,3,16,50,660.0,33000.0
2021022205007687,NIFRA,3,59,60,660.0,39600.0
2021022205007686,NIFRA,3,8,50,660.0,33000.0
2021022205007703,NIFRA,3,4,50,660.0,33000.0
2021022205007702,NIFRA,3,8,60,660.0,39600.0
2021022205007701,NIFRA,3,10,60,660.0,39600.0
2021022205007699,NIFRA,3,38,60,660.0,39600.0
2021022205007696,NIFRA,3,38,60,660.0,39600.0
2021022205007695,NIFRA,3,4,50,660.0,33000.0
2021022205007710,NIFRA,3,11,25,660.0,16500.0
2021022205007709,NIFRA,3,48,10,660.0,6600.0
2021022205007708,NIFRA,3,4,10,660.0,6600.0
2021022205007706,NIFRA,3,10,60,660.0,39600.0
2021022205007705,NIFRA,3,51,30,660.0,19800.0
2021022205007704,NIFRA,3,39,10,660.0,6600.0
2021022205007724,NIFRA,3,38,60,660.0,39600.0
2021022205007723,NIFRA,3,4,50,660.0,33000.0
2021022205007722,NIFRA,3,10,50,660.0,33000.0
2021022205007714,NIFRA,3,10,50,660.0,33000.0
2021022205007713,NIFRA,3,8,60,660.0,39600.0
2021022205007711,NIFRA,3,4,50,660.0,33000.0
2021022205007731,NIFRA,3,38,50,660.0,33000.0
2021022205007730,NIFRA,3,4,50,660.0,33000.0
2021022205007729,NIFRA,3,38,50,660.0,33000.0
2021022205007728,NIFRA,3,26,50,660.0,33000.0
2021022205007727,NIFRA,3,1,30,660.0,19800.0
2021022205007726,NIFRA,3,8,60,660.0,39600.0
2021022205007738,NIFRA,3,10,60,660.0,39600.0
2021022205007736,NIFRA,3,4,50,660.0,33000.0
2021022205007735,NIFRA,3,38,60,660.0,39600.0
2021022205007734,NIFRA,3,10,50,660.0,33000.0
2021022205007733,NIFRA,3,8,60,660.0,39600.0
2021022205007732,NIFRA,3,57,50,660.0,33000.0
2021022205007747,NIFRA,36,38,60,660.0,39600.0
2021022205007746,NIFRA,36,10,50,660.0,33000.0
2021022205007745,NIFRA,36,8,10,660.0,6600.0
2021022205007741,NIFRA,36,38,60,660.0,39600.0
2021022205007740,NIFRA,3,51,30,660.0,19800.0
2021022205007739,NIFRA,3,38,60,660.0,39600.0
2021022205007758,NIFRA,55,4,50,660.0,33000.0
2021022205007756,NIFRA,55,10,50,660.0,33000.0
2021022205007752,NIFRA,55,38,50,660.0,33000.0
2021022205007751,NIFRA,43,4,50,660.0,33000.0
2021022205007750,NIFRA,7,11,5,660.0,3300.0
2021022205007749,NIFRA,36,11,20,660.0,13200.0
2021022205007765,NIFRA,32,4,50,660.0,33000.0
2021022205007764,NIFRA,32,10,50,660.0,33000.0
2021022205007762,NIFRA,32,10,15,660.0,9900.0
2021022205007761,NIFRA,33,10,35,660.0,23100.0
2021022205007760,NIFRA,33,46,25,660.0,16500.0
2021022205007759,NIFRA,34,46,25,660.0,16500.0
2021022205007776,NIFRA,32,58,40,660.0,26400.0
2021022205007772,NIFRA,32,14,60,660.0,39600.0
2021022205007771,NIFRA,32,4,50,660.0,33000.0
2021022205007770,NIFRA,32,10,60,660.0,39600.0
2021022205007767,NIFRA,32,51,30,660.0,19800.0
2021022205007766,NIFRA,32,10,60,660.0,39600.0
2021022205007785,NIFRA,53,4,50,660.0,33000.0
2021022205007783,NIFRA,53,16,10,660.0,6600.0
2021022205007781,NIFRA,53,10,25,660.0,16500.0
2021022205007780,NIFRA,32,10,25,660.0,16500.0
2021022205007779,NIFRA,32,35,10,660.0,6600.0
2021022205007778,NIFRA,32,4,50,660.0,33000.0
2021022205007792,NIFRA,53,10,50,660.0,33000.0
2021022205007791,NIFRA,53,14,60,660.0,39600.0
2021022205007790,NIFRA,53,13,50,660.0,33000.0
2021022205007788,NIFRA,53,21,60,660.0,39600.0
2021022205007787,NIFRA,53,10,50,660.0,33000.0
2021022205007786,NIFRA,53,8,60,660.0,39600.0
2021022205007801,NIFRA,53,8,45,660.0,29700.0
2021022205007800,NIFRA,51,8,15,660.0,9900.0
2021022205007796,NIFRA,51,21,20,660.0,13200.0
2021022205007795,NIFRA,51,10,25,660.0,16500.0
2021022205007794,NIFRA,53,10,35,660.0,23100.0
2021022205007793,NIFRA,53,4,50,660.0,33000.0
2021022205007810,NIFRA,53,4,50,660.0,33000.0
2021022205007809,NIFRA,53,33,50,660.0,33000.0
2021022205007808,NIFRA,53,57,30,660.0,19800.0
2021022205007807,NIFRA,53,14,50,660.0,33000.0
2021022205007805,NIFRA,53,10,60,660.0,39600.0
2021022205007803,NIFRA,53,4,50,660.0,33000.0
2021022205007820,NIFRA,52,46,10,660.0,6600.0
2021022205007819,NIFRA,20,46,50,660.0,33000.0
2021022205007817,NIFRA,20,33,50,660.0,33000.0
2021022205007816,NIFRA,53,28,50,660.0,33000.0
2021022205007814,NIFRA,53,10,50,660.0,33000.0
2021022205007813,NIFRA,53,58,60,660.0,39600.0
2021022205007828,NIFRA,49,33,40,660.0,26400.0
2021022205007827,NIFRA,49,58,10,660.0,6600.0
2021022205007826,NIFRA,45,58,40,660.0,26400.0
2021022205007824,NIFRA,45,34,50,660.0,33000.0
2021022205007822,NIFRA,45,58,10,660.0,6600.0
2021022205007821,NIFRA,52,58,40,660.0,26400.0
2021022205007836,NIFRA,58,28,60,660.0,39600.0
2021022205007835,NIFRA,58,4,50,660.0,33000.0
2021022205007834,NIFRA,58,45,10,660.0,6600.0
2021022205007833,NIFRA,58,45,10,660.0,6600.0
2021022205007832,NIFRA,35,45,40,660.0,26400.0
2021022205007829,NIFRA,35,33,10,660.0,6600.0
2021022205007843,NIFRA,58,4,50,660.0,33000.0
2021022205007842,NIFRA,58,18,50,660.0,33000.0
2021022205007841,NIFRA,58,4,60,660.0,39600.0
2021022205007840,NIFRA,58,14,30,660.0,19800.0
2021022205007839,NIFRA,58,14,30,660.0,19800.0
2021022205007837,NIFRA,58,10,50,660.0,33000.0
2021022205007850,NIFRA,58,18,40,660.0,26400.0
2021022205007849,NIFRA,58,10,50,660.0,33000.0
2021022205007848,NIFRA,58,4,50,660.0,33000.0
2021022205007847,NIFRA,58,57,60,660.0,39600.0
2021022205007846,NIFRA,58,18,50,660.0,33000.0
2021022205007845,NIFRA,58,10,60,660.0,39600.0
2021022205007857,NIFRA,58,18,50,660.0,33000.0
2021022205007856,NIFRA,58,10,50,660.0,33000.0
2021022205007854,NIFRA,58,49,60,660.0,39600.0
2021022205007853,NIFRA,58,14,10,660.0,6600.0
2021022205007852,NIFRA,6,14,40,660.0,26400.0
2021022205007851,NIFRA,6,18,10,660.0,6600.0
2021022205007866,NIFRA,58,28,60,660.0,39600.0
2021022205007865,NIFRA,58,4,50,660.0,33000.0
2021022205007863,NIFRA,58,18,60,660.0,39600.0
2021022205007861,NIFRA,58,10,60,660.0,39600.0
2021022205007860,NIFRA,58,14,50,660.0,33000.0
2021022205007859,NIFRA,58,10,50,660.0,33000.0
2021022205007874,NIFRA,58,10,50,660.0,33000.0
2021022205007873,NIFRA,58,49,50,660.0,33000.0
2021022205007872,NIFRA,58,14,60,660.0,39600.0
2021022205007869,NIFRA,58,10,60,660.0,39600.0
2021022205007868,NIFRA,58,36,30,660.0,19800.0
2021022205007867,NIFRA,58,42,10,660.0,6600.0
2021022205007893,NIFRA,58,38,20,660.0,13200.0
2021022205007891,NIFRA,58,36,50,660.0,33000.0
2021022205007890,NIFRA,58,28,60,660.0,39600.0
2021022205007889,NIFRA,58,29,50,660.0,33000.0
2021022205007888,NIFRA,58,10,50,660.0,33000.0
2021022205007877,NIFRA,58,10,60,660.0,39600.0
2021022205007903,NIFRA,58,10,50,660.0,33000.0
2021022205007902,NIFRA,58,28,50,660.0,33000.0
2021022205007900,NIFRA,58,52,50,660.0,33000.0
2021022205007899,NIFRA,58,18,60,660.0,39600.0
2021022205007896,NIFRA,58,10,50,660.0,33000.0
2021022205007894,NIFRA,58,45,60,660.0,39600.0
2021022205007909,NIFRA,58,28,50,660.0,33000.0
2021022205007908,NIFRA,58,57,50,660.0,33000.0
2021022205007907,NIFRA,58,18,50,660.0,33000.0
2021022205007906,NIFRA,58,10,50,660.0,33000.0
2021022205007905,NIFRA,58,32,50,660.0,33000.0
2021022205007904,NIFRA,58,49,60,660.0,39600.0
2021022205007919,NIFRA,58,59,50,660.0,33000.0
2021022205007917,NIFRA,58,45,60,660.0,39600.0
2021022205007916,NIFRA,58,10,50,660.0,33000.0
2021022205007915,NIFRA,58,57,50,660.0,33000.0
2021022205007912,NIFRA,58,36,60,660.0,39600.0
2021022205007911,NIFRA,58,32,50,660.0,33000.0
2021022205007925,NIFRA,6,10,45,660.0,29700.0
2021022205007924,NIFRA,6,28,20,660.0,13200.0
2021022205007923,NIFRA,6,57,50,660.0,33000.0
2021022205007922,NIFRA,6,58,30,660.0,19800.0
2021022205007921,NIFRA,6,54,45,660.0,29700.0
2021022205007920,NIFRA,6,28,50,660.0,33000.0
2021022205007937,NIFRA,52,58,10,660.0,6600.0
2021022205007934,NIFRA,52,10,50,660.0,33000.0
2021022205007933,NIFRA,52,57,60,660.0,39600.0
2021022205007932,NIFRA,52,10,50,660.0,33000.0
2021022205007930,NIFRA,52,51,50,660.0,33000.0
2021022205007926,NIFRA,7,10,5,660.0,3300.0
2021022205007945,NIFRA,52,48,50,660.0,33000.0
2021022205007944,NIFRA,52,18,60,660.0,39600.0
2021022205007943,NIFRA,52,46,50,660.0,33000.0
2021022205007941,NIFRA,52,10,50,660.0,33000.0
2021022205007940,NIFRA,52,46,60,660.0,39600.0
2021022205007938,NIFRA,52,59,50,660.0,33000.0
2021022205007953,NIFRA,51,28,40,660.0,26400.0
2021022205007952,NIFRA,51,25,10,660.0,6600.0
2021022205007951,NIFRA,52,25,50,660.0,33000.0
2021022205007950,NIFRA,52,18,50,660.0,33000.0
2021022205007948,NIFRA,52,10,10,660.0,6600.0
2021022205007947,NIFRA,52,10,50,660.0,33000.0
2021022205007961,NIFRA,6,10,50,660.0,33000.0
2021022205007960,NIFRA,6,58,60,660.0,39600.0
2021022205007958,NIFRA,6,34,50,660.0,33000.0
2021022205007956,NIFRA,6,17,40,660.0,26400.0
2021022205007955,NIFRA,6,10,60,660.0,39600.0
2021022205007954,NIFRA,6,28,10,660.0,6600.0
2021022205007969,NIFRA,6,10,50,660.0,33000.0
2021022205007968,NIFRA,6,49,50,660.0,33000.0
2021022205007965,NIFRA,6,10,10,660.0,6600.0
2021022205007964,NIFRA,6,14,20,660.0,13200.0
2021022205007963,NIFRA,6,28,50,660.0,33000.0
2021022205007962,NIFRA,6,14,10,660.0,6600.0
2021022205007978,NIFRA,57,10,50,660.0,33000.0
2021022205007975,NIFRA,57,28,50,660.0,33000.0
2021022205007974,NIFRA,57,21,25,660.0,16500.0
2021022205007973,NIFRA,57,4,50,660.0,33000.0
2021022205007972,NIFRA,57,14,10,660.0,6600.0
2021022205007971,NIFRA,6,14,40,660.0,26400.0
2021022205007988,NIFRA,57,38,50,660.0,33000.0
2021022205007985,NIFRA,57,22,50,660.0,33000.0
2021022205007984,NIFRA,57,57,50,660.0,33000.0
2021022205007982,NIFRA,57,25,50,660.0,33000.0
2021022205007980,NIFRA,57,41,50,660.0,33000.0
2021022205007979,NIFRA,57,10,60,660.0,39600.0
2021022205007994,NIFRA,3,57,20,660.0,13200.0
2021022205007993,NIFRA,3,10,10,660.0,6600.0
2021022205007992,NIFRA,56,10,50,660.0,33000.0
2021022205007991,NIFRA,26,28,5,660.0,3300.0
2021022205007990,NIFRA,57,28,45,660.0,29700.0
2021022205007989,NIFRA,57,16,60,660.0,39600.0
2021022205008003,NIFRA,3,47,50,660.0,33000.0
2021022205008000,NIFRA,3,57,20,660.0,13200.0
2021022205007999,NIFRA,3,10,60,660.0,39600.0
2021022205007998,NIFRA,3,21,50,660.0,33000.0
2021022205007997,NIFRA,3,59,20,660.0,13200.0
2021022205007996,NIFRA,3,10,60,660.0,39600.0
2021022205008012,NIFRA,3,10,60,660.0,39600.0
2021022205008011,NIFRA,3,4,50,660.0,33000.0
2021022205008008,NIFRA,3,10,50,660.0,33000.0
2021022205008006,NIFRA,3,49,60,660.0,39600.0
2021022205008005,NIFRA,3,21,30,660.0,19800.0
2021022205008004,NIFRA,3,16,50,660.0,33000.0
2021022205008020,NIFRA,29,50,40,660.0,26400.0
2021022205008019,NIFRA,29,28,50,660.0,33000.0
2021022205008018,NIFRA,3,28,10,660.0,6600.0
2021022205008016,NIFRA,3,50,40,660.0,26400.0
2021022205008015,NIFRA,3,42,50,660.0,33000.0
2021022205008014,NIFRA,3,10,50,660.0,33000.0
2021022205008027,NIFRA,29,16,10,660.0,6600.0
2021022205008026,NIFRA,29,50,50,660.0,33000.0
2021022205008025,NIFRA,29,16,50,660.0,33000.0
2021022205008024,NIFRA,29,51,60,660.0,39600.0
2021022205008023,NIFRA,29,10,60,660.0,39600.0
2021022205008021,NIFRA,29,50,50,660.0,33000.0
2021022205008042,NIFRA,35,50,5,660.0,3300.0
2021022205008041,NIFRA,47,50,45,660.0,29700.0
2021022205008038,NIFRA,47,34,30,660.0,19800.0
2021022205008037,NIFRA,29,34,20,660.0,13200.0
2021022205008035,NIFRA,29,50,60,660.0,39600.0
2021022205008029,NIFRA,29,28,50,660.0,33000.0
2021022205008048,NIFRA,38,38,10,660.0,6600.0
2021022205008047,NIFRA,38,50,50,660.0,33000.0
2021022205008046,NIFRA,38,28,40,660.0,26400.0
2021022205008045,NIFRA,41,28,10,660.0,6600.0
2021022205008044,NIFRA,41,34,50,660.0,33000.0
2021022205008043,NIFRA,41,57,40,660.0,26400.0
2021022205008054,NIFRA,38,58,9,660.0,5940.0
2021022205008053,NIFRA,38,34,50,660.0,33000.0
2021022205008052,NIFRA,38,56,50,660.0,33000.0
2021022205008051,NIFRA,38,19,50,660.0,33000.0
2021022205008050,NIFRA,38,34,50,660.0,33000.0
2021022205008049,NIFRA,38,49,20,660.0,13200.0
2021022205008062,NIFRA,13,38,10,660.0,6600.0
2021022205008061,NIFRA,13,10,20,660.0,13200.0
2021022205008060,NIFRA,38,10,40,660.0,26400.0
2021022205008059,NIFRA,38,4,50,660.0,33000.0
2021022205008058,NIFRA,38,50,40,660.0,26400.0
2021022205008056,NIFRA,38,45,50,660.0,33000.0
2021022205008070,NIFRA,35,16,10,660.0,6600.0
2021022205008067,NIFRA,35,28,60,660.0,39600.0
2021022205008066,NIFRA,35,42,20,660.0,13200.0
2021022205008065,NIFRA,29,42,10,660.0,6600.0
2021022205008064,NIFRA,13,42,20,660.0,13200.0
2021022205008063,NIFRA,13,10,50,660.0,33000.0
2021022205008078,NIFRA,13,10,50,660.0,33000.0
2021022205008076,NIFRA,13,28,50,660.0,33000.0
2021022205008075,NIFRA,14,39,50,660.0,33000.0
2021022205008073,NIFRA,14,17,50,660.0,33000.0
2021022205008072,NIFRA,38,10,50,660.0,33000.0
2021022205008071,NIFRA,38,16,50,660.0,33000.0
2021022205008087,NIFRA,13,49,50,660.0,33000.0
2021022205008086,NIFRA,13,59,60,660.0,39600.0
2021022205008085,NIFRA,13,10,50,660.0,33000.0
2021022205008084,NIFRA,13,43,30,660.0,19800.0
2021022205008082,NIFRA,13,49,50,660.0,33000.0
2021022205008081,NIFRA,13,59,50,660.0,33000.0
2021022205008093,NIFRA,13,38,10,660.0,6600.0
2021022205008092,NIFRA,13,10,50,660.0,33000.0
2021022205008091,NIFRA,13,21,30,660.0,19800.0
2021022205008090,NIFRA,13,16,10,660.0,6600.0
2021022205008089,NIFRA,13,16,50,660.0,33000.0
2021022205008088,NIFRA,13,20,50,660.0,33000.0
2021022205008101,NIFRA,58,35,50,660.0,33000.0
2021022205008100,NIFRA,58,28,50,660.0,33000.0
2021022205008099,NIFRA,58,10,50,660.0,33000.0
2021022205008096,NIFRA,58,14,50,660.0,33000.0
2021022205008095,NIFRA,50,45,50,660.0,33000.0
2021022205008094,NIFRA,13,45,10,660.0,6600.0
2021022205008107,NIFRA,21,38,10,660.0,6600.0
2021022205008106,NIFRA,21,49,60,660.0,39600.0
2021022205008105,NIFRA,21,14,50,660.0,33000.0
2021022205008104,NIFRA,21,42,25,660.0,16500.0
2021022205008103,NIFRA,58,42,35,660.0,23100.0
2021022205008102,NIFRA,58,35,10,660.0,6600.0
2021022205008116,NIFRA,41,14,50,660.0,33000.0
2021022205008115,NIFRA,41,49,50,660.0,33000.0
2021022205008114,NIFRA,41,38,10,660.0,6600.0
2021022205008110,NIFRA,41,10,50,660.0,33000.0
2021022205008109,NIFRA,41,14,60,660.0,39600.0
2021022205008108,NIFRA,21,45,50,660.0,33000.0
2021022205008127,NIFRA,41,38,60,660.0,39600.0
2021022205008125,NIFRA,41,38,10,660.0,6600.0
2021022205008123,NIFRA,41,10,50,660.0,33000.0
2021022205008122,NIFRA,41,28,50,660.0,33000.0
2021022205008119,NIFRA,41,42,50,660.0,33000.0
2021022205008118,NIFRA,41,38,10,660.0,6600.0
2021022205008134,NIFRA,6,16,50,660.0,33000.0
2021022205008133,NIFRA,6,38,10,660.0,6600.0
2021022205008131,NIFRA,6,49,20,660.0,13200.0
2021022205008130,NIFRA,3,49,40,660.0,26400.0
2021022205008129,NIFRA,3,10,10,660.0,6600.0
2021022205008128,NIFRA,41,10,50,660.0,33000.0
2021022205008143,NIFRA,6,39,60,660.0,39600.0
2021022205008142,NIFRA,6,49,50,660.0,33000.0
2021022205008140,NIFRA,6,10,50,660.0,33000.0
2021022205008137,NIFRA,6,14,50,660.0,33000.0
2021022205008136,NIFRA,6,16,60,660.0,39600.0
2021022205008135,NIFRA,6,39,50,660.0,33000.0
2021022205008151,NIFRA,1,14,60,660.0,39600.0
2021022205008150,NIFRA,1,10,50,660.0,33000.0
2021022205008149,NIFRA,1,49,60,660.0,39600.0
2021022205008147,NIFRA,1,10,50,660.0,33000.0
2021022205008145,NIFRA,6,28,50,660.0,33000.0
2021022205008144,NIFRA,6,10,50,660.0,33000.0
2021022205008161,NIFRA,1,38,10,660.0,6600.0
2021022205008160,NIFRA,1,16,50,660.0,33000.0
2021022205008156,NIFRA,1,10,50,660.0,33000.0
2021022205008154,NIFRA,1,49,50,660.0,33000.0
2021022205008153,NIFRA,1,10,50,660.0,33000.0
2021022205008152,NIFRA,1,38,10,660.0,6600.0
2021022205008170,NIFRA,1,18,10,660.0,6600.0
2021022205008169,NIFRA,1,14,60,660.0,39600.0
2021022205008168,NIFRA,1,7,50,660.0,33000.0
2021022205008167,NIFRA,1,10,50,660.0,33000.0
2021022205008163,NIFRA,1,38,50,660.0,33000.0
2021022205008162,NIFRA,1,10,50,660.0,33000.0
2021022205008176,PLI,44,52,10,821.0,8210.0
2021022205008175,PLI,44,52,10,820.0,8200.0
2021022205008174,PLI,39,21,10,820.0,8200.0
2021022205008171,PLI,39,58,10,820.0,8200.0
2021022205008166,PLI,39,49,25,820.0,20500.0
2021022205008165,PLI,39,21,10,820.0,8200.0
2021022205007691,PLI,56,36,10,823.0,8230.0
2021022205007690,PLI,56,5,10,823.0,8230.0
2021022205007685,PLI,46,6,10,822.0,8220.0
2021022205007712,PLI,46,37,10,822.0,8220.0
2021022205007707,PLI,46,49,10,822.0,8220.0
2021022205007700,PLI,46,42,10,822.0,8220.0
2021022205007698,PLI,56,50,10,823.0,8230.0
2021022205007697,PLI,56,8,10,823.0,8230.0
2021022205007692,PLI,56,3,10,823.0,8230.0
2021022205007720,PLI,33,44,10,824.0,8240.0
2021022205007719,PLI,33,45,10,824.0,8240.0
2021022205007718,PLI,33,17,10,824.0,8240.0
2021022205007717,PLI,33,45,10,824.0,8240.0
2021022205007716,PLI,33,43,10,824.0,8240.0
2021022205007715,PLI,33,43,33,824.0,27192.0
2021022205007744,PLI,51,14,55,822.0,45210.0
2021022205007743,PLI,45,14,100,822.0,82200.0
2021022205007742,PLI,46,14,45,822.0,36990.0
2021022205007737,PLI,46,16,10,822.0,8220.0
2021022205007725,PLI,46,34,10,822.0,8220.0
2021022205007721,PLI,33,33,10,824.0,8240.0
2021022205007763,PLI,52,58,10,822.0,8220.0
2021022205007757,PLI,52,52,10,822.0,8220.0
2021022205007755,PLI,51,32,10,822.0,8220.0
2021022205007754,PLI,51,58,10,822.0,8220.0
2021022205007753,PLI,51,42,10,822.0,8220.0
2021022205007748,PLI,51,16,10,822.0,8220.0
2021022205007777,PLI,52,57,10,822.0,8220.0
2021022205007775,PLI,52,37,10,822.0,8220.0
2021022205007774,PLI,52,34,10,822.0,8220.0
2021022205007773,PLI,52,58,10,822.0,8220.0
2021022205007769,PLI,52,10,10,822.0,8220.0
2021022205007768,PLI,34,50,10,823.0,8230.0
2021022205007799,PLI,48,16,10,821.0,8210.0
2021022205007798,PLI,48,52,10,821.0,8210.0
2021022205007797,PLI,48,38,10,821.0,8210.0
2021022205007789,PLI,44,38,10,822.0,8220.0
2021022205007784,PLI,44,38,10,822.0,8220.0
2021022205007782,PLI,52,10,10,822.0,8220.0
2021022205007815,PLI,45,38,10,821.0,8210.0
2021022205007812,PLI,4,22,10,822.0,8220.0
2021022205007811,PLI,45,57,10,821.0,8210.0
2021022205007806,PLI,45,38,10,821.0,8210.0
2021022205007804,PLI,45,37,10,821.0,8210.0
2021022205007802,PLI,45,58,10,821.0,8210.0
2021022205007838,PLI,45,38,10,821.0,8210.0
2021022205007831,PLI,45,38,10,821.0,8210.0
2021022205007830,PLI,45,38,10,821.0,8210.0
2021022205007825,PLI,45,38,10,821.0,8210.0
2021022205007823,PLI,45,38,10,821.0,8210.0
2021022205007818,PLI,57,16,10,822.0,8220.0
2021022205007870,PLI,54,4,10,821.0,8210.0
2021022205007864,PLI,45,45,10,821.0,8210.0
2021022205007862,PLI,45,47,10,821.0,8210.0
2021022205007858,PLI,45,47,10,821.0,8210.0
2021022205007855,PLI,45,34,10,821.0,8210.0
2021022205007844,PLI,45,47,10,821.0,8210.0
2021022205007880,PLI,52,13,10,822.0,8220.0
2021022205007879,PLI,52,42,10,822.0,8220.0
2021022205007878,PLI,54,38,10,821.0,8210.0
2021022205007876,PLI,54,18,10,821.0,8210.0
2021022205007875,PLI,54,33,10,821.0,8210.0
2021022205007871,PLI,54,18,10,821.0,8210.0
2021022205007886,PLI,52,43,84,823.0,69132.0
2021022205007885,PLI,52,58,10,823.0,8230.0
2021022205007884,PLI,52,39,10,823.0,8230.0
2021022205007883,PLI,52,29,10,822.0,8220.0
2021022205007882,PLI,52,29,10,822.0,8220.0
2021022205007881,PLI,52,25,10,822.0,8220.0
2021022205007901,PLI,32,26,10,821.0,8210.0
2021022205007898,PLI,52,29,10,823.0,8230.0
2021022205007897,PLI,34,6,10,824.0,8240.0
2021022205007895,PLI,52,51,10,823.0,8230.0
2021022205007892,PLI,52,47,10,823.0,8230.0
2021022205007887,PLI,52,58,10,823.0,8230.0
2021022205007928,PLI,22,39,10,821.0,8210.0
2021022205007927,PLI,32,45,10,821.0,8210.0
2021022205007918,PLI,32,6,10,821.0,8210.0
2021022205007914,PLI,32,18,10,821.0,8210.0
2021022205007913,PLI,32,54,10,821.0,8210.0
2021022205007910,PLI,32,42,20,821.0,16420.0
2021022205007942,PLI,1,29,10,821.0,8210.0
2021022205007939,PLI,1,29,10,821.0,8210.0
2021022205007936,PLI,1,57,10,821.0,8210.0
2021022205007935,PLI,1,18,10,821.0,8210.0
2021022205007931,PLI,1,57,10,821.0,8210.0
2021022205007929,PLI,1,52,10,821.0,8210.0
2021022205007967,PLI,53,55,90,821.0,73890.0
2021022205007966,PLI,1,55,10,821.0,8210.0
2021022205007959,PLI,1,18,10,821.0,8210.0
2021022205007957,PLI,1,52,10,821.0,8210.0
2021022205007949,PLI,46,52,10,822.0,8220.0
2021022205007946,PLI,1,29,10,821.0,8210.0
2021022205007986,PLI,38,56,10,822.0,8220.0
2021022205007983,PLI,44,54,10,821.0,8210.0
2021022205007981,PLI,44,57,10,821.0,8210.0
2021022205007977,PLI,44,58,10,821.0,8210.0
2021022205007976,PLI,44,49,10,821.0,8210.0
2021022205007970,PLI,53,45,10,821.0,8210.0
2021022205008009,PLI,35,48,10,822.0,8220.0
2021022205008007,PLI,49,45,10,821.0,8210.0
2021022205008002,PLI,49,50,10,821.0,8210.0
2021022205008001,PLI,44,16,10,821.0,8210.0
2021022205007995,PLI,44,16,10,821.0,8210.0
2021022205007987,PLI,38,51,10,822.0,8220.0
2021022205008030,PLI,49,1,10,821.0,8210.0
2021022205008028,PLI,49,10,10,821.0,8210.0
2021022205008022,PLI,46,26,30,822.0,24660.0
2021022205008017,PLI,49,36,10,821.0,8210.0
2021022205008013,PLI,35,48,10,822.0,8220.0
2021022205008010,PLI,35,35,10,822.0,8220.0
2021022205008039,PLI,21,52,10,821.0,8210.0
2021022205008036,PLI,21,55,10,821.0,8210.0
2021022205008034,PLI,29,45,10,821.0,8210.0
2021022205008033,PLI,29,1,78,821.0,64038.0
2021022205008032,PLI,35,1,102,821.0,83742.0
2021022205008031,PLI,33,1,10,821.0,8210.0
2021022205008074,PLI,45,58,10,821.0,8210.0
2021022205008069,PLI,45,21,10,821.0,8210.0
2021022205008068,PLI,45,34,10,821.0,8210.0
2021022205008057,PLI,45,20,10,821.0,8210.0
2021022205008055,PLI,45,40,10,821.0,8210.0
2021022205008040,PLI,21,45,10,821.0,8210.0
2021022205008098,PLI,45,20,10,821.0,8210.0
2021022205008097,PLI,58,19,20,822.0,16440.0
2021022205008083,PLI,17,58,10,822.0,8220.0
2021022205008080,PLI,45,51,10,821.0,8210.0
2021022205008079,PLI,45,58,10,821.0,8210.0
2021022205008077,PLI,45,16,10,821.0,8210.0
2021022205008124,PLI,47,52,10,821.0,8210.0
2021022205008121,PLI,47,52,10,821.0,8210.0
2021022205008120,PLI,19,19,10,822.0,8220.0
2021022205008117,PLI,47,42,10,821.0,8210.0
2021022205008112,PLI,47,58,10,821.0,8210.0
2021022205008111,PLI,45,58,10,821.0,8210.0
2021022205008146,PLI,39,44,10,820.0,8200.0
2021022205008141,PLI,39,16,10,820.0,8200.0
2021022205008139,PLI,26,19,90,821.0,73890.0
2021022205008138,PLI,25,19,100,821.0,82100.0
2021022205008132,PLI,26,42,10,821.0,8210.0
2021022205008126,PLI,47,39,10,821.0,8210.0
2021022205008164,PLI,44,38,10,822.0,8220.0
2021022205008159,PLI,39,21,10,820.0,8200.0
2021022205008158,PLI,44,8,10,821.0,8210.0
2021022205008157,PLI,44,50,10,821.0,8210.0
2021022205008155,PLI,39,48,10,820.0,8200.0
2021022205008148,PLI,40,8,10,821.0,8210.0
2021022205007680,NIFRA,3,14,50,660.0,33000.0
2021022205007679,NIFRA,3,6,50,660.0,33000.0
2021022205007678,NIFRA,3,52,60,660.0,39600.0
2021022205007677,NIFRA,3,14,50,660.0,33000.0
2021022205007676,NIFRA,3,10,50,660.0,33000.0
2021022205007674,NIFRA,3,59,50,660.0,33000.0
2021022205007182,NIFRA,21,28,60,660.0,39600.0
2021022205007181,NIFRA,21,42,50,660.0,33000.0
2021022205007191,NIFRA,58,28,60,660.0,39600.0
2021022205007190,NIFRA,58,58,10,660.0,6600.0
2021022205007188,NIFRA,58,21,50,660.0,33000.0
2021022205007186,NIFRA,58,58,50,660.0,33000.0
2021022205007185,NIFRA,58,28,50,660.0,33000.0
2021022205007183,NIFRA,58,21,50,660.0,33000.0
2021022205007200,NIFRA,58,55,50,660.0,33000.0
2021022205007199,NIFRA,58,28,60,660.0,39600.0
2021022205007198,NIFRA,58,38,10,660.0,6600.0
2021022205007196,NIFRA,58,21,50,660.0,33000.0
2021022205007195,NIFRA,58,16,60,660.0,39600.0
2021022205007192,NIFRA,58,21,50,660.0,33000.0
2021022205007207,NIFRA,26,49,20,660.0,13200.0
2021022205007205,NIFRA,26,58,10,660.0,6600.0
2021022205007204,NIFRA,26,38,10,660.0,6600.0
2021022205007203,NIFRA,26,21,60,660.0,39600.0
2021022205007202,NIFRA,26,38,20,660.0,13200.0
2021022205007201,NIFRA,58,38,30,660.0,19800.0
2021022205007218,NIFRA,26,57,60,660.0,39600.0
2021022205007217,NIFRA,26,42,50,660.0,33000.0
2021022205007216,NIFRA,26,10,60,660.0,39600.0
2021022205007213,NIFRA,26,10,50,660.0,33000.0
2021022205007209,NIFRA,26,51,50,660.0,33000.0
2021022205007208,NIFRA,26,56,60,660.0,39600.0
2021022205007225,NIFRA,29,3,60,660.0,39600.0
2021022205007224,NIFRA,29,21,60,660.0,39600.0
2021022205007223,NIFRA,29,29,50,660.0,33000.0
2021022205007222,NIFRA,29,42,50,660.0,33000.0
2021022205007220,NIFRA,29,3,10,660.0,6600.0
2021022205007219,NIFRA,26,3,50,660.0,33000.0
2021022205007233,NIFRA,29,40,60,660.0,39600.0
2021022205007232,NIFRA,29,21,50,660.0,33000.0
2021022205007231,NIFRA,29,28,60,660.0,39600.0
2021022205007228,NIFRA,29,42,50,660.0,33000.0
2021022205007227,NIFRA,29,57,60,660.0,39600.0
2021022205007226,NIFRA,29,34,60,660.0,39600.0
2021022205007241,NIFRA,34,22,50,660.0,33000.0
2021022205007239,NIFRA,34,29,20,660.0,13200.0
2021022205007238,NIFRA,29,29,30,660.0,19800.0
2021022205007237,NIFRA,29,28,50,660.0,33000.0
2021022205007236,NIFRA,29,57,60,660.0,39600.0
2021022205007235,NIFRA,29,42,40,660.0,26400.0
2021022205007247,NIFRA,52,17,150,660.0,99000.0
2021022205007246,NIFRA,34,58,60,660.0,39600.0
2021022205007245,NIFRA,34,29,60,660.0,39600.0
2021022205007244,NIFRA,34,58,60,660.0,39600.0
2021022205007243,NIFRA,34,21,60,660.0,39600.0
2021022205007242,NIFRA,34,16,50,660.0,33000.0
2021022205007256,NIFRA,46,28,10,660.0,6600.0
2021022205007255,NIFRA,34,28,40,660.0,26400.0
2021022205007254,NIFRA,34,58,50,660.0,33000.0
2021022205007252,NIFRA,34,58,50,660.0,33000.0
2021022205007251,NIFRA,34,38,50,660.0,33000.0
2021022205007250,NIFRA,34,58,50,660.0,33000.0
2021022205007265,NIFRA,46,1,20,660.0,13200.0
2021022205007263,NIFRA,46,58,50,660.0,33000.0
2021022205007262,NIFRA,46,58,50,660.0,33000.0
2021022205007259,NIFRA,46,46,60,660.0,39600.0
2021022205007258,NIFRA,46,3,60,660.0,39600.0
2021022205007257,NIFRA,46,58,50,660.0,33000.0
2021022205007272,NIFRA,56,38,50,660.0,33000.0
2021022205007271,NIFRA,56,55,10,660.0,6600.0
2021022205007270,NIFRA,41,55,20,660.0,13200.0
2021022205007269,NIFRA,42,55,20,660.0,13200.0
2021022205007267,NIFRA,42,58,50,660.0,33000.0
2021022205007266,NIFRA,42,1,30,660.0,19800.0
2021022205007278,NIFRA,45,4,60,660.0,39600.0
2021022205007277,NIFRA,45,18,20,660.0,13200.0
2021022205007276,NIFRA,54,18,40,660.0,26400.0
2021022205007275,NIFRA,54,58,50,660.0,33000.0
2021022205007274,NIFRA,54,58,10,660.0,6600.0
2021022205007273,NIFRA,6,58,50,660.0,33000.0
2021022205007284,NIFRA,7,8,60,660.0,39600.0
2021022205007283,NIFRA,7,6,50,660.0,33000.0
2021022205007282,NIFRA,7,34,10,660.0,6600.0
2021022205007281,NIFRA,7,28,50,660.0,33000.0
2021022205007280,NIFRA,7,58,30,660.0,19800.0
2021022205007279,NIFRA,45,58,20,660.0,13200.0
2021022205007291,NIFRA,21,51,50,660.0,33000.0
2021022205007290,NIFRA,21,8,20,660.0,13200.0
2021022205007289,NIFRA,45,8,30,660.0,19800.0
2021022205007288,NIFRA,45,38,20,660.0,13200.0
2021022205007287,NIFRA,7,38,40,660.0,26400.0
2021022205007285,NIFRA,7,28,60,660.0,39600.0
2021022205007301,NIFRA,3,39,50,660.0,33000.0
2021022205007297,NIFRA,3,8,30,660.0,19800.0
2021022205007296,NIFRA,51,8,10,660.0,6600.0
2021022205007295,NIFRA,21,8,20,660.0,13200.0
2021022205007294,NIFRA,21,6,10,660.0,6600.0
2021022205007293,NIFRA,21,6,50,660.0,33000.0
2021022205007308,NIFRA,36,28,60,660.0,39600.0
2021022205007306,NIFRA,36,50,90,660.0,59400.0
2021022205007305,NIFRA,3,50,110,660.0,72600.0
2021022205007304,NIFRA,3,58,50,660.0,33000.0
2021022205007303,NIFRA,3,8,50,660.0,33000.0
2021022205007302,NIFRA,3,34,60,660.0,39600.0
2021022205007318,NIFRA,36,52,50,660.0,33000.0
2021022205007316,NIFRA,36,8,50,660.0,33000.0
2021022205007315,NIFRA,36,34,50,660.0,33000.0
2021022205007314,NIFRA,36,14,50,660.0,33000.0
2021022205007312,NIFRA,36,8,50,660.0,33000.0
2021022205007309,NIFRA,36,8,60,660.0,39600.0
2021022205007333,NIFRA,36,17,50,660.0,33000.0
2021022205007329,NIFRA,36,34,50,660.0,33000.0
2021022205007328,NIFRA,36,53,60,660.0,39600.0
2021022205007325,NIFRA,36,28,50,660.0,33000.0
2021022205007323,NIFRA,36,47,50,660.0,33000.0
2021022205007321,NIFRA,36,28,60,660.0,39600.0
2021022205007341,NIFRA,57,28,50,660.0,33000.0
2021022205007340,NIFRA,36,6,20,660.0,13200.0
2021022205007337,NIFRA,36,32,50,660.0,33000.0
2021022205007336,NIFRA,36,28,50,660.0,33000.0
2021022205007335,NIFRA,36,14,50,660.0,33000.0
2021022205007334,NIFRA,36,51,50,660.0,33000.0
2021022205007351,NIFRA,57,34,30,660.0,19800.0
2021022205007349,NIFRA,57,33,40,660.0,26400.0
2021022205007348,NIFRA,57,1,40,660.0,26400.0
2021022205007347,NIFRA,21,1,20,660.0,13200.0
2021022205007344,NIFRA,21,14,50,660.0,33000.0
2021022205007342,NIFRA,21,58,30,660.0,19800.0
2021022205007363,NIFRA,45,21,50,660.0,33000.0
2021022205007360,NIFRA,45,59,10,660.0,6600.0
2021022205007357,NIFRA,45,10,40,660.0,26400.0
2021022205007356,NIFRA,57,10,10,660.0,6600.0
2021022205007355,NIFRA,57,34,50,660.0,33000.0
2021022205007354,NIFRA,57,58,30,660.0,19800.0
2021022205007383,NIFRA,45,56,20,660.0,13200.0
2021022205007379,NIFRA,45,59,10,660.0,6600.0
2021022205007375,NIFRA,45,51,50,660.0,33000.0
2021022205007372,NIFRA,45,52,50,660.0,33000.0
2021022205007371,NIFRA,45,58,50,660.0,33000.0
2021022205007368,NIFRA,45,58,50,660.0,33000.0
2021022205007402,NIFRA,45,21,60,660.0,39600.0
2021022205007399,NIFRA,45,21,60,660.0,39600.0
2021022205007395,NIFRA,45,45,50,660.0,33000.0
2021022205007394,NIFRA,45,6,50,660.0,33000.0
2021022205007391,NIFRA,45,42,50,660.0,33000.0
2021022205007390,NIFRA,45,29,40,660.0,26400.0
2021022205007421,NIFRA,45,43,50,660.0,33000.0
2021022205007415,NIFRA,45,38,30,660.0,19800.0
2021022205007411,NIFRA,45,59,10,660.0,6600.0
2021022205007410,NIFRA,45,50,60,660.0,39600.0
2021022205007409,NIFRA,45,16,10,660.0,6600.0
2021022205007407,NIFRA,45,42,50,660.0,33000.0
2021022205007432,NIFRA,6,17,50,660.0,33000.0
2021022205007431,NIFRA,6,45,50,660.0,33000.0
2021022205007429,NIFRA,45,22,60,660.0,39600.0
2021022205007425,NIFRA,45,52,60,660.0,39600.0
2021022205007424,NIFRA,7,38,5,660.0,3300.0
2021022205007423,NIFRA,45,28,25,660.0,16500.0
2021022205007445,NIFRA,6,11,50,660.0,33000.0
2021022205007444,NIFRA,6,54,50,660.0,33000.0
2021022205007443,NIFRA,6,38,50,660.0,33000.0
2021022205007441,NIFRA,6,45,50,660.0,33000.0
2021022205007437,NIFRA,6,28,50,660.0,33000.0
2021022205007435,NIFRA,6,49,50,660.0,33000.0
2021022205007457,NIFRA,28,21,40,660.0,26400.0
2021022205007456,NIFRA,28,11,50,660.0,33000.0
2021022205007454,NIFRA,28,38,10,660.0,6600.0
2021022205007453,NIFRA,6,38,40,660.0,26400.0
2021022205007448,NIFRA,6,50,60,660.0,39600.0
2021022205007447,NIFRA,6,10,50,660.0,33000.0
2021022205007463,NIFRA,57,10,20,660.0,13200.0
2021022205007462,NIFRA,57,10,10,660.0,6600.0
2021022205007461,NIFRA,59,10,20,660.0,13200.0
2021022205007460,NIFRA,59,35,30,660.0,19800.0
2021022205007459,NIFRA,59,50,40,660.0,26400.0
2021022205007458,NIFRA,59,21,10,660.0,6600.0
2021022205007472,NIFRA,57,44,50,660.0,33000.0
2021022205007471,NIFRA,57,57,50,660.0,33000.0
2021022205007469,NIFRA,57,38,50,660.0,33000.0
2021022205007468,NIFRA,57,34,60,660.0,39600.0
2021022205007467,NIFRA,57,52,50,660.0,33000.0
2021022205007466,NIFRA,57,11,60,660.0,39600.0
2021022205007480,NIFRA,18,19,60,660.0,39600.0
2021022205007479,NIFRA,18,50,15,660.0,9900.0
2021022205007478,NIFRA,57,50,25,660.0,16500.0
2021022205007477,NIFRA,57,43,50,660.0,33000.0
2021022205007476,NIFRA,57,22,60,660.0,39600.0
2021022205007475,NIFRA,57,14,25,660.0,16500.0
2021022205007497,NIFRA,18,6,50,660.0,33000.0
2021022205007496,NIFRA,18,50,40,660.0,26400.0
2021022205007495,NIFRA,18,38,60,660.0,39600.0
2021022205007484,NIFRA,18,10,50,660.0,33000.0
2021022205007482,NIFRA,18,52,60,660.0,39600.0
2021022205007481,NIFRA,18,4,50,660.0,33000.0
2021022205007505,NIFRA,18,14,25,660.0,16500.0
2021022205007504,NIFRA,18,57,50,660.0,33000.0
2021022205007503,NIFRA,18,10,50,660.0,33000.0
2021022205007501,NIFRA,18,57,50,660.0,33000.0
2021022205007500,NIFRA,18,57,50,660.0,33000.0
2021022205007498,NIFRA,18,1,50,660.0,33000.0
2021022205007514,NIFRA,18,48,50,660.0,33000.0
2021022205007513,NIFRA,18,52,50,660.0,33000.0
2021022205007512,NIFRA,18,50,50,660.0,33000.0
2021022205007511,NIFRA,18,10,50,660.0,33000.0
2021022205007510,NIFRA,18,10,50,660.0,33000.0
2021022205007508,NIFRA,18,50,40,660.0,26400.0
2021022205007524,NIFRA,18,34,50,660.0,33000.0
2021022205007523,NIFRA,18,57,50,660.0,33000.0
2021022205007520,NIFRA,18,3,10,660.0,6600.0
2021022205007518,NIFRA,18,38,50,660.0,33000.0
2021022205007516,NIFRA,18,57,50,660.0,33000.0
2021022205007515,NIFRA,18,10,50,660.0,33000.0
2021022205007531,NIFRA,18,44,50,660.0,33000.0
2021022205007530,NIFRA,18,57,60,660.0,39600.0
2021022205007529,NIFRA,18,10,50,660.0,33000.0
2021022205007528,NIFRA,18,52,50,660.0,33000.0
2021022205007527,NIFRA,18,57,50,660.0,33000.0
2021022205007526,NIFRA,18,17,50,660.0,33000.0
2021022205007540,NIFRA,18,32,18,660.0,11880.0
2021022205007538,NIFRA,18,10,60,660.0,39600.0
2021022205007536,NIFRA,18,6,40,660.0,26400.0
2021022205007535,NIFRA,18,59,20,660.0,13200.0
2021022205007533,NIFRA,18,10,60,660.0,39600.0
2021022205007532,NIFRA,18,28,10,660.0,6600.0
2021022205007549,NIFRA,18,10,12,660.0,7920.0
2021022205007547,NIFRA,18,4,50,660.0,33000.0
2021022205007545,NIFRA,18,17,50,660.0,33000.0
2021022205007544,NIFRA,18,52,60,660.0,39600.0
2021022205007542,NIFRA,18,34,50,660.0,33000.0
2021022205007541,NIFRA,18,4,50,660.0,33000.0
2021022205007557,NIFRA,58,34,50,660.0,33000.0
2021022205007556,NIFRA,58,4,38,660.0,25080.0
2021022205007555,NIFRA,58,4,12,660.0,7920.0
2021022205007552,NIFRA,58,43,50,660.0,33000.0
2021022205007551,NIFRA,58,10,38,660.0,25080.0
2021022205007550,NIFRA,20,10,10,660.0,6600.0
2021022205007570,NIFRA,58,6,50,660.0,33000.0
2021022205007568,NIFRA,58,58,50,660.0,33000.0
2021022205007567,NIFRA,58,32,50,660.0,33000.0
2021022205007565,NIFRA,58,10,50,660.0,33000.0
2021022205007560,NIFRA,58,43,50,660.0,33000.0
2021022205007559,NIFRA,58,34,50,660.0,33000.0
2021022205007576,NIFRA,20,16,50,660.0,33000.0
2021022205007575,NIFRA,20,10,50,660.0,33000.0
2021022205007574,NIFRA,20,34,38,660.0,25080.0
2021022205007573,NIFRA,58,34,22,660.0,14520.0
2021022205007572,NIFRA,58,10,50,660.0,33000.0
2021022205007571,NIFRA,58,21,40,660.0,26400.0
2021022205007586,NIFRA,20,49,20,660.0,13200.0
2021022205007583,NIFRA,20,57,50,660.0,33000.0
2021022205007582,NIFRA,20,32,50,660.0,33000.0
2021022205007581,NIFRA,20,46,60,660.0,39600.0
2021022205007578,NIFRA,20,10,50,660.0,33000.0
2021022205007577,NIFRA,20,10,50,660.0,33000.0
2021022205007594,NIFRA,41,10,50,660.0,33000.0
2021022205007593,NIFRA,41,17,50,660.0,33000.0
2021022205007592,NIFRA,41,52,50,660.0,33000.0
2021022205007591,NIFRA,41,32,18,660.0,11880.0
2021022205007590,NIFRA,20,32,32,660.0,21120.0
2021022205007587,NIFRA,20,10,50,660.0,33000.0
2021022205007601,NIFRA,41,10,50,660.0,33000.0
2021022205007599,NIFRA,41,46,10,660.0,6600.0
2021022205007598,NIFRA,41,59,50,660.0,33000.0
2021022205007597,NIFRA,41,10,50,660.0,33000.0
2021022205007596,NIFRA,41,22,30,660.0,19800.0
2021022205007595,NIFRA,41,57,50,660.0,33000.0
2021022205007612,NIFRA,41,59,60,660.0,39600.0
2021022205007611,NIFRA,41,16,50,660.0,33000.0
2021022205007610,NIFRA,41,10,50,660.0,33000.0
2021022205007606,NIFRA,41,57,50,660.0,33000.0
2021022205007605,NIFRA,41,10,50,660.0,33000.0
2021022205007604,NIFRA,41,53,60,660.0,39600.0
2021022205007618,NIFRA,41,26,2,660.0,1320.0
2021022205007617,NIFRA,41,36,60,660.0,39600.0
2021022205007616,NIFRA,41,57,50,660.0,33000.0
2021022205007615,NIFRA,41,10,60,660.0,39600.0
2021022205007614,NIFRA,41,10,50,660.0,33000.0
2021022205007613,NIFRA,41,36,50,660.0,33000.0
2021022205007625,NIFRA,50,39,50,660.0,33000.0
2021022205007624,NIFRA,50,34,60,660.0,39600.0
2021022205007623,NIFRA,50,57,60,660.0,39600.0
2021022205007622,NIFRA,50,36,50,660.0,33000.0
2021022205007620,NIFRA,4,10,10,660.0,6600.0
2021022205007619,NIFRA,3,10,40,660.0,26400.0
2021022205007641,NIFRA,50,10,50,660.0,33000.0
2021022205007638,NIFRA,50,59,50,660.0,33000.0
2021022205007634,NIFRA,50,59,60,660.0,39600.0
2021022205007633,NIFRA,50,10,50,660.0,33000.0
2021022205007632,NIFRA,50,10,60,660.0,39600.0
2021022205007631,NIFRA,50,21,25,660.0,16500.0
2021022205007648,NIFRA,50,42,60,660.0,39600.0
2021022205007647,NIFRA,50,10,60,660.0,39600.0
2021022205007645,NIFRA,50,59,50,660.0,33000.0
2021022205007644,NIFRA,50,34,50,660.0,33000.0
2021022205007643,NIFRA,50,43,30,660.0,19800.0
2021022205007642,NIFRA,50,4,20,660.0,13200.0
2021022205007657,NIFRA,3,59,50,660.0,33000.0
2021022205007656,NIFRA,3,10,50,660.0,33000.0
2021022205007653,NIFRA,3,28,60,660.0,39600.0
2021022205007652,NIFRA,51,4,60,660.0,39600.0
2021022205007650,NIFRA,51,8,35,660.0,23100.0
2021022205007649,NIFRA,50,8,15,660.0,9900.0
2021022205007665,NIFRA,3,10,50,660.0,33000.0
2021022205007664,NIFRA,3,38,50,660.0,33000.0
2021022205007663,NIFRA,3,11,25,660.0,16500.0
2021022205007660,NIFRA,3,10,60,660.0,39600.0
2021022205007659,NIFRA,3,34,10,660.0,6600.0
2021022205007658,NIFRA,3,52,60,660.0,39600.0
2021022205007673,NIFRA,3,35,10,660.0,6600.0
2021022205007672,NIFRA,3,49,30,660.0,19800.0
2021022205007671,NIFRA,3,10,50,660.0,33000.0
2021022205007670,NIFRA,3,14,60,660.0,39600.0
2021022205007669,NIFRA,3,38,50,660.0,33000.0
2021022205007668,NIFRA,3,38,50,660.0,33000.0
2021022205007675,PLI,46,21,10,822.0,8220.0
2021022205007667,PLI,46,37,10,822.0,8220.0
2021022205007666,PLI,46,54,10,822.0,8220.0
2021022205007662,PLI,46,22,10,822.0,8220.0
2021022205007661,PLI,46,13,10,822.0,8220.0
2021022205007655,PLI,46,32,10,822.0,8220.0
2021022205007197,PLI,52,45,10,821.0,8210.0
2021022205007194,PLI,52,57,10,821.0,8210.0
2021022205007193,PLI,52,57,10,821.0,8210.0
2021022205007189,PLI,52,34,10,821.0,8210.0
2021022205007187,PLI,52,58,10,821.0,8210.0
2021022205007184,PLI,37,52,10,821.0,8210.0
2021022205007215,PLI,52,58,10,821.0,8210.0
2021022205007214,PLI,35,52,10,822.0,8220.0
2021022205007212,PLI,35,14,10,822.0,8220.0
2021022205007211,PLI,35,35,30,822.0,24660.0
2021022205007210,PLI,35,38,10,822.0,8220.0
2021022205007206,PLI,52,58,10,821.0,8210.0
2021022205007248,PLI,52,45,10,821.0,8210.0
2021022205007240,PLI,52,19,10,821.0,8210.0
2021022205007234,PLI,52,49,10,821.0,8210.0
2021022205007230,PLI,52,14,10,821.0,8210.0
2021022205007229,PLI,52,3,10,821.0,8210.0
2021022205007221,PLI,52,34,10,821.0,8210.0
2021022205007268,PLI,52,52,200,821.0,164200.0
2021022205007264,PLI,52,52,10,821.0,8210.0
2021022205007261,PLI,52,3,10,821.0,8210.0
2021022205007260,PLI,52,56,10,821.0,8210.0
2021022205007253,PLI,52,3,10,821.0,8210.0
2021022205007249,PLI,52,16,10,821.0,8210.0
2021022205007307,PLI,52,58,10,821.0,8210.0
2021022205007300,PLI,52,41,10,821.0,8210.0
2021022205007299,PLI,52,6,10,821.0,8210.0
2021022205007298,PLI,52,22,10,821.0,8210.0
2021022205007292,PLI,52,39,10,821.0,8210.0
2021022205007286,PLI,46,13,10,822.0,8220.0
2021022205007320,PLI,16,17,10,822.0,8220.0
2021022205007319,PLI,16,45,10,822.0,8220.0
2021022205007317,PLI,16,7,10,822.0,8220.0
2021022205007313,PLI,16,58,10,822.0,8220.0
2021022205007311,PLI,16,58,10,822.0,8220.0
2021022205007310,PLI,52,51,10,821.0,8210.0
2021022205007331,PLI,38,45,10,822.0,8220.0
2021022205007330,PLI,38,57,10,822.0,8220.0
2021022205007327,PLI,52,52,10,821.0,8210.0
2021022205007326,PLI,52,57,10,821.0,8210.0
2021022205007324,PLI,52,10,10,821.0,8210.0
2021022205007322,PLI,52,40,10,821.0,8210.0
2021022205007346,PLI,52,4,10,821.0,8210.0
2021022205007345,PLI,52,21,10,821.0,8210.0
2021022205007343,PLI,45,52,10,822.0,8220.0
2021022205007339,PLI,38,52,10,822.0,8220.0
2021022205007338,PLI,38,10,10,822.0,8220.0
2021022205007332,PLI,38,7,10,822.0,8220.0
2021022205007361,PLI,34,58,10,822.0,8220.0
2021022205007359,PLI,34,10,10,822.0,8220.0
2021022205007358,PLI,34,21,10,822.0,8220.0
2021022205007353,PLI,34,21,10,822.0,8220.0
2021022205007352,PLI,34,58,10,822.0,8220.0
2021022205007350,PLI,34,52,10,822.0,8220.0
2021022205007369,PLI,54,10,10,821.0,8210.0
2021022205007367,PLI,45,21,10,822.0,8220.0
2021022205007366,PLI,34,49,10,822.0,8220.0
2021022205007365,PLI,34,52,10,822.0,8220.0
2021022205007364,PLI,34,39,10,822.0,8220.0
2021022205007362,PLI,34,52,10,822.0,8220.0
2021022205007378,PLI,54,10,10,821.0,8210.0
2021022205007377,PLI,54,39,10,821.0,8210.0
2021022205007376,PLI,54,52,10,821.0,8210.0
2021022205007374,PLI,54,39,10,821.0,8210.0
2021022205007373,PLI,54,21,10,821.0,8210.0
2021022205007370,PLI,49,6,10,822.0,8220.0
2021022205007386,PLI,44,21,10,821.0,8210.0
2021022205007385,PLI,44,38,10,821.0,8210.0
2021022205007384,PLI,44,10,10,821.0,8210.0
2021022205007382,PLI,54,38,10,821.0,8210.0
2021022205007381,PLI,54,54,10,821.0,8210.0
2021022205007380,PLI,54,57,10,821.0,8210.0
2021022205007396,PLI,44,10,10,821.0,8210.0
2021022205007393,PLI,44,21,10,821.0,8210.0
2021022205007392,PLI,44,52,10,821.0,8210.0
2021022205007389,PLI,44,46,10,821.0,8210.0
2021022205007388,PLI,44,10,10,821.0,8210.0
2021022205007387,PLI,44,38,10,821.0,8210.0
2021022205007404,PLI,35,45,150,822.0,123300.0
2021022205007403,PLI,6,21,10,821.0,8210.0
2021022205007401,PLI,6,46,10,821.0,8210.0
2021022205007400,PLI,6,58,10,821.0,8210.0
2021022205007398,PLI,6,10,10,821.0,8210.0
2021022205007397,PLI,44,21,10,821.0,8210.0
2021022205007414,PLI,6,46,10,821.0,8210.0
2021022205007413,PLI,6,52,10,821.0,8210.0
2021022205007412,PLI,6,21,10,821.0,8210.0
2021022205007408,PLI,6,46,10,821.0,8210.0
2021022205007406,PLI,35,19,10,822.0,8220.0
2021022205007405,PLI,35,32,10,822.0,8220.0
2021022205007422,PLI,49,50,10,822.0,8220.0
2021022205007420,PLI,49,38,10,822.0,8220.0
2021022205007419,PLI,49,40,10,822.0,8220.0
2021022205007418,PLI,49,45,10,822.0,8220.0
2021022205007417,PLI,6,21,10,821.0,8210.0
2021022205007416,PLI,6,38,10,821.0,8210.0
2021022205007434,PLI,49,14,10,822.0,8220.0
2021022205007433,PLI,49,21,10,822.0,8220.0
2021022205007430,PLI,49,21,10,822.0,8220.0
2021022205007428,PLI,49,38,10,822.0,8220.0
2021022205007427,PLI,49,21,10,822.0,8220.0
2021022205007426,PLI,49,4,10,822.0,8220.0
2021022205007446,PLI,6,4,10,821.0,8210.0
2021022205007442,PLI,6,4,10,821.0,8210.0
2021022205007440,PLI,34,56,10,822.0,8220.0
2021022205007439,PLI,6,56,10,821.0,8210.0
2021022205007438,PLI,6,38,10,821.0,8210.0
2021022205007436,PLI,6,21,10,821.0,8210.0
2021022205007464,PLI,38,4,10,822.0,8220.0
2021022205007455,PLI,38,10,10,822.0,8220.0
2021022205007452,PLI,38,34,10,822.0,8220.0
2021022205007451,PLI,38,34,10,822.0,8220.0
2021022205007450,PLI,6,49,10,821.0,8210.0
2021022205007449,PLI,8,21,10,822.0,8220.0
2021022205007485,PLI,40,4,10,822.0,8220.0
2021022205007483,PLI,6,38,10,821.0,8210.0
2021022205007474,PLI,38,38,10,822.0,8220.0
2021022205007473,PLI,38,41,10,822.0,8220.0
2021022205007470,PLI,38,38,10,822.0,8220.0
2021022205007465,PLI,38,38,10,822.0,8220.0
2021022205007491,PLI,40,6,10,823.0,8230.0
2021022205007490,PLI,40,6,10,823.0,8230.0
2021022205007489,PLI,40,45,10,823.0,8230.0
2021022205007488,PLI,40,32,10,823.0,8230.0
2021022205007487,PLI,40,56,10,822.0,8220.0
2021022205007486,PLI,40,34,10,822.0,8220.0
2021022205007506,PLI,6,10,10,821.0,8210.0
2021022205007502,PLI,6,58,20,821.0,16420.0
2021022205007499,PLI,6,52,10,821.0,8210.0
2021022205007494,PLI,40,38,10,823.0,8230.0
2021022205007493,PLI,40,34,10,823.0,8230.0
2021022205007492,PLI,40,48,10,823.0,8230.0
2021022205007522,PLI,34,46,10,822.0,8220.0
2021022205007521,PLI,6,21,10,821.0,8210.0
2021022205007519,PLI,6,10,10,821.0,8210.0
2021022205007517,PLI,6,38,10,821.0,8210.0
2021022205007509,PLI,6,36,10,821.0,8210.0
2021022205007507,PLI,6,43,10,821.0,8210.0
2021022205007546,PLI,45,29,10,821.0,8210.0
2021022205007543,PLI,6,8,10,821.0,8210.0
2021022205007539,PLI,6,58,10,821.0,8210.0
2021022205007537,PLI,6,20,10,821.0,8210.0
2021022205007534,PLI,6,22,10,821.0,8210.0
2021022205007525,PLI,34,16,10,822.0,8220.0
2021022205007562,PLI,20,50,10,823.0,8230.0
2021022205007561,PLI,45,32,10,821.0,8210.0
2021022205007558,PLI,45,25,10,821.0,8210.0
2021022205007554,PLI,45,10,10,821.0,8210.0
2021022205007553,PLI,45,6,10,821.0,8210.0
2021022205007548,PLI,45,52,10,821.0,8210.0
2021022205007580,PLI,44,38,10,821.0,8210.0
2021022205007579,PLI,45,10,10,821.0,8210.0
2021022205007569,PLI,45,52,10,821.0,8210.0
2021022205007566,PLI,45,21,10,821.0,8210.0
2021022205007564,PLI,20,26,10,823.0,8230.0
2021022205007563,PLI,20,44,10,823.0,8230.0
2021022205007602,PLI,48,39,10,821.0,8210.0
2021022205007600,PLI,48,10,10,821.0,8210.0
2021022205007589,PLI,44,35,10,821.0,8210.0
2021022205007588,PLI,44,32,10,821.0,8210.0
2021022205007585,PLI,44,38,10,821.0,8210.0
2021022205007584,PLI,44,38,10,821.0,8210.0
2021022205007626,PLI,46,52,10,822.0,8220.0
2021022205007621,PLI,48,10,10,821.0,8210.0
2021022205007609,PLI,48,34,10,821.0,8210.0
2021022205007608,PLI,48,51,10,821.0,8210.0
2021022205007607,PLI,48,10,10,821.0,8210.0
2021022205007603,PLI,48,59,10,821.0,8210.0
2021022205007636,PLI,46,41,10,822.0,8220.0
2021022205007635,PLI,46,10,10,822.0,8220.0
2021022205007630,PLI,46,34,10,822.0,8220.0
2021022205007629,PLI,46,59,10,822.0,8220.0
2021022205007628,PLI,46,45,10,822.0,8220.0
2021022205007627,PLI,46,28,10,822.0,8220.0
2021022205007654,PLI,46,33,10,822.0,8220.0
2021022205007651,PLI,46,38,10,822.0,8220.0
2021022205007646,PLI,46,14,10,822.0,8220.0
2021022205007640,PLI,46,47,10,822.0,8220.0
2021022205007639,PLI,46,36,10,822.0,8220.0
2021022205007637,PLI,46,38,10,822.0,8220.0
2021022205007179,NIFRA,21,21,50,660.0,33000.0
2021022205007178,NIFRA,21,58,40,660.0,26400.0
2021022205007177,NIFRA,51,58,10,660.0,6600.0
2021022205007176,NIFRA,51,21,30,660.0,19800.0
2021022205007175,NIFRA,35,21,20,660.0,13200.0
2021022205007174,NIFRA,35,21,60,660.0,39600.0
2021022205006684,NIFRA,46,39,30,660.0,19800.0
2021022205006683,NIFRA,58,39,30,660.0,19800.0
2021022205006682,NIFRA,58,11,20,660.0,13200.0
2021022205006681,NIFRA,58,28,50,660.0,33000.0
2021022205006691,NIFRA,38,49,60,660.0,39600.0
2021022205006690,NIFRA,38,21,60,660.0,39600.0
2021022205006689,NIFRA,38,11,30,660.0,19800.0
2021022205006688,NIFRA,38,21,50,660.0,33000.0
2021022205006686,NIFRA,38,6,30,660.0,19800.0
2021022205006685,NIFRA,46,6,20,660.0,13200.0
2021022205006706,NIFRA,34,49,50,660.0,33000.0
2021022205006701,NIFRA,34,28,50,660.0,33000.0
2021022205006699,NIFRA,34,17,30,660.0,19800.0
2021022205006698,NIFRA,51,17,10,660.0,6600.0
2021022205006697,NIFRA,38,17,20,660.0,13200.0
2021022205006695,NIFRA,38,29,50,660.0,33000.0
2021022205006714,NIFRA,33,10,30,660.0,19800.0
2021022205006713,NIFRA,49,10,10,660.0,6600.0
2021022205006712,NIFRA,41,10,10,660.0,6600.0
2021022205006711,NIFRA,34,26,48,660.0,31680.0
2021022205006708,NIFRA,34,11,50,660.0,33000.0
2021022205006707,NIFRA,34,29,60,660.0,39600.0
2021022205006720,NIFRA,33,26,60,660.0,39600.0
2021022205006719,NIFRA,33,57,20,660.0,13200.0
2021022205006718,NIFRA,33,28,60,660.0,39600.0
2021022205006717,NIFRA,33,48,60,660.0,39600.0
2021022205006716,NIFRA,33,29,60,660.0,39600.0
2021022205006715,NIFRA,33,21,60,660.0,39600.0
2021022205006727,NIFRA,33,21,50,660.0,33000.0
2021022205006726,NIFRA,33,41,20,660.0,13200.0
2021022205006725,NIFRA,33,49,60,660.0,39600.0
2021022205006723,NIFRA,33,28,60,660.0,39600.0
2021022205006722,NIFRA,33,14,60,660.0,39600.0
2021022205006721,NIFRA,33,21,60,660.0,39600.0
2021022205006738,NIFRA,33,41,60,660.0,39600.0
2021022205006737,NIFRA,33,52,10,660.0,6600.0
2021022205006736,NIFRA,33,49,50,660.0,33000.0
2021022205006733,NIFRA,33,21,50,660.0,33000.0
2021022205006732,NIFRA,33,21,60,660.0,39600.0
2021022205006731,NIFRA,33,57,60,660.0,39600.0
2021022205006747,NIFRA,49,53,40,660.0,26400.0
2021022205006746,NIFRA,49,3,60,660.0,39600.0
2021022205006743,NIFRA,49,6,50,660.0,33000.0
2021022205006742,NIFRA,49,10,10,660.0,6600.0
2021022205006741,NIFRA,33,10,40,660.0,26400.0
2021022205006740,NIFRA,33,8,10,660.0,6600.0
2021022205006758,NIFRA,49,8,60,660.0,39600.0
2021022205006755,NIFRA,49,46,50,660.0,33000.0
2021022205006753,NIFRA,49,32,60,660.0,39600.0
2021022205006752,NIFRA,49,10,60,660.0,39600.0
2021022205006749,NIFRA,49,21,50,660.0,33000.0
2021022205006748,NIFRA,49,41,50,660.0,33000.0
2021022205006769,NIFRA,22,39,50,660.0,33000.0
2021022205006768,NIFRA,22,28,60,660.0,39600.0
2021022205006762,NIFRA,22,21,60,660.0,39600.0
2021022205006761,NIFRA,22,29,50,660.0,33000.0
2021022205006760,NIFRA,22,21,40,660.0,26400.0
2021022205006759,NIFRA,49,21,10,660.0,6600.0
2021022205006776,NIFRA,39,46,30,660.0,19800.0
2021022205006775,NIFRA,22,46,30,660.0,19800.0
2021022205006773,NIFRA,22,34,50,660.0,33000.0
2021022205006772,NIFRA,22,5,50,660.0,33000.0
2021022205006771,NIFRA,22,46,60,660.0,39600.0
2021022205006770,NIFRA,22,21,50,660.0,33000.0
2021022205006784,NIFRA,51,28,50,660.0,33000.0
2021022205006781,NIFRA,51,36,50,660.0,33000.0
2021022205006780,NIFRA,51,10,50,660.0,33000.0
2021022205006779,NIFRA,51,22,10,660.0,6600.0
2021022205006778,NIFRA,51,28,40,660.0,26400.0
2021022205006777,NIFRA,39,28,10,660.0,6600.0
2021022205006794,NIFRA,51,1,60,660.0,39600.0
2021022205006790,NIFRA,51,1,60,660.0,39600.0
2021022205006789,NIFRA,51,8,10,660.0,6600.0
2021022205006788,NIFRA,51,32,50,660.0,33000.0
2021022205006787,NIFRA,51,49,60,660.0,39600.0
2021022205006785,NIFRA,51,58,10,660.0,6600.0
2021022205006805,NIFRA,51,11,10,660.0,6600.0
2021022205006804,NIFRA,51,21,50,660.0,33000.0
2021022205006803,NIFRA,51,41,60,660.0,39600.0
2021022205006798,NIFRA,51,34,50,660.0,33000.0
2021022205006796,NIFRA,51,10,60,660.0,39600.0
2021022205006795,NIFRA,51,20,60,660.0,39600.0
2021022205006812,NIFRA,42,21,60,660.0,39600.0
2021022205006811,NIFRA,42,42,60,660.0,39600.0
2021022205006809,NIFRA,42,41,40,660.0,26400.0
2021022205006808,NIFRA,1,41,20,660.0,13200.0
2021022205006807,NIFRA,1,57,60,660.0,39600.0
2021022205006806,NIFRA,1,11,20,660.0,13200.0
2021022205006818,NIFRA,42,34,50,660.0,33000.0
2021022205006817,NIFRA,42,6,60,660.0,39600.0
2021022205006816,NIFRA,42,21,50,660.0,33000.0
2021022205006815,NIFRA,42,10,50,660.0,33000.0
2021022205006814,NIFRA,42,55,50,660.0,33000.0
2021022205006813,NIFRA,42,21,60,660.0,39600.0
2021022205006824,NIFRA,34,1,50,660.0,33000.0
2021022205006823,NIFRA,34,21,50,660.0,33000.0
2021022205006822,NIFRA,34,21,30,660.0,19800.0
2021022205006821,NIFRA,42,21,20,660.0,13200.0
2021022205006820,NIFRA,42,40,50,660.0,33000.0
2021022205006819,NIFRA,42,57,50,660.0,33000.0
2021022205006831,NIFRA,34,48,60,660.0,39600.0
2021022205006830,NIFRA,34,21,60,660.0,39600.0
2021022205006828,NIFRA,34,34,50,660.0,33000.0
2021022205006827,NIFRA,34,40,60,660.0,39600.0
2021022205006826,NIFRA,34,10,60,660.0,39600.0
2021022205006825,NIFRA,34,21,50,660.0,33000.0
2021022205006838,NIFRA,26,34,50,660.0,33000.0
2021022205006837,NIFRA,26,21,30,660.0,19800.0
2021022205006836,NIFRA,57,21,20,660.0,13200.0
2021022205006834,NIFRA,57,21,60,660.0,39600.0
2021022205006833,NIFRA,57,34,20,660.0,13200.0
2021022205006832,NIFRA,34,34,30,660.0,19800.0
2021022205006845,NIFRA,26,21,60,660.0,39600.0
2021022205006844,NIFRA,26,40,50,660.0,33000.0
2021022205006843,NIFRA,26,57,50,660.0,33000.0
2021022205006841,NIFRA,26,10,60,660.0,39600.0
2021022205006840,NIFRA,26,21,60,660.0,39600.0
2021022205006839,NIFRA,26,45,50,660.0,33000.0
2021022205006855,NIFRA,8,40,40,660.0,26400.0
2021022205006854,NIFRA,56,40,10,660.0,6600.0
2021022205006852,NIFRA,56,21,40,660.0,26400.0
2021022205006851,NIFRA,26,21,20,660.0,13200.0
2021022205006849,NIFRA,26,6,20,660.0,13200.0
2021022205006847,NIFRA,26,21,50,660.0,33000.0
2021022205006861,NIFRA,8,48,60,660.0,39600.0
2021022205006860,NIFRA,8,32,10,660.0,6600.0
2021022205006859,NIFRA,8,21,50,660.0,33000.0
2021022205006858,NIFRA,8,51,50,660.0,33000.0
2021022205006857,NIFRA,8,17,50,660.0,33000.0
2021022205006856,NIFRA,8,10,50,660.0,33000.0
2021022205006867,NIFRA,8,13,10,660.0,6600.0
2021022205006866,NIFRA,8,34,50,660.0,33000.0
2021022205006865,NIFRA,8,21,50,660.0,33000.0
2021022205006864,NIFRA,8,22,50,660.0,33000.0
2021022205006863,NIFRA,8,8,20,660.0,13200.0
2021022205006862,NIFRA,8,6,10,660.0,6600.0
2021022205006873,NIFRA,20,17,60,660.0,39600.0
2021022205006872,NIFRA,20,39,20,660.0,13200.0
2021022205006871,NIFRA,20,19,50,660.0,33000.0
2021022205006870,NIFRA,20,21,10,660.0,6600.0
2021022205006869,NIFRA,45,21,50,660.0,33000.0
2021022205006868,NIFRA,45,13,50,660.0,33000.0
2021022205006879,NIFRA,7,49,10,660.0,6600.0
2021022205006878,NIFRA,7,1,40,660.0,26400.0
2021022205006877,NIFRA,8,1,10,660.0,6600.0
2021022205006876,NIFRA,8,22,40,660.0,26400.0
2021022205006875,NIFRA,20,22,10,660.0,6600.0
2021022205006874,NIFRA,20,21,50,660.0,33000.0
2021022205006886,NIFRA,53,16,20,660.0,13200.0
2021022205006884,NIFRA,53,10,50,660.0,33000.0
2021022205006883,NIFRA,53,49,60,660.0,39600.0
2021022205006882,NIFRA,53,57,50,660.0,33000.0
2021022205006881,NIFRA,53,17,60,660.0,39600.0
2021022205006880,NIFRA,1,49,40,660.0,26400.0
2021022205006900,NIFRA,53,6,50,660.0,33000.0
2021022205006899,NIFRA,53,17,60,660.0,39600.0
2021022205006898,NIFRA,53,10,50,660.0,33000.0
2021022205006896,NIFRA,53,59,60,660.0,39600.0
2021022205006894,NIFRA,53,49,50,660.0,33000.0
2021022205006891,NIFRA,53,40,60,660.0,39600.0
2021022205006917,NIFRA,53,54,50,660.0,33000.0
2021022205006912,NIFRA,53,35,60,660.0,39600.0
2021022205006909,NIFRA,53,42,50,660.0,33000.0
2021022205006908,NIFRA,53,21,50,660.0,33000.0
2021022205006905,NIFRA,53,22,50,660.0,33000.0
2021022205006904,NIFRA,53,17,50,660.0,33000.0
2021022205006924,NIFRA,53,21,50,660.0,33000.0
2021022205006923,NIFRA,53,4,50,660.0,33000.0
2021022205006921,NIFRA,53,20,50,660.0,33000.0
2021022205006920,NIFRA,53,56,50,660.0,33000.0
2021022205006919,NIFRA,53,59,20,660.0,13200.0
2021022205006918,NIFRA,53,20,50,660.0,33000.0
2021022205006933,NIFRA,53,26,50,660.0,33000.0
2021022205006932,NIFRA,53,20,50,660.0,33000.0
2021022205006931,NIFRA,53,21,50,660.0,33000.0
2021022205006928,NIFRA,53,45,60,660.0,39600.0
2021022205006927,NIFRA,53,18,50,660.0,33000.0
2021022205006925,NIFRA,53,51,50,660.0,33000.0
2021022205006945,NIFRA,53,21,50,660.0,33000.0
2021022205006944,NIFRA,53,16,50,660.0,33000.0
2021022205006943,NIFRA,53,20,60,660.0,39600.0
2021022205006941,NIFRA,53,22,60,660.0,39600.0
2021022205006937,NIFRA,53,20,50,660.0,33000.0
2021022205006935,NIFRA,53,22,60,660.0,39600.0
2021022205006954,NIFRA,53,36,60,660.0,39600.0
2021022205006952,NIFRA,53,17,60,660.0,39600.0
2021022205006950,NIFRA,53,29,60,660.0,39600.0
2021022205006949,NIFRA,53,21,60,660.0,39600.0
2021022205006948,NIFRA,53,20,60,660.0,39600.0
2021022205006947,NIFRA,53,26,50,660.0,33000.0
2021022205006961,NIFRA,53,20,50,660.0,33000.0
2021022205006959,NIFRA,53,38,50,660.0,33000.0
2021022205006958,NIFRA,53,58,60,660.0,39600.0
2021022205006957,NIFRA,53,20,50,660.0,33000.0
2021022205006956,NIFRA,53,21,60,660.0,39600.0
2021022205006955,NIFRA,53,20,50,660.0,33000.0
2021022205006970,NIFRA,34,48,50,660.0,33000.0
2021022205006967,NIFRA,34,58,50,660.0,33000.0
2021022205006966,NIFRA,34,21,50,660.0,33000.0
2021022205006965,NIFRA,34,17,60,660.0,39600.0
2021022205006964,NIFRA,34,49,10,660.0,6600.0
2021022205006963,NIFRA,53,49,40,660.0,26400.0
2021022205006977,NIFRA,19,37,20,660.0,13200.0
2021022205006976,NIFRA,32,37,30,660.0,19800.0
2021022205006975,NIFRA,32,4,50,660.0,33000.0
2021022205006973,NIFRA,32,58,20,660.0,13200.0
2021022205006972,NIFRA,34,58,30,660.0,19800.0
2021022205006971,NIFRA,34,29,50,660.0,33000.0
2021022205006985,NIFRA,19,20,50,660.0,33000.0
2021022205006983,NIFRA,19,48,10,660.0,6600.0
2021022205006982,NIFRA,19,51,50,660.0,33000.0
2021022205006981,NIFRA,19,58,50,660.0,33000.0
2021022205006980,NIFRA,19,22,50,660.0,33000.0
2021022205006978,NIFRA,19,38,50,660.0,33000.0
2021022205006992,NIFRA,28,59,50,660.0,33000.0
2021022205006990,NIFRA,28,58,50,660.0,33000.0
2021022205006989,NIFRA,5,20,50,660.0,33000.0
2021022205006988,NIFRA,5,59,20,660.0,13200.0
2021022205006987,NIFRA,32,59,20,660.0,13200.0
2021022205006986,NIFRA,19,59,20,660.0,13200.0
2021022205006998,NIFRA,33,13,50,660.0,33000.0
2021022205006997,NIFRA,33,41,30,660.0,19800.0
2021022205006996,NIFRA,33,20,20,660.0,13200.0
2021022205006995,NIFRA,28,20,30,660.0,19800.0
2021022205006994,NIFRA,28,52,20,660.0,13200.0
2021022205006993,NIFRA,28,21,50,660.0,33000.0
2021022205007005,NIFRA,53,17,60,660.0,39600.0
2021022205007004,NIFRA,53,21,50,660.0,33000.0
2021022205007003,NIFRA,53,49,30,660.0,19800.0
2021022205007002,NIFRA,53,44,60,660.0,39600.0
2021022205007001,NIFRA,53,20,50,660.0,33000.0
2021022205006999,NIFRA,53,13,10,660.0,6600.0
2021022205007013,NIFRA,53,38,10,660.0,6600.0
2021022205007012,NIFRA,53,36,60,660.0,39600.0
2021022205007011,NIFRA,53,55,50,660.0,33000.0
2021022205007010,NIFRA,53,47,10,660.0,6600.0
2021022205007008,NIFRA,53,52,60,660.0,39600.0
2021022205007006,NIFRA,53,4,50,660.0,33000.0
2021022205007023,NIFRA,48,36,50,660.0,33000.0
2021022205007021,NIFRA,48,38,50,660.0,33000.0
2021022205007017,NIFRA,48,59,50,660.0,33000.0
2021022205007016,NIFRA,48,4,20,660.0,13200.0
2021022205007015,NIFRA,50,4,30,660.0,19800.0
2021022205007014,NIFRA,50,38,40,660.0,26400.0
2021022205007035,NIFRA,50,59,60,660.0,39600.0
2021022205007034,NIFRA,50,36,50,660.0,33000.0
2021022205007032,NIFRA,50,21,20,660.0,13200.0
2021022205007031,NIFRA,48,21,30,660.0,19800.0
2021022205007030,NIFRA,48,19,50,660.0,33000.0
2021022205007029,NIFRA,48,36,50,660.0,33000.0
2021022205007045,NIFRA,50,42,50,660.0,33000.0
2021022205007044,NIFRA,50,17,50,660.0,33000.0
2021022205007042,NIFRA,50,22,10,660.0,6600.0
2021022205007040,NIFRA,50,57,40,660.0,26400.0
2021022205007037,NIFRA,50,4,60,660.0,39600.0
2021022205007036,NIFRA,50,58,10,660.0,6600.0
2021022205007052,NIFRA,6,59,50,660.0,33000.0
2021022205007051,NIFRA,6,21,60,660.0,39600.0
2021022205007049,NIFRA,6,29,60,660.0,39600.0
2021022205007048,NIFRA,6,1,60,660.0,39600.0
2021022205007047,NIFRA,6,5,50,660.0,33000.0
2021022205007046,NIFRA,50,51,50,660.0,33000.0
2021022205007059,NIFRA,51,5,40,660.0,26400.0
2021022205007058,NIFRA,51,1,10,660.0,6600.0
2021022205007057,NIFRA,19,1,40,660.0,26400.0
2021022205007055,NIFRA,19,26,30,660.0,19800.0
2021022205007054,NIFRA,19,55,30,660.0,19800.0
2021022205007053,NIFRA,6,55,20,660.0,13200.0
2021022205007066,NIFRA,38,40,60,660.0,39600.0
2021022205007064,NIFRA,38,55,50,660.0,33000.0
2021022205007063,NIFRA,38,1,50,660.0,33000.0
2021022205007062,NIFRA,38,29,60,660.0,39600.0
2021022205007061,NIFRA,38,52,60,660.0,39600.0
2021022205007060,NIFRA,38,5,10,660.0,6600.0
2021022205007072,NIFRA,52,21,20,660.0,13200.0
2021022205007071,NIFRA,51,21,30,660.0,19800.0
2021022205007070,NIFRA,51,16,50,660.0,33000.0
2021022205007069,NIFRA,51,45,20,660.0,13200.0
2021022205007068,NIFRA,38,45,20,660.0,13200.0
2021022205007067,NIFRA,38,45,10,660.0,6600.0
2021022205007081,NIFRA,35,48,40,660.0,26400.0
2021022205007080,NIFRA,54,48,20,660.0,13200.0
2021022205007079,NIFRA,54,42,30,660.0,19800.0
2021022205007078,NIFRA,11,45,60,660.0,39600.0
2021022205007076,NIFRA,11,42,40,660.0,26400.0
2021022205007075,NIFRA,1,55,50,660.0,33000.0
2021022205007090,NIFRA,35,26,30,660.0,19800.0
2021022205007089,NIFRA,35,8,60,660.0,39600.0
2021022205007088,NIFRA,35,28,50,660.0,33000.0
2021022205007087,NIFRA,35,59,60,660.0,39600.0
2021022205007084,NIFRA,35,38,50,660.0,33000.0
2021022205007082,NIFRA,35,8,50,660.0,33000.0
2021022205007097,NIFRA,35,16,50,660.0,33000.0
2021022205007096,NIFRA,35,59,60,660.0,39600.0
2021022205007095,NIFRA,35,58,60,660.0,39600.0
2021022205007093,NIFRA,35,29,60,660.0,39600.0
2021022205007092,NIFRA,35,58,20,660.0,13200.0
2021022205007091,NIFRA,35,21,50,660.0,33000.0
2021022205007108,NIFRA,35,55,60,660.0,39600.0
2021022205007107,NIFRA,35,21,60,660.0,39600.0
2021022205007105,NIFRA,35,59,50,660.0,33000.0
2021022205007103,NIFRA,38,22,1,660.0,660.0
2021022205007102,NIFRA,35,51,20,660.0,13200.0
2021022205007100,NIFRA,35,26,20,660.0,13200.0
2021022205007114,NIFRA,53,21,60,660.0,39600.0
2021022205007113,NIFRA,53,59,50,660.0,33000.0
2021022205007112,NIFRA,53,8,60,660.0,39600.0
2021022205007111,NIFRA,35,21,50,660.0,33000.0
2021022205007110,NIFRA,35,21,50,660.0,33000.0
2021022205007109,NIFRA,35,21,50,660.0,33000.0
2021022205007123,NIFRA,53,58,50,660.0,33000.0
2021022205007122,NIFRA,53,21,50,660.0,33000.0
2021022205007121,NIFRA,53,8,50,660.0,33000.0
2021022205007120,NIFRA,53,47,60,660.0,39600.0
2021022205007119,NIFRA,53,58,60,660.0,39600.0
2021022205007115,NIFRA,53,21,50,660.0,33000.0
2021022205007132,NIFRA,19,38,50,660.0,33000.0
2021022205007131,NIFRA,19,17,50,660.0,33000.0
2021022205007130,NIFRA,19,21,60,660.0,39600.0
2021022205007126,NIFRA,19,21,50,660.0,33000.0
2021022205007125,NIFRA,16,59,50,660.0,33000.0
2021022205007124,NIFRA,53,59,10,660.0,6600.0
2021022205007140,NIFRA,19,21,10,660.0,6600.0
2021022205007137,NIFRA,19,21,60,660.0,39600.0
2021022205007136,NIFRA,19,28,50,660.0,33000.0
2021022205007135,NIFRA,19,49,50,660.0,33000.0
2021022205007134,NIFRA,19,21,60,660.0,39600.0
2021022205007133,NIFRA,19,4,60,660.0,39600.0
2021022205007147,NIFRA,35,17,60,660.0,39600.0
2021022205007146,NIFRA,35,21,60,660.0,39600.0
2021022205007145,NIFRA,35,21,20,660.0,13200.0
2021022205007144,NIFRA,20,21,40,660.0,26400.0
2021022205007143,NIFRA,20,38,20,660.0,13200.0
2021022205007141,NIFRA,20,21,40,660.0,26400.0
2021022205007154,NIFRA,55,21,30,660.0,19800.0
2021022205007152,NIFRA,55,28,50,660.0,33000.0
2021022205007151,NIFRA,55,5,50,660.0,33000.0
2021022205007150,NIFRA,55,34,20,660.0,13200.0
2021022205007149,NIFRA,35,34,30,660.0,19800.0
2021022205007148,NIFRA,35,34,30,660.0,19800.0
2021022205007161,NIFRA,57,52,60,660.0,39600.0
2021022205007160,NIFRA,57,58,50,660.0,33000.0
2021022205007159,NIFRA,57,21,50,660.0,33000.0
2021022205007157,NIFRA,57,17,50,660.0,33000.0
2021022205007156,NIFRA,57,38,50,660.0,33000.0
2021022205007155,NIFRA,57,21,20,660.0,13200.0
2021022205007167,NIFRA,14,21,40,660.0,26400.0
2021022205007166,NIFRA,57,21,10,660.0,6600.0
2021022205007165,NIFRA,57,17,50,660.0,33000.0
2021022205007164,NIFRA,57,58,60,660.0,39600.0
2021022205007163,NIFRA,57,28,50,660.0,33000.0
2021022205007162,NIFRA,57,21,50,660.0,33000.0
2021022205007173,NIFRA,35,28,50,660.0,33000.0
2021022205007172,NIFRA,35,58,50,660.0,33000.0
2021022205007171,NIFRA,35,38,10,660.0,6600.0
2021022205007170,NIFRA,35,21,10,660.0,6600.0
2021022205007169,NIFRA,19,21,50,660.0,33000.0
2021022205007168,NIFRA,19,34,50,660.0,33000.0
2021022205007180,PLI,37,53,10,821.0,8210.0
2021022205007158,PLI,37,51,10,821.0,8210.0
2021022205007153,PLI,37,10,10,821.0,8210.0
2021022205007142,PLI,37,42,10,821.0,8210.0
2021022205007139,PLI,34,58,10,821.0,8210.0
2021022205007138,PLI,54,47,10,822.0,8220.0
2021022205006694,PLI,58,16,10,823.0,8230.0
2021022205006693,PLI,58,45,10,823.0,8230.0
2021022205006692,PLI,55,43,107,824.0,88168.0
2021022205006687,PLI,58,16,10,823.0,8230.0
2021022205006705,PLI,58,45,10,823.0,8230.0
2021022205006704,PLI,58,29,10,823.0,8230.0
2021022205006703,PLI,58,49,10,823.0,8230.0
2021022205006702,PLI,58,58,10,823.0,8230.0
2021022205006700,PLI,58,16,10,823.0,8230.0
2021022205006696,PLI,22,43,50,824.0,41200.0
2021022205006730,PLI,33,20,10,823.0,8230.0
2021022205006729,PLI,42,14,10,823.0,8230.0
2021022205006728,PLI,42,45,10,823.0,8230.0
2021022205006724,PLI,58,17,10,823.0,8230.0
2021022205006710,PLI,58,29,10,823.0,8230.0
2021022205006709,PLI,58,34,10,823.0,8230.0
2021022205006750,PLI,16,6,10,822.0,8220.0
2021022205006745,PLI,16,17,10,822.0,8220.0
2021022205006744,PLI,11,34,100,823.0,82300.0
2021022205006739,PLI,41,34,40,823.0,32920.0
2021022205006735,PLI,41,16,10,823.0,8230.0
2021022205006734,PLI,33,6,10,823.0,8230.0
2021022205006764,PLI,16,17,10,822.0,8220.0
2021022205006763,PLI,16,28,10,822.0,8220.0
2021022205006757,PLI,16,16,10,822.0,8220.0
2021022205006756,PLI,16,42,10,822.0,8220.0
2021022205006754,PLI,16,21,10,822.0,8220.0
2021022205006751,PLI,17,34,20,823.0,16460.0
2021022205006783,PLI,36,34,10,823.0,8230.0
2021022205006782,PLI,28,21,10,822.0,8220.0
2021022205006774,PLI,28,32,10,822.0,8220.0
2021022205006767,PLI,28,48,10,822.0,8220.0
2021022205006766,PLI,28,38,10,822.0,8220.0
2021022205006765,PLI,25,29,10,822.0,8220.0
2021022205006799,PLI,28,43,10,822.0,8220.0
2021022205006797,PLI,28,48,10,822.0,8220.0
2021022205006793,PLI,28,42,10,822.0,8220.0
2021022205006792,PLI,28,58,10,822.0,8220.0
2021022205006791,PLI,28,38,10,822.0,8220.0
2021022205006786,PLI,28,5,10,822.0,8220.0
2021022205006835,PLI,28,41,10,822.0,8220.0
2021022205006829,PLI,28,21,10,822.0,8220.0
2021022205006810,PLI,38,34,10,823.0,8230.0
2021022205006802,PLI,28,53,10,822.0,8220.0
2021022205006801,PLI,28,48,10,822.0,8220.0
2021022205006800,PLI,28,42,10,822.0,8220.0
2021022205006885,PLI,28,49,10,822.0,8220.0
2021022205006853,PLI,28,58,10,822.0,8220.0
2021022205006850,PLI,28,21,10,822.0,8220.0
2021022205006848,PLI,28,38,10,822.0,8220.0
2021022205006846,PLI,28,38,10,822.0,8220.0
2021022205006842,PLI,28,58,10,822.0,8220.0
2021022205006893,PLI,14,43,20,823.0,16460.0
2021022205006892,PLI,28,20,10,822.0,8220.0
2021022205006890,PLI,16,43,20,823.0,16460.0
2021022205006889,PLI,16,56,10,823.0,8230.0
2021022205006888,PLI,16,34,20,823.0,16460.0
2021022205006887,PLI,28,17,10,822.0,8220.0
2021022205006906,PLI,49,1,10,823.0,8230.0
2021022205006903,PLI,49,32,10,823.0,8230.0
2021022205006902,PLI,49,34,10,823.0,8230.0
2021022205006901,PLI,49,43,20,823.0,16460.0
2021022205006897,PLI,28,10,10,822.0,8220.0
2021022205006895,PLI,28,17,10,822.0,8220.0
2021022205006915,PLI,17,38,10,822.0,8220.0
2021022205006914,PLI,49,7,10,823.0,8230.0
2021022205006913,PLI,49,43,10,823.0,8230.0
2021022205006911,PLI,49,21,10,823.0,8230.0
2021022205006910,PLI,49,44,10,823.0,8230.0
2021022205006907,PLI,49,11,10,823.0,8230.0
2021022205006934,PLI,46,52,10,822.0,8220.0
2021022205006930,PLI,46,49,10,822.0,8220.0
2021022205006929,PLI,46,56,10,822.0,8220.0
2021022205006926,PLI,17,58,10,822.0,8220.0
2021022205006922,PLI,17,19,10,822.0,8220.0
2021022205006916,PLI,17,6,10,822.0,8220.0
2021022205006946,PLI,36,17,10,823.0,8230.0
2021022205006942,PLI,36,16,10,823.0,8230.0
2021022205006940,PLI,36,42,10,823.0,8230.0
2021022205006939,PLI,36,1,10,823.0,8230.0
2021022205006938,PLI,46,26,10,822.0,8220.0
2021022205006936,PLI,46,45,10,822.0,8220.0
2021022205006969,PLI,17,43,10,824.0,8240.0
2021022205006968,PLI,46,41,10,822.0,8220.0
2021022205006962,PLI,46,41,10,822.0,8220.0
2021022205006960,PLI,46,21,10,822.0,8220.0
2021022205006953,PLI,46,41,10,822.0,8220.0
2021022205006951,PLI,46,58,10,822.0,8220.0
2021022205007007,PLI,36,55,10,823.0,8230.0
2021022205007000,PLI,36,47,10,823.0,8230.0
2021022205006991,PLI,36,58,10,823.0,8230.0
2021022205006984,PLI,36,42,10,823.0,8230.0
2021022205006979,PLI,46,32,10,822.0,8220.0
2021022205006974,PLI,46,21,10,822.0,8220.0
2021022205007024,PLI,21,58,20,823.0,16460.0
2021022205007022,PLI,21,42,10,823.0,8230.0
2021022205007020,PLI,21,51,10,823.0,8230.0
2021022205007019,PLI,21,10,10,823.0,8230.0
2021022205007018,PLI,21,42,10,823.0,8230.0
2021022205007009,PLI,36,58,10,823.0,8230.0
2021022205007038,PLI,46,32,10,822.0,8220.0
2021022205007033,PLI,47,50,10,823.0,8230.0
2021022205007028,PLI,47,3,10,823.0,8230.0
2021022205007027,PLI,47,45,10,823.0,8230.0
2021022205007026,PLI,47,43,10,823.0,8230.0
2021022205007025,PLI,47,58,60,823.0,49380.0
2021022205007065,PLI,46,26,10,822.0,8220.0
2021022205007056,PLI,46,58,10,822.0,8220.0
2021022205007050,PLI,46,4,10,822.0,8220.0
2021022205007043,PLI,46,39,10,822.0,8220.0
2021022205007041,PLI,46,58,10,822.0,8220.0
2021022205007039,PLI,46,29,10,822.0,8220.0
2021022205007086,PLI,43,40,10,823.0,8230.0
2021022205007085,PLI,43,21,10,823.0,8230.0
2021022205007083,PLI,43,58,10,823.0,8230.0
2021022205007077,PLI,43,19,10,823.0,8230.0
2021022205007074,PLI,43,50,10,823.0,8230.0
2021022205007073,PLI,43,50,10,823.0,8230.0
2021022205007106,PLI,53,42,10,823.0,8230.0
2021022205007104,PLI,53,54,30,823.0,24690.0
2021022205007101,PLI,43,19,10,823.0,8230.0
2021022205007099,PLI,43,45,10,823.0,8230.0
2021022205007098,PLI,43,28,10,823.0,8230.0
2021022205007094,PLI,43,59,10,823.0,8230.0
2021022205007129,PLI,46,34,10,822.0,8220.0
2021022205007128,PLI,44,34,20,822.0,16440.0
2021022205007127,PLI,54,34,20,823.0,16460.0
2021022205007118,PLI,54,58,10,823.0,8230.0
2021022205007117,PLI,54,55,10,823.0,8230.0
2021022205007116,PLI,54,58,10,823.0,8230.0
2021022205006680,NIFRA,58,58,50,660.0,33000.0
2021022205006679,NIFRA,58,44,50,660.0,33000.0
2021022205006678,NIFRA,58,41,60,660.0,39600.0
2021022205006675,NIFRA,58,29,60,660.0,39600.0
2021022205006670,NIFRA,58,21,60,660.0,39600.0
2021022205006667,NIFRA,58,38,60,660.0,39600.0
2021022205006182,NIFRA,3,28,50,660.0,33000.0
2021022205006181,NIFRA,3,29,60,660.0,39600.0
2021022205006190,NIFRA,51,21,60,660.0,39600.0
2021022205006187,NIFRA,51,29,30,660.0,19800.0
2021022205006186,NIFRA,3,29,30,660.0,19800.0
2021022205006185,NIFRA,3,28,60,660.0,39600.0
2021022205006184,NIFRA,3,47,50,660.0,33000.0
2021022205006183,NIFRA,3,38,50,660.0,33000.0
2021022205006196,NIFRA,51,54,20,660.0,13200.0
2021022205006195,NIFRA,51,19,50,660.0,33000.0
2021022205006194,NIFRA,51,56,50,660.0,33000.0
2021022205006193,NIFRA,51,41,10,660.0,6600.0
2021022205006192,NIFRA,51,28,50,660.0,33000.0
2021022205006191,NIFRA,51,51,10,660.0,6600.0
2021022205006203,NIFRA,39,36,50,660.0,33000.0
2021022205006202,NIFRA,39,6,40,660.0,26400.0
2021022205006201,NIFRA,38,6,20,660.0,13200.0
2021022205006200,NIFRA,38,38,50,660.0,33000.0
2021022205006199,NIFRA,38,28,30,660.0,19800.0
2021022205006198,NIFRA,51,28,20,660.0,13200.0
2021022205006213,NIFRA,33,38,50,660.0,33000.0
2021022205006212,NIFRA,33,29,60,660.0,39600.0
2021022205006211,NIFRA,33,28,60,660.0,39600.0
2021022205006208,NIFRA,33,56,30,660.0,19800.0
2021022205006207,NIFRA,33,51,50,660.0,33000.0
2021022205006204,NIFRA,33,36,10,660.0,6600.0
2021022205006226,NIFRA,39,28,40,660.0,26400.0
2021022205006225,NIFRA,33,28,20,660.0,13200.0
2021022205006223,NIFRA,33,10,50,660.0,33000.0
2021022205006221,NIFRA,33,29,60,660.0,39600.0
2021022205006217,NIFRA,33,36,60,660.0,39600.0
2021022205006215,NIFRA,33,39,50,660.0,33000.0
2021022205006232,NIFRA,3,42,40,660.0,26400.0
2021022205006231,NIFRA,1,42,10,660.0,6600.0
2021022205006230,NIFRA,1,6,50,660.0,33000.0
2021022205006229,NIFRA,1,6,40,660.0,26400.0
2021022205006228,NIFRA,39,6,10,660.0,6600.0
2021022205006227,NIFRA,39,36,50,660.0,33000.0
2021022205006240,NIFRA,6,58,60,660.0,39600.0
2021022205006237,NIFRA,6,5,50,660.0,33000.0
2021022205006236,NIFRA,6,21,60,660.0,39600.0
2021022205006235,NIFRA,6,29,60,660.0,39600.0
2021022205006234,NIFRA,6,38,50,660.0,33000.0
2021022205006233,NIFRA,6,42,10,660.0,6600.0
2021022205006246,NIFRA,40,21,60,660.0,39600.0
2021022205006245,NIFRA,40,29,10,660.0,6600.0
2021022205006244,NIFRA,6,29,50,660.0,33000.0
2021022205006243,NIFRA,6,29,50,660.0,33000.0
2021022205006242,NIFRA,6,21,50,660.0,33000.0
2021022205006241,NIFRA,6,36,60,660.0,39600.0
2021022205006258,NIFRA,40,57,50,660.0,33000.0
2021022205006251,NIFRA,40,21,50,660.0,33000.0
2021022205006250,NIFRA,40,38,50,660.0,33000.0
2021022205006249,NIFRA,40,34,60,660.0,39600.0
2021022205006248,NIFRA,40,39,50,660.0,33000.0
2021022205006247,NIFRA,40,43,60,660.0,39600.0
2021022205006265,NIFRA,40,50,40,660.0,26400.0
2021022205006264,NIFRA,40,39,60,660.0,39600.0
2021022205006262,NIFRA,40,28,50,660.0,33000.0
2021022205006261,NIFRA,40,6,30,660.0,19800.0
2021022205006260,NIFRA,40,10,50,660.0,33000.0
2021022205006259,NIFRA,40,21,60,660.0,39600.0
2021022205006272,NIFRA,6,41,50,660.0,33000.0
2021022205006271,NIFRA,6,21,60,660.0,39600.0
2021022205006269,NIFRA,6,10,50,660.0,33000.0
2021022205006268,NIFRA,6,38,50,660.0,33000.0
2021022205006267,NIFRA,6,21,30,660.0,19800.0
2021022205006266,NIFRA,40,21,20,660.0,13200.0
2021022205006295,NIFRA,6,21,50,660.0,33000.0
2021022205006294,NIFRA,6,10,50,660.0,33000.0
2021022205006293,NIFRA,6,49,60,660.0,39600.0
2021022205006291,NIFRA,6,10,50,660.0,33000.0
2021022205006275,NIFRA,6,45,50,660.0,33000.0
2021022205006274,NIFRA,6,58,50,660.0,33000.0
2021022205006301,NIFRA,6,49,60,660.0,39600.0
2021022205006300,NIFRA,6,10,50,660.0,33000.0
2021022205006299,NIFRA,6,34,50,660.0,33000.0
2021022205006298,NIFRA,6,38,50,660.0,33000.0
2021022205006297,NIFRA,6,38,20,660.0,13200.0
2021022205006296,NIFRA,6,6,50,660.0,33000.0
2021022205006307,NIFRA,14,38,30,660.0,19800.0
2021022205006306,NIFRA,14,58,10,660.0,6600.0
2021022205006305,NIFRA,6,58,40,660.0,26400.0
2021022205006304,NIFRA,6,16,20,660.0,13200.0
2021022205006303,NIFRA,6,10,60,660.0,39600.0
2021022205006302,NIFRA,6,28,50,660.0,33000.0
2021022205006325,NIFRA,22,45,50,660.0,33000.0
2021022205006324,NIFRA,49,45,10,660.0,6600.0
2021022205006313,NIFRA,49,10,20,660.0,13200.0
2021022205006312,NIFRA,56,10,40,660.0,26400.0
2021022205006311,NIFRA,56,19,30,660.0,19800.0
2021022205006308,NIFRA,56,38,30,660.0,19800.0
2021022205006335,NIFRA,56,55,50,660.0,33000.0
2021022205006334,NIFRA,56,41,60,660.0,39600.0
2021022205006330,NIFRA,56,28,50,660.0,33000.0
2021022205006329,NIFRA,56,10,60,660.0,39600.0
2021022205006328,NIFRA,22,38,50,660.0,33000.0
2021022205006326,NIFRA,22,10,50,660.0,33000.0
2021022205006348,NIFRA,56,34,30,660.0,19800.0
2021022205006347,NIFRA,56,3,30,660.0,19800.0
2021022205006346,NIFRA,56,29,60,660.0,39600.0
2021022205006345,NIFRA,56,28,60,660.0,39600.0
2021022205006337,NIFRA,56,38,50,660.0,33000.0
2021022205006336,NIFRA,56,58,50,660.0,33000.0
2021022205006356,NIFRA,43,28,50,660.0,33000.0
2021022205006355,NIFRA,43,34,50,660.0,33000.0
2021022205006353,NIFRA,43,58,60,660.0,39600.0
2021022205006352,NIFRA,43,38,60,660.0,39600.0
2021022205006350,NIFRA,43,29,50,660.0,33000.0
2021022205006349,NIFRA,43,34,30,660.0,19800.0
2021022205006362,NIFRA,58,49,10,660.0,6600.0
2021022205006361,NIFRA,43,49,20,660.0,13200.0
2021022205006360,NIFRA,43,1,60,660.0,39600.0
2021022205006359,NIFRA,43,58,50,660.0,33000.0
2021022205006358,NIFRA,43,34,10,660.0,6600.0
2021022205006357,NIFRA,43,39,60,660.0,39600.0
2021022205006369,NIFRA,58,38,50,660.0,33000.0
2021022205006368,NIFRA,58,28,20,660.0,13200.0
2021022205006367,NIFRA,58,34,30,660.0,19800.0
2021022205006366,NIFRA,58,34,30,660.0,19800.0
2021022205006364,NIFRA,58,54,20,660.0,13200.0
2021022205006363,NIFRA,58,54,40,660.0,26400.0
2021022205006376,NIFRA,58,53,60,660.0,39600.0
2021022205006375,NIFRA,58,26,50,660.0,33000.0
2021022205006374,NIFRA,58,57,50,660.0,33000.0
2021022205006373,NIFRA,58,34,50,660.0,33000.0
2021022205006372,NIFRA,58,39,50,660.0,33000.0
2021022205006370,NIFRA,58,57,50,660.0,33000.0
2021022205006382,NIFRA,44,21,60,660.0,39600.0
2021022205006381,NIFRA,44,34,10,660.0,6600.0
2021022205006380,NIFRA,58,34,50,660.0,33000.0
2021022205006379,NIFRA,58,1,50,660.0,33000.0
2021022205006378,NIFRA,58,20,60,660.0,39600.0
2021022205006377,NIFRA,58,36,30,660.0,19800.0
2021022205006388,NIFRA,45,39,60,660.0,39600.0
2021022205006387,NIFRA,45,34,30,660.0,19800.0
2021022205006386,NIFRA,51,34,30,660.0,19800.0
2021022205006385,NIFRA,51,57,50,660.0,33000.0
2021022205006384,NIFRA,51,38,20,660.0,13200.0
2021022205006383,NIFRA,44,38,30,660.0,19800.0
2021022205006396,NIFRA,19,20,40,660.0,26400.0
2021022205006395,NIFRA,45,20,10,660.0,6600.0
2021022205006393,NIFRA,45,57,50,660.0,33000.0
2021022205006392,NIFRA,45,21,50,660.0,33000.0
2021022205006390,NIFRA,45,8,50,660.0,33000.0
2021022205006389,NIFRA,45,21,50,660.0,33000.0
2021022205006403,NIFRA,14,1,40,660.0,26400.0
2021022205006401,NIFRA,14,21,50,660.0,33000.0
2021022205006400,NIFRA,14,33,40,660.0,26400.0
2021022205006399,NIFRA,14,38,50,660.0,33000.0
2021022205006398,NIFRA,14,8,20,660.0,13200.0
2021022205006397,NIFRA,19,8,40,660.0,26400.0
2021022205006409,NIFRA,44,38,60,660.0,39600.0
2021022205006408,NIFRA,44,21,50,660.0,33000.0
2021022205006407,NIFRA,44,18,20,660.0,13200.0
2021022205006406,NIFRA,42,18,30,660.0,19800.0
2021022205006405,NIFRA,42,8,60,660.0,39600.0
2021022205006404,NIFRA,42,1,10,660.0,6600.0
2021022205006415,NIFRA,59,8,20,660.0,13200.0
2021022205006414,NIFRA,59,21,10,660.0,6600.0
2021022205006413,NIFRA,44,21,50,660.0,33000.0
2021022205006412,NIFRA,44,58,50,660.0,33000.0
2021022205006411,NIFRA,44,34,60,660.0,39600.0
2021022205006410,NIFRA,44,34,10,660.0,6600.0
2021022205006422,NIFRA,32,18,10,660.0,6600.0
2021022205006421,NIFRA,45,18,40,660.0,26400.0
2021022205006420,NIFRA,45,1,10,660.0,6600.0
2021022205006419,NIFRA,50,1,50,660.0,33000.0
2021022205006417,NIFRA,50,38,20,660.0,13200.0
2021022205006416,NIFRA,50,8,30,660.0,19800.0
2021022205006428,NIFRA,32,20,60,660.0,39600.0
2021022205006427,NIFRA,32,57,20,660.0,13200.0
2021022205006426,NIFRA,33,57,30,660.0,19800.0
2021022205006425,NIFRA,33,29,60,660.0,39600.0
2021022205006424,NIFRA,33,41,10,660.0,6600.0
2021022205006423,NIFRA,32,41,40,660.0,26400.0
2021022205006434,NIFRA,32,38,50,660.0,33000.0
2021022205006433,NIFRA,32,47,50,660.0,33000.0
2021022205006432,NIFRA,32,28,50,660.0,33000.0
2021022205006431,NIFRA,32,1,60,660.0,39600.0
2021022205006430,NIFRA,32,40,60,660.0,39600.0
2021022205006429,NIFRA,32,21,50,660.0,33000.0
2021022205006442,NIFRA,57,38,50,660.0,33000.0
2021022205006441,NIFRA,57,41,50,660.0,33000.0
2021022205006440,NIFRA,57,57,50,660.0,33000.0
2021022205006439,NIFRA,57,39,50,660.0,33000.0
2021022205006437,NIFRA,32,5,50,660.0,33000.0
2021022205006436,NIFRA,32,21,50,660.0,33000.0
2021022205006450,NIFRA,57,21,30,660.0,19800.0
2021022205006448,NIFRA,57,21,50,660.0,33000.0
2021022205006447,NIFRA,57,39,50,660.0,33000.0
2021022205006445,NIFRA,57,28,50,660.0,33000.0
2021022205006444,NIFRA,57,6,60,660.0,39600.0
2021022205006443,NIFRA,57,21,60,660.0,39600.0
2021022205006457,NIFRA,52,21,30,660.0,19800.0
2021022205006455,NIFRA,52,57,50,660.0,33000.0
2021022205006454,NIFRA,57,42,30,660.0,19800.0
2021022205006453,NIFRA,57,41,60,660.0,39600.0
2021022205006452,NIFRA,57,21,60,660.0,39600.0
2021022205006451,NIFRA,57,28,50,660.0,33000.0
2021022205006463,NIFRA,10,34,50,660.0,33000.0
2021022205006462,NIFRA,10,58,50,660.0,33000.0
2021022205006461,NIFRA,10,17,50,660.0,33000.0
2021022205006460,NIFRA,10,39,30,660.0,19800.0
2021022205006459,NIFRA,42,39,30,660.0,19800.0
2021022205006458,NIFRA,42,21,20,660.0,13200.0
2021022205006469,NIFRA,10,21,50,660.0,33000.0
2021022205006468,NIFRA,10,57,50,660.0,33000.0
2021022205006467,NIFRA,10,49,50,660.0,33000.0
2021022205006466,NIFRA,10,40,50,660.0,33000.0
2021022205006465,NIFRA,10,41,50,660.0,33000.0
2021022205006464,NIFRA,10,47,50,660.0,33000.0
2021022205006476,NIFRA,10,47,60,660.0,39600.0
2021022205006475,NIFRA,10,38,50,660.0,33000.0
2021022205006474,NIFRA,10,34,50,660.0,33000.0
2021022205006473,NIFRA,10,28,60,660.0,39600.0
2021022205006472,NIFRA,10,17,50,660.0,33000.0
2021022205006471,NIFRA,10,39,50,660.0,33000.0
2021022205006487,NIFRA,6,21,60,660.0,39600.0
2021022205006486,NIFRA,6,39,20,660.0,13200.0
2021022205006485,NIFRA,10,39,30,660.0,19800.0
2021022205006479,NIFRA,10,38,60,660.0,39600.0
2021022205006478,NIFRA,10,21,50,660.0,33000.0
