Transact. No.,Symbol,Buyer,Seller,Quantity,Rate,Amount
2021022505032115,NIFRA,14,52,50,543.0,27150.0
2021022505032114,NIFRA,41,57,44,544.0,23936.0
2021022505032113,NIFRA,41,34,60,544.0,32640.0
2021022505032112,NIFRA,41,36,50,544.0,27200.0
2021022505032111,NIFRA,41,33,846,544.0,460224.0
2021022505032110,NIFRA,34,33,50,544.0,27200.0
2021022505031617,NIFRA,58,34,30,544.0,16320.0
2021022505031616,NIFRA,58,16,20,544.0,10880.0
2021022505031623,NIFRA,34,40,11,544.0,5984.0
2021022505031622,NIFRA,34,21,19,544.0,10336.0
2021022505031621,NIFRA,34,34,20,544.0,10880.0
2021022505031620,NIFRA,40,40,50,543.0,27150.0
2021022505031619,NIFRA,40,8,450,543.0,244350.0
2021022505031618,NIFRA,19,8,50,543.0,27150.0
2021022505031629,NIFRA,40,52,60,543.0,32580.0
2021022505031628,NIFRA,29,4,9,544.0,4896.0
2021022505031627,NIFRA,32,4,51,544.0,27744.0
2021022505031626,NIFRA,32,40,49,544.0,26656.0
2021022505031625,NIFRA,40,29,60,543.0,32580.0
2021022505031624,NIFRA,40,38,60,543.0,32580.0
2021022505031635,NIFRA,58,1,50,544.0,27200.0
2021022505031634,NIFRA,58,5,10,544.0,5440.0
2021022505031633,NIFRA,58,16,50,544.0,27200.0
2021022505031632,NIFRA,58,25,60,544.0,32640.0
2021022505031631,NIFRA,40,57,50,543.0,27150.0
2021022505031630,NIFRA,40,59,50,543.0,27150.0
2021022505031641,NIFRA,22,44,20,544.0,10880.0
2021022505031640,NIFRA,40,32,20,543.0,10860.0
2021022505031639,NIFRA,40,57,20,543.0,10860.0
2021022505031638,NIFRA,40,8,50,543.0,27150.0
2021022505031637,NIFRA,58,44,80,544.0,43520.0
2021022505031636,NIFRA,58,8,50,544.0,27200.0
2021022505031647,NIFRA,22,59,50,544.0,27200.0
2021022505031646,NIFRA,22,19,50,544.0,27200.0
2021022505031645,NIFRA,22,34,50,544.0,27200.0
2021022505031644,NIFRA,22,56,60,544.0,32640.0
2021022505031643,NIFRA,22,44,60,544.0,32640.0
2021022505031642,NIFRA,22,51,50,544.0,27200.0
2021022505031656,NIFRA,22,21,50,544.0,27200.0
2021022505031655,NIFRA,22,50,50,544.0,27200.0
2021022505031652,NIFRA,22,19,50,544.0,27200.0
2021022505031651,NIFRA,22,47,50,544.0,27200.0
2021022505031649,NIFRA,22,16,60,544.0,32640.0
2021022505031648,NIFRA,22,40,50,544.0,27200.0
2021022505031662,NIFRA,22,8,50,544.0,27200.0
2021022505031661,NIFRA,22,57,50,544.0,27200.0
2021022505031660,NIFRA,34,19,50,545.0,27250.0
2021022505031659,NIFRA,34,19,50,545.0,27250.0
2021022505031658,NIFRA,34,1,95,545.0,51775.0
2021022505031657,NIFRA,22,16,50,544.0,27200.0
2021022505031668,NIFRA,56,58,50,544.0,27200.0
2021022505031667,NIFRA,56,55,20,544.0,10880.0
2021022505031666,NIFRA,22,55,30,544.0,16320.0
2021022505031665,NIFRA,22,21,60,544.0,32640.0
2021022505031664,NIFRA,22,56,50,544.0,27200.0
2021022505031663,NIFRA,22,34,60,544.0,32640.0
2021022505031674,NIFRA,41,35,500,545.0,272500.0
2021022505031673,NIFRA,56,25,60,544.0,32640.0
2021022505031672,NIFRA,14,35,100,545.0,54500.0
2021022505031671,NIFRA,14,56,50,545.0,27250.0
2021022505031670,NIFRA,14,57,50,545.0,27250.0
2021022505031669,NIFRA,56,4,50,544.0,27200.0
2021022505031680,NIFRA,54,35,50,545.0,27250.0
2021022505031679,NIFRA,13,38,10,544.0,5440.0
2021022505031678,NIFRA,56,38,50,544.0,27200.0
2021022505031677,NIFRA,56,58,50,544.0,27200.0
2021022505031676,NIFRA,56,48,50,544.0,27200.0
2021022505031675,NIFRA,56,39,60,544.0,32640.0
2021022505031692,NIFRA,13,16,60,544.0,32640.0
2021022505031691,NIFRA,58,35,60,545.0,32700.0
2021022505031690,NIFRA,13,57,50,544.0,27200.0
2021022505031688,NIFRA,13,32,20,544.0,10880.0
2021022505031687,NIFRA,13,17,50,544.0,27200.0
2021022505031686,NIFRA,11,35,200,545.0,109000.0
2021022505031698,NIFRA,51,35,"1,045",545.0,569525.0
2021022505031697,NIFRA,13,11,50,544.0,27200.0
2021022505031696,NIFRA,13,17,50,544.0,27200.0
2021022505031695,NIFRA,13,34,60,544.0,32640.0
2021022505031694,NIFRA,13,40,50,544.0,27200.0
2021022505031693,NIFRA,13,38,50,544.0,27200.0
2021022505031704,NIFRA,51,38,50,545.0,27250.0
2021022505031703,NIFRA,51,40,50,545.0,27250.0
2021022505031702,NIFRA,51,38,60,545.0,32700.0
2021022505031701,NIFRA,51,17,50,545.0,27250.0
2021022505031700,NIFRA,51,41,60,545.0,32700.0
2021022505031699,NIFRA,51,58,50,545.0,27250.0
2021022505031710,NIFRA,51,44,30,545.0,16350.0
2021022505031709,NIFRA,51,21,60,545.0,32700.0
2021022505031708,NIFRA,51,40,50,545.0,27250.0
2021022505031707,NIFRA,51,44,50,545.0,27250.0
2021022505031706,NIFRA,51,37,60,545.0,32700.0
2021022505031705,NIFRA,51,32,60,545.0,32700.0
2021022505031717,NIFRA,13,11,30,544.0,16320.0
2021022505031715,NIFRA,51,34,615,545.0,335175.0
2021022505031714,NIFRA,51,17,50,545.0,27250.0
2021022505031713,NIFRA,51,16,50,545.0,27250.0
2021022505031712,NIFRA,51,49,60,545.0,32700.0
2021022505031711,NIFRA,51,58,50,545.0,27250.0
2021022505031723,NIFRA,13,38,20,544.0,10880.0
2021022505031722,NIFRA,13,25,50,544.0,27200.0
2021022505031721,NIFRA,13,29,60,544.0,32640.0
2021022505031720,NIFRA,13,52,50,544.0,27200.0
2021022505031719,NIFRA,13,59,50,544.0,27200.0
2021022505031718,NIFRA,13,52,50,544.0,27200.0
2021022505031729,NIFRA,11,8,10,544.0,5440.0
2021022505031728,NIFRA,13,8,40,544.0,21760.0
2021022505031727,NIFRA,13,36,60,544.0,32640.0
2021022505031726,NIFRA,13,38,60,544.0,32640.0
2021022505031725,NIFRA,13,58,50,544.0,27200.0
2021022505031724,NIFRA,13,58,30,544.0,16320.0
2021022505031735,NIFRA,57,17,20,544.0,10880.0
2021022505031734,NIFRA,57,4,50,544.0,27200.0
2021022505031733,NIFRA,57,32,20,544.0,10880.0
2021022505031732,NIFRA,57,22,50,544.0,27200.0
2021022505031731,NIFRA,57,56,20,544.0,10880.0
2021022505031730,NIFRA,11,56,40,544.0,21760.0
2021022505031741,NIFRA,57,34,380,544.0,206720.0
2021022505031740,NIFRA,57,32,60,544.0,32640.0
2021022505031739,NIFRA,44,34,40,545.0,21800.0
2021022505031738,NIFRA,57,21,50,544.0,27200.0
2021022505031737,NIFRA,57,25,10,544.0,5440.0
2021022505031736,NIFRA,57,25,40,544.0,21760.0
2021022505031752,NIFRA,32,34,10,544.0,5440.0
2021022505031751,NIFRA,11,34,100,544.0,54400.0
2021022505031745,NIFRA,38,34,100,544.0,54400.0
2021022505031744,NIFRA,13,34,50,544.0,27200.0
2021022505031743,NIFRA,55,34,20,544.0,10880.0
2021022505031742,NIFRA,38,34,140,544.0,76160.0
2021022505031760,NIFRA,40,52,60,543.0,32580.0
2021022505031759,NIFRA,22,34,50,544.0,27200.0
2021022505031756,NIFRA,13,34,25,544.0,13600.0
2021022505031755,NIFRA,40,29,50,543.0,27150.0
2021022505031754,NIFRA,39,34,200,544.0,108800.0
2021022505031753,NIFRA,22,34,300,544.0,163200.0
2021022505031766,NIFRA,38,41,10,543.0,5430.0
2021022505031765,NIFRA,5,41,10,543.0,5430.0
2021022505031764,NIFRA,5,38,40,543.0,21720.0
2021022505031763,NIFRA,52,38,20,543.0,10860.0
2021022505031762,NIFRA,52,57,30,543.0,16290.0
2021022505031761,NIFRA,40,57,20,543.0,10860.0
2021022505031772,NIFRA,34,11,20,543.0,10860.0
2021022505031771,NIFRA,1,34,15,544.0,8160.0
2021022505031770,NIFRA,34,52,50,543.0,27150.0
2021022505031769,NIFRA,34,50,50,543.0,27150.0
2021022505031768,NIFRA,34,4,50,543.0,27150.0
2021022505031767,NIFRA,34,41,30,543.0,16290.0
2021022505031778,NIFRA,26,49,10,543.0,5430.0
2021022505031777,NIFRA,49,49,20,543.0,10860.0
2021022505031776,NIFRA,49,32,50,543.0,27150.0
2021022505031775,NIFRA,49,34,50,543.0,27150.0
2021022505031774,NIFRA,49,6,50,543.0,27150.0
2021022505031773,NIFRA,49,11,30,543.0,16290.0
2021022505031784,NIFRA,57,39,10,543.0,5430.0
2021022505031783,NIFRA,21,39,40,543.0,21720.0
2021022505031782,NIFRA,21,59,20,543.0,10860.0
2021022505031781,NIFRA,52,59,30,543.0,16290.0
2021022505031780,NIFRA,38,34,25,544.0,13600.0
2021022505031779,NIFRA,52,49,20,543.0,10860.0
2021022505031795,NIFRA,57,35,50,543.0,27150.0
2021022505031794,NIFRA,57,48,50,543.0,27150.0
2021022505031789,NIFRA,35,34,360,544.0,195840.0
2021022505031788,NIFRA,29,34,50,544.0,27200.0
2021022505031787,NIFRA,57,57,50,543.0,27150.0
2021022505031786,NIFRA,57,29,50,543.0,27150.0
2021022505031801,NIFRA,36,4,20,543.0,10860.0
2021022505031800,NIFRA,57,4,30,543.0,16290.0
2021022505031799,NIFRA,29,34,250,544.0,136000.0
2021022505031798,NIFRA,38,34,50,544.0,27200.0
2021022505031797,NIFRA,57,40,10,543.0,5430.0
2021022505031796,NIFRA,57,40,40,543.0,21720.0
2021022505031807,NIFRA,33,57,50,543.0,27150.0
2021022505031806,NIFRA,33,25,60,543.0,32580.0
2021022505031805,NIFRA,33,59,50,543.0,27150.0
2021022505031804,NIFRA,57,56,50,543.0,27150.0
2021022505031803,NIFRA,44,38,50,543.0,27150.0
2021022505031802,NIFRA,36,46,5,543.0,2715.0
2021022505031813,NIFRA,38,34,140,544.0,76160.0
2021022505031812,NIFRA,33,55,50,543.0,27150.0
2021022505031811,NIFRA,33,11,50,543.0,27150.0
2021022505031810,NIFRA,33,59,60,543.0,32580.0
2021022505031809,NIFRA,33,29,60,543.0,32580.0
2021022505031808,NIFRA,5,34,100,544.0,54400.0
2021022505031819,NIFRA,57,38,19,543.0,10317.0
2021022505031818,NIFRA,57,29,31,543.0,16833.0
2021022505031817,NIFRA,19,29,19,543.0,10317.0
2021022505031816,NIFRA,33,29,10,543.0,5430.0
2021022505031815,NIFRA,33,32,60,543.0,32580.0
2021022505031814,NIFRA,33,34,50,543.0,27150.0
2021022505031825,NIFRA,6,34,30,543.0,16290.0
2021022505031824,NIFRA,6,56,50,543.0,27150.0
2021022505031823,NIFRA,6,22,10,543.0,5430.0
2021022505031822,NIFRA,6,40,31,543.0,16833.0
2021022505031821,NIFRA,4,40,19,543.0,10317.0
2021022505031820,NIFRA,4,38,31,543.0,16833.0
2021022505031832,NIFRA,21,34,300,544.0,163200.0
2021022505031831,NIFRA,3,34,100,544.0,54400.0
2021022505031829,NIFRA,34,34,200,544.0,108800.0
2021022505031828,NIFRA,6,21,25,543.0,13575.0
2021022505031827,NIFRA,19,34,50,544.0,27200.0
2021022505031826,NIFRA,6,34,50,543.0,27150.0
2021022505031838,NIFRA,38,34,10,544.0,5440.0
2021022505031837,NIFRA,41,34,20,544.0,10880.0
2021022505031836,NIFRA,10,34,"1,000",544.0,544000.0
2021022505031835,NIFRA,6,58,50,543.0,27150.0
2021022505031834,NIFRA,6,58,50,543.0,27150.0
2021022505031833,NIFRA,6,34,60,543.0,32580.0
2021022505031844,NIFRA,1,44,50,543.0,27150.0
2021022505031843,NIFRA,47,20,50,543.0,27150.0
2021022505031842,NIFRA,47,50,50,543.0,27150.0
2021022505031841,NIFRA,6,52,44,543.0,23892.0
2021022505031840,NIFRA,6,44,50,543.0,27150.0
2021022505031839,NIFRA,6,56,50,543.0,27150.0
2021022505031850,NIFRA,52,47,50,543.0,27150.0
2021022505031849,NIFRA,52,25,20,543.0,10860.0
2021022505031848,NIFRA,46,25,40,543.0,21720.0
2021022505031847,NIFRA,46,13,50,543.0,27150.0
2021022505031846,NIFRA,1,13,50,543.0,27150.0
2021022505031845,NIFRA,46,34,275,544.0,149600.0
2021022505031856,NIFRA,41,59,50,543.0,27150.0
2021022505031855,NIFRA,41,56,30,543.0,16290.0
2021022505031854,NIFRA,52,56,20,543.0,10860.0
2021022505031853,NIFRA,52,38,60,543.0,32580.0
2021022505031852,NIFRA,52,17,50,543.0,27150.0
2021022505031851,NIFRA,52,8,50,543.0,27150.0
2021022505031862,NIFRA,17,50,50,543.0,27150.0
2021022505031861,NIFRA,16,34,100,544.0,54400.0
2021022505031860,NIFRA,17,29,50,543.0,27150.0
2021022505031859,NIFRA,17,56,60,543.0,32580.0
2021022505031858,NIFRA,17,11,40,543.0,21720.0
2021022505031857,NIFRA,41,11,20,543.0,10860.0
2021022505031869,NIFRA,14,34,100,544.0,54400.0
2021022505031867,NIFRA,46,47,10,543.0,5430.0
2021022505031866,NIFRA,1,47,40,543.0,21720.0
2021022505031865,NIFRA,1,57,10,543.0,5430.0
2021022505031864,NIFRA,54,34,10,544.0,5440.0
2021022505031863,NIFRA,21,34,35,544.0,19040.0
2021022505031875,NIFRA,44,59,20,543.0,10860.0
2021022505031874,NIFRA,44,44,60,543.0,32580.0
2021022505031873,NIFRA,44,34,20,543.0,10860.0
2021022505031872,NIFRA,51,34,10,543.0,5430.0
2021022505031871,NIFRA,46,34,30,543.0,16290.0
2021022505031870,NIFRA,46,38,60,543.0,32580.0
2021022505031882,NIFRA,49,57,20,543.0,10860.0
2021022505031881,NIFRA,38,57,40,543.0,21720.0
2021022505031880,NIFRA,38,39,50,543.0,27150.0
2021022505031879,NIFRA,29,34,100,544.0,54400.0
2021022505031877,NIFRA,38,59,10,543.0,5430.0
2021022505031876,NIFRA,21,59,20,543.0,10860.0
2021022505031888,NIFRA,39,34,50,544.0,27200.0
2021022505031887,NIFRA,47,34,40,544.0,21760.0
2021022505031886,NIFRA,22,50,10,543.0,5430.0
2021022505031885,NIFRA,52,40,50,543.0,27150.0
2021022505031884,NIFRA,52,44,20,543.0,10860.0
2021022505031883,NIFRA,49,44,40,543.0,21720.0
2021022505031894,NIFRA,26,21,50,543.0,27150.0
2021022505031893,NIFRA,26,29,10,543.0,5430.0
2021022505031892,NIFRA,22,29,40,543.0,21720.0
2021022505031891,NIFRA,54,34,10,544.0,5440.0
2021022505031890,NIFRA,22,22,10,543.0,5430.0
2021022505031889,NIFRA,56,22,50,543.0,27150.0
2021022505031900,NIFRA,8,1,45,544.0,24480.0
2021022505031899,NIFRA,8,40,50,544.0,27200.0
2021022505031898,NIFRA,8,16,60,544.0,32640.0
2021022505031897,NIFRA,8,59,60,544.0,32640.0
2021022505031896,NIFRA,8,21,50,544.0,27200.0
2021022505031895,NIFRA,8,34,235,544.0,127840.0
2021022505031906,NIFRA,41,39,20,543.0,10860.0
2021022505031905,NIFRA,26,39,40,543.0,21720.0
2021022505031904,NIFRA,26,25,50,543.0,27150.0
2021022505031903,NIFRA,21,3,37,544.0,20128.0
2021022505031902,NIFRA,26,58,50,543.0,27150.0
2021022505031901,NIFRA,25,1,10,544.0,5440.0
2021022505031913,NIFRA,4,8,40,543.0,21720.0
2021022505031912,NIFRA,41,8,10,543.0,5430.0
2021022505031911,NIFRA,41,44,50,543.0,27150.0
2021022505031910,NIFRA,41,57,30,543.0,16290.0
2021022505031908,NIFRA,41,39,50,543.0,27150.0
2021022505031907,NIFRA,41,34,40,543.0,21720.0
2021022505031919,NIFRA,8,11,50,543.0,27150.0
2021022505031918,NIFRA,4,29,17,544.0,9248.0
2021022505031917,NIFRA,4,16,33,544.0,17952.0
2021022505031916,NIFRA,1,16,17,544.0,9248.0
2021022505031915,NIFRA,1,3,13,544.0,7072.0
2021022505031914,NIFRA,48,8,10,542.0,5420.0
2021022505031925,NIFRA,25,14,60,544.0,32640.0
2021022505031924,NIFRA,25,6,50,544.0,27200.0
2021022505031923,NIFRA,25,36,50,544.0,27200.0
2021022505031922,NIFRA,25,16,60,544.0,32640.0
2021022505031921,NIFRA,25,46,50,544.0,27200.0
2021022505031920,NIFRA,25,29,33,544.0,17952.0
2021022505031931,NIFRA,41,40,50,543.0,27150.0
2021022505031930,NIFRA,41,18,50,543.0,27150.0
2021022505031929,NIFRA,25,58,37,544.0,20128.0
2021022505031928,NIFRA,25,58,50,544.0,27200.0
2021022505031927,NIFRA,25,16,60,544.0,32640.0
2021022505031926,NIFRA,25,49,50,544.0,27200.0
2021022505031937,NIFRA,43,59,50,544.0,27200.0
2021022505031936,NIFRA,43,21,50,544.0,27200.0
2021022505031935,NIFRA,54,50,10,544.0,5440.0
2021022505031934,NIFRA,36,21,60,543.0,32580.0
2021022505031933,NIFRA,43,50,37,544.0,20128.0
2021022505031932,NIFRA,43,58,23,544.0,12512.0
2021022505031949,NIFRA,33,38,30,543.0,16290.0
2021022505031942,NIFRA,33,8,20,543.0,10860.0
2021022505031941,NIFRA,36,8,30,543.0,16290.0
2021022505031940,NIFRA,36,48,50,543.0,27150.0
2021022505031939,NIFRA,36,59,50,543.0,27150.0
2021022505031938,NIFRA,36,54,10,543.0,5430.0
2021022505031955,NIFRA,32,16,50,544.0,27200.0
2021022505031954,NIFRA,32,59,10,544.0,5440.0
2021022505031953,NIFRA,39,47,70,543.0,38010.0
2021022505031952,NIFRA,34,47,130,543.0,70590.0
2021022505031951,NIFRA,34,58,50,543.0,27150.0
2021022505031950,NIFRA,34,38,20,543.0,10860.0
2021022505031961,NIFRA,39,22,10,543.0,5430.0
2021022505031960,NIFRA,39,21,10,543.0,5430.0
2021022505031959,NIFRA,57,59,20,544.0,10880.0
2021022505031958,NIFRA,32,59,30,544.0,16320.0
2021022505031957,NIFRA,32,21,60,544.0,32640.0
2021022505031956,NIFRA,32,52,50,544.0,27200.0
2021022505031967,NIFRA,57,13,500,544.0,272000.0
2021022505031966,NIFRA,46,13,270,544.0,146880.0
2021022505031965,NIFRA,46,14,60,544.0,32640.0
2021022505031964,NIFRA,46,16,60,544.0,32640.0
2021022505031963,NIFRA,46,54,10,544.0,5440.0
2021022505031962,NIFRA,39,49,50,543.0,27150.0
2021022505031973,NIFRA,39,58,100,543.0,54300.0
2021022505031972,NIFRA,39,58,50,543.0,27150.0
2021022505031971,NIFRA,51,13,100,544.0,54400.0
2021022505031970,NIFRA,39,34,50,543.0,27150.0
2021022505031969,NIFRA,39,36,50,543.0,27150.0
2021022505031968,NIFRA,39,20,60,543.0,32580.0
2021022505031979,NIFRA,55,8,320,544.0,174080.0
2021022505031978,NIFRA,32,8,130,544.0,70720.0
2021022505031977,NIFRA,32,34,40,544.0,21760.0
2021022505031976,NIFRA,32,13,30,544.0,16320.0
2021022505031975,NIFRA,1,13,100,544.0,54400.0
2021022505031974,NIFRA,39,35,50,543.0,27150.0
2021022505031985,NIFRA,54,57,40,543.0,21720.0
2021022505031984,NIFRA,54,25,50,543.0,27150.0
2021022505031983,NIFRA,54,57,50,543.0,27150.0
2021022505031982,NIFRA,54,59,50,543.0,27150.0
2021022505031981,NIFRA,54,17,10,543.0,5430.0
2021022505031980,NIFRA,39,17,40,543.0,21720.0
2021022505031991,NIFRA,57,44,20,543.0,10860.0
2021022505031990,NIFRA,38,44,20,543.0,10860.0
2021022505031989,NIFRA,38,8,60,543.0,32580.0
2021022505031988,NIFRA,38,25,20,543.0,10860.0
2021022505031987,NIFRA,18,25,30,543.0,16290.0
2021022505031986,NIFRA,18,57,10,543.0,5430.0
2021022505031997,NIFRA,32,17,200,543.0,108600.0
2021022505031996,NIFRA,22,17,40,543.0,21720.0
2021022505031995,NIFRA,22,11,50,543.0,27150.0
2021022505031994,NIFRA,22,59,10,543.0,5430.0
2021022505031993,NIFRA,32,59,40,543.0,21720.0
2021022505031992,NIFRA,32,44,20,543.0,10860.0
2021022505032003,NIFRA,32,17,12,542.0,6504.0
2021022505032002,NIFRA,48,17,70,542.0,37940.0
2021022505032001,NIFRA,54,17,100,543.0,54300.0
2021022505032000,NIFRA,57,17,200,543.0,108600.0
2021022505031999,NIFRA,6,17,10,543.0,5430.0
2021022505031998,NIFRA,41,17,10,543.0,5430.0
2021022505032009,NIFRA,21,17,20,542.0,10840.0
2021022505032008,NIFRA,22,17,200,542.0,108400.0
2021022505032007,NIFRA,4,17,50,542.0,27100.0
2021022505032006,NIFRA,40,17,40,542.0,21680.0
2021022505032005,NIFRA,34,17,50,542.0,27100.0
2021022505032004,NIFRA,21,17,10,542.0,5420.0
2021022505032015,NIFRA,45,17,40,542.0,21680.0
2021022505032014,NIFRA,38,17,500,542.0,271000.0
2021022505032013,NIFRA,34,17,50,542.0,27100.0
2021022505032012,NIFRA,57,17,100,542.0,54200.0
2021022505032011,NIFRA,25,17,20,542.0,10840.0
2021022505032010,NIFRA,14,17,100,542.0,54200.0
2021022505032021,NIFRA,55,17,100,542.0,54200.0
2021022505032020,NIFRA,41,17,50,542.0,27100.0
2021022505032019,NIFRA,36,17,300,542.0,162600.0
2021022505032018,NIFRA,58,17,30,542.0,16260.0
2021022505032017,NIFRA,45,17,110,542.0,59620.0
2021022505032016,NIFRA,26,17,100,542.0,54200.0
2021022505032027,NIFRA,29,17,50,542.0,27100.0
2021022505032026,NIFRA,41,17,50,542.0,27100.0
2021022505032025,NIFRA,21,17,200,542.0,108400.0
2021022505032024,NIFRA,41,17,100,542.0,54200.0
2021022505032023,NIFRA,22,17,40,542.0,21680.0
2021022505032022,NIFRA,22,17,50,542.0,27100.0
2021022505032033,NIFRA,44,17,30,542.0,16260.0
2021022505032032,NIFRA,11,17,100,542.0,54200.0
2021022505032031,NIFRA,49,17,50,542.0,27100.0
2021022505032030,NIFRA,35,17,20,542.0,10840.0
2021022505032029,NIFRA,51,17,100,542.0,54200.0
2021022505032028,NIFRA,4,17,100,542.0,54200.0
2021022505032039,NIFRA,52,17,50,542.0,27100.0
2021022505032038,NIFRA,58,17,110,542.0,59620.0
2021022505032037,NIFRA,1,17,100,542.0,54200.0
2021022505032036,NIFRA,25,17,500,542.0,271000.0
2021022505032035,NIFRA,39,17,40,542.0,21680.0
2021022505032034,NIFRA,17,17,50,542.0,27100.0
2021022505032045,NIFRA,39,17,50,542.0,27100.0
2021022505032044,NIFRA,57,17,200,542.0,108400.0
2021022505032043,NIFRA,43,17,100,542.0,54200.0
2021022505032042,NIFRA,25,17,"2,000",542.0,1084000.0
2021022505032041,NIFRA,38,17,150,542.0,81300.0
2021022505032040,NIFRA,13,17,"1,000",542.0,542000.0
2021022505032051,NIFRA,41,17,10,542.0,5420.0
2021022505032050,NIFRA,57,17,50,542.0,27100.0
2021022505032049,NIFRA,52,17,55,542.0,29810.0
2021022505032048,NIFRA,52,17,50,542.0,27100.0
2021022505032047,NIFRA,39,17,150,542.0,81300.0
2021022505032046,NIFRA,48,17,100,542.0,54200.0
2021022505032057,NIFRA,58,17,200,541.0,108200.0
2021022505032056,NIFRA,45,17,300,541.0,162300.0
2021022505032055,NIFRA,4,17,20,541.0,10820.0
2021022505032054,NIFRA,7,17,50,541.0,27050.0
2021022505032053,NIFRA,6,17,100,541.0,54100.0
2021022505032052,NIFRA,42,17,10,541.0,5410.0
2021022505032063,NIFRA,4,22,10,543.0,5430.0
2021022505032062,NIFRA,20,58,50,542.0,27100.0
2021022505032061,NIFRA,43,17,63,541.0,34083.0
2021022505032060,NIFRA,42,17,50,541.0,27050.0
2021022505032059,NIFRA,38,17,"1,000",541.0,541000.0
2021022505032058,NIFRA,41,17,40,541.0,21640.0
2021022505032069,NIFRA,39,14,50,544.0,27200.0
2021022505032068,NIFRA,39,49,50,544.0,27200.0
2021022505032067,NIFRA,39,8,50,544.0,27200.0
2021022505032066,NIFRA,48,47,50,543.0,27150.0
2021022505032065,NIFRA,48,50,10,543.0,5430.0
2021022505032064,NIFRA,4,50,40,543.0,21720.0
2021022505032075,NIFRA,39,16,60,544.0,32640.0
2021022505032074,NIFRA,39,52,60,544.0,32640.0
2021022505032073,NIFRA,39,52,50,544.0,27200.0
2021022505032072,NIFRA,39,16,30,544.0,16320.0
2021022505032071,NIFRA,39,16,60,544.0,32640.0
2021022505032070,NIFRA,39,29,200,544.0,108800.0
2021022505032081,NIFRA,14,57,10,543.0,5430.0
2021022505032080,NIFRA,48,57,40,543.0,21720.0
2021022505032079,NIFRA,39,34,10,544.0,5440.0
2021022505032078,NIFRA,39,22,130,544.0,70720.0
2021022505032077,NIFRA,39,35,50,544.0,27200.0
2021022505032076,NIFRA,39,48,200,544.0,108800.0
2021022505032089,NIFRA,21,34,20,544.0,10880.0
2021022505032088,NIFRA,14,10,60,543.0,32580.0
2021022505032087,NIFRA,14,54,40,543.0,21720.0
2021022505032086,NIFRA,14,56,30,543.0,16290.0
2021022505032085,NIFRA,18,34,20,544.0,10880.0
2021022505032082,NIFRA,14,25,50,543.0,27150.0
2021022505032095,NIFRA,54,33,30,544.0,16320.0
2021022505032094,NIFRA,43,33,100,544.0,54400.0
2021022505032093,NIFRA,21,33,124,544.0,67456.0
2021022505032092,NIFRA,21,16,50,544.0,27200.0
2021022505032091,NIFRA,21,58,50,544.0,27200.0
2021022505032090,NIFRA,21,58,60,544.0,32640.0
2021022505032101,NIFRA,41,33,200,544.0,108800.0
2021022505032100,NIFRA,14,38,60,543.0,32580.0
2021022505032099,NIFRA,14,59,50,543.0,27150.0
2021022505032098,NIFRA,14,58,50,543.0,27150.0
2021022505032097,NIFRA,14,16,50,543.0,27150.0
2021022505032096,NIFRA,57,33,10,544.0,5440.0
2021022505032109,NIFRA,14,50,50,543.0,27150.0
2021022505032108,NIFRA,14,58,50,543.0,27150.0
2021022505032105,NIFRA,14,52,60,543.0,32580.0
2021022505032104,NIFRA,14,14,50,543.0,27150.0
2021022505032103,NIFRA,14,32,20,543.0,10860.0
2021022505032102,NIFRA,38,33,40,544.0,21760.0
2021022505032107,PLI,19,29,10,809.0,8090.0
2021022505032106,PLI,19,59,10,809.0,8090.0
2021022505032084,PLI,36,46,10,809.0,8090.0
2021022505032083,PLI,36,40,10,809.0,8090.0
2021022505031948,PLI,39,38,100,810.0,81000.0
2021022505031947,PLI,21,38,50,810.0,40500.0
2021022505031683,PLI,21,14,10,811.0,8110.0
2021022505031682,PLI,21,45,10,811.0,8110.0
2021022505031681,PLI,21,10,10,811.0,8110.0
2021022505031654,PLI,41,4,10,810.0,8100.0
2021022505031653,PLI,36,48,10,810.0,8100.0
2021022505031650,PLI,36,3,30,810.0,24300.0
2021022505031747,PLI,57,57,10,811.0,8110.0
2021022505031746,PLI,57,14,10,811.0,8110.0
2021022505031716,PLI,41,13,60,810.0,48600.0
2021022505031689,PLI,41,56,10,810.0,8100.0
2021022505031685,PLI,21,10,10,811.0,8110.0
2021022505031684,PLI,21,14,10,811.0,8110.0
2021022505031785,PLI,38,4,10,810.0,8100.0
2021022505031758,PLI,49,42,25,811.0,20275.0
2021022505031757,PLI,41,17,10,810.0,8100.0
2021022505031750,PLI,41,58,10,810.0,8100.0
2021022505031749,PLI,57,34,10,811.0,8110.0
2021022505031748,PLI,57,52,10,811.0,8110.0
2021022505031868,PLI,38,56,10,810.0,8100.0
2021022505031830,PLI,38,34,10,810.0,8100.0
2021022505031793,PLI,38,32,10,810.0,8100.0
2021022505031792,PLI,28,51,10,811.0,8110.0
2021022505031791,PLI,28,35,10,811.0,8110.0
2021022505031790,PLI,28,42,575,811.0,466325.0
2021022505031946,PLI,35,38,20,810.0,16200.0
2021022505031945,PLI,32,38,10,810.0,8100.0
2021022505031944,PLI,38,38,60,810.0,48600.0
2021022505031943,PLI,34,38,20,811.0,16220.0
2021022505031909,PLI,34,59,10,811.0,8110.0
2021022505031878,PLI,34,34,10,811.0,8110.0
2021022505031615,NIFRA,11,16,30,544.0,16320.0
2021022505031614,NIFRA,11,11,20,544.0,10880.0
2021022505031613,NIFRA,48,58,10,542.0,5420.0
2021022505031612,NIFRA,29,58,40,543.0,21720.0
2021022505031611,NIFRA,29,46,50,543.0,27150.0
2021022505031610,NIFRA,22,11,30,544.0,16320.0
2021022505031117,NIFRA,59,36,50,543.0,27150.0
2021022505031116,NIFRA,59,36,20,543.0,10860.0
2021022505031123,NIFRA,13,35,100,542.0,54200.0
2021022505031122,NIFRA,57,35,260,542.0,140920.0
2021022505031121,NIFRA,57,40,40,542.0,21680.0
2021022505031120,NIFRA,59,58,20,543.0,10860.0
2021022505031119,NIFRA,59,8,60,543.0,32580.0
2021022505031118,NIFRA,59,48,50,543.0,27150.0
2021022505031129,NIFRA,14,35,50,542.0,27100.0
2021022505031128,NIFRA,22,35,50,542.0,27100.0
2021022505031127,NIFRA,33,35,100,542.0,54200.0
2021022505031126,NIFRA,28,35,100,542.0,54200.0
2021022505031125,NIFRA,1,35,20,542.0,10840.0
2021022505031124,NIFRA,26,35,100,542.0,54200.0
2021022505031135,NIFRA,4,35,100,542.0,54200.0
2021022505031134,NIFRA,40,35,300,542.0,162600.0
2021022505031133,NIFRA,51,35,100,542.0,54200.0
2021022505031132,NIFRA,43,35,100,542.0,54200.0
2021022505031131,NIFRA,41,35,"1,000",542.0,542000.0
2021022505031130,NIFRA,54,35,100,542.0,54200.0
2021022505031141,NIFRA,48,35,"1,000",542.0,542000.0
2021022505031140,NIFRA,22,35,10,542.0,5420.0
2021022505031139,NIFRA,40,35,100,542.0,54200.0
2021022505031138,NIFRA,32,35,60,542.0,32520.0
2021022505031137,NIFRA,8,35,100,542.0,54200.0
2021022505031136,NIFRA,52,35,35,542.0,18970.0
2021022505031147,NIFRA,1,20,50,542.0,27100.0
2021022505031146,NIFRA,1,35,15,542.0,8130.0
2021022505031145,NIFRA,48,35,100,542.0,54200.0
2021022505031144,NIFRA,44,35,400,542.0,216800.0
2021022505031143,NIFRA,39,35,500,542.0,271000.0
2021022505031142,NIFRA,26,35,200,542.0,108400.0
2021022505031153,NIFRA,6,3,60,543.0,32580.0
2021022505031152,NIFRA,6,58,30,543.0,16290.0
2021022505031151,NIFRA,1,46,60,542.0,32520.0
2021022505031150,NIFRA,1,39,60,542.0,32520.0
2021022505031149,NIFRA,1,57,50,542.0,27100.0
2021022505031148,NIFRA,1,58,50,542.0,27100.0
2021022505031159,NIFRA,39,4,30,543.0,16290.0
2021022505031158,NIFRA,38,4,20,543.0,10860.0
2021022505031157,NIFRA,38,29,50,543.0,27150.0
2021022505031156,NIFRA,47,44,50,543.0,27150.0
2021022505031155,NIFRA,6,34,900,544.0,489600.0
2021022505031154,NIFRA,6,21,10,543.0,5430.0
2021022505031166,NIFRA,48,52,20,543.0,10860.0
2021022505031165,NIFRA,39,52,30,543.0,16290.0
2021022505031163,NIFRA,39,8,40,543.0,21720.0
2021022505031162,NIFRA,39,25,60,543.0,32580.0
2021022505031161,NIFRA,39,17,50,543.0,27150.0
2021022505031160,NIFRA,39,43,50,543.0,27150.0
2021022505031172,NIFRA,6,58,39,543.0,21177.0
2021022505031171,NIFRA,58,58,11,543.0,5973.0
2021022505031170,NIFRA,58,40,40,543.0,21720.0
2021022505031169,NIFRA,59,40,10,543.0,5430.0
2021022505031168,NIFRA,59,57,40,543.0,21720.0
2021022505031167,NIFRA,48,57,10,543.0,5430.0
2021022505031179,NIFRA,6,10,50,543.0,27150.0
2021022505031178,NIFRA,6,29,60,543.0,32580.0
2021022505031177,NIFRA,6,26,50,543.0,27150.0
2021022505031175,NIFRA,14,34,300,544.0,163200.0
2021022505031174,NIFRA,6,16,50,543.0,27150.0
2021022505031173,NIFRA,6,35,40,543.0,21720.0
2021022505031187,NIFRA,6,18,20,543.0,10860.0
2021022505031185,NIFRA,6,52,60,543.0,32580.0
2021022505031183,NIFRA,6,43,50,543.0,27150.0
2021022505031182,NIFRA,22,34,80,544.0,43520.0
2021022505031181,NIFRA,6,17,50,543.0,27150.0
2021022505031180,NIFRA,6,35,60,543.0,32580.0
2021022505031193,NIFRA,6,39,50,543.0,27150.0
2021022505031192,NIFRA,6,58,50,543.0,27150.0
2021022505031191,NIFRA,6,56,60,543.0,32580.0
2021022505031190,NIFRA,14,34,60,544.0,32640.0
2021022505031189,NIFRA,6,37,60,543.0,32580.0
2021022505031188,NIFRA,6,8,40,543.0,21720.0
2021022505031200,NIFRA,1,29,50,543.0,27150.0
2021022505031198,NIFRA,6,55,60,543.0,32580.0
2021022505031197,NIFRA,6,21,50,543.0,27150.0
2021022505031196,NIFRA,5,34,500,544.0,272000.0
2021022505031195,NIFRA,6,16,50,543.0,27150.0
2021022505031194,NIFRA,6,48,50,543.0,27150.0
2021022505031206,NIFRA,6,8,11,544.0,5984.0
2021022505031205,NIFRA,1,43,50,543.0,27150.0
2021022505031204,NIFRA,34,8,39,544.0,21216.0
2021022505031203,NIFRA,34,29,50,544.0,27200.0
2021022505031202,NIFRA,34,57,50,544.0,27200.0
2021022505031201,NIFRA,34,34,61,544.0,33184.0
2021022505031212,NIFRA,6,4,60,544.0,32640.0
2021022505031211,NIFRA,6,48,50,544.0,27200.0
2021022505031210,NIFRA,6,55,60,544.0,32640.0
2021022505031209,NIFRA,6,39,50,544.0,27200.0
2021022505031208,NIFRA,6,41,30,544.0,16320.0
2021022505031207,NIFRA,6,34,100,544.0,54400.0
2021022505031218,NIFRA,6,1,50,544.0,27200.0
2021022505031217,NIFRA,6,58,50,544.0,27200.0
2021022505031216,NIFRA,6,8,60,544.0,32640.0
2021022505031215,NIFRA,6,6,50,544.0,27200.0
2021022505031214,NIFRA,6,38,20,544.0,10880.0
2021022505031213,NIFRA,6,58,60,544.0,32640.0
2021022505031224,NIFRA,6,8,50,544.0,27200.0
2021022505031223,NIFRA,6,56,50,544.0,27200.0
2021022505031222,NIFRA,6,28,60,544.0,32640.0
2021022505031221,NIFRA,6,51,60,544.0,32640.0
2021022505031220,NIFRA,6,17,60,544.0,32640.0
2021022505031219,NIFRA,6,54,50,544.0,27200.0
2021022505031230,NIFRA,6,35,50,544.0,27200.0
2021022505031229,NIFRA,6,38,60,544.0,32640.0
2021022505031228,NIFRA,6,54,50,544.0,27200.0
2021022505031227,NIFRA,6,34,50,544.0,27200.0
2021022505031226,NIFRA,6,58,50,544.0,27200.0
2021022505031225,NIFRA,6,6,20,544.0,10880.0
2021022505031236,NIFRA,6,58,60,544.0,32640.0
2021022505031235,NIFRA,6,55,50,544.0,27200.0
2021022505031234,NIFRA,6,55,10,544.0,5440.0
2021022505031233,NIFRA,6,43,50,544.0,27200.0
2021022505031232,NIFRA,6,34,50,544.0,27200.0
2021022505031231,NIFRA,6,59,50,544.0,27200.0
2021022505031242,NIFRA,6,38,60,544.0,32640.0
2021022505031241,NIFRA,6,57,50,544.0,27200.0
2021022505031240,NIFRA,6,1,50,544.0,27200.0
2021022505031239,NIFRA,6,58,50,544.0,27200.0
2021022505031238,NIFRA,6,38,50,544.0,27200.0
2021022505031237,NIFRA,6,14,50,544.0,27200.0
2021022505031248,NIFRA,6,29,50,544.0,27200.0
2021022505031247,NIFRA,6,57,50,544.0,27200.0
2021022505031246,NIFRA,6,54,50,544.0,27200.0
2021022505031245,NIFRA,6,51,50,544.0,27200.0
2021022505031244,NIFRA,6,39,60,544.0,32640.0
2021022505031243,NIFRA,6,19,50,544.0,27200.0
2021022505031255,NIFRA,6,38,50,544.0,27200.0
2021022505031254,NIFRA,6,40,50,544.0,27200.0
2021022505031253,NIFRA,6,8,50,544.0,27200.0
2021022505031252,NIFRA,6,44,50,544.0,27200.0
2021022505031250,NIFRA,6,51,50,544.0,27200.0
2021022505031249,NIFRA,6,57,50,544.0,27200.0
2021022505031262,NIFRA,6,39,50,544.0,27200.0
2021022505031261,NIFRA,6,49,60,544.0,32640.0
2021022505031260,NIFRA,6,35,50,544.0,27200.0
2021022505031259,NIFRA,6,25,50,544.0,27200.0
2021022505031258,NIFRA,6,38,50,544.0,27200.0
2021022505031257,NIFRA,6,44,200,544.0,108800.0
2021022505031269,NIFRA,6,21,50,544.0,27200.0
2021022505031268,NIFRA,6,21,30,544.0,16320.0
2021022505031267,NIFRA,6,28,60,544.0,32640.0
2021022505031266,NIFRA,45,36,70,545.0,38150.0
2021022505031265,NIFRA,6,40,50,544.0,27200.0
2021022505031263,NIFRA,6,37,60,544.0,32640.0
2021022505031275,NIFRA,6,57,50,544.0,27200.0
2021022505031274,NIFRA,6,56,50,544.0,27200.0
2021022505031273,NIFRA,6,46,10,544.0,5440.0
2021022505031272,NIFRA,6,43,50,544.0,27200.0
2021022505031271,NIFRA,6,57,60,544.0,32640.0
2021022505031270,NIFRA,6,29,50,544.0,27200.0
2021022505031281,NIFRA,6,57,60,544.0,32640.0
2021022505031280,NIFRA,6,51,60,544.0,32640.0
2021022505031279,NIFRA,58,32,48,545.0,26160.0
2021022505031278,NIFRA,58,22,50,545.0,27250.0
2021022505031277,NIFRA,58,41,50,545.0,27250.0
2021022505031276,NIFRA,6,37,60,544.0,32640.0
2021022505031287,NIFRA,6,40,50,544.0,27200.0
2021022505031286,NIFRA,6,32,50,544.0,27200.0
2021022505031285,NIFRA,6,58,60,544.0,32640.0
2021022505031284,NIFRA,56,37,48,545.0,26160.0
2021022505031283,NIFRA,56,32,12,545.0,6540.0
2021022505031282,NIFRA,6,8,60,544.0,32640.0
2021022505031296,NIFRA,6,21,50,544.0,27200.0
2021022505031294,NIFRA,6,6,50,544.0,27200.0
2021022505031293,NIFRA,6,21,30,544.0,16320.0
2021022505031291,NIFRA,6,57,50,544.0,27200.0
2021022505031289,NIFRA,6,1,50,544.0,27200.0
2021022505031288,NIFRA,6,32,50,544.0,27200.0
2021022505031302,NIFRA,11,48,20,545.0,10900.0
2021022505031301,NIFRA,6,1,60,544.0,32640.0
2021022505031300,NIFRA,6,43,60,544.0,32640.0
2021022505031299,NIFRA,6,47,50,544.0,27200.0
2021022505031298,NIFRA,6,6,60,544.0,32640.0
2021022505031297,NIFRA,55,38,50,545.0,27250.0
2021022505031309,NIFRA,55,48,30,545.0,16350.0
2021022505031308,NIFRA,6,38,50,544.0,27200.0
2021022505031307,NIFRA,6,52,50,544.0,27200.0
2021022505031306,NIFRA,6,8,50,544.0,27200.0
2021022505031305,NIFRA,6,49,50,544.0,27200.0
2021022505031303,NIFRA,6,16,60,544.0,32640.0
2021022505031316,NIFRA,6,26,50,544.0,27200.0
2021022505031315,NIFRA,6,51,50,544.0,27200.0
2021022505031314,NIFRA,6,34,50,544.0,27200.0
2021022505031312,NIFRA,55,17,60,545.0,32700.0
2021022505031311,NIFRA,55,47,60,545.0,32700.0
2021022505031310,NIFRA,55,10,50,545.0,27250.0
2021022505031322,NIFRA,29,40,11,544.0,5984.0
2021022505031321,NIFRA,6,40,39,544.0,21216.0
2021022505031320,NIFRA,6,57,60,544.0,32640.0
2021022505031319,NIFRA,6,44,50,544.0,27200.0
2021022505031318,NIFRA,6,59,50,544.0,27200.0
2021022505031317,NIFRA,6,40,50,544.0,27200.0
2021022505031330,NIFRA,8,44,50,545.0,27250.0
2021022505031328,NIFRA,43,26,50,544.0,27200.0
2021022505031326,NIFRA,43,19,50,544.0,27200.0
2021022505031325,NIFRA,43,21,50,544.0,27200.0
2021022505031324,NIFRA,29,4,50,544.0,27200.0
2021022505031323,NIFRA,29,29,50,544.0,27200.0
2021022505031336,NIFRA,8,28,50,545.0,27250.0
2021022505031335,NIFRA,8,16,50,545.0,27250.0
2021022505031334,NIFRA,8,49,60,545.0,32700.0
2021022505031333,NIFRA,8,35,50,545.0,27250.0
2021022505031332,NIFRA,8,11,40,545.0,21800.0
2021022505031331,NIFRA,8,51,10,545.0,5450.0
2021022505031342,NIFRA,29,34,10,545.0,5450.0
2021022505031341,NIFRA,43,8,50,544.0,27200.0
2021022505031340,NIFRA,8,34,90,545.0,49050.0
2021022505031339,NIFRA,8,29,30,545.0,16350.0
2021022505031338,NIFRA,8,33,50,545.0,27250.0
2021022505031337,NIFRA,8,34,20,545.0,10900.0
2021022505031348,NIFRA,38,4,50,544.0,27200.0
2021022505031347,NIFRA,38,36,50,544.0,27200.0
2021022505031346,NIFRA,38,43,60,544.0,32640.0
2021022505031345,NIFRA,38,57,60,544.0,32640.0
2021022505031344,NIFRA,38,1,60,544.0,32640.0
2021022505031343,NIFRA,43,14,60,544.0,32640.0
2021022505031354,NIFRA,38,56,10,544.0,5440.0
2021022505031353,NIFRA,38,29,50,544.0,27200.0
2021022505031352,NIFRA,38,48,60,544.0,32640.0
2021022505031351,NIFRA,38,58,50,544.0,27200.0
2021022505031350,NIFRA,38,11,50,544.0,27200.0
2021022505031349,NIFRA,21,58,8,544.0,4352.0
2021022505031361,NIFRA,58,26,25,544.0,13600.0
2021022505031360,NIFRA,34,26,25,544.0,13600.0
2021022505031359,NIFRA,34,40,50,544.0,27200.0
2021022505031357,NIFRA,14,37,50,544.0,27200.0
2021022505031356,NIFRA,34,56,25,544.0,13600.0
2021022505031355,NIFRA,58,56,15,544.0,8160.0
2021022505031369,NIFRA,6,57,50,544.0,27200.0
2021022505031368,NIFRA,38,57,10,544.0,5440.0
2021022505031367,NIFRA,57,36,30,543.0,16290.0
2021022505031364,NIFRA,44,21,20,544.0,10880.0
2021022505031363,NIFRA,58,21,25,544.0,13600.0
2021022505031362,NIFRA,58,39,50,544.0,27200.0
2021022505031375,NIFRA,44,49,40,544.0,21760.0
2021022505031374,NIFRA,38,8,40,543.0,21720.0
2021022505031373,NIFRA,57,8,20,543.0,10860.0
2021022505031372,NIFRA,38,49,10,544.0,5440.0
2021022505031371,NIFRA,38,39,10,544.0,5440.0
2021022505031370,NIFRA,38,29,60,544.0,32640.0
2021022505031383,NIFRA,38,47,15,544.0,8160.0
2021022505031382,NIFRA,21,47,35,544.0,19040.0
2021022505031380,NIFRA,21,34,15,544.0,8160.0
2021022505031379,NIFRA,44,34,35,544.0,19040.0
2021022505031378,NIFRA,44,34,50,544.0,27200.0
2021022505031376,NIFRA,44,49,50,544.0,27200.0
2021022505031389,NIFRA,38,58,50,543.0,27150.0
2021022505031388,NIFRA,38,10,10,543.0,5430.0
2021022505031387,NIFRA,10,34,120,545.0,65400.0
2021022505031386,NIFRA,38,34,375,545.0,204375.0
2021022505031385,NIFRA,38,58,60,544.0,32640.0
2021022505031384,NIFRA,38,25,50,544.0,27200.0
2021022505031395,NIFRA,49,25,50,544.0,27200.0
2021022505031394,NIFRA,49,28,50,544.0,27200.0
2021022505031393,NIFRA,49,43,60,544.0,32640.0
2021022505031392,NIFRA,49,51,60,544.0,32640.0
2021022505031391,NIFRA,38,29,50,543.0,27150.0
2021022505031390,NIFRA,38,38,60,543.0,32580.0
2021022505031401,NIFRA,49,58,50,544.0,27200.0
2021022505031400,NIFRA,49,29,50,544.0,27200.0
2021022505031399,NIFRA,49,17,60,544.0,32640.0
2021022505031398,NIFRA,49,40,50,544.0,27200.0
2021022505031397,NIFRA,49,56,50,544.0,27200.0
2021022505031396,NIFRA,49,3,60,544.0,32640.0
2021022505031410,NIFRA,38,34,50,545.0,27250.0
2021022505031409,NIFRA,49,39,60,544.0,32640.0
2021022505031407,NIFRA,49,21,50,544.0,27200.0
2021022505031405,NIFRA,49,38,50,544.0,27200.0
2021022505031404,NIFRA,49,47,60,544.0,32640.0
2021022505031403,NIFRA,49,38,50,544.0,27200.0
2021022505031418,NIFRA,34,40,30,544.0,16320.0
2021022505031415,NIFRA,34,21,10,544.0,5440.0
2021022505031414,NIFRA,49,21,40,544.0,21760.0
2021022505031413,NIFRA,49,56,50,544.0,27200.0
2021022505031412,NIFRA,49,8,50,544.0,27200.0
2021022505031411,NIFRA,49,34,50,544.0,27200.0
2021022505031424,NIFRA,41,5,100,544.0,54400.0
2021022505031423,NIFRA,41,47,50,544.0,27200.0
2021022505031422,NIFRA,41,52,50,544.0,27200.0
2021022505031421,NIFRA,41,26,50,544.0,27200.0
2021022505031420,NIFRA,41,59,50,544.0,27200.0
2021022505031419,NIFRA,41,40,20,544.0,10880.0
2021022505031430,NIFRA,52,38,10,544.0,5440.0
2021022505031429,NIFRA,41,38,20,544.0,10880.0
2021022505031428,NIFRA,41,16,50,544.0,27200.0
2021022505031427,NIFRA,41,32,50,544.0,27200.0
2021022505031426,NIFRA,41,58,10,544.0,5440.0
2021022505031425,NIFRA,41,34,50,544.0,27200.0
2021022505031438,NIFRA,38,34,20,544.0,10880.0
2021022505031437,NIFRA,52,34,30,544.0,16320.0
2021022505031435,NIFRA,52,43,60,544.0,32640.0
2021022505031434,NIFRA,26,57,5,545.0,2725.0
2021022505031433,NIFRA,32,57,45,545.0,24525.0
2021022505031432,NIFRA,32,34,55,545.0,29975.0
2021022505031444,NIFRA,57,16,50,545.0,27250.0
2021022505031443,NIFRA,57,32,50,545.0,27250.0
2021022505031442,NIFRA,57,44,60,545.0,32700.0
2021022505031441,NIFRA,57,44,50,545.0,27250.0
2021022505031440,NIFRA,21,55,10,544.0,5440.0
2021022505031439,NIFRA,38,55,40,544.0,21760.0
2021022505031450,NIFRA,57,57,50,545.0,27250.0
2021022505031449,NIFRA,57,55,60,545.0,32700.0
2021022505031448,NIFRA,57,6,50,545.0,27250.0
2021022505031447,NIFRA,57,29,10,545.0,5450.0
2021022505031446,NIFRA,57,11,60,545.0,32700.0
2021022505031445,NIFRA,57,22,50,545.0,27250.0
2021022505031456,NIFRA,57,38,60,545.0,32700.0
2021022505031455,NIFRA,57,38,60,545.0,32700.0
2021022505031454,NIFRA,57,46,"1,050",545.0,572250.0
2021022505031453,NIFRA,57,56,35,545.0,19075.0
2021022505031452,NIFRA,57,58,50,545.0,27250.0
2021022505031451,NIFRA,57,49,100,545.0,54500.0
2021022505031462,NIFRA,57,52,60,545.0,32700.0
2021022505031461,NIFRA,57,29,30,545.0,16350.0
2021022505031460,NIFRA,57,25,60,545.0,32700.0
2021022505031459,NIFRA,57,36,50,545.0,27250.0
2021022505031458,NIFRA,57,38,150,545.0,81750.0
2021022505031457,NIFRA,57,49,30,545.0,16350.0
2021022505031468,NIFRA,57,22,50,545.0,27250.0
2021022505031467,NIFRA,57,49,50,545.0,27250.0
2021022505031466,NIFRA,57,56,30,545.0,16350.0
2021022505031465,NIFRA,57,32,40,545.0,21800.0
2021022505031464,NIFRA,57,43,50,545.0,27250.0
2021022505031463,NIFRA,57,29,180,545.0,98100.0
2021022505031474,NIFRA,57,34,"1,050",545.0,572250.0
2021022505031473,NIFRA,57,49,60,545.0,32700.0
2021022505031472,NIFRA,57,54,30,545.0,16350.0
2021022505031471,NIFRA,57,41,60,545.0,32700.0
2021022505031470,NIFRA,57,44,50,545.0,27250.0
2021022505031469,NIFRA,57,57,50,545.0,27250.0
2021022505031480,NIFRA,57,58,50,545.0,27250.0
2021022505031479,NIFRA,57,45,40,545.0,21800.0
2021022505031478,NIFRA,57,45,30,545.0,16350.0
2021022505031477,NIFRA,57,58,60,545.0,32700.0
2021022505031476,NIFRA,57,49,50,545.0,27250.0
2021022505031475,NIFRA,57,58,50,545.0,27250.0
2021022505031486,NIFRA,21,49,50,544.0,27200.0
2021022505031485,NIFRA,21,33,50,544.0,27200.0
2021022505031484,NIFRA,21,21,50,544.0,27200.0
2021022505031483,NIFRA,57,1,705,545.0,384225.0
2021022505031482,NIFRA,57,58,50,545.0,27250.0
2021022505031481,NIFRA,57,21,40,545.0,21800.0
2021022505031492,NIFRA,47,59,20,544.0,10880.0
2021022505031491,NIFRA,47,28,60,544.0,32640.0
2021022505031490,NIFRA,47,11,20,544.0,10880.0
2021022505031489,NIFRA,21,11,30,544.0,16320.0
2021022505031488,NIFRA,21,58,60,544.0,32640.0
2021022505031487,NIFRA,21,57,50,544.0,27200.0
2021022505031498,NIFRA,33,25,50,544.0,27200.0
2021022505031497,NIFRA,33,1,200,545.0,109000.0
2021022505031496,NIFRA,33,21,40,544.0,21760.0
2021022505031495,NIFRA,54,21,10,544.0,5440.0
2021022505031494,NIFRA,54,59,10,544.0,5440.0
2021022505031493,NIFRA,21,59,20,544.0,10880.0
2021022505031504,NIFRA,17,50,50,544.0,27200.0
2021022505031503,NIFRA,43,50,10,544.0,5440.0
2021022505031502,NIFRA,43,8,40,544.0,21760.0
2021022505031501,NIFRA,33,8,10,544.0,5440.0
2021022505031500,NIFRA,33,51,50,544.0,27200.0
2021022505031499,NIFRA,33,54,50,544.0,27200.0
2021022505031510,NIFRA,17,17,230,544.0,125120.0
2021022505031509,NIFRA,59,17,500,544.0,272000.0
2021022505031508,NIFRA,17,34,50,544.0,27200.0
2021022505031507,NIFRA,17,29,60,544.0,32640.0
2021022505031506,NIFRA,17,26,50,544.0,27200.0
2021022505031505,NIFRA,17,44,60,544.0,32640.0
2021022505031516,NIFRA,17,17,200,543.0,108600.0
2021022505031515,NIFRA,41,17,120,543.0,65160.0
2021022505031514,NIFRA,56,17,530,543.0,287790.0
2021022505031513,NIFRA,34,17,10,543.0,5430.0
2021022505031512,NIFRA,38,17,290,543.0,157470.0
2021022505031511,NIFRA,35,17,100,544.0,54400.0
2021022505031522,NIFRA,39,17,50,543.0,27150.0
2021022505031521,NIFRA,58,17,30,543.0,16290.0
2021022505031520,NIFRA,58,17,55,543.0,29865.0
2021022505031519,NIFRA,54,17,150,543.0,81450.0
2021022505031518,NIFRA,47,17,50,543.0,27150.0
2021022505031517,NIFRA,43,17,200,543.0,108600.0
2021022505031528,NIFRA,56,17,200,543.0,108600.0
2021022505031527,NIFRA,40,17,100,543.0,54300.0
2021022505031526,NIFRA,22,17,300,543.0,162900.0
2021022505031525,NIFRA,6,17,100,543.0,54300.0
2021022505031524,NIFRA,17,17,150,543.0,81450.0
2021022505031523,NIFRA,39,17,500,543.0,271500.0
2021022505031534,NIFRA,22,17,200,543.0,108600.0
2021022505031533,NIFRA,58,17,15,543.0,8145.0
2021022505031532,NIFRA,40,17,300,543.0,162900.0
2021022505031531,NIFRA,41,17,100,543.0,54300.0
2021022505031530,NIFRA,59,17,30,543.0,16290.0
2021022505031529,NIFRA,6,17,300,543.0,162900.0
2021022505031540,NIFRA,58,17,10,543.0,5430.0
2021022505031539,NIFRA,22,17,500,543.0,271500.0
2021022505031538,NIFRA,57,17,40,543.0,21720.0
2021022505031537,NIFRA,1,17,100,543.0,54300.0
2021022505031536,NIFRA,41,17,200,543.0,108600.0
2021022505031535,NIFRA,55,17,100,543.0,54300.0
2021022505031546,NIFRA,11,17,50,542.0,27100.0
2021022505031545,NIFRA,41,17,50,542.0,27100.0
2021022505031544,NIFRA,41,17,40,542.0,21680.0
2021022505031543,NIFRA,1,17,215,542.0,116530.0
2021022505031542,NIFRA,34,17,50,543.0,27150.0
2021022505031541,NIFRA,45,17,40,543.0,21720.0
2021022505031552,NIFRA,39,17,200,542.0,108400.0
2021022505031551,NIFRA,33,17,100,542.0,54200.0
2021022505031550,NIFRA,57,17,20,542.0,10840.0
2021022505031549,NIFRA,59,17,150,542.0,81300.0
2021022505031548,NIFRA,43,17,100,542.0,54200.0
2021022505031547,NIFRA,35,17,500,542.0,271000.0
2021022505031558,NIFRA,22,17,50,542.0,27100.0
2021022505031557,NIFRA,54,17,100,542.0,54200.0
2021022505031556,NIFRA,49,17,50,542.0,27100.0
2021022505031555,NIFRA,41,17,100,542.0,54200.0
2021022505031554,NIFRA,57,17,200,542.0,108400.0
2021022505031553,NIFRA,43,17,900,542.0,487800.0
2021022505031564,NIFRA,32,17,300,542.0,162600.0
2021022505031563,NIFRA,49,17,100,542.0,54200.0
2021022505031562,NIFRA,56,17,20,542.0,10840.0
2021022505031561,NIFRA,32,17,50,542.0,27100.0
2021022505031560,NIFRA,55,17,10,542.0,5420.0
2021022505031559,NIFRA,50,17,200,542.0,108400.0
2021022505031570,NIFRA,51,17,460,542.0,249320.0
2021022505031569,NIFRA,59,17,10,542.0,5420.0
2021022505031568,NIFRA,45,17,100,542.0,54200.0
2021022505031567,NIFRA,32,17,20,542.0,10840.0
2021022505031566,NIFRA,58,17,25,542.0,13550.0
2021022505031565,NIFRA,51,17,30,542.0,16260.0
2021022505031576,NIFRA,16,47,50,544.0,27200.0
2021022505031575,NIFRA,16,57,20,544.0,10880.0
2021022505031574,NIFRA,48,57,40,544.0,21760.0
2021022505031573,NIFRA,48,34,10,544.0,5440.0
2021022505031572,NIFRA,48,10,10,542.0,5420.0
2021022505031571,NIFRA,51,10,40,542.0,21680.0
2021022505031583,NIFRA,25,48,20,543.0,10860.0
2021022505031582,NIFRA,57,48,40,543.0,21720.0
2021022505031581,NIFRA,57,38,50,543.0,27150.0
2021022505031580,NIFRA,57,46,50,543.0,27150.0
2021022505031579,NIFRA,57,59,60,543.0,32580.0
2021022505031577,NIFRA,16,16,10,544.0,5440.0
2021022505031589,NIFRA,47,29,40,544.0,21760.0
2021022505031588,NIFRA,47,33,60,544.0,32640.0
2021022505031587,NIFRA,25,51,60,543.0,32580.0
2021022505031586,NIFRA,57,29,10,544.0,5440.0
2021022505031585,NIFRA,57,8,50,544.0,27200.0
2021022505031584,NIFRA,57,16,40,544.0,21760.0
2021022505031596,NIFRA,29,29,50,543.0,27150.0
2021022505031595,NIFRA,13,8,50,544.0,27200.0
2021022505031594,NIFRA,29,34,10,543.0,5430.0
2021022505031593,NIFRA,38,34,30,543.0,16290.0
2021022505031592,NIFRA,25,34,20,543.0,10860.0
2021022505031591,NIFRA,57,8,200,544.0,108800.0
2021022505031603,NIFRA,17,34,60,544.0,32640.0
2021022505031602,NIFRA,17,8,120,544.0,65280.0
2021022505031601,NIFRA,34,8,30,544.0,16320.0
2021022505031600,NIFRA,29,40,50,543.0,27150.0
2021022505031599,NIFRA,13,8,50,544.0,27200.0
2021022505031597,NIFRA,44,8,50,544.0,27200.0
2021022505031609,NIFRA,22,49,50,544.0,27200.0
2021022505031608,NIFRA,22,8,60,544.0,32640.0
2021022505031607,NIFRA,22,32,60,544.0,32640.0
2021022505031606,NIFRA,22,49,40,544.0,21760.0
2021022505031605,NIFRA,22,56,60,544.0,32640.0
2021022505031604,NIFRA,17,49,20,544.0,10880.0
2021022505031598,PLI,36,48,10,810.0,8100.0
2021022505031590,PLI,36,16,10,810.0,8100.0
2021022505031578,PLI,36,54,10,810.0,8100.0
2021022505031436,PLI,36,39,10,810.0,8100.0
2021022505031431,PLI,36,39,10,810.0,8100.0
2021022505031417,PLI,36,16,10,810.0,8100.0
2021022505031251,PLI,19,37,10,807.0,8070.0
2021022505031199,PLI,19,56,10,807.0,8070.0
2021022505031186,PLI,19,45,10,807.0,8070.0
2021022505031184,PLI,19,50,10,807.0,8070.0
2021022505031176,PLI,19,58,10,807.0,8070.0
2021022505031164,PLI,19,20,10,807.0,8070.0
2021022505031304,PLI,19,58,10,808.0,8080.0
2021022505031295,PLI,19,50,10,807.0,8070.0
2021022505031292,PLI,19,56,10,807.0,8070.0
2021022505031290,PLI,19,39,10,807.0,8070.0
2021022505031264,PLI,19,10,10,807.0,8070.0
2021022505031256,PLI,19,48,10,807.0,8070.0
2021022505031366,PLI,19,39,10,808.0,8080.0
2021022505031365,PLI,19,44,10,808.0,8080.0
2021022505031358,PLI,19,34,10,808.0,8080.0
2021022505031329,PLI,19,21,10,808.0,8080.0
2021022505031327,PLI,19,39,10,808.0,8080.0
2021022505031313,PLI,19,10,10,808.0,8080.0
2021022505031416,PLI,36,7,200,810.0,162000.0
2021022505031408,PLI,19,55,10,808.0,8080.0
2021022505031406,PLI,19,38,10,808.0,8080.0
2021022505031402,PLI,19,58,10,808.0,8080.0
2021022505031381,PLI,19,37,10,808.0,8080.0
2021022505031377,PLI,19,56,10,808.0,8080.0
2021022505031115,NIFRA,57,29,50,542.0,27100.0
2021022505031113,NIFRA,57,57,50,542.0,27100.0
2021022505031112,NIFRA,57,49,60,542.0,32520.0
2021022505031111,NIFRA,57,49,50,542.0,27100.0
2021022505031110,NIFRA,57,49,60,542.0,32520.0
2021022505031109,NIFRA,57,41,50,542.0,27100.0
2021022505030620,NIFRA,25,42,50,545.0,27250.0
2021022505030619,NIFRA,25,45,50,545.0,27250.0
2021022505030618,NIFRA,25,50,50,545.0,27250.0
2021022505030617,NIFRA,25,1,50,545.0,27250.0
2021022505030616,NIFRA,25,45,50,545.0,27250.0
2021022505030626,NIFRA,28,57,60,544.0,32640.0
2021022505030625,NIFRA,19,17,40,543.0,21720.0
2021022505030624,NIFRA,19,17,10,543.0,5430.0
2021022505030623,NIFRA,25,32,30,545.0,16350.0
2021022505030622,NIFRA,25,58,50,545.0,27250.0
2021022505030621,NIFRA,25,58,60,545.0,32700.0
2021022505030632,NIFRA,57,52,60,545.0,32700.0
2021022505030631,NIFRA,57,56,60,545.0,32700.0
2021022505030630,NIFRA,57,6,60,545.0,32700.0
2021022505030629,NIFRA,57,32,20,545.0,10900.0
2021022505030628,NIFRA,28,35,60,544.0,32640.0
2021022505030627,NIFRA,28,29,60,544.0,32640.0
2021022505030638,NIFRA,57,43,60,545.0,32700.0
2021022505030637,NIFRA,57,32,160,545.0,87200.0
2021022505030636,NIFRA,57,32,50,545.0,27250.0
2021022505030635,NIFRA,57,44,60,545.0,32700.0
2021022505030634,NIFRA,57,58,50,545.0,27250.0
2021022505030633,NIFRA,57,59,50,545.0,27250.0
2021022505030644,NIFRA,57,58,10,545.0,5450.0
2021022505030643,NIFRA,57,46,50,545.0,27250.0
2021022505030642,NIFRA,57,17,50,545.0,27250.0
2021022505030641,NIFRA,57,22,50,545.0,27250.0
2021022505030640,NIFRA,57,45,50,545.0,27250.0
2021022505030639,NIFRA,57,57,60,545.0,32700.0
2021022505030652,NIFRA,28,57,20,544.0,10880.0
2021022505030651,NIFRA,22,57,20,545.0,10900.0
2021022505030650,NIFRA,22,19,20,545.0,10900.0
2021022505030649,NIFRA,22,43,50,545.0,27250.0
2021022505030648,NIFRA,22,47,60,545.0,32700.0
2021022505030647,NIFRA,22,58,50,545.0,27250.0
2021022505030658,NIFRA,48,21,30,544.0,16320.0
2021022505030657,NIFRA,48,44,60,544.0,32640.0
2021022505030656,NIFRA,48,45,35,544.0,19040.0
2021022505030655,NIFRA,6,45,15,544.0,8160.0
2021022505030654,NIFRA,35,45,10,544.0,5440.0
2021022505030653,NIFRA,34,57,10,544.0,5440.0
2021022505030667,NIFRA,48,57,50,544.0,27200.0
2021022505030666,NIFRA,48,44,60,544.0,32640.0
2021022505030665,NIFRA,48,34,50,544.0,27200.0
2021022505030664,NIFRA,48,58,50,544.0,27200.0
2021022505030663,NIFRA,48,8,50,544.0,27200.0
2021022505030662,NIFRA,48,45,50,544.0,27200.0
2021022505030674,NIFRA,56,39,50,544.0,27200.0
2021022505030673,NIFRA,56,43,60,544.0,32640.0
2021022505030672,NIFRA,56,17,50,544.0,27200.0
2021022505030670,NIFRA,56,29,35,544.0,19040.0
2021022505030669,NIFRA,48,29,15,544.0,8160.0
2021022505030668,NIFRA,48,21,50,544.0,27200.0
2021022505030681,NIFRA,55,58,22,545.0,11990.0
2021022505030679,NIFRA,56,8,50,544.0,27200.0
2021022505030678,NIFRA,47,58,20,545.0,10900.0
2021022505030677,NIFRA,47,41,10,545.0,5450.0
2021022505030676,NIFRA,57,41,50,545.0,27250.0
2021022505030675,NIFRA,57,21,50,545.0,27250.0
2021022505030690,NIFRA,56,55,60,544.0,32640.0
2021022505030687,NIFRA,17,49,50,545.0,27250.0
2021022505030686,NIFRA,56,49,20,544.0,10880.0
2021022505030685,NIFRA,56,47,50,544.0,27200.0
2021022505030684,NIFRA,56,57,50,544.0,27200.0
2021022505030682,NIFRA,56,40,60,544.0,32640.0
2021022505030697,NIFRA,29,34,50,544.0,27200.0
2021022505030695,NIFRA,29,29,25,544.0,13600.0
2021022505030694,NIFRA,34,29,10,544.0,5440.0
2021022505030693,NIFRA,16,29,25,544.0,13600.0
2021022505030692,NIFRA,16,8,35,544.0,19040.0
2021022505030691,NIFRA,56,8,15,544.0,8160.0
2021022505030703,NIFRA,29,29,50,544.0,27200.0
2021022505030702,NIFRA,29,48,60,544.0,32640.0
2021022505030701,NIFRA,29,46,60,544.0,32640.0
2021022505030700,NIFRA,29,49,50,544.0,27200.0
2021022505030699,NIFRA,29,58,50,544.0,27200.0
2021022505030698,NIFRA,29,59,50,544.0,27200.0
2021022505030709,NIFRA,52,29,15,544.0,8160.0
2021022505030708,NIFRA,29,29,45,544.0,24480.0
2021022505030707,NIFRA,21,38,30,545.0,16350.0
2021022505030706,NIFRA,21,48,10,545.0,5450.0
2021022505030705,NIFRA,21,49,10,545.0,5450.0
2021022505030704,NIFRA,29,43,60,544.0,32640.0
2021022505030715,NIFRA,42,51,5,544.0,2720.0
2021022505030714,NIFRA,52,51,55,544.0,29920.0
2021022505030713,NIFRA,52,17,60,544.0,32640.0
2021022505030712,NIFRA,58,51,8,545.0,4360.0
2021022505030711,NIFRA,52,40,10,544.0,5440.0
2021022505030710,NIFRA,52,26,60,544.0,32640.0
2021022505030721,NIFRA,38,38,20,545.0,10900.0
2021022505030720,NIFRA,40,51,50,544.0,27200.0
2021022505030719,NIFRA,40,29,60,544.0,32640.0
2021022505030718,NIFRA,40,34,10,544.0,5440.0
2021022505030717,NIFRA,46,34,50,544.0,27200.0
2021022505030716,NIFRA,46,29,50,544.0,27200.0
2021022505030727,NIFRA,34,8,60,544.0,32640.0
2021022505030726,NIFRA,34,29,50,544.0,27200.0
2021022505030725,NIFRA,21,29,10,544.0,5440.0
2021022505030724,NIFRA,21,39,40,544.0,21760.0
2021022505030723,NIFRA,40,39,20,544.0,10880.0
2021022505030722,NIFRA,38,38,20,545.0,10900.0
2021022505030733,NIFRA,45,4,80,545.0,43600.0
2021022505030732,NIFRA,45,38,20,545.0,10900.0
2021022505030731,NIFRA,34,59,50,544.0,27200.0
2021022505030730,NIFRA,34,39,50,544.0,27200.0
2021022505030729,NIFRA,34,34,60,544.0,32640.0
2021022505030728,NIFRA,34,38,10,545.0,5450.0
2021022505030739,NIFRA,19,21,10,543.0,5430.0
2021022505030738,NIFRA,59,56,40,544.0,21760.0
2021022505030737,NIFRA,59,29,10,544.0,5440.0
2021022505030736,NIFRA,52,29,40,544.0,21760.0
2021022505030735,NIFRA,52,26,20,544.0,10880.0
2021022505030734,NIFRA,34,26,30,544.0,16320.0
2021022505030745,NIFRA,52,34,60,544.0,32640.0
2021022505030744,NIFRA,52,29,30,544.0,16320.0
2021022505030743,NIFRA,11,29,20,544.0,10880.0
2021022505030742,NIFRA,11,39,50,544.0,27200.0
2021022505030741,NIFRA,11,7,30,544.0,16320.0
2021022505030740,NIFRA,29,21,40,543.0,21720.0
2021022505030752,NIFRA,1,4,100,545.0,54500.0
2021022505030750,NIFRA,56,45,60,544.0,32640.0
2021022505030749,NIFRA,56,38,40,544.0,21760.0
2021022505030748,NIFRA,56,8,50,544.0,27200.0
2021022505030747,NIFRA,56,47,50,544.0,27200.0
2021022505030746,NIFRA,52,38,10,544.0,5440.0
2021022505030758,NIFRA,56,21,50,544.0,27200.0
2021022505030757,NIFRA,21,4,60,545.0,32700.0
2021022505030756,NIFRA,56,21,50,544.0,27200.0
2021022505030755,NIFRA,56,8,50,544.0,27200.0
2021022505030754,NIFRA,56,57,100,544.0,54400.0
2021022505030753,NIFRA,38,4,60,545.0,32700.0
2021022505030764,NIFRA,26,21,20,545.0,10900.0
2021022505030763,NIFRA,26,4,210,545.0,114450.0
2021022505030762,NIFRA,26,36,50,544.0,27200.0
2021022505030761,NIFRA,6,45,10,544.0,5440.0
2021022505030760,NIFRA,56,41,50,544.0,27200.0
2021022505030759,NIFRA,45,4,100,545.0,54500.0
2021022505030771,NIFRA,21,59,50,544.0,27200.0
2021022505030769,NIFRA,26,52,60,545.0,32700.0
2021022505030768,NIFRA,26,48,60,545.0,32700.0
2021022505030767,NIFRA,26,29,10,545.0,5450.0
2021022505030766,NIFRA,26,49,60,545.0,32700.0
2021022505030765,NIFRA,26,49,25,545.0,13625.0
2021022505030780,NIFRA,49,56,50,544.0,27200.0
2021022505030778,NIFRA,29,39,50,543.0,27150.0
2021022505030777,NIFRA,29,58,40,544.0,21760.0
2021022505030776,NIFRA,29,34,10,544.0,5440.0
2021022505030774,NIFRA,49,34,50,544.0,27200.0
2021022505030773,NIFRA,49,57,50,544.0,27200.0
2021022505030787,NIFRA,29,17,50,543.0,27150.0
2021022505030785,NIFRA,29,52,50,543.0,27150.0
2021022505030784,NIFRA,47,29,20,544.0,10880.0
2021022505030783,NIFRA,49,29,20,544.0,10880.0
2021022505030782,NIFRA,49,58,10,544.0,5440.0
2021022505030781,NIFRA,49,50,20,544.0,10880.0
2021022505030800,NIFRA,29,8,30,544.0,16320.0
2021022505030799,NIFRA,29,44,60,544.0,32640.0
2021022505030798,NIFRA,29,39,10,544.0,5440.0
2021022505030790,NIFRA,14,39,40,544.0,21760.0
2021022505030789,NIFRA,14,29,10,544.0,5440.0
2021022505030788,NIFRA,14,46,50,544.0,27200.0
2021022505030807,NIFRA,41,58,50,545.0,27250.0
2021022505030806,NIFRA,41,25,50,544.0,27200.0
2021022505030805,NIFRA,41,52,50,544.0,27200.0
2021022505030804,NIFRA,41,8,20,544.0,10880.0
2021022505030802,NIFRA,29,21,50,543.0,27150.0
2021022505030801,NIFRA,29,59,50,543.0,27150.0
2021022505030814,NIFRA,46,57,30,544.0,16320.0
2021022505030813,NIFRA,46,50,20,544.0,10880.0
2021022505030812,NIFRA,46,55,50,544.0,27200.0
2021022505030810,NIFRA,29,29,15,544.0,8160.0
2021022505030809,NIFRA,41,29,35,544.0,19040.0
2021022505030808,NIFRA,41,36,30,545.0,16350.0
2021022505030820,NIFRA,34,4,20,544.0,10880.0
2021022505030819,NIFRA,48,4,30,544.0,16320.0
2021022505030818,NIFRA,48,56,50,544.0,27200.0
2021022505030817,NIFRA,48,34,20,544.0,10880.0
2021022505030816,NIFRA,6,34,30,544.0,16320.0
2021022505030815,NIFRA,6,57,20,544.0,10880.0
2021022505030832,NIFRA,34,45,50,544.0,27200.0
2021022505030831,NIFRA,34,37,50,544.0,27200.0
2021022505030824,NIFRA,34,39,60,544.0,32640.0
2021022505030823,NIFRA,34,39,50,544.0,27200.0
2021022505030822,NIFRA,34,6,50,544.0,27200.0
2021022505030821,NIFRA,34,17,50,544.0,27200.0
2021022505030838,NIFRA,17,29,50,544.0,27200.0
2021022505030837,NIFRA,17,22,20,544.0,10880.0
2021022505030836,NIFRA,34,44,60,544.0,32640.0
2021022505030835,NIFRA,34,32,50,544.0,27200.0
2021022505030834,NIFRA,34,58,50,544.0,27200.0
2021022505030833,NIFRA,34,57,60,544.0,32640.0
2021022505030845,NIFRA,17,50,60,544.0,32640.0
2021022505030844,NIFRA,17,28,60,544.0,32640.0
2021022505030843,NIFRA,17,38,50,544.0,27200.0
2021022505030842,NIFRA,17,41,40,544.0,21760.0
2021022505030840,NIFRA,17,8,60,544.0,32640.0
2021022505030839,NIFRA,17,21,50,544.0,27200.0
2021022505030852,NIFRA,58,6,20,544.0,10880.0
2021022505030851,NIFRA,5,6,10,544.0,5440.0
2021022505030849,NIFRA,5,57,10,544.0,5440.0
2021022505030848,NIFRA,14,58,50,544.0,27200.0
2021022505030847,NIFRA,17,54,60,544.0,32640.0
2021022505030846,NIFRA,17,48,50,544.0,27200.0
2021022505030858,NIFRA,56,34,30,544.0,16320.0
2021022505030857,NIFRA,22,34,400,544.0,217600.0
2021022505030856,NIFRA,56,55,50,544.0,27200.0
2021022505030855,NIFRA,56,7,50,544.0,27200.0
2021022505030854,NIFRA,56,54,50,544.0,27200.0
2021022505030853,NIFRA,56,6,20,544.0,10880.0
2021022505030865,NIFRA,46,34,50,544.0,27200.0
2021022505030863,NIFRA,1,43,30,543.0,16290.0
2021022505030862,NIFRA,17,43,20,543.0,10860.0
2021022505030861,NIFRA,29,43,10,543.0,5430.0
2021022505030860,NIFRA,41,34,200,544.0,108800.0
2021022505030859,NIFRA,38,34,130,544.0,70720.0
2021022505030872,NIFRA,38,34,100,544.0,54400.0
2021022505030871,NIFRA,32,34,50,544.0,27200.0
2021022505030870,NIFRA,44,34,30,544.0,16320.0
2021022505030869,NIFRA,45,34,30,544.0,16320.0
2021022505030868,NIFRA,32,34,80,544.0,43520.0
2021022505030866,NIFRA,22,34,10,544.0,5440.0
2021022505030883,NIFRA,38,34,100,544.0,54400.0
2021022505030882,NIFRA,1,58,50,543.0,27150.0
2021022505030881,NIFRA,1,14,60,543.0,32580.0
2021022505030875,NIFRA,19,34,20,544.0,10880.0
2021022505030874,NIFRA,1,10,50,543.0,27150.0
2021022505030873,NIFRA,3,34,30,544.0,16320.0
2021022505030891,NIFRA,1,32,50,543.0,27150.0
2021022505030889,NIFRA,1,20,50,543.0,27150.0
2021022505030888,NIFRA,4,34,50,544.0,27200.0
2021022505030886,NIFRA,1,7,60,543.0,32580.0
2021022505030885,NIFRA,1,56,60,543.0,32580.0
2021022505030884,NIFRA,1,44,50,543.0,27150.0
2021022505030897,NIFRA,36,55,10,543.0,5430.0
2021022505030896,NIFRA,36,36,30,543.0,16290.0
2021022505030895,NIFRA,36,57,50,543.0,27150.0
2021022505030894,NIFRA,52,34,25,544.0,13600.0
2021022505030893,NIFRA,36,14,10,543.0,5430.0
2021022505030892,NIFRA,1,14,40,543.0,21720.0
2021022505030903,NIFRA,39,17,340,543.0,184620.0
2021022505030902,NIFRA,39,49,60,543.0,32580.0
2021022505030901,NIFRA,38,34,50,544.0,27200.0
2021022505030900,NIFRA,25,34,58,544.0,31552.0
2021022505030899,NIFRA,39,8,50,543.0,27150.0
2021022505030898,NIFRA,39,55,50,543.0,27150.0
2021022505030909,NIFRA,44,17,50,543.0,27150.0
2021022505030908,NIFRA,52,17,15,543.0,8145.0
2021022505030907,NIFRA,45,17,100,543.0,54300.0
2021022505030906,NIFRA,3,17,40,543.0,21720.0
2021022505030905,NIFRA,41,17,200,543.0,108600.0
2021022505030904,NIFRA,14,17,100,543.0,54300.0
2021022505030915,NIFRA,36,17,"1,000",543.0,543000.0
2021022505030914,NIFRA,54,17,200,543.0,108600.0
2021022505030913,NIFRA,45,17,160,543.0,86880.0
2021022505030912,NIFRA,52,17,50,543.0,27150.0
2021022505030911,NIFRA,45,17,500,543.0,271500.0
2021022505030910,NIFRA,22,17,"1,200",543.0,651600.0
2021022505030921,NIFRA,34,17,10,543.0,5430.0
2021022505030920,NIFRA,43,17,600,543.0,325800.0
2021022505030919,NIFRA,29,17,60,543.0,32580.0
2021022505030918,NIFRA,19,17,100,543.0,54300.0
2021022505030917,NIFRA,22,17,500,543.0,271500.0
2021022505030916,NIFRA,29,17,"1,000",543.0,543000.0
2021022505030927,NIFRA,45,17,95,543.0,51585.0
2021022505030926,NIFRA,55,17,10,543.0,5430.0
2021022505030925,NIFRA,48,17,250,543.0,135750.0
2021022505030924,NIFRA,28,17,30,543.0,16290.0
2021022505030923,NIFRA,38,17,10,543.0,5430.0
2021022505030922,NIFRA,49,17,500,543.0,271500.0
2021022505030933,NIFRA,25,17,50,543.0,27150.0
2021022505030932,NIFRA,55,17,10,543.0,5430.0
2021022505030931,NIFRA,59,17,40,543.0,21720.0
2021022505030930,NIFRA,39,17,500,543.0,271500.0
2021022505030929,NIFRA,49,17,100,543.0,54300.0
2021022505030928,NIFRA,48,17,100,543.0,54300.0
2021022505030939,NIFRA,38,17,100,543.0,54300.0
2021022505030938,NIFRA,22,17,200,543.0,108600.0
2021022505030937,NIFRA,57,17,25,543.0,13575.0
2021022505030936,NIFRA,42,17,100,543.0,54300.0
2021022505030935,NIFRA,32,17,100,543.0,54300.0
2021022505030934,NIFRA,49,17,30,543.0,16290.0
2021022505030945,NIFRA,49,17,200,543.0,108600.0
2021022505030944,NIFRA,49,17,100,543.0,54300.0
2021022505030943,NIFRA,58,17,50,543.0,27150.0
2021022505030942,NIFRA,48,17,100,543.0,54300.0
2021022505030941,NIFRA,55,17,20,543.0,10860.0
2021022505030940,NIFRA,39,17,200,543.0,108600.0
2021022505030951,NIFRA,41,56,50,543.0,27150.0
2021022505030950,NIFRA,8,17,55,543.0,29865.0
2021022505030949,NIFRA,16,17,500,543.0,271500.0
2021022505030948,NIFRA,38,17,50,543.0,27150.0
2021022505030947,NIFRA,34,17,50,543.0,27150.0
2021022505030946,NIFRA,34,17,200,543.0,108600.0
2021022505030957,NIFRA,41,38,20,543.0,10860.0
2021022505030956,NIFRA,41,39,60,543.0,32580.0
2021022505030955,NIFRA,41,14,60,543.0,32580.0
2021022505030954,NIFRA,41,6,60,543.0,32580.0
2021022505030953,NIFRA,41,37,50,543.0,27150.0
2021022505030952,NIFRA,8,46,45,543.0,24435.0
2021022505030964,NIFRA,1,14,50,543.0,27150.0
2021022505030963,NIFRA,1,56,60,543.0,32580.0
2021022505030961,NIFRA,1,29,50,543.0,27150.0
2021022505030960,NIFRA,1,32,50,543.0,27150.0
2021022505030959,NIFRA,49,34,300,544.0,163200.0
2021022505030958,NIFRA,7,38,30,543.0,16290.0
2021022505030973,NIFRA,56,35,90,543.0,48870.0
2021022505030972,NIFRA,1,35,160,543.0,86880.0
2021022505030971,NIFRA,1,55,50,543.0,27150.0
2021022505030969,NIFRA,1,48,20,543.0,10860.0
2021022505030968,NIFRA,1,8,60,543.0,32580.0
2021022505030965,NIFRA,26,34,50,544.0,27200.0
2021022505030979,NIFRA,56,44,60,543.0,32580.0
2021022505030978,NIFRA,32,34,20,544.0,10880.0
2021022505030977,NIFRA,56,56,30,543.0,16290.0
2021022505030976,NIFRA,56,3,50,543.0,27150.0
2021022505030975,NIFRA,56,29,50,543.0,27150.0
2021022505030974,NIFRA,56,48,60,543.0,32580.0
2021022505030987,NIFRA,59,34,50,543.0,27150.0
2021022505030985,NIFRA,59,39,10,543.0,5430.0
2021022505030984,NIFRA,59,41,40,543.0,21720.0
2021022505030983,NIFRA,22,41,10,543.0,5430.0
2021022505030981,NIFRA,22,38,40,543.0,21720.0
2021022505030980,NIFRA,56,38,10,543.0,5430.0
2021022505030993,NIFRA,6,57,50,543.0,27150.0
2021022505030992,NIFRA,17,34,200,544.0,108800.0
2021022505030991,NIFRA,6,38,50,543.0,27150.0
2021022505030990,NIFRA,51,34,50,544.0,27200.0
2021022505030989,NIFRA,16,34,200,544.0,108800.0
2021022505030988,NIFRA,6,34,10,543.0,5430.0
2021022505030999,NIFRA,6,52,50,543.0,27150.0
2021022505030998,NIFRA,6,25,60,543.0,32580.0
2021022505030997,NIFRA,6,34,60,543.0,32580.0
2021022505030996,NIFRA,39,8,10,543.0,5430.0
2021022505030995,NIFRA,6,8,40,543.0,21720.0
2021022505030994,NIFRA,6,47,50,543.0,27150.0
2021022505031006,NIFRA,58,7,330,543.0,179190.0
2021022505031005,NIFRA,6,7,170,543.0,92310.0
2021022505031004,NIFRA,6,8,40,543.0,21720.0
2021022505031002,NIFRA,21,34,10,544.0,5440.0
2021022505031001,NIFRA,6,38,60,543.0,32580.0
2021022505031000,NIFRA,6,4,60,543.0,32580.0
2021022505031014,NIFRA,49,20,20,542.0,10840.0
2021022505031013,NIFRA,58,20,30,543.0,16290.0
2021022505031012,NIFRA,11,34,100,544.0,54400.0
2021022505031009,NIFRA,58,58,50,543.0,27150.0
2021022505031008,NIFRA,58,7,50,543.0,27150.0
2021022505031007,NIFRA,58,35,40,543.0,21720.0
2021022505031022,NIFRA,49,48,50,543.0,27150.0
2021022505031021,NIFRA,49,39,10,543.0,5430.0
2021022505031020,NIFRA,55,39,30,543.0,16290.0
2021022505031019,NIFRA,7,29,50,543.0,27150.0
2021022505031018,NIFRA,7,26,50,543.0,27150.0
2021022505031016,NIFRA,38,39,10,543.0,5430.0
2021022505031028,NIFRA,49,8,10,543.0,5430.0
2021022505031027,NIFRA,49,46,50,543.0,27150.0
2021022505031026,NIFRA,49,14,50,543.0,27150.0
2021022505031025,NIFRA,49,34,50,543.0,27150.0
2021022505031024,NIFRA,49,52,20,543.0,10860.0
2021022505031023,NIFRA,49,57,60,543.0,32580.0
2021022505031037,NIFRA,6,57,50,542.0,27100.0
2021022505031036,NIFRA,6,17,50,542.0,27100.0
2021022505031033,NIFRA,56,39,50,543.0,27150.0
2021022505031032,NIFRA,6,33,50,542.0,27100.0
2021022505031030,NIFRA,6,40,20,542.0,10840.0
2021022505031029,NIFRA,49,40,30,542.0,16260.0
2021022505031044,NIFRA,38,26,40,543.0,21720.0
2021022505031042,NIFRA,34,29,50,542.0,27100.0
2021022505031041,NIFRA,34,10,20,542.0,10840.0
2021022505031040,NIFRA,6,10,30,542.0,16260.0
2021022505031039,NIFRA,45,26,10,543.0,5430.0
2021022505031038,NIFRA,45,8,40,543.0,21720.0
2021022505031051,NIFRA,34,10,50,542.0,27100.0
2021022505031050,NIFRA,58,37,10,543.0,5430.0
2021022505031048,NIFRA,34,6,60,542.0,32520.0
2021022505031047,NIFRA,25,38,10,543.0,5430.0
2021022505031046,NIFRA,38,21,10,543.0,5430.0
2021022505031045,NIFRA,38,32,50,543.0,27150.0
2021022505031059,NIFRA,11,55,50,543.0,27150.0
2021022505031058,NIFRA,11,44,60,543.0,32580.0
2021022505031057,NIFRA,11,20,40,543.0,21720.0
2021022505031056,NIFRA,34,40,50,542.0,27100.0
2021022505031055,NIFRA,58,20,20,543.0,10860.0
2021022505031054,NIFRA,58,37,40,543.0,21720.0
2021022505031080,NIFRA,34,8,60,542.0,32520.0
2021022505031079,NIFRA,34,29,60,542.0,32520.0
2021022505031063,NIFRA,34,6,50,542.0,27100.0
2021022505031062,NIFRA,11,45,200,543.0,108600.0
2021022505031061,NIFRA,11,3,50,543.0,27150.0
2021022505031060,NIFRA,11,8,50,543.0,27150.0
2021022505031089,NIFRA,21,34,144,544.0,78336.0
2021022505031088,NIFRA,21,25,50,543.0,27150.0
2021022505031087,NIFRA,21,45,60,543.0,32580.0
2021022505031086,NIFRA,21,47,50,543.0,27150.0
2021022505031082,NIFRA,34,40,100,542.0,54200.0
2021022505031081,NIFRA,34,39,60,542.0,32520.0
2021022505031096,NIFRA,34,34,50,543.0,27150.0
2021022505031095,NIFRA,14,57,60,542.0,32520.0
2021022505031094,NIFRA,38,34,450,544.0,244800.0
2021022505031092,NIFRA,14,5,10,542.0,5420.0
2021022505031091,NIFRA,34,5,20,542.0,10840.0
2021022505031090,NIFRA,38,5,170,543.0,92310.0
2021022505031102,NIFRA,3,40,50,543.0,27150.0
2021022505031101,NIFRA,59,34,80,544.0,43520.0
2021022505031100,NIFRA,57,29,10,542.0,5420.0
2021022505031099,NIFRA,14,29,30,542.0,16260.0
2021022505031098,NIFRA,34,29,10,543.0,5430.0
2021022505031097,NIFRA,34,8,40,543.0,21720.0
2021022505031108,NIFRA,57,10,50,542.0,27100.0
2021022505031107,NIFRA,33,36,10,543.0,5430.0
2021022505031106,NIFRA,48,36,70,543.0,38010.0
2021022505031105,NIFRA,3,21,60,543.0,32580.0
2021022505031104,NIFRA,3,17,91,543.0,49413.0
2021022505031103,NIFRA,19,34,52,544.0,28288.0
2021022505031114,PLI,19,47,10,807.0,8070.0
2021022505031093,PLI,19,4,10,807.0,8070.0
2021022505031085,PLI,19,44,10,807.0,8070.0
2021022505031084,PLI,58,54,10,808.0,8080.0
2021022505031083,PLI,58,55,10,808.0,8080.0
2021022505031078,PLI,11,14,10,810.0,8100.0
2021022505030659,PLI,36,56,170,807.0,137190.0
2021022505030646,PLI,36,16,10,807.0,8070.0
2021022505030645,PLI,36,29,10,807.0,8070.0
2021022505030688,PLI,32,36,10,806.0,8060.0
2021022505030683,PLI,54,56,25,807.0,20175.0
2021022505030680,PLI,32,39,10,806.0,8060.0
2021022505030671,PLI,32,22,10,806.0,8060.0
2021022505030661,PLI,11,56,90,807.0,72630.0
2021022505030660,PLI,22,56,100,807.0,80700.0
2021022505030775,PLI,58,39,10,806.0,8060.0
2021022505030772,PLI,58,14,10,806.0,8060.0
2021022505030770,PLI,58,57,10,806.0,8060.0
2021022505030751,PLI,32,51,10,806.0,8060.0
2021022505030696,PLI,32,39,10,806.0,8060.0
2021022505030689,PLI,51,56,60,807.0,48420.0
2021022505030794,PLI,48,43,40,806.0,32240.0
2021022505030793,PLI,29,43,50,806.0,40300.0
2021022505030792,PLI,19,43,20,806.0,16120.0
2021022505030791,PLI,21,43,10,806.0,8060.0
2021022505030786,PLI,21,56,10,806.0,8060.0
2021022505030779,PLI,58,14,10,806.0,8060.0
2021022505030825,PLI,36,57,10,806.0,8060.0
2021022505030811,PLI,36,39,10,806.0,8060.0
2021022505030803,PLI,36,58,10,806.0,8060.0
2021022505030797,PLI,36,43,70,806.0,56420.0
2021022505030796,PLI,48,43,20,806.0,16120.0
2021022505030795,PLI,47,43,40,806.0,32240.0
2021022505030841,PLI,33,44,10,807.0,8070.0
2021022505030830,PLI,33,10,10,807.0,8070.0
2021022505030829,PLI,33,21,10,807.0,8070.0
2021022505030828,PLI,33,36,10,807.0,8070.0
2021022505030827,PLI,33,51,10,807.0,8070.0
2021022505030826,PLI,33,56,60,807.0,48420.0
2021022505030878,PLI,38,43,30,806.0,24180.0
2021022505030877,PLI,35,43,40,806.0,32240.0
2021022505030876,PLI,36,3,60,807.0,48420.0
2021022505030867,PLI,35,14,10,806.0,8060.0
2021022505030864,PLI,33,3,80,807.0,64560.0
2021022505030850,PLI,33,37,10,807.0,8070.0
2021022505030966,PLI,14,37,10,806.0,8060.0
2021022505030962,PLI,14,20,10,806.0,8060.0
2021022505030890,PLI,14,39,10,806.0,8060.0
2021022505030887,PLI,14,10,10,806.0,8060.0
2021022505030880,PLI,14,43,130,806.0,104780.0
2021022505030879,PLI,41,43,50,806.0,40300.0
2021022505031010,PLI,14,29,70,806.0,56420.0
2021022505031003,PLI,14,40,10,806.0,8060.0
2021022505030986,PLI,14,57,10,806.0,8060.0
2021022505030982,PLI,14,10,10,806.0,8060.0
2021022505030970,PLI,14,58,10,806.0,8060.0
2021022505030967,PLI,14,57,10,806.0,8060.0
2021022505031035,PLI,19,20,10,807.0,8070.0
2021022505031034,PLI,19,3,10,807.0,8070.0
2021022505031031,PLI,19,26,10,807.0,8070.0
2021022505031017,PLI,19,58,10,807.0,8070.0
2021022505031015,PLI,19,3,20,807.0,16140.0
2021022505031011,PLI,14,10,10,806.0,8060.0
2021022505031065,PLI,11,16,10,808.0,8080.0
2021022505031064,PLI,11,38,10,808.0,8080.0
2021022505031053,PLI,19,37,10,807.0,8070.0
2021022505031052,PLI,19,59,10,807.0,8070.0
2021022505031049,PLI,19,14,10,807.0,8070.0
2021022505031043,PLI,19,55,10,807.0,8070.0
2021022505031071,PLI,11,1,10,809.0,8090.0
2021022505031070,PLI,11,57,10,809.0,8090.0
2021022505031069,PLI,11,1,10,809.0,8090.0
2021022505031068,PLI,11,16,10,809.0,8090.0
2021022505031067,PLI,11,1,10,809.0,8090.0
2021022505031066,PLI,11,34,10,808.0,8080.0
2021022505031077,PLI,11,47,10,810.0,8100.0
2021022505031076,PLI,11,53,10,810.0,8100.0
2021022505031075,PLI,11,51,10,810.0,8100.0
2021022505031074,PLI,11,29,10,810.0,8100.0
2021022505031073,PLI,11,37,10,810.0,8100.0
2021022505031072,PLI,11,37,10,810.0,8100.0
2021022505030615,NIFRA,25,3,50,545.0,27250.0
2021022505030614,NIFRA,25,47,50,545.0,27250.0
2021022505030613,NIFRA,25,8,10,544.0,5440.0
2021022505030611,NIFRA,45,8,50,544.0,27200.0
2021022505030609,NIFRA,5,38,33,544.0,17952.0
2021022505030608,NIFRA,26,38,15,544.0,8160.0
2021022505030118,NIFRA,35,57,50,544.0,27200.0
2021022505030117,NIFRA,35,42,50,544.0,27200.0
2021022505030116,NIFRA,38,42,50,544.0,27200.0
2021022505030124,NIFRA,6,41,30,545.0,16350.0
2021022505030123,NIFRA,6,57,10,545.0,5450.0
2021022505030122,NIFRA,44,57,10,545.0,5450.0
2021022505030121,NIFRA,44,48,60,545.0,32700.0
2021022505030120,NIFRA,57,57,20,545.0,10900.0
2021022505030119,NIFRA,57,39,50,545.0,27250.0
2021022505030130,NIFRA,29,26,50,544.0,27200.0
2021022505030129,NIFRA,41,36,20,545.0,10900.0
2021022505030128,NIFRA,41,14,10,545.0,5450.0
2021022505030127,NIFRA,41,34,50,545.0,27250.0
2021022505030126,NIFRA,41,41,20,545.0,10900.0
2021022505030125,NIFRA,41,32,60,545.0,32700.0
2021022505030136,NIFRA,44,42,50,545.0,27250.0
2021022505030135,NIFRA,44,43,50,545.0,27250.0
2021022505030134,NIFRA,44,28,50,545.0,27250.0
2021022505030133,NIFRA,44,57,50,545.0,27250.0
2021022505030132,NIFRA,44,36,40,545.0,21800.0
2021022505030131,NIFRA,6,45,50,544.0,27200.0
2021022505030142,NIFRA,44,46,50,545.0,27250.0
2021022505030141,NIFRA,44,44,60,545.0,32700.0
2021022505030140,NIFRA,44,36,50,545.0,27250.0
2021022505030139,NIFRA,44,42,60,545.0,32700.0
2021022505030138,NIFRA,44,45,50,545.0,27250.0
2021022505030137,NIFRA,44,42,50,545.0,27250.0
2021022505030148,NIFRA,44,38,50,545.0,27250.0
2021022505030147,NIFRA,44,19,40,545.0,21800.0
2021022505030146,NIFRA,44,39,50,545.0,27250.0
2021022505030145,NIFRA,44,57,50,545.0,27250.0
2021022505030144,NIFRA,44,58,60,545.0,32700.0
2021022505030143,NIFRA,44,14,60,545.0,32700.0
2021022505030155,NIFRA,43,17,500,544.0,272000.0
2021022505030153,NIFRA,41,35,170,546.0,92820.0
2021022505030152,NIFRA,41,38,30,545.0,16350.0
2021022505030151,NIFRA,44,38,20,545.0,10900.0
2021022505030150,NIFRA,44,45,60,545.0,32700.0
2021022505030149,NIFRA,44,32,50,545.0,27250.0
2021022505030161,NIFRA,43,17,500,544.0,272000.0
2021022505030160,NIFRA,28,17,10,544.0,5440.0
2021022505030159,NIFRA,39,17,500,544.0,272000.0
2021022505030158,NIFRA,57,17,40,544.0,21760.0
2021022505030157,NIFRA,10,17,"5,000",544.0,2720000.0
2021022505030156,NIFRA,33,17,200,544.0,108800.0
2021022505030167,NIFRA,42,17,50,544.0,27200.0
2021022505030166,NIFRA,55,17,10,544.0,5440.0
2021022505030165,NIFRA,34,17,600,544.0,326400.0
2021022505030164,NIFRA,49,17,500,544.0,272000.0
2021022505030163,NIFRA,6,17,500,544.0,272000.0
2021022505030162,NIFRA,41,17,100,544.0,54400.0
2021022505030173,NIFRA,19,17,190,543.0,103170.0
2021022505030172,NIFRA,16,17,300,543.0,162900.0
2021022505030171,NIFRA,28,17,250,543.0,135750.0
2021022505030170,NIFRA,6,17,200,543.0,108600.0
2021022505030169,NIFRA,35,17,500,543.0,271500.0
2021022505030168,NIFRA,11,17,50,544.0,27200.0
2021022505030181,NIFRA,19,49,40,545.0,21800.0
2021022505030180,NIFRA,19,45,50,545.0,27250.0
2021022505030179,NIFRA,19,19,50,545.0,27250.0
2021022505030178,NIFRA,19,14,50,545.0,27250.0
2021022505030177,NIFRA,19,43,50,545.0,27250.0
2021022505030176,NIFRA,19,16,60,545.0,32700.0
2021022505030189,NIFRA,48,57,60,545.0,32700.0
2021022505030188,NIFRA,48,41,50,545.0,27250.0
2021022505030187,NIFRA,48,42,50,545.0,27250.0
2021022505030186,NIFRA,50,49,10,545.0,5450.0
2021022505030185,NIFRA,57,45,10,544.0,5440.0
2021022505030183,NIFRA,58,45,40,544.0,21760.0
2021022505030196,NIFRA,58,45,50,544.0,27200.0
2021022505030195,NIFRA,58,29,50,544.0,27200.0
2021022505030193,NIFRA,48,40,180,545.0,98100.0
2021022505030192,NIFRA,48,26,60,545.0,32700.0
2021022505030191,NIFRA,48,37,50,545.0,27250.0
2021022505030190,NIFRA,48,38,50,545.0,27250.0
2021022505030204,NIFRA,58,40,220,545.0,119900.0
2021022505030201,NIFRA,47,58,50,544.0,27200.0
2021022505030200,NIFRA,1,16,50,544.0,27200.0
2021022505030199,NIFRA,1,57,40,544.0,21760.0
2021022505030198,NIFRA,58,57,20,544.0,10880.0
2021022505030197,NIFRA,58,26,60,544.0,32640.0
2021022505030210,NIFRA,58,32,50,545.0,27250.0
2021022505030209,NIFRA,58,52,50,545.0,27250.0
2021022505030208,NIFRA,58,17,50,545.0,27250.0
2021022505030207,NIFRA,58,58,60,545.0,32700.0
2021022505030206,NIFRA,58,39,60,545.0,32700.0
2021022505030205,NIFRA,58,55,60,545.0,32700.0
2021022505030216,NIFRA,58,32,35,545.0,19075.0
2021022505030215,NIFRA,58,28,50,545.0,27250.0
2021022505030214,NIFRA,58,57,60,545.0,32700.0
2021022505030213,NIFRA,58,16,60,545.0,32700.0
2021022505030212,NIFRA,58,14,60,545.0,32700.0
2021022505030211,NIFRA,58,16,60,545.0,32700.0
2021022505030222,NIFRA,37,48,60,545.0,32700.0
2021022505030221,NIFRA,37,4,50,545.0,27250.0
2021022505030220,NIFRA,37,38,35,545.0,19075.0
2021022505030219,NIFRA,17,38,25,545.0,13625.0
2021022505030218,NIFRA,17,32,15,545.0,8175.0
2021022505030217,NIFRA,47,58,60,544.0,32640.0
2021022505030228,NIFRA,37,58,50,545.0,27250.0
2021022505030227,NIFRA,37,58,20,545.0,10900.0
2021022505030226,NIFRA,37,21,50,545.0,27250.0
2021022505030225,NIFRA,37,38,60,545.0,32700.0
2021022505030224,NIFRA,37,56,50,545.0,27250.0
2021022505030223,NIFRA,37,33,60,545.0,32700.0
2021022505030235,NIFRA,47,17,60,544.0,32640.0
2021022505030234,NIFRA,47,49,50,544.0,27200.0
2021022505030233,NIFRA,38,43,15,545.0,8175.0
2021022505030232,NIFRA,38,19,35,545.0,19075.0
2021022505030231,NIFRA,37,19,15,545.0,8175.0
2021022505030229,NIFRA,37,43,50,545.0,27250.0
2021022505030241,NIFRA,16,39,60,545.0,32700.0
2021022505030240,NIFRA,16,29,50,545.0,27250.0
2021022505030239,NIFRA,16,45,60,545.0,32700.0
2021022505030238,NIFRA,16,39,50,545.0,27250.0
2021022505030237,NIFRA,16,43,35,545.0,19075.0
2021022505030236,NIFRA,16,32,50,545.0,27250.0
2021022505030247,NIFRA,16,49,20,545.0,10900.0
2021022505030246,NIFRA,16,50,60,545.0,32700.0
2021022505030245,NIFRA,16,36,60,545.0,32700.0
2021022505030244,NIFRA,42,32,5,550.0,2750.0
2021022505030243,NIFRA,16,29,50,545.0,27250.0
2021022505030242,NIFRA,16,58,50,545.0,27250.0
2021022505030256,NIFRA,16,4,30,545.0,16350.0
2021022505030255,NIFRA,16,26,50,545.0,27250.0
2021022505030253,NIFRA,16,8,50,545.0,27250.0
2021022505030251,NIFRA,16,26,50,545.0,27250.0
2021022505030250,NIFRA,16,57,50,545.0,27250.0
2021022505030249,NIFRA,16,42,20,545.0,10900.0
2021022505030262,NIFRA,57,36,30,545.0,16350.0
2021022505030261,NIFRA,14,49,5,545.0,2725.0
2021022505030260,NIFRA,16,49,45,545.0,24525.0
2021022505030259,NIFRA,16,25,50,545.0,27250.0
2021022505030258,NIFRA,16,43,50,545.0,27250.0
2021022505030257,NIFRA,16,29,60,545.0,32700.0
2021022505030269,NIFRA,57,38,50,545.0,27250.0
2021022505030267,NIFRA,57,44,50,545.0,27250.0
2021022505030266,NIFRA,57,37,60,545.0,32700.0
2021022505030265,NIFRA,57,57,60,545.0,32700.0
2021022505030264,NIFRA,57,39,60,545.0,32700.0
2021022505030263,NIFRA,57,17,50,545.0,27250.0
2021022505030276,NIFRA,57,46,60,545.0,32700.0
2021022505030275,NIFRA,57,29,60,545.0,32700.0
2021022505030274,NIFRA,57,6,50,545.0,27250.0
2021022505030273,NIFRA,57,21,60,545.0,32700.0
2021022505030271,NIFRA,57,41,60,545.0,32700.0
2021022505030270,NIFRA,57,28,60,545.0,32700.0
2021022505030282,NIFRA,57,55,60,545.0,32700.0
2021022505030281,NIFRA,57,16,50,545.0,27250.0
2021022505030280,NIFRA,57,35,60,545.0,32700.0
2021022505030279,NIFRA,57,8,50,545.0,27250.0
2021022505030278,NIFRA,57,42,60,545.0,32700.0
2021022505030277,NIFRA,57,38,60,545.0,32700.0
2021022505030288,NIFRA,57,40,60,545.0,32700.0
2021022505030287,NIFRA,57,17,40,545.0,21800.0
2021022505030286,NIFRA,57,57,60,545.0,32700.0
2021022505030285,NIFRA,57,35,50,545.0,27250.0
2021022505030284,NIFRA,57,36,50,545.0,27250.0
2021022505030283,NIFRA,57,44,50,545.0,27250.0
2021022505030294,NIFRA,17,21,10,545.0,5450.0
2021022505030293,NIFRA,57,21,40,545.0,21800.0
2021022505030292,NIFRA,57,32,50,545.0,27250.0
2021022505030291,NIFRA,57,17,50,545.0,27250.0
2021022505030290,NIFRA,57,53,50,545.0,27250.0
2021022505030289,NIFRA,57,29,50,545.0,27250.0
2021022505030300,NIFRA,57,58,50,545.0,27250.0
2021022505030299,NIFRA,57,7,50,545.0,27250.0
2021022505030298,NIFRA,57,39,50,545.0,27250.0
2021022505030297,NIFRA,57,11,50,545.0,27250.0
2021022505030296,NIFRA,57,28,10,545.0,5450.0
2021022505030295,NIFRA,17,28,40,545.0,21800.0
2021022505030306,NIFRA,21,46,20,545.0,10900.0
2021022505030305,NIFRA,11,46,30,545.0,16350.0
2021022505030304,NIFRA,11,49,20,545.0,10900.0
2021022505030303,NIFRA,57,49,30,545.0,16350.0
2021022505030302,NIFRA,57,57,60,545.0,32700.0
2021022505030301,NIFRA,57,13,60,545.0,32700.0
2021022505030314,NIFRA,21,28,60,545.0,32700.0
2021022505030313,NIFRA,21,19,50,545.0,27250.0
2021022505030312,NIFRA,21,8,50,545.0,27250.0
2021022505030310,NIFRA,21,20,50,545.0,27250.0
2021022505030309,NIFRA,21,4,60,545.0,32700.0
2021022505030308,NIFRA,21,29,60,545.0,32700.0
2021022505030320,NIFRA,22,55,30,545.0,16350.0
2021022505030319,NIFRA,29,55,30,545.0,16350.0
2021022505030318,NIFRA,29,17,20,545.0,10900.0
2021022505030317,NIFRA,21,17,30,545.0,16350.0
2021022505030316,NIFRA,21,26,60,545.0,32700.0
2021022505030315,NIFRA,21,13,60,545.0,32700.0
2021022505030326,NIFRA,41,45,50,545.0,27250.0
2021022505030325,NIFRA,41,1,50,545.0,27250.0
2021022505030324,NIFRA,41,32,50,545.0,27250.0
2021022505030323,NIFRA,41,36,10,545.0,5450.0
2021022505030322,NIFRA,22,36,50,545.0,27250.0
2021022505030321,NIFRA,22,34,20,545.0,10900.0
2021022505030332,NIFRA,41,21,15,545.0,8175.0
2021022505030331,NIFRA,41,58,60,545.0,32700.0
2021022505030330,NIFRA,41,29,60,545.0,32700.0
2021022505030329,NIFRA,41,34,50,545.0,27250.0
2021022505030328,NIFRA,41,58,50,545.0,27250.0
2021022505030327,NIFRA,41,3,50,545.0,27250.0
2021022505030338,NIFRA,16,17,10,545.0,5450.0
2021022505030337,NIFRA,52,17,40,545.0,21800.0
2021022505030336,NIFRA,52,17,60,545.0,32700.0
2021022505030335,NIFRA,41,13,50,545.0,27250.0
2021022505030334,NIFRA,41,58,50,545.0,27250.0
2021022505030333,NIFRA,41,39,50,545.0,27250.0
2021022505030344,NIFRA,16,1,30,545.0,16350.0
2021022505030343,NIFRA,16,8,50,545.0,27250.0
2021022505030342,NIFRA,16,39,50,545.0,27250.0
2021022505030341,NIFRA,16,44,60,545.0,32700.0
2021022505030340,NIFRA,16,58,50,545.0,27250.0
2021022505030339,NIFRA,16,36,50,545.0,27250.0
2021022505030350,NIFRA,20,44,60,545.0,32700.0
2021022505030349,NIFRA,20,29,60,545.0,32700.0
2021022505030348,NIFRA,20,44,30,545.0,16350.0
2021022505030347,NIFRA,34,44,20,545.0,10900.0
2021022505030346,NIFRA,34,38,60,545.0,32700.0
2021022505030345,NIFRA,34,1,20,545.0,10900.0
2021022505030357,NIFRA,38,39,20,545.0,10900.0
2021022505030356,NIFRA,38,38,30,545.0,16350.0
2021022505030355,NIFRA,20,38,30,545.0,16350.0
2021022505030353,NIFRA,20,40,50,545.0,27250.0
2021022505030352,NIFRA,20,17,20,545.0,10900.0
2021022505030351,NIFRA,20,45,50,545.0,27250.0
2021022505030365,NIFRA,42,6,50,545.0,27250.0
2021022505030364,NIFRA,42,17,30,545.0,16350.0
2021022505030363,NIFRA,38,17,30,545.0,16350.0
2021022505030362,NIFRA,38,38,50,545.0,27250.0
2021022505030361,NIFRA,38,19,30,545.0,16350.0
2021022505030360,NIFRA,38,57,50,545.0,27250.0
2021022505030371,NIFRA,52,58,10,545.0,5450.0
2021022505030370,NIFRA,42,58,50,545.0,27250.0
2021022505030369,NIFRA,42,46,50,545.0,27250.0
2021022505030368,NIFRA,42,52,50,545.0,27250.0
2021022505030367,NIFRA,42,48,60,545.0,32700.0
2021022505030366,NIFRA,42,53,60,545.0,32700.0
2021022505030377,NIFRA,48,8,50,545.0,27250.0
2021022505030376,NIFRA,48,43,50,545.0,27250.0
2021022505030375,NIFRA,48,57,60,545.0,32700.0
2021022505030374,NIFRA,48,29,60,545.0,32700.0
2021022505030373,NIFRA,48,45,25,545.0,13625.0
2021022505030372,NIFRA,52,45,25,545.0,13625.0
2021022505030383,NIFRA,45,45,15,545.0,8175.0
2021022505030382,NIFRA,48,45,35,545.0,19075.0
2021022505030381,NIFRA,48,17,60,545.0,32700.0
2021022505030380,NIFRA,48,3,50,545.0,27250.0
2021022505030379,NIFRA,48,52,50,545.0,27250.0
2021022505030378,NIFRA,48,21,60,545.0,32700.0
2021022505030389,NIFRA,48,38,50,545.0,27250.0
2021022505030388,NIFRA,48,16,25,545.0,13625.0
2021022505030387,NIFRA,26,16,25,545.0,13625.0
2021022505030386,NIFRA,26,45,15,545.0,8175.0
2021022505030385,NIFRA,45,45,35,545.0,19075.0
2021022505030384,NIFRA,51,41,2,545.0,1090.0
2021022505030395,NIFRA,48,58,50,545.0,27250.0
2021022505030394,NIFRA,6,6,35,545.0,19075.0
2021022505030393,NIFRA,48,6,15,545.0,8175.0
2021022505030392,NIFRA,48,51,50,545.0,27250.0
2021022505030391,NIFRA,48,48,60,545.0,32700.0
2021022505030390,NIFRA,48,36,50,545.0,27250.0
2021022505030402,NIFRA,48,50,50,545.0,27250.0
2021022505030401,NIFRA,48,17,60,545.0,32700.0
2021022505030400,NIFRA,58,49,10,545.0,5450.0
2021022505030399,NIFRA,48,49,40,545.0,21800.0
2021022505030398,NIFRA,48,36,60,545.0,32700.0
2021022505030397,NIFRA,48,26,50,545.0,27250.0
2021022505030408,NIFRA,16,44,60,545.0,32700.0
2021022505030407,NIFRA,16,53,40,545.0,21800.0
2021022505030406,NIFRA,48,53,10,545.0,5450.0
2021022505030405,NIFRA,48,57,50,545.0,27250.0
2021022505030404,NIFRA,48,41,30,545.0,16350.0
2021022505030403,NIFRA,48,52,50,545.0,27250.0
2021022505030414,NIFRA,59,26,10,545.0,5450.0
2021022505030413,NIFRA,49,26,40,545.0,21800.0
2021022505030412,NIFRA,49,29,50,545.0,27250.0
2021022505030411,NIFRA,49,58,10,545.0,5450.0
2021022505030410,NIFRA,47,58,20,545.0,10900.0
2021022505030409,NIFRA,34,58,20,545.0,10900.0
2021022505030420,NIFRA,50,45,10,545.0,5450.0
2021022505030419,NIFRA,26,45,300,545.0,163500.0
2021022505030418,NIFRA,14,45,460,545.0,250700.0
2021022505030417,NIFRA,40,45,280,545.0,152600.0
2021022505030416,NIFRA,40,58,20,545.0,10900.0
2021022505030415,NIFRA,59,58,10,545.0,5450.0
2021022505030426,NIFRA,57,45,"1,600",545.0,872000.0
2021022505030425,NIFRA,19,45,50,545.0,27250.0
2021022505030424,NIFRA,49,45,18,545.0,9810.0
2021022505030423,NIFRA,58,45,40,545.0,21800.0
2021022505030422,NIFRA,47,45,50,545.0,27250.0
2021022505030421,NIFRA,52,45,"1,000",545.0,545000.0
2021022505030432,NIFRA,10,45,667,545.0,363515.0
2021022505030431,NIFRA,41,45,20,545.0,10900.0
2021022505030430,NIFRA,47,45,60,544.0,32640.0
2021022505030429,NIFRA,47,44,50,544.0,27200.0
2021022505030428,NIFRA,47,22,50,544.0,27200.0
2021022505030427,NIFRA,48,45,500,545.0,272500.0
2021022505030438,NIFRA,10,58,60,546.0,32760.0
2021022505030437,NIFRA,10,6,50,546.0,27300.0
2021022505030436,NIFRA,10,42,50,546.0,27300.0
2021022505030435,NIFRA,10,35,"2,163",546.0,1180998.0
2021022505030434,NIFRA,10,53,50,545.0,27250.0
2021022505030433,NIFRA,10,22,50,545.0,27250.0
2021022505030444,NIFRA,10,6,60,546.0,32760.0
2021022505030443,NIFRA,10,17,50,546.0,27300.0
2021022505030442,NIFRA,10,6,60,546.0,32760.0
2021022505030441,NIFRA,10,6,60,546.0,32760.0
2021022505030440,NIFRA,10,49,30,546.0,16380.0
2021022505030439,NIFRA,10,6,50,546.0,27300.0
2021022505030450,NIFRA,10,21,50,546.0,27300.0
2021022505030449,NIFRA,10,40,50,546.0,27300.0
2021022505030448,NIFRA,10,34,35,546.0,19110.0
2021022505030447,NIFRA,10,6,60,546.0,32760.0
2021022505030446,NIFRA,10,36,60,546.0,32760.0
2021022505030445,NIFRA,10,55,60,546.0,32760.0
2021022505030457,NIFRA,47,26,50,544.0,27200.0
2021022505030456,NIFRA,14,58,20,545.0,10900.0
2021022505030454,NIFRA,10,34,"1,165",546.0,636090.0
2021022505030453,NIFRA,10,53,10,546.0,5460.0
2021022505030452,NIFRA,10,45,50,546.0,27300.0
2021022505030451,NIFRA,10,17,60,546.0,32760.0
2021022505030463,NIFRA,47,39,60,544.0,32640.0
2021022505030462,NIFRA,47,17,60,544.0,32640.0
2021022505030461,NIFRA,47,29,60,544.0,32640.0
2021022505030460,NIFRA,6,52,20,545.0,10900.0
2021022505030459,NIFRA,6,8,50,545.0,27250.0
2021022505030458,NIFRA,6,58,30,545.0,16350.0
2021022505030469,NIFRA,41,21,60,545.0,32700.0
2021022505030468,NIFRA,41,55,50,545.0,27250.0
2021022505030467,NIFRA,41,21,50,545.0,27250.0
2021022505030466,NIFRA,41,52,40,545.0,21800.0
2021022505030465,NIFRA,41,32,5,545.0,2725.0
2021022505030464,NIFRA,47,28,50,544.0,27200.0
2021022505030475,NIFRA,41,49,60,545.0,32700.0
2021022505030474,NIFRA,41,38,50,545.0,27250.0
2021022505030473,NIFRA,41,48,50,545.0,27250.0
2021022505030472,NIFRA,41,45,50,545.0,27250.0
2021022505030471,NIFRA,41,45,40,545.0,21800.0
2021022505030470,NIFRA,41,34,50,545.0,27250.0
2021022505030484,NIFRA,47,58,60,544.0,32640.0
2021022505030483,NIFRA,26,16,50,545.0,27250.0
2021022505030482,NIFRA,26,51,50,545.0,27250.0
2021022505030479,NIFRA,47,26,50,544.0,27200.0
2021022505030478,NIFRA,47,34,40,544.0,21760.0
2021022505030476,NIFRA,47,1,50,544.0,27200.0
2021022505030490,NIFRA,49,52,35,545.0,19075.0
2021022505030489,NIFRA,49,58,50,545.0,27250.0
2021022505030488,NIFRA,49,21,50,545.0,27250.0
2021022505030487,NIFRA,49,58,40,545.0,21800.0
2021022505030486,NIFRA,49,16,10,545.0,5450.0
2021022505030485,NIFRA,47,34,60,544.0,32640.0
2021022505030496,NIFRA,57,51,25,545.0,13625.0
2021022505030495,NIFRA,57,8,60,545.0,32700.0
2021022505030494,NIFRA,57,58,15,545.0,8175.0
2021022505030493,NIFRA,38,58,15,545.0,8175.0
2021022505030492,NIFRA,38,42,60,545.0,32700.0
2021022505030491,NIFRA,38,52,25,545.0,13625.0
2021022505030502,NIFRA,25,51,25,545.0,13625.0
2021022505030501,NIFRA,39,57,60,544.0,32640.0
2021022505030500,NIFRA,39,14,60,544.0,32640.0
2021022505030499,NIFRA,39,46,20,544.0,10880.0
2021022505030498,NIFRA,47,46,30,544.0,16320.0
2021022505030497,NIFRA,47,29,50,544.0,27200.0
2021022505030508,NIFRA,39,45,50,544.0,27200.0
2021022505030507,NIFRA,39,49,50,544.0,27200.0
2021022505030506,NIFRA,42,58,15,545.0,8175.0
2021022505030505,NIFRA,42,52,35,545.0,19075.0
2021022505030504,NIFRA,39,17,50,544.0,27200.0
2021022505030503,NIFRA,25,52,25,545.0,13625.0
2021022505030517,NIFRA,39,59,50,545.0,27250.0
2021022505030516,NIFRA,39,58,35,545.0,19075.0
2021022505030515,NIFRA,39,16,60,544.0,32640.0
2021022505030514,NIFRA,39,58,30,544.0,16320.0
2021022505030513,NIFRA,39,43,60,544.0,32640.0
2021022505030509,NIFRA,39,57,50,544.0,27200.0
2021022505030523,NIFRA,41,25,50,544.0,27200.0
2021022505030522,NIFRA,41,29,40,544.0,21760.0
2021022505030521,NIFRA,39,29,10,544.0,5440.0
2021022505030520,NIFRA,49,52,30,545.0,16350.0
2021022505030519,NIFRA,6,22,5,545.0,2725.0
2021022505030518,NIFRA,39,22,15,545.0,8175.0
2021022505030529,NIFRA,7,49,50,545.0,27250.0
2021022505030528,NIFRA,7,58,40,545.0,21800.0
2021022505030527,NIFRA,41,29,50,544.0,27200.0
2021022505030526,NIFRA,42,58,10,545.0,5450.0
2021022505030525,NIFRA,42,48,60,545.0,32700.0
2021022505030524,NIFRA,42,52,30,545.0,16350.0
2021022505030535,NIFRA,59,45,10,544.0,5440.0
2021022505030534,NIFRA,57,45,50,544.0,27200.0
2021022505030533,NIFRA,57,25,50,544.0,27200.0
2021022505030532,NIFRA,41,25,10,544.0,5440.0
2021022505030531,NIFRA,7,17,50,545.0,27250.0
2021022505030530,NIFRA,7,25,60,545.0,32700.0
2021022505030541,NIFRA,26,44,50,545.0,27250.0
2021022505030540,NIFRA,26,58,50,545.0,27250.0
2021022505030539,NIFRA,21,8,10,544.0,5440.0
2021022505030538,NIFRA,35,8,50,544.0,27200.0
2021022505030537,NIFRA,35,44,40,544.0,21760.0
2021022505030536,NIFRA,59,44,10,544.0,5440.0
2021022505030549,NIFRA,41,21,35,545.0,19075.0
2021022505030548,NIFRA,41,45,50,545.0,27250.0
2021022505030545,NIFRA,26,54,60,545.0,32700.0
2021022505030544,NIFRA,26,25,50,545.0,27250.0
2021022505030543,NIFRA,26,8,60,545.0,32700.0
2021022505030542,NIFRA,26,4,30,545.0,16350.0
2021022505030556,NIFRA,38,34,100,544.0,54400.0
2021022505030555,NIFRA,13,34,100,544.0,54400.0
2021022505030554,NIFRA,25,34,10,544.0,5440.0
2021022505030553,NIFRA,21,34,390,544.0,212160.0
2021022505030551,NIFRA,21,29,50,544.0,27200.0
2021022505030550,NIFRA,21,17,50,544.0,27200.0
2021022505030562,NIFRA,6,34,100,544.0,54400.0
2021022505030561,NIFRA,42,34,15,544.0,8160.0
2021022505030560,NIFRA,43,34,100,544.0,54400.0
2021022505030559,NIFRA,14,34,30,544.0,16320.0
2021022505030558,NIFRA,6,34,100,544.0,54400.0
2021022505030557,NIFRA,39,34,20,544.0,10880.0
2021022505030568,NIFRA,49,43,50,544.0,27200.0
2021022505030567,NIFRA,49,56,50,544.0,27200.0
2021022505030566,NIFRA,49,49,60,544.0,32640.0
2021022505030565,NIFRA,49,34,50,544.0,27200.0
2021022505030564,NIFRA,49,34,15,544.0,8160.0
2021022505030563,NIFRA,25,34,20,544.0,10880.0
2021022505030574,NIFRA,49,55,50,545.0,27250.0
2021022505030573,NIFRA,49,53,30,545.0,16350.0
2021022505030572,NIFRA,49,52,50,545.0,27250.0
2021022505030571,NIFRA,49,21,15,545.0,8175.0
2021022505030570,NIFRA,49,57,60,544.0,32640.0
2021022505030569,NIFRA,49,6,60,544.0,32640.0
2021022505030581,NIFRA,49,17,50,545.0,27250.0
2021022505030580,NIFRA,49,54,20,545.0,10900.0
2021022505030579,NIFRA,49,29,60,545.0,32700.0
2021022505030577,NIFRA,49,45,50,545.0,27250.0
2021022505030576,NIFRA,49,17,50,545.0,27250.0
2021022505030575,NIFRA,49,52,60,545.0,32700.0
2021022505030588,NIFRA,49,22,10,544.0,5440.0
2021022505030587,NIFRA,49,32,60,544.0,32640.0
2021022505030586,NIFRA,34,47,100,545.0,54500.0
2021022505030584,NIFRA,49,58,25,544.0,13600.0
2021022505030583,NIFRA,49,58,35,545.0,19075.0
2021022505030582,NIFRA,49,38,30,545.0,16350.0
2021022505030595,NIFRA,11,47,50,545.0,27250.0
2021022505030594,NIFRA,57,58,60,544.0,32640.0
2021022505030592,NIFRA,41,29,50,544.0,27200.0
2021022505030591,NIFRA,57,22,40,544.0,21760.0
2021022505030590,NIFRA,49,22,10,544.0,5440.0
2021022505030589,NIFRA,49,34,50,544.0,27200.0
2021022505030601,NIFRA,33,28,50,544.0,27200.0
2021022505030600,NIFRA,33,22,25,544.0,13600.0
2021022505030599,NIFRA,58,22,15,544.0,8160.0
2021022505030598,NIFRA,29,22,20,544.0,10880.0
2021022505030597,NIFRA,29,43,30,544.0,16320.0
2021022505030596,NIFRA,47,43,30,544.0,16320.0
2021022505030607,NIFRA,26,37,50,544.0,27200.0
2021022505030606,NIFRA,26,57,50,544.0,27200.0
2021022505030605,NIFRA,26,57,35,544.0,19040.0
2021022505030604,NIFRA,33,57,15,544.0,8160.0
2021022505030603,NIFRA,33,36,60,544.0,32640.0
2021022505030602,NIFRA,33,29,50,544.0,27200.0
2021022505030612,PLI,36,1,10,807.0,8070.0
2021022505030610,PLI,36,19,290,807.0,234030.0
2021022505030593,PLI,36,36,10,807.0,8070.0
2021022505030585,PLI,19,58,10,807.0,8070.0
2021022505030578,PLI,34,35,10,808.0,8080.0
2021022505030552,PLI,19,45,10,807.0,8070.0
2021022505030184,PLI,36,52,10,807.0,8070.0
2021022505030182,PLI,36,36,10,807.0,8070.0
2021022505030175,PLI,36,14,10,807.0,8070.0
2021022505030174,PLI,36,1,10,807.0,8070.0
2021022505030154,PLI,36,48,10,807.0,8070.0
2021022505030252,PLI,36,16,10,807.0,8070.0
2021022505030248,PLI,36,35,10,807.0,8070.0
2021022505030230,PLI,36,14,10,807.0,8070.0
2021022505030203,PLI,36,28,10,807.0,8070.0
2021022505030202,PLI,36,51,10,807.0,8070.0
2021022505030194,PLI,36,42,10,807.0,8070.0
2021022505030354,PLI,36,36,10,807.0,8070.0
2021022505030311,PLI,36,45,10,807.0,8070.0
2021022505030307,PLI,36,14,10,807.0,8070.0
2021022505030272,PLI,36,58,10,807.0,8070.0
2021022505030268,PLI,36,14,10,807.0,8070.0
2021022505030254,PLI,36,14,10,807.0,8070.0
2021022505030480,PLI,32,45,10,806.0,8060.0
2021022505030477,PLI,32,48,10,806.0,8060.0
2021022505030455,PLI,36,44,10,807.0,8070.0
2021022505030396,PLI,36,57,10,807.0,8070.0
2021022505030359,PLI,36,19,170,807.0,137190.0
2021022505030358,PLI,36,19,30,807.0,24210.0
2021022505030547,PLI,39,43,10,808.0,8080.0
2021022505030546,PLI,39,16,10,808.0,8080.0
2021022505030512,PLI,19,21,10,807.0,8070.0
2021022505030511,PLI,19,4,10,807.0,8070.0
2021022505030510,PLI,19,36,10,807.0,8070.0
2021022505030481,PLI,32,39,10,806.0,8060.0
2021022505029960,CGH,52,38,10,377.0,3770.0
2021022505030115,NIFRA,38,48,50,544.0,27200.0
2021022505030114,NIFRA,19,57,10,545.0,5450.0
2021022505030113,NIFRA,19,32,50,545.0,27250.0
2021022505030112,NIFRA,58,26,5,545.0,2725.0
2021022505030111,NIFRA,35,26,35,545.0,19075.0
2021022505030110,NIFRA,19,39,50,545.0,27250.0
2021022505029621,NIFRA,34,1,40,545.0,21800.0
2021022505029620,NIFRA,34,41,60,545.0,32700.0
2021022505029619,NIFRA,36,51,50,545.0,27250.0
2021022505029618,NIFRA,36,40,50,545.0,27250.0
2021022505029617,NIFRA,36,44,50,545.0,27250.0
2021022505029616,NIFRA,36,52,50,545.0,27250.0
2021022505029627,NIFRA,1,29,50,545.0,27250.0
2021022505029626,NIFRA,1,40,20,545.0,10900.0
2021022505029625,NIFRA,41,40,30,545.0,16350.0
2021022505029624,NIFRA,49,34,100,546.0,54600.0
2021022505029623,NIFRA,41,57,50,545.0,27250.0
2021022505029622,NIFRA,41,1,20,545.0,10900.0
2021022505029633,NIFRA,25,38,60,544.0,32640.0
2021022505029632,NIFRA,14,54,10,545.0,5450.0
2021022505029631,NIFRA,19,34,20,546.0,10920.0
2021022505029630,NIFRA,14,45,60,545.0,32700.0
2021022505029629,NIFRA,14,34,30,545.0,16350.0
2021022505029628,NIFRA,1,34,30,545.0,16350.0
2021022505029640,NIFRA,49,41,50,545.0,27250.0
2021022505029639,NIFRA,49,16,40,545.0,21800.0
2021022505029638,NIFRA,49,43,60,545.0,32700.0
2021022505029637,NIFRA,19,50,30,545.0,16350.0
2021022505029636,NIFRA,19,6,30,545.0,16350.0
2021022505029635,NIFRA,19,54,40,545.0,21800.0
2021022505029647,NIFRA,41,41,50,545.0,27250.0
2021022505029646,NIFRA,41,52,100,545.0,54500.0
2021022505029644,NIFRA,58,34,60,546.0,32760.0
2021022505029643,NIFRA,58,39,40,545.0,21800.0
2021022505029642,NIFRA,49,39,10,545.0,5450.0
2021022505029641,NIFRA,49,50,20,545.0,10900.0
2021022505029654,NIFRA,25,40,50,544.0,27200.0
2021022505029653,NIFRA,25,29,50,544.0,27200.0
2021022505029652,NIFRA,25,26,60,544.0,32640.0
2021022505029651,NIFRA,25,57,50,544.0,27200.0
2021022505029650,NIFRA,25,54,50,544.0,27200.0
2021022505029648,NIFRA,41,42,50,545.0,27250.0
2021022505029662,NIFRA,25,51,50,544.0,27200.0
2021022505029661,NIFRA,25,38,50,544.0,27200.0
2021022505029660,NIFRA,22,44,25,545.0,13625.0
2021022505029659,NIFRA,25,32,50,544.0,27200.0
2021022505029657,NIFRA,25,46,50,544.0,27200.0
2021022505029655,NIFRA,25,39,60,544.0,32640.0
2021022505029669,NIFRA,41,17,500,544.0,272000.0
2021022505029668,NIFRA,57,17,10,544.0,5440.0
2021022505029667,NIFRA,25,17,670,544.0,364480.0
2021022505029666,NIFRA,59,17,"8,000",544.0,4352000.0
2021022505029665,NIFRA,17,44,10,545.0,5450.0
2021022505029663,NIFRA,25,45,40,544.0,21760.0
2021022505029675,NIFRA,13,20,15,545.0,8175.0
2021022505029674,NIFRA,13,44,25,545.0,13625.0
2021022505029673,NIFRA,13,51,50,545.0,27250.0
2021022505029672,NIFRA,56,17,750,544.0,408000.0
2021022505029671,NIFRA,41,17,20,544.0,10880.0
2021022505029670,NIFRA,19,17,50,544.0,27200.0
2021022505029683,NIFRA,7,14,50,545.0,27250.0
2021022505029682,NIFRA,7,20,35,545.0,19075.0
2021022505029679,NIFRA,56,34,50,544.0,27200.0
2021022505029678,NIFRA,56,44,50,544.0,27200.0
2021022505029677,NIFRA,56,3,20,544.0,10880.0
2021022505029676,NIFRA,56,43,50,544.0,27200.0
2021022505029690,NIFRA,7,48,60,545.0,32700.0
2021022505029689,NIFRA,7,26,50,545.0,27250.0
2021022505029687,NIFRA,7,4,50,545.0,27250.0
2021022505029686,NIFRA,7,52,60,545.0,32700.0
2021022505029685,NIFRA,7,41,60,545.0,32700.0
2021022505029684,NIFRA,7,35,60,545.0,32700.0
2021022505029696,NIFRA,7,29,60,545.0,32700.0
2021022505029695,NIFRA,7,34,10,545.0,5450.0
2021022505029694,NIFRA,7,36,50,545.0,27250.0
2021022505029693,NIFRA,7,26,50,545.0,27250.0
2021022505029692,NIFRA,7,39,50,545.0,27250.0
2021022505029691,NIFRA,7,49,50,545.0,27250.0
2021022505029702,NIFRA,7,40,50,545.0,27250.0
2021022505029701,NIFRA,7,14,50,545.0,27250.0
2021022505029700,NIFRA,7,16,40,545.0,21800.0
2021022505029699,NIFRA,7,45,30,545.0,16350.0
2021022505029698,NIFRA,7,49,60,545.0,32700.0
2021022505029697,NIFRA,40,34,10,546.0,5460.0
2021022505029708,NIFRA,45,40,50,546.0,27300.0
2021022505029707,NIFRA,45,44,60,546.0,32760.0
2021022505029706,NIFRA,45,45,50,546.0,27300.0
2021022505029705,NIFRA,45,51,50,546.0,27300.0
2021022505029704,NIFRA,45,29,40,546.0,21840.0
2021022505029703,NIFRA,45,34,353,546.0,192738.0
2021022505029714,NIFRA,45,22,60,546.0,32760.0
2021022505029713,NIFRA,45,53,50,546.0,27300.0
2021022505029712,NIFRA,45,52,60,546.0,32760.0
2021022505029711,NIFRA,45,29,50,546.0,27300.0
2021022505029710,NIFRA,45,6,50,546.0,27300.0
2021022505029709,NIFRA,45,11,20,546.0,10920.0
2021022505029721,NIFRA,1,55,60,545.0,32700.0
2021022505029720,NIFRA,1,51,50,545.0,27250.0
2021022505029718,NIFRA,1,55,35,545.0,19075.0
2021022505029717,NIFRA,7,55,15,545.0,8175.0
2021022505029716,NIFRA,7,17,10,545.0,5450.0
2021022505029715,NIFRA,7,46,50,545.0,27250.0
2021022505029727,NIFRA,58,41,5,545.0,2725.0
2021022505029726,NIFRA,1,41,45,545.0,24525.0
2021022505029725,NIFRA,1,22,60,545.0,32700.0
2021022505029724,NIFRA,1,58,50,545.0,27250.0
2021022505029723,NIFRA,1,57,50,545.0,27250.0
2021022505029722,NIFRA,1,28,50,545.0,27250.0
2021022505029733,NIFRA,58,58,30,545.0,16350.0
2021022505029732,NIFRA,58,49,40,545.0,21800.0
2021022505029731,NIFRA,1,49,20,545.0,10900.0
2021022505029730,NIFRA,1,40,50,545.0,27250.0
2021022505029729,NIFRA,1,49,30,545.0,16350.0
2021022505029728,NIFRA,39,49,20,545.0,10900.0
2021022505029740,NIFRA,32,45,50,545.0,27250.0
2021022505029738,NIFRA,41,45,30,545.0,16350.0
2021022505029737,NIFRA,29,45,20,545.0,10900.0
2021022505029736,NIFRA,29,51,10,545.0,5450.0
2021022505029735,NIFRA,29,56,20,545.0,10900.0
2021022505029734,NIFRA,58,56,30,545.0,16350.0
2021022505029746,NIFRA,32,10,60,545.0,32700.0
2021022505029745,NIFRA,32,57,50,545.0,27250.0
2021022505029744,NIFRA,32,39,50,545.0,27250.0
2021022505029743,NIFRA,32,29,50,545.0,27250.0
2021022505029742,NIFRA,32,16,40,545.0,21800.0
2021022505029741,NIFRA,32,29,50,545.0,27250.0
2021022505029754,NIFRA,32,26,40,545.0,21800.0
2021022505029753,NIFRA,32,16,20,545.0,10900.0
2021022505029752,NIFRA,32,36,30,545.0,16350.0
2021022505029751,NIFRA,45,41,48,546.0,26208.0
2021022505029750,NIFRA,45,22,60,546.0,32760.0
2021022505029749,NIFRA,32,56,60,545.0,32700.0
2021022505029760,NIFRA,39,58,50,545.0,27250.0
2021022505029759,NIFRA,39,48,50,545.0,27250.0
2021022505029758,NIFRA,39,51,10,545.0,5450.0
2021022505029757,NIFRA,39,29,10,545.0,5450.0
2021022505029756,NIFRA,58,29,40,545.0,21800.0
2021022505029755,NIFRA,58,26,10,545.0,5450.0
2021022505029766,NIFRA,7,6,60,546.0,32760.0
2021022505029765,NIFRA,7,38,10,546.0,5460.0
2021022505029764,NIFRA,7,16,60,545.0,32700.0
2021022505029763,NIFRA,54,40,20,545.0,10900.0
2021022505029762,NIFRA,39,40,30,545.0,16350.0
2021022505029761,NIFRA,39,25,50,545.0,27250.0
2021022505029772,NIFRA,26,26,20,545.0,10900.0
2021022505029771,NIFRA,54,26,30,545.0,16350.0
2021022505029770,NIFRA,7,35,10,546.0,5460.0
2021022505029769,NIFRA,7,44,60,546.0,32760.0
2021022505029768,NIFRA,7,57,50,546.0,27300.0
2021022505029767,NIFRA,7,57,50,546.0,27300.0
2021022505029778,NIFRA,58,57,10,546.0,5460.0
2021022505029777,NIFRA,58,58,40,546.0,21840.0
2021022505029776,NIFRA,51,57,35,545.0,19075.0
2021022505029775,NIFRA,49,57,25,545.0,13625.0
2021022505029774,NIFRA,26,58,10,546.0,5460.0
2021022505029773,NIFRA,26,35,40,546.0,21840.0
2021022505029785,NIFRA,39,57,10,545.0,5450.0
2021022505029784,NIFRA,39,11,50,545.0,27250.0
2021022505029783,NIFRA,39,41,40,545.0,21800.0
2021022505029782,NIFRA,6,41,20,545.0,10900.0
2021022505029781,NIFRA,56,29,25,544.0,13600.0
2021022505029780,NIFRA,51,29,25,545.0,13625.0
2021022505029791,NIFRA,58,36,40,545.0,21800.0
2021022505029790,NIFRA,58,51,10,545.0,5450.0
2021022505029789,NIFRA,59,29,60,544.0,32640.0
2021022505029788,NIFRA,59,57,60,544.0,32640.0
2021022505029787,NIFRA,28,14,5,544.0,2720.0
2021022505029786,NIFRA,56,14,55,544.0,29920.0
2021022505029797,NIFRA,59,41,50,544.0,27200.0
2021022505029796,NIFRA,52,16,10,545.0,5450.0
2021022505029795,NIFRA,52,26,10,545.0,5450.0
2021022505029794,NIFRA,59,39,50,544.0,27200.0
2021022505029793,NIFRA,21,26,40,545.0,21800.0
2021022505029792,NIFRA,58,26,10,545.0,5450.0
2021022505029804,NIFRA,45,40,10,545.0,5450.0
2021022505029803,NIFRA,45,40,10,545.0,5450.0
2021022505029802,NIFRA,45,48,50,545.0,27250.0
2021022505029801,NIFRA,45,16,40,545.0,21800.0
2021022505029800,NIFRA,59,29,50,544.0,27200.0
2021022505029798,NIFRA,59,21,60,544.0,32640.0
2021022505029811,NIFRA,6,48,60,545.0,32700.0
2021022505029810,NIFRA,6,40,40,545.0,21800.0
2021022505029809,NIFRA,6,39,50,545.0,27250.0
2021022505029808,NIFRA,38,57,40,544.0,21760.0
2021022505029807,NIFRA,59,57,10,544.0,5440.0
2021022505029805,NIFRA,59,14,60,544.0,32640.0
2021022505029817,NIFRA,6,46,60,545.0,32700.0
2021022505029816,NIFRA,6,41,60,545.0,32700.0
2021022505029815,NIFRA,6,7,50,545.0,27250.0
