Transact. No.,Symbol,Buyer,Seller,Quantity,Rate,Amount
2021022305011609,NIFRA,21,48,100,594.0,59400.0
2021022305011608,NIFRA,48,48,40,594.0,23760.0
2021022305011607,NIFRA,48,29,10,594.0,5940.0
2021022305011606,NIFRA,58,29,40,594.0,23760.0
2021022305011605,NIFRA,58,55,50,594.0,29700.0
2021022305011604,NIFRA,58,40,10,594.0,5940.0
2021022305011603,PLI,49,41,10,806.0,8060.0
2021022305011602,PLI,49,59,10,806.0,8060.0
2021022305011601,NIFRA,1,40,40,594.0,23760.0
2021022305011600,NIFRA,28,40,50,594.0,29700.0
2021022305011599,NIFRA,28,22,50,594.0,29700.0
2021022305011598,NIFRA,26,22,10,594.0,5940.0
2021022305011597,NIFRA,26,16,10,594.0,5940.0
2021022305011596,NIFRA,11,16,10,594.0,5940.0
2021022305011595,NIFRA,25,16,10,594.0,5940.0
2021022305011594,NIFRA,45,16,10,594.0,5940.0
2021022305011593,NIFRA,45,53,30,594.0,17820.0
2021022305011592,NIFRA,45,11,10,594.0,5940.0
2021022305011591,NIFRA,45,56,50,594.0,29700.0
2021022305011590,NIFRA,7,56,10,594.0,5940.0
2021022305011589,NIFRA,45,25,10,594.0,5940.0
2021022305011588,NIFRA,55,25,33,594.0,19602.0
2021022305011587,NIFRA,55,6,50,594.0,29700.0
2021022305011586,NIFRA,55,44,50,594.0,29700.0
2021022305011585,NIFRA,55,35,50,594.0,29700.0
2021022305011584,NIFRA,55,10,17,594.0,10098.0
2021022305011583,PLI,39,41,200,805.0,161000.0
2021022305011582,PLI,25,41,300,805.0,241500.0
2021022305011581,PLI,16,14,10,806.0,8060.0
2021022305011580,PLI,16,6,10,806.0,8060.0
2021022305011579,NIFRA,41,10,43,594.0,25542.0
2021022305011578,NIFRA,41,19,60,594.0,35640.0
2021022305011577,NIFRA,41,50,50,594.0,29700.0
2021022305011576,NIFRA,41,20,60,594.0,35640.0
2021022305011575,NIFRA,41,59,87,594.0,51678.0
2021022305011574,NIFRA,11,59,100,594.0,59400.0
2021022305011573,NIFRA,22,59,20,594.0,11880.0
2021022305011572,NIFRA,1,59,40,594.0,23760.0
2021022305011571,NIFRA,45,59,23,594.0,13662.0
2021022305011570,NIFRA,28,59,100,594.0,59400.0
2021022305011569,PLI,56,41,10,806.0,8060.0
2021022305011568,PLI,56,6,10,806.0,8060.0
2021022305011567,NIFRA,58,59,100,594.0,59400.0
2021022305011566,NIFRA,58,59,30,594.0,17820.0
2021022305011565,NIFRA,58,11,50,594.0,29700.0
2021022305011564,NIFRA,58,58,20,594.0,11880.0
2021022305011563,PLI,1,14,10,806.0,8060.0
2021022305011562,PLI,1,35,10,806.0,8060.0
2021022305011561,PLI,1,41,10,806.0,8060.0
2021022305011560,PLI,1,58,10,806.0,8060.0
2021022305011559,PLI,1,8,10,806.0,8060.0
2021022305011558,NIFRA,4,58,20,594.0,11880.0
2021022305011557,NIFRA,4,49,60,594.0,35640.0
2021022305011556,NIFRA,4,38,20,594.0,11880.0
2021022305011555,NIFRA,45,38,40,594.0,23760.0
2021022305011554,NIFRA,45,29,50,594.0,29700.0
2021022305011553,NIFRA,45,10,50,594.0,29700.0
2021022305011552,NIFRA,45,58,50,594.0,29700.0
2021022305011551,NIFRA,45,59,10,594.0,5940.0
2021022305011550,NIFRA,5,59,20,594.0,11880.0
2021022305011549,NIFRA,26,59,30,594.0,17820.0
2021022305011548,NIFRA,26,57,20,594.0,11880.0
2021022305011547,NIFRA,29,57,30,594.0,17820.0
2021022305011546,NIFRA,49,57,10,594.0,5940.0
2021022305011545,NIFRA,49,34,50,594.0,29700.0
2021022305011544,NIFRA,49,37,40,594.0,23760.0
2021022305011543,NIFRA,58,37,10,594.0,5940.0
2021022305011542,NIFRA,58,42,10,594.0,5940.0
2021022305011541,NIFRA,51,42,50,594.0,29700.0
2021022305011540,NIFRA,51,11,50,594.0,29700.0
2021022305011539,NIFRA,49,39,20,594.0,11880.0
2021022305011538,NIFRA,34,39,40,594.0,23760.0
2021022305011537,NIFRA,34,45,60,594.0,35640.0
2021022305011536,NIFRA,47,42,20,594.0,11880.0
2021022305011535,NIFRA,41,42,30,594.0,17820.0
2021022305011534,NIFRA,41,48,60,594.0,35640.0
2021022305011533,NIFRA,41,51,60,594.0,35640.0
2021022305011532,NIFRA,41,37,50,594.0,29700.0
2021022305011531,NIFRA,41,19,30,594.0,17820.0
2021022305011530,NIFRA,41,58,50,594.0,29700.0
2021022305011529,NIFRA,41,52,60,594.0,35640.0
2021022305011528,NIFRA,41,50,50,594.0,29700.0
2021022305011527,NIFRA,41,57,50,594.0,29700.0
2021022305011526,NIFRA,41,49,60,594.0,35640.0
2021022305011525,NIFRA,21,55,10,594.0,5940.0
2021022305011524,NIFRA,35,55,20,594.0,11880.0
2021022305011523,NIFRA,49,55,20,594.0,11880.0
2021022305011522,NIFRA,49,19,30,594.0,17820.0
2021022305011521,NIFRA,56,19,70,594.0,41580.0
2021022305011520,NIFRA,56,29,60,594.0,35640.0
2021022305011519,NIFRA,56,6,10,594.0,5940.0
2021022305011518,NIFRA,56,25,60,594.0,35640.0
2021022305011517,NIFRA,32,6,50,594.0,29700.0
2021022305011516,NIFRA,28,47,50,594.0,29700.0
2021022305011515,NIFRA,28,54,50,594.0,29700.0
2021022305011514,NIFRA,6,8,10,594.0,5940.0
2021022305011513,NIFRA,44,8,50,594.0,29700.0
2021022305011512,NIFRA,44,44,10,594.0,5940.0
2021022305011511,NIFRA,14,44,40,594.0,23760.0
2021022305011510,NIFRA,14,41,50,594.0,29700.0
2021022305011509,NIFRA,14,54,10,594.0,5940.0
2021022305011508,NIFRA,57,54,50,594.0,29700.0
2021022305011507,NIFRA,33,26,3,594.0,1782.0
2021022305011506,NIFRA,33,41,60,594.0,35640.0
2021022305011505,NIFRA,33,57,37,594.0,21978.0
2021022305011504,NIFRA,5,57,10,594.0,5940.0
2021022305011503,NIFRA,5,10,10,594.0,5940.0
2021022305011502,NIFRA,48,10,40,594.0,23760.0
2021022305011501,NIFRA,48,45,60,594.0,35640.0
2021022305011500,NIFRA,53,6,5,594.0,2970.0
2021022305011499,NIFRA,5,6,45,594.0,26730.0
2021022305011498,NIFRA,5,45,50,594.0,29700.0
2021022305011497,NIFRA,5,34,50,594.0,29700.0
2021022305011496,NIFRA,5,41,55,594.0,32670.0
2021022305011495,PLI,1,40,10,806.0,8060.0
2021022305011494,PLI,1,41,10,806.0,8060.0
2021022305011493,PLI,1,41,10,806.0,8060.0
2021022305011492,PLI,1,44,10,806.0,8060.0
2021022305011491,PLI,1,14,10,806.0,8060.0
2021022305011490,NIFRA,5,41,25,594.0,14850.0
2021022305011489,NIFRA,32,41,40,594.0,23760.0
2021022305011488,NIFRA,32,35,260,594.0,154440.0
2021022305011487,NIFRA,55,41,40,594.0,23760.0
2021022305011486,NIFRA,55,48,50,594.0,29700.0
2021022305011485,NIFRA,55,16,10,594.0,5940.0
2021022305011484,NIFRA,19,16,50,594.0,29700.0
2021022305011483,NIFRA,19,26,10,594.0,5940.0
2021022305011482,NIFRA,21,50,50,594.0,29700.0
2021022305011481,NIFRA,21,40,50,594.0,29700.0
2021022305011480,PLI,53,39,10,806.0,8060.0
2021022305011479,PLI,53,45,10,806.0,8060.0
2021022305011478,NIFRA,38,21,50,594.0,29700.0
2021022305011477,NIFRA,38,8,50,594.0,29700.0
2021022305011476,NIFRA,57,42,58,594.0,34452.0
2021022305011475,NIFRA,57,34,50,594.0,29700.0
2021022305011474,NIFRA,57,22,50,594.0,29700.0
2021022305011473,NIFRA,57,49,50,594.0,29700.0
2021022305011472,NIFRA,57,38,50,594.0,29700.0
2021022305011471,NIFRA,57,14,60,594.0,35640.0
2021022305011470,NIFRA,57,16,30,594.0,17820.0
2021022305011469,NIFRA,57,42,50,594.0,29700.0
2021022305011468,NIFRA,57,16,60,594.0,35640.0
2021022305011467,NIFRA,57,21,50,594.0,29700.0
2021022305011466,NIFRA,57,34,50,594.0,29700.0
2021022305011465,NIFRA,57,21,60,594.0,35640.0
2021022305011464,NIFRA,57,21,50,594.0,29700.0
2021022305011463,NIFRA,57,56,60,594.0,35640.0
2021022305011462,NIFRA,57,39,50,594.0,29700.0
2021022305011461,NIFRA,57,53,160,594.0,95040.0
2021022305011460,NIFRA,57,26,50,594.0,29700.0
2021022305011459,NIFRA,57,22,50,594.0,29700.0
2021022305011458,NIFRA,57,47,50,594.0,29700.0
2021022305011457,NIFRA,57,17,60,594.0,35640.0
2021022305011456,NIFRA,57,13,50,594.0,29700.0
2021022305011455,NIFRA,57,34,50,594.0,29700.0
2021022305011454,NIFRA,57,4,50,594.0,29700.0
2021022305011453,NIFRA,57,43,60,594.0,35640.0
2021022305011452,NIFRA,57,38,50,594.0,29700.0
2021022305011451,NIFRA,57,13,60,594.0,35640.0
2021022305011450,NIFRA,57,48,60,594.0,35640.0
2021022305011449,NIFRA,57,59,60,594.0,35640.0
2021022305011448,NIFRA,57,22,60,594.0,35640.0
2021022305011447,NIFRA,57,11,50,594.0,29700.0
2021022305011446,NIFRA,57,46,50,594.0,29700.0
2021022305011445,NIFRA,57,49,60,594.0,35640.0
2021022305011444,NIFRA,57,6,50,594.0,29700.0
2021022305011443,NIFRA,57,42,50,594.0,29700.0
2021022305011442,NIFRA,57,42,60,594.0,35640.0
2021022305011441,NIFRA,57,41,60,594.0,35640.0
2021022305011440,NIFRA,57,42,50,594.0,29700.0
2021022305011439,NIFRA,57,46,50,594.0,29700.0
2021022305011438,NIFRA,57,46,50,594.0,29700.0
2021022305011437,NIFRA,57,59,50,594.0,29700.0
2021022305011436,NIFRA,57,55,100,594.0,59400.0
2021022305011435,NIFRA,57,57,60,594.0,35640.0
2021022305011434,NIFRA,57,46,60,594.0,35640.0
2021022305011433,NIFRA,57,57,400,594.0,237600.0
2021022305011432,NIFRA,57,25,50,594.0,29700.0
2021022305011431,NIFRA,57,35,50,594.0,29700.0
2021022305011430,NIFRA,57,59,60,594.0,35640.0
2021022305011429,NIFRA,57,38,50,594.0,29700.0
2021022305011428,NIFRA,57,37,50,594.0,29700.0
2021022305011427,NIFRA,57,4,50,594.0,29700.0
2021022305011426,NIFRA,57,56,50,594.0,29700.0
2021022305011425,NIFRA,57,22,50,594.0,29700.0
2021022305011424,NIFRA,57,34,50,594.0,29700.0
2021022305011423,NIFRA,57,48,10,594.0,5940.0
2021022305011422,NIFRA,57,37,50,594.0,29700.0
2021022305011421,NIFRA,57,49,60,594.0,35640.0
2021022305011420,NIFRA,57,53,60,594.0,35640.0
2021022305011419,NIFRA,57,4,50,594.0,29700.0
2021022305011418,NIFRA,57,29,60,594.0,35640.0
2021022305011417,NIFRA,57,11,50,594.0,29700.0
2021022305011416,NIFRA,57,4,50,594.0,29700.0
2021022305011415,NIFRA,57,16,50,594.0,29700.0
2021022305011414,NIFRA,57,58,50,594.0,29700.0
2021022305011413,NIFRA,57,58,50,594.0,29700.0
2021022305011412,NIFRA,57,29,50,594.0,29700.0
2021022305011411,NIFRA,57,42,60,594.0,35640.0
2021022305011410,NIFRA,57,38,50,594.0,29700.0
2021022305011409,NIFRA,57,57,25,594.0,14850.0
2021022305011408,NIFRA,57,46,25,594.0,14850.0
2021022305011407,NIFRA,57,41,50,594.0,29700.0
2021022305011406,NIFRA,57,56,50,594.0,29700.0
2021022305011405,NIFRA,57,48,50,594.0,29700.0
2021022305011404,NIFRA,57,50,50,594.0,29700.0
2021022305011403,NIFRA,57,34,40,594.0,23760.0
2021022305011402,NIFRA,57,46,20,594.0,11880.0
2021022305011401,NIFRA,57,37,60,594.0,35640.0
2021022305011400,NIFRA,57,50,50,594.0,29700.0
2021022305011399,NIFRA,57,58,50,594.0,29700.0
2021022305011398,NIFRA,57,52,50,594.0,29700.0
2021022305011397,NIFRA,57,48,50,594.0,29700.0
2021022305011396,NIFRA,57,16,"2,000",594.0,1188000.0
2021022305011395,NIFRA,57,46,50,594.0,29700.0
2021022305011394,NIFRA,57,21,50,594.0,29700.0
2021022305011393,NIFRA,57,34,60,594.0,35640.0
2021022305011392,NIFRA,57,34,50,594.0,29700.0
2021022305011391,NIFRA,57,16,60,594.0,35640.0
2021022305011390,NIFRA,57,43,50,594.0,29700.0
2021022305011389,NIFRA,57,38,50,594.0,29700.0
2021022305011388,NIFRA,57,38,10,594.0,5940.0
2021022305011387,NIFRA,57,58,60,594.0,35640.0
2021022305011386,NIFRA,57,58,60,594.0,35640.0
2021022305011385,NIFRA,57,45,110,594.0,65340.0
2021022305011384,NIFRA,57,57,50,594.0,29700.0
2021022305011383,NIFRA,57,59,60,594.0,35640.0
2021022305011382,NIFRA,57,52,50,594.0,29700.0
2021022305011381,NIFRA,57,21,60,594.0,35640.0
2021022305011380,NIFRA,57,1,50,594.0,29700.0
2021022305011379,NIFRA,57,18,520,594.0,308880.0
2021022305011378,NIFRA,57,45,30,594.0,17820.0
2021022305011377,NIFRA,57,13,100,594.0,59400.0
2021022305011376,NIFRA,57,50,60,594.0,35640.0
2021022305011375,NIFRA,57,51,60,594.0,35640.0
2021022305011374,NIFRA,57,4,40,594.0,23760.0
2021022305011373,NIFRA,57,58,50,594.0,29700.0
2021022305011372,NIFRA,57,14,60,594.0,35640.0
2021022305011371,NIFRA,57,32,60,594.0,35640.0
2021022305011370,NIFRA,57,38,40,594.0,23760.0
2021022305011369,NIFRA,57,38,60,594.0,35640.0
2021022305011368,NIFRA,57,41,60,594.0,35640.0
2021022305011367,NIFRA,57,57,50,594.0,29700.0
2021022305011366,NIFRA,57,1,50,594.0,29700.0
2021022305011365,NIFRA,57,40,50,594.0,29700.0
2021022305011364,NIFRA,57,49,50,594.0,29700.0
2021022305011363,NIFRA,57,34,50,594.0,29700.0
2021022305011362,NIFRA,57,40,60,594.0,35640.0
2021022305011361,NIFRA,57,52,145,594.0,86130.0
2021022305011360,NIFRA,57,48,50,594.0,29700.0
2021022305011359,NIFRA,57,47,50,594.0,29700.0
2021022305011358,NIFRA,57,34,60,594.0,35640.0
2021022305011357,NIFRA,57,45,60,594.0,35640.0
2021022305011356,NIFRA,57,13,50,594.0,29700.0
2021022305011355,NIFRA,57,22,50,594.0,29700.0
2021022305011354,NIFRA,57,19,50,594.0,29700.0
2021022305011353,NIFRA,57,17,60,594.0,35640.0
2021022305011352,NIFRA,57,51,60,594.0,35640.0
2021022305011351,NIFRA,57,25,10,594.0,5940.0
2021022305011350,NIFRA,57,43,50,594.0,29700.0
2021022305011349,NIFRA,57,21,50,594.0,29700.0
2021022305011348,NIFRA,57,21,50,594.0,29700.0
2021022305011347,NIFRA,57,59,50,594.0,29700.0
2021022305011346,NIFRA,57,59,60,594.0,35640.0
2021022305011345,NIFRA,57,37,50,594.0,29700.0
2021022305011344,NIFRA,57,45,50,594.0,29700.0
2021022305011343,NIFRA,57,4,60,594.0,35640.0
2021022305011342,NIFRA,57,57,50,594.0,29700.0
2021022305011341,NIFRA,57,44,60,594.0,35640.0
2021022305011340,NIFRA,57,43,50,594.0,29700.0
2021022305011339,NIFRA,57,34,10,594.0,5940.0
2021022305011338,NIFRA,57,49,60,594.0,35640.0
2021022305011337,NIFRA,57,11,25,594.0,14850.0
2021022305011336,NIFRA,57,6,50,594.0,29700.0
2021022305011335,NIFRA,57,45,50,594.0,29700.0
2021022305011334,NIFRA,57,22,50,594.0,29700.0
2021022305011333,NIFRA,57,42,60,594.0,35640.0
2021022305011332,NIFRA,57,46,50,594.0,29700.0
2021022305011331,NIFRA,57,36,50,594.0,29700.0
2021022305011330,NIFRA,57,38,30,594.0,17820.0
2021022305011329,NIFRA,57,42,500,594.0,297000.0
2021022305011328,NIFRA,57,38,50,594.0,29700.0
2021022305011327,NIFRA,57,46,60,594.0,35640.0
2021022305011326,NIFRA,57,22,50,594.0,29700.0
2021022305011325,NIFRA,57,14,50,594.0,29700.0
2021022305011324,NIFRA,57,32,50,594.0,29700.0
2021022305011323,NIFRA,57,25,60,594.0,35640.0
2021022305011322,NIFRA,57,37,50,594.0,29700.0
2021022305011321,NIFRA,57,36,50,594.0,29700.0
2021022305011320,NIFRA,57,49,50,594.0,29700.0
2021022305011319,NIFRA,57,26,50,594.0,29700.0
2021022305011318,NIFRA,57,4,50,594.0,29700.0
2021022305011317,NIFRA,57,47,50,594.0,29700.0
2021022305011316,NIFRA,57,26,50,594.0,29700.0
2021022305011315,NIFRA,57,49,50,594.0,29700.0
2021022305011314,NIFRA,57,53,50,594.0,29700.0
2021022305011313,NIFRA,57,58,50,594.0,29700.0
2021022305011312,NIFRA,57,11,60,594.0,35640.0
2021022305011311,NIFRA,57,51,100,594.0,59400.0
2021022305011310,NIFRA,57,41,60,594.0,35640.0
2021022305011309,NIFRA,57,56,20,594.0,11880.0
2021022305011308,NIFRA,57,28,200,594.0,118800.0
2021022305011307,NIFRA,57,38,50,594.0,29700.0
2021022305011306,NIFRA,57,21,60,594.0,35640.0
2021022305011305,NIFRA,57,34,60,594.0,35640.0
2021022305011304,NIFRA,57,4,60,594.0,35640.0
2021022305011303,NIFRA,57,44,40,594.0,23760.0
2021022305011302,NIFRA,57,45,50,594.0,29700.0
2021022305011301,NIFRA,57,11,50,594.0,29700.0
2021022305011300,NIFRA,57,42,50,594.0,29700.0
2021022305011299,NIFRA,57,58,50,594.0,29700.0
2021022305011298,NIFRA,57,58,50,594.0,29700.0
2021022305011297,NIFRA,57,42,50,594.0,29700.0
2021022305011296,NIFRA,57,13,50,594.0,29700.0
2021022305011295,NIFRA,57,45,60,594.0,35640.0
2021022305011294,NIFRA,57,7,30,594.0,17820.0
2021022305011293,NIFRA,57,29,60,594.0,35640.0
2021022305011292,NIFRA,57,25,60,594.0,35640.0
2021022305011291,NIFRA,57,19,30,594.0,17820.0
2021022305011290,NIFRA,57,21,50,594.0,29700.0
2021022305011289,NIFRA,57,52,50,594.0,29700.0
2021022305011288,NIFRA,57,21,40,594.0,23760.0
2021022305011287,NIFRA,57,55,60,594.0,35640.0
2021022305011286,NIFRA,57,22,20,594.0,11880.0
2021022305011285,NIFRA,57,44,50,594.0,29700.0
2021022305011284,NIFRA,57,14,100,594.0,59400.0
2021022305011283,NIFRA,57,53,350,594.0,207900.0
2021022305011282,NIFRA,57,38,70,594.0,41580.0
2021022305011281,NIFRA,57,42,60,594.0,35640.0
2021022305011280,NIFRA,57,52,50,594.0,29700.0
2021022305011279,NIFRA,57,49,50,594.0,29700.0
2021022305011278,NIFRA,57,34,50,594.0,29700.0
2021022305011277,NIFRA,57,37,50,594.0,29700.0
2021022305011276,NIFRA,57,34,50,594.0,29700.0
2021022305011275,NIFRA,57,57,50,594.0,29700.0
2021022305011274,NIFRA,57,8,50,594.0,29700.0
2021022305011273,NIFRA,57,50,50,594.0,29700.0
2021022305011272,NIFRA,57,4,50,594.0,29700.0
2021022305011271,NIFRA,57,28,50,594.0,29700.0
2021022305011270,NIFRA,57,53,50,594.0,29700.0
2021022305011269,NIFRA,57,52,50,594.0,29700.0
2021022305011268,NIFRA,57,59,50,594.0,29700.0
2021022305011267,NIFRA,57,34,60,594.0,35640.0
2021022305011266,NIFRA,57,21,60,594.0,35640.0
2021022305011265,NIFRA,57,42,60,594.0,35640.0
2021022305011264,NIFRA,57,57,50,594.0,29700.0
2021022305011263,NIFRA,57,48,60,594.0,35640.0
2021022305011262,NIFRA,57,8,50,594.0,29700.0
2021022305011261,NIFRA,57,50,60,594.0,35640.0
2021022305011260,NIFRA,57,4,60,594.0,35640.0
2021022305011259,NIFRA,57,51,60,594.0,35640.0
2021022305011258,NIFRA,57,17,60,594.0,35640.0
2021022305011257,NIFRA,57,35,60,594.0,35640.0
2021022305011256,NIFRA,57,34,50,594.0,29700.0
2021022305011255,NIFRA,57,34,20,594.0,11880.0
2021022305011254,NIFRA,57,39,50,594.0,29700.0
2021022305011253,NIFRA,57,55,60,594.0,35640.0
2021022305011252,NIFRA,57,7,60,594.0,35640.0
2021022305011251,NIFRA,57,56,60,594.0,35640.0
2021022305011250,NIFRA,57,57,50,594.0,29700.0
2021022305011249,NIFRA,57,45,50,594.0,29700.0
2021022305011248,NIFRA,57,48,60,594.0,35640.0
2021022305011247,NIFRA,57,49,60,594.0,35640.0
2021022305011246,NIFRA,57,49,100,594.0,59400.0
2021022305011245,NIFRA,57,54,60,594.0,35640.0
2021022305011244,NIFRA,57,57,50,594.0,29700.0
2021022305011243,NIFRA,57,7,60,594.0,35640.0
2021022305011242,NIFRA,57,13,50,594.0,29700.0
2021022305011241,NIFRA,57,43,50,594.0,29700.0
2021022305011240,NIFRA,57,14,50,594.0,29700.0
2021022305011239,NIFRA,57,51,50,594.0,29700.0
2021022305011238,NIFRA,57,4,60,594.0,35640.0
2021022305011237,NIFRA,57,36,50,594.0,29700.0
2021022305011236,NIFRA,57,56,60,594.0,35640.0
2021022305011235,NIFRA,57,29,50,594.0,29700.0
2021022305011234,NIFRA,57,13,50,594.0,29700.0
2021022305011233,NIFRA,57,34,60,594.0,35640.0
2021022305011232,NIFRA,57,41,10,594.0,5940.0
2021022305011231,NIFRA,57,42,60,594.0,35640.0
2021022305011230,NIFRA,57,50,50,594.0,29700.0
2021022305011229,NIFRA,57,16,60,594.0,35640.0
2021022305011228,NIFRA,57,50,60,594.0,35640.0
2021022305011227,NIFRA,57,49,560,594.0,332640.0
2021022305011226,NIFRA,57,5,50,594.0,29700.0
2021022305011225,NIFRA,57,58,50,594.0,29700.0
2021022305011224,NIFRA,57,17,50,594.0,29700.0
2021022305011223,NIFRA,57,42,50,594.0,29700.0
2021022305011222,NIFRA,57,34,10,594.0,5940.0
2021022305011221,NIFRA,57,26,60,594.0,35640.0
2021022305011220,NIFRA,57,48,50,594.0,29700.0
2021022305011219,NIFRA,57,35,10,594.0,5940.0
2021022305011218,NIFRA,57,14,10,594.0,5940.0
2021022305011217,NIFRA,57,38,100,594.0,59400.0
2021022305011216,NIFRA,57,46,60,594.0,35640.0
2021022305011215,NIFRA,57,52,60,594.0,35640.0
2021022305011214,NIFRA,57,42,50,594.0,29700.0
2021022305011213,NIFRA,57,38,50,594.0,29700.0
2021022305011212,NIFRA,57,38,50,594.0,29700.0
2021022305011211,NIFRA,57,25,60,594.0,35640.0
2021022305011210,NIFRA,57,19,50,594.0,29700.0
2021022305011209,NIFRA,57,14,60,594.0,35640.0
2021022305011208,NIFRA,57,42,50,594.0,29700.0
2021022305011207,NIFRA,57,5,60,594.0,35640.0
2021022305011206,NIFRA,57,40,200,594.0,118800.0
2021022305011205,NIFRA,57,45,60,594.0,35640.0
2021022305011204,NIFRA,57,3,60,594.0,35640.0
2021022305011203,NIFRA,57,49,50,594.0,29700.0
2021022305011202,NIFRA,57,16,50,594.0,29700.0
2021022305011201,NIFRA,57,36,50,594.0,29700.0
2021022305011200,NIFRA,57,54,50,594.0,29700.0
2021022305011199,NIFRA,57,34,50,594.0,29700.0
2021022305011198,NIFRA,57,49,50,594.0,29700.0
2021022305011197,NIFRA,57,16,60,594.0,35640.0
2021022305011196,NIFRA,57,52,50,594.0,29700.0
2021022305011195,NIFRA,57,34,50,594.0,29700.0
2021022305011194,NIFRA,57,39,50,594.0,29700.0
2021022305011193,NIFRA,57,45,60,594.0,35640.0
2021022305011192,NIFRA,57,57,50,594.0,29700.0
2021022305011191,NIFRA,57,42,50,594.0,29700.0
2021022305011190,NIFRA,57,41,50,594.0,29700.0
2021022305011189,NIFRA,57,58,50,594.0,29700.0
2021022305011188,NIFRA,57,46,50,594.0,29700.0
2021022305011187,NIFRA,57,49,60,594.0,35640.0
2021022305011186,NIFRA,57,7,50,594.0,29700.0
2021022305011185,NIFRA,57,42,50,594.0,29700.0
2021022305011184,NIFRA,57,56,50,594.0,29700.0
2021022305011183,NIFRA,57,13,50,594.0,29700.0
2021022305011182,NIFRA,57,22,10,594.0,5940.0
2021022305011181,NIFRA,57,59,60,594.0,35640.0
2021022305011180,NIFRA,57,50,50,594.0,29700.0
2021022305011179,NIFRA,57,57,40,594.0,23760.0
2021022305011178,NIFRA,57,41,60,594.0,35640.0
2021022305011177,NIFRA,57,25,50,594.0,29700.0
2021022305011176,NIFRA,57,6,30,594.0,17820.0
2021022305011175,NIFRA,57,58,60,594.0,35640.0
2021022305011174,NIFRA,57,47,50,594.0,29700.0
2021022305011173,NIFRA,57,45,60,594.0,35640.0
2021022305011172,NIFRA,57,21,50,594.0,29700.0
2021022305011171,NIFRA,57,49,50,594.0,29700.0
2021022305011170,NIFRA,57,34,60,594.0,35640.0
2021022305011169,NIFRA,57,7,50,594.0,29700.0
2021022305011168,NIFRA,57,47,50,594.0,29700.0
2021022305011167,NIFRA,57,45,50,594.0,29700.0
2021022305011166,NIFRA,57,47,50,594.0,29700.0
2021022305011165,NIFRA,57,29,50,594.0,29700.0
2021022305011164,NIFRA,57,38,50,594.0,29700.0
2021022305011163,NIFRA,57,41,60,594.0,35640.0
2021022305011162,NIFRA,57,28,50,594.0,29700.0
2021022305011161,NIFRA,57,26,60,594.0,35640.0
2021022305011160,NIFRA,57,29,60,594.0,35640.0
2021022305011159,NIFRA,57,45,50,594.0,29700.0
2021022305011158,NIFRA,57,45,50,594.0,29700.0
2021022305011157,NIFRA,57,28,50,594.0,29700.0
2021022305011156,NIFRA,57,8,60,594.0,35640.0
2021022305011155,NIFRA,57,57,50,594.0,29700.0
2021022305011154,NIFRA,57,45,50,594.0,29700.0
2021022305011153,NIFRA,57,56,50,594.0,29700.0
2021022305011152,NIFRA,57,58,25,594.0,14850.0
2021022305011151,NIFRA,57,3,50,594.0,29700.0
2021022305011150,NIFRA,57,13,50,594.0,29700.0
2021022305011149,NIFRA,57,21,50,594.0,29700.0
2021022305011148,NIFRA,57,49,60,594.0,35640.0
2021022305011147,NIFRA,57,50,50,594.0,29700.0
2021022305011146,NIFRA,57,16,60,594.0,35640.0
2021022305011145,NIFRA,57,11,60,594.0,35640.0
2021022305011144,NIFRA,57,44,60,594.0,35640.0
2021022305011143,NIFRA,57,35,50,594.0,29700.0
2021022305011142,NIFRA,57,58,50,594.0,29700.0
2021022305011141,NIFRA,57,21,60,594.0,35640.0
2021022305011140,NIFRA,57,57,50,594.0,29700.0
2021022305011139,NIFRA,57,34,50,594.0,29700.0
2021022305011138,NIFRA,57,29,50,594.0,29700.0
2021022305011137,NIFRA,57,42,50,594.0,29700.0
2021022305011136,NIFRA,57,53,50,594.0,29700.0
2021022305011135,NIFRA,57,37,50,594.0,29700.0
2021022305011134,NIFRA,57,36,60,594.0,35640.0
2021022305011133,NIFRA,57,21,60,594.0,35640.0
2021022305011132,NIFRA,57,57,50,594.0,29700.0
2021022305011131,NIFRA,57,52,50,594.0,29700.0
2021022305011130,NIFRA,57,28,50,594.0,29700.0
2021022305011129,NIFRA,57,14,50,594.0,29700.0
2021022305011128,NIFRA,57,33,50,594.0,29700.0
2021022305011127,NIFRA,57,22,20,594.0,11880.0
2021022305011126,NIFRA,57,35,50,594.0,29700.0
2021022305011125,NIFRA,57,59,50,594.0,29700.0
2021022305011124,NIFRA,57,35,50,594.0,29700.0
2021022305011123,NIFRA,57,20,260,594.0,154440.0
2021022305011122,NIFRA,57,7,50,594.0,29700.0
2021022305011121,NIFRA,57,48,60,594.0,35640.0
2021022305011120,NIFRA,57,25,60,594.0,35640.0
2021022305011119,NIFRA,57,34,50,594.0,29700.0
2021022305011118,NIFRA,57,4,50,594.0,29700.0
2021022305011117,NIFRA,57,45,50,594.0,29700.0
2021022305011116,NIFRA,57,22,50,594.0,29700.0
2021022305011115,NIFRA,57,45,350,594.0,207900.0
2021022305011114,NIFRA,57,39,50,594.0,29700.0
2021022305011113,NIFRA,57,34,50,594.0,29700.0
2021022305011112,NIFRA,57,25,50,594.0,29700.0
2021022305011111,NIFRA,57,58,60,594.0,35640.0
2021022305011110,NIFRA,57,57,500,594.0,297000.0
2021022305011109,NIFRA,57,57,50,594.0,29700.0
2021022305011108,NIFRA,57,14,50,594.0,29700.0
2021022305011107,NIFRA,57,19,50,594.0,29700.0
2021022305011106,NIFRA,57,45,50,594.0,29700.0
2021022305011105,NIFRA,57,26,960,594.0,570240.0
2021022305011104,NIFRA,57,8,300,594.0,178200.0
2021022305011103,NIFRA,57,1,60,594.0,35640.0
2021022305011102,NIFRA,57,14,30,594.0,17820.0
2021022305011101,NIFRA,57,10,60,594.0,35640.0
2021022305011100,NIFRA,57,59,50,594.0,29700.0
2021022305011099,NIFRA,57,47,50,594.0,29700.0
2021022305011098,NIFRA,57,48,50,594.0,29700.0
2021022305011097,NIFRA,57,4,60,594.0,35640.0
2021022305011096,NIFRA,57,7,50,594.0,29700.0
2021022305011095,NIFRA,57,19,20,594.0,11880.0
2021022305011094,NIFRA,57,10,60,594.0,35640.0
2021022305011093,NIFRA,57,36,50,594.0,29700.0
2021022305011092,NIFRA,57,49,60,594.0,35640.0
2021022305011091,NIFRA,57,5,60,594.0,35640.0
2021022305011090,NIFRA,57,53,150,594.0,89100.0
2021022305011089,NIFRA,57,4,60,594.0,35640.0
2021022305011088,NIFRA,57,46,50,594.0,29700.0
2021022305011087,NIFRA,57,14,250,594.0,148500.0
2021022305011086,NIFRA,57,34,50,594.0,29700.0
2021022305011085,NIFRA,57,34,50,594.0,29700.0
2021022305011084,NIFRA,57,52,50,594.0,29700.0
2021022305011083,NIFRA,57,35,50,594.0,29700.0
2021022305011082,NIFRA,57,10,50,594.0,29700.0
2021022305011081,NIFRA,57,45,300,594.0,178200.0
2021022305011080,NIFRA,57,46,50,594.0,29700.0
2021022305011079,NIFRA,57,34,50,594.0,29700.0
2021022305011078,NIFRA,57,39,60,594.0,35640.0
2021022305011077,NIFRA,57,17,50,594.0,29700.0
2021022305011076,NIFRA,57,37,60,594.0,35640.0
2021022305011075,NIFRA,57,53,50,594.0,29700.0
2021022305011074,NIFRA,57,19,10,594.0,5940.0
2021022305011073,NIFRA,57,49,200,594.0,118800.0
2021022305011072,NIFRA,57,34,50,594.0,29700.0
2021022305011071,NIFRA,57,16,50,594.0,29700.0
2021022305011070,NIFRA,57,49,40,594.0,23760.0
2021022305011069,NIFRA,57,58,500,594.0,297000.0
2021022305011068,NIFRA,57,1,60,594.0,35640.0
2021022305011067,NIFRA,57,45,50,594.0,29700.0
2021022305011066,NIFRA,57,10,50,594.0,29700.0
2021022305011065,NIFRA,57,29,60,594.0,35640.0
2021022305011064,NIFRA,57,45,60,594.0,35640.0
2021022305011063,NIFRA,57,43,10,594.0,5940.0
2021022305011062,NIFRA,57,57,60,594.0,35640.0
2021022305011061,NIFRA,57,4,40,594.0,23760.0
2021022305011060,NIFRA,57,57,50,594.0,29700.0
2021022305011059,NIFRA,57,4,50,594.0,29700.0
2021022305011058,NIFRA,57,47,50,594.0,29700.0
2021022305011057,NIFRA,57,57,60,594.0,35640.0
2021022305011056,NIFRA,57,42,35,594.0,20790.0
2021022305011055,NIFRA,57,13,200,594.0,118800.0
2021022305011054,NIFRA,57,7,50,594.0,29700.0
2021022305011053,NIFRA,57,21,60,594.0,35640.0
2021022305011052,NIFRA,57,36,50,594.0,29700.0
2021022305011051,NIFRA,57,34,500,594.0,297000.0
2021022305011050,NIFRA,57,57,60,594.0,35640.0
2021022305011049,NIFRA,57,57,50,594.0,29700.0
2021022305011048,NIFRA,57,41,50,594.0,29700.0
2021022305011047,NIFRA,57,59,50,594.0,29700.0
2021022305011046,NIFRA,57,53,50,594.0,29700.0
2021022305011045,NIFRA,57,26,50,594.0,29700.0
2021022305011044,NIFRA,57,50,50,594.0,29700.0
2021022305011043,NIFRA,57,36,60,594.0,35640.0
2021022305011042,NIFRA,57,36,50,594.0,29700.0
2021022305011041,NIFRA,57,25,50,594.0,29700.0
2021022305011040,NIFRA,57,22,50,594.0,29700.0
2021022305011039,NIFRA,57,51,50,594.0,29700.0
2021022305011038,NIFRA,57,58,50,594.0,29700.0
2021022305011037,NIFRA,57,58,50,594.0,29700.0
2021022305011036,NIFRA,57,49,60,594.0,35640.0
2021022305011035,NIFRA,57,43,60,594.0,35640.0
2021022305011034,NIFRA,57,21,20,594.0,11880.0
2021022305011033,NIFRA,57,26,50,594.0,29700.0
2021022305011032,NIFRA,57,41,20,594.0,11880.0
2021022305011031,NIFRA,57,58,60,594.0,35640.0
2021022305011030,NIFRA,57,13,50,594.0,29700.0
2021022305011029,NIFRA,57,21,30,594.0,17820.0
2021022305011028,NIFRA,57,57,50,594.0,29700.0
2021022305011027,NIFRA,57,39,60,594.0,35640.0
2021022305011026,NIFRA,57,32,50,594.0,29700.0
2021022305011025,NIFRA,57,57,50,594.0,29700.0
2021022305011024,NIFRA,57,5,60,594.0,35640.0
2021022305011023,NIFRA,57,5,560,594.0,332640.0
2021022305011022,NIFRA,57,7,50,594.0,29700.0
2021022305011021,NIFRA,57,26,50,594.0,29700.0
2021022305011020,NIFRA,57,4,60,594.0,35640.0
2021022305011019,NIFRA,57,52,50,594.0,29700.0
2021022305011018,NIFRA,57,19,50,594.0,29700.0
2021022305011017,NIFRA,57,41,60,594.0,35640.0
2021022305011016,NIFRA,57,21,50,594.0,29700.0
2021022305011015,NIFRA,57,49,60,594.0,35640.0
2021022305011014,NIFRA,57,35,50,594.0,29700.0
2021022305011013,NIFRA,57,45,30,594.0,17820.0
2021022305011012,NIFRA,57,4,60,594.0,35640.0
2021022305011011,NIFRA,57,50,60,594.0,35640.0
2021022305011010,NIFRA,57,29,50,594.0,29700.0
2021022305011009,NIFRA,57,38,50,594.0,29700.0
2021022305011008,NIFRA,57,26,60,594.0,35640.0
2021022305011007,NIFRA,57,57,50,594.0,29700.0
2021022305011006,NIFRA,57,52,60,594.0,35640.0
2021022305011005,NIFRA,57,14,60,594.0,35640.0
2021022305011004,NIFRA,57,25,50,594.0,29700.0
2021022305011003,NIFRA,57,34,50,594.0,29700.0
2021022305011002,NIFRA,57,34,60,594.0,35640.0
2021022305011001,NIFRA,57,35,"2,000",594.0,1188000.0
2021022305011000,NIFRA,57,16,60,594.0,35640.0
2021022305010999,NIFRA,57,41,50,594.0,29700.0
2021022305010998,NIFRA,57,49,50,594.0,29700.0
2021022305010997,NIFRA,57,22,50,594.0,29700.0
2021022305010996,NIFRA,57,7,50,594.0,29700.0
2021022305010995,NIFRA,57,28,60,594.0,35640.0
2021022305010994,NIFRA,57,46,50,594.0,29700.0
2021022305010993,NIFRA,57,29,60,594.0,35640.0
2021022305010992,NIFRA,57,38,50,594.0,29700.0
2021022305010991,NIFRA,57,14,110,594.0,65340.0
2021022305010990,NIFRA,57,41,60,594.0,35640.0
2021022305010989,NIFRA,57,1,50,594.0,29700.0
2021022305010988,NIFRA,57,55,50,594.0,29700.0
2021022305010987,NIFRA,57,34,60,594.0,35640.0
2021022305010986,NIFRA,57,45,60,594.0,35640.0
2021022305010985,NIFRA,57,42,60,594.0,35640.0
2021022305010984,NIFRA,57,32,50,594.0,29700.0
2021022305010983,NIFRA,57,42,50,594.0,29700.0
2021022305010982,NIFRA,57,52,50,594.0,29700.0
2021022305010981,NIFRA,57,53,60,594.0,35640.0
2021022305010980,NIFRA,57,59,50,594.0,29700.0
2021022305010979,NIFRA,57,34,50,594.0,29700.0
2021022305010978,NIFRA,57,36,60,594.0,35640.0
2021022305010977,NIFRA,57,25,50,594.0,29700.0
2021022305010976,NIFRA,57,52,50,594.0,29700.0
2021022305010975,NIFRA,57,58,50,594.0,29700.0
2021022305010974,NIFRA,57,49,50,594.0,29700.0
2021022305010973,NIFRA,57,7,300,594.0,178200.0
2021022305010972,NIFRA,57,8,60,594.0,35640.0
2021022305010971,NIFRA,57,21,50,594.0,29700.0
2021022305010970,NIFRA,57,48,50,594.0,29700.0
2021022305010969,NIFRA,57,22,50,594.0,29700.0
2021022305010968,NIFRA,57,16,60,594.0,35640.0
2021022305010967,NIFRA,57,45,50,594.0,29700.0
2021022305010966,NIFRA,57,57,50,594.0,29700.0
2021022305010965,NIFRA,57,41,40,594.0,23760.0
2021022305010964,NIFRA,57,32,50,594.0,29700.0
2021022305010963,NIFRA,57,58,60,594.0,35640.0
2021022305010962,NIFRA,57,21,50,594.0,29700.0
2021022305010961,NIFRA,57,16,50,594.0,29700.0
2021022305010960,NIFRA,57,11,50,594.0,29700.0
2021022305010959,NIFRA,57,47,50,594.0,29700.0
2021022305010958,NIFRA,57,5,60,594.0,35640.0
2021022305010957,NIFRA,57,25,50,594.0,29700.0
2021022305010956,NIFRA,57,44,50,594.0,29700.0
2021022305010955,NIFRA,57,36,150,594.0,89100.0
2021022305010954,NIFRA,57,10,60,594.0,35640.0
2021022305010953,NIFRA,57,11,50,594.0,29700.0
2021022305010952,NIFRA,57,22,40,594.0,23760.0
2021022305010951,NIFRA,57,58,60,594.0,35640.0
2021022305010950,NIFRA,57,42,50,594.0,29700.0
2021022305010949,NIFRA,57,38,50,594.0,29700.0
2021022305010948,NIFRA,57,44,50,594.0,29700.0
2021022305010947,NIFRA,57,55,50,594.0,29700.0
2021022305010946,NIFRA,57,42,50,594.0,29700.0
2021022305010945,NIFRA,57,41,60,594.0,35640.0
2021022305010944,NIFRA,57,10,50,594.0,29700.0
2021022305010943,NIFRA,57,40,30,594.0,17820.0
2021022305010942,NIFRA,57,21,100,594.0,59400.0
2021022305010941,NIFRA,57,26,500,594.0,297000.0
2021022305010940,NIFRA,57,34,50,594.0,29700.0
2021022305010939,NIFRA,57,57,60,594.0,35640.0
2021022305010938,NIFRA,57,6,50,594.0,29700.0
2021022305010937,NIFRA,57,51,60,594.0,35640.0
2021022305010936,NIFRA,57,14,60,594.0,35640.0
2021022305010935,NIFRA,57,32,50,594.0,29700.0
2021022305010934,NIFRA,57,25,60,594.0,35640.0
2021022305010933,NIFRA,57,4,60,594.0,35640.0
2021022305010932,NIFRA,57,59,50,594.0,29700.0
2021022305010931,NIFRA,57,56,60,594.0,35640.0
2021022305010930,NIFRA,57,41,50,594.0,29700.0
2021022305010929,NIFRA,57,44,200,594.0,118800.0
2021022305010928,NIFRA,57,58,50,594.0,29700.0
2021022305010927,NIFRA,57,1,50,594.0,29700.0
2021022305010926,NIFRA,57,43,60,594.0,35640.0
2021022305010925,NIFRA,57,46,50,594.0,29700.0
2021022305010924,NIFRA,57,50,60,594.0,35640.0
2021022305010923,NIFRA,57,41,60,594.0,35640.0
2021022305010922,NIFRA,57,42,25,594.0,14850.0
2021022305010921,NIFRA,57,46,50,594.0,29700.0
2021022305010920,NIFRA,57,34,60,594.0,35640.0
2021022305010919,NIFRA,57,35,50,594.0,29700.0
2021022305010918,NIFRA,57,21,60,594.0,35640.0
2021022305010917,NIFRA,57,59,50,594.0,29700.0
2021022305010916,NIFRA,57,1,60,594.0,35640.0
2021022305010915,NIFRA,57,25,50,594.0,29700.0
2021022305010914,NIFRA,57,29,60,594.0,35640.0
2021022305010913,NIFRA,57,49,50,594.0,29700.0
2021022305010912,NIFRA,57,29,50,594.0,29700.0
2021022305010911,NIFRA,57,45,50,594.0,29700.0
2021022305010910,NIFRA,57,26,50,594.0,29700.0
2021022305010909,NIFRA,57,42,60,594.0,35640.0
2021022305010908,NIFRA,57,49,50,594.0,29700.0
2021022305010907,NIFRA,57,34,50,594.0,29700.0
2021022305010906,NIFRA,57,35,50,594.0,29700.0
2021022305010905,NIFRA,57,50,50,594.0,29700.0
2021022305010904,NIFRA,57,22,50,594.0,29700.0
2021022305010903,NIFRA,57,21,60,594.0,35640.0
2021022305010902,NIFRA,57,57,50,594.0,29700.0
2021022305010901,NIFRA,57,57,50,594.0,29700.0
2021022305010900,NIFRA,57,34,30,594.0,17820.0
2021022305010899,NIFRA,57,48,60,594.0,35640.0
2021022305010898,NIFRA,57,39,60,594.0,35640.0
2021022305010897,NIFRA,57,57,50,594.0,29700.0
2021022305010896,NIFRA,57,22,60,594.0,35640.0
2021022305010895,NIFRA,57,47,60,594.0,35640.0
2021022305010894,NIFRA,57,58,60,594.0,35640.0
2021022305010893,NIFRA,57,58,60,594.0,35640.0
2021022305010892,NIFRA,57,25,"1,000",594.0,594000.0
2021022305010891,NIFRA,57,55,60,594.0,35640.0
2021022305010890,NIFRA,57,50,50,594.0,29700.0
2021022305010889,NIFRA,57,21,650,594.0,386100.0
2021022305010888,NIFRA,57,57,50,594.0,29700.0
2021022305010887,NIFRA,57,40,60,594.0,35640.0
2021022305010886,NIFRA,57,57,60,594.0,35640.0
2021022305010885,NIFRA,57,57,30,594.0,17820.0
2021022305010884,NIFRA,57,57,50,594.0,29700.0
2021022305010883,NIFRA,57,36,60,594.0,35640.0
2021022305010882,NIFRA,57,58,50,594.0,29700.0
2021022305010881,NIFRA,57,22,60,594.0,35640.0
2021022305010880,NIFRA,57,21,50,594.0,29700.0
2021022305010879,NIFRA,57,5,50,594.0,29700.0
2021022305010878,NIFRA,57,57,60,594.0,35640.0
2021022305010877,NIFRA,57,48,60,594.0,35640.0
2021022305010876,NIFRA,57,33,50,594.0,29700.0
2021022305010875,NIFRA,57,5,50,594.0,29700.0
2021022305010874,NIFRA,57,57,60,594.0,35640.0
2021022305010873,NIFRA,57,34,50,594.0,29700.0
2021022305010872,NIFRA,57,57,60,594.0,35640.0
2021022305010871,NIFRA,57,57,50,594.0,29700.0
2021022305010870,NIFRA,57,6,30,594.0,17820.0
2021022305010869,NIFRA,57,58,50,594.0,29700.0
2021022305010868,NIFRA,57,58,50,594.0,29700.0
2021022305010867,NIFRA,57,42,100,594.0,59400.0
2021022305010866,NIFRA,57,5,60,594.0,35640.0
2021022305010865,NIFRA,57,35,50,594.0,29700.0
2021022305010864,NIFRA,57,33,"1,050",594.0,623700.0
2021022305010863,NIFRA,57,49,50,594.0,29700.0
2021022305010862,NIFRA,57,19,40,594.0,23760.0
2021022305010861,NIFRA,57,22,50,594.0,29700.0
2021022305010860,NIFRA,57,5,50,594.0,29700.0
2021022305010859,NIFRA,57,42,60,594.0,35640.0
2021022305010858,NIFRA,57,3,50,594.0,29700.0
2021022305010857,NIFRA,57,43,50,594.0,29700.0
2021022305010856,NIFRA,57,45,50,594.0,29700.0
2021022305010855,NIFRA,57,6,60,594.0,35640.0
2021022305010854,NIFRA,57,34,50,594.0,29700.0
2021022305010853,NIFRA,57,25,60,594.0,35640.0
2021022305010852,NIFRA,57,32,60,594.0,35640.0
2021022305010851,NIFRA,57,6,50,594.0,29700.0
2021022305010850,NIFRA,57,45,50,594.0,29700.0
2021022305010849,NIFRA,57,59,50,594.0,29700.0
2021022305010848,NIFRA,57,11,50,594.0,29700.0
2021022305010847,NIFRA,57,21,60,594.0,35640.0
2021022305010846,NIFRA,57,46,50,594.0,29700.0
2021022305010845,NIFRA,57,54,50,594.0,29700.0
2021022305010844,NIFRA,57,57,50,594.0,29700.0
2021022305010843,NIFRA,57,16,50,594.0,29700.0
2021022305010842,NIFRA,57,42,60,594.0,35640.0
2021022305010841,NIFRA,57,42,60,594.0,35640.0
2021022305010840,NIFRA,57,59,50,594.0,29700.0
2021022305010839,NIFRA,57,17,50,594.0,29700.0
2021022305010838,NIFRA,57,58,50,594.0,29700.0
2021022305010837,NIFRA,57,45,60,594.0,35640.0
2021022305010836,NIFRA,57,59,60,594.0,35640.0
2021022305010835,NIFRA,57,37,60,594.0,35640.0
2021022305010834,NIFRA,57,52,50,594.0,29700.0
2021022305010833,NIFRA,57,11,50,594.0,29700.0
2021022305010832,NIFRA,57,58,60,594.0,35640.0
2021022305010831,NIFRA,57,58,50,594.0,29700.0
2021022305010830,NIFRA,57,43,60,594.0,35640.0
2021022305010829,NIFRA,57,29,60,594.0,35640.0
2021022305010828,NIFRA,57,49,40,594.0,23760.0
2021022305010827,NIFRA,57,16,100,594.0,59400.0
2021022305010826,NIFRA,57,16,50,594.0,29700.0
2021022305010825,NIFRA,57,52,25,594.0,14850.0
2021022305010824,NIFRA,57,55,60,594.0,35640.0
2021022305010823,NIFRA,57,58,60,594.0,35640.0
2021022305010822,NIFRA,57,52,50,594.0,29700.0
2021022305010821,NIFRA,57,59,60,594.0,35640.0
2021022305010820,NIFRA,57,35,40,594.0,23760.0
2021022305010819,NIFRA,57,46,50,594.0,29700.0
2021022305010818,NIFRA,57,32,50,594.0,29700.0
2021022305010817,NIFRA,57,43,50,594.0,29700.0
2021022305010816,NIFRA,57,57,50,594.0,29700.0
2021022305010815,NIFRA,57,6,"1,000",594.0,594000.0
2021022305010814,NIFRA,57,49,50,594.0,29700.0
2021022305010813,NIFRA,57,52,60,594.0,35640.0
2021022305010812,NIFRA,57,44,60,594.0,35640.0
2021022305010811,NIFRA,57,42,60,594.0,35640.0
2021022305010810,NIFRA,57,54,50,594.0,29700.0
2021022305010809,NIFRA,57,57,60,594.0,35640.0
2021022305010808,NIFRA,57,34,60,594.0,35640.0
2021022305010807,NIFRA,57,47,50,594.0,29700.0
2021022305010806,NIFRA,57,49,50,594.0,29700.0
2021022305010805,NIFRA,57,26,310,594.0,184140.0
2021022305010804,NIFRA,44,26,100,594.0,59400.0
2021022305010803,NIFRA,52,26,500,594.0,297000.0
2021022305010802,NIFRA,8,26,50,594.0,29700.0
2021022305010801,NIFRA,58,26,50,594.0,29700.0
2021022305010800,NIFRA,33,26,40,594.0,23760.0
2021022305010799,NIFRA,33,42,60,594.0,35640.0
2021022305010798,NIFRA,33,17,50,594.0,29700.0
2021022305010797,NIFRA,33,14,50,594.0,29700.0
2021022305010796,NIFRA,33,17,50,594.0,29700.0
2021022305010795,NIFRA,33,43,50,594.0,29700.0
2021022305010794,NIFRA,26,17,10,594.0,5940.0
2021022305010793,NIFRA,26,41,100,594.0,59400.0
2021022305010792,NIFRA,26,51,60,594.0,35640.0
2021022305010791,NIFRA,26,34,60,594.0,35640.0
2021022305010790,NIFRA,26,54,50,594.0,29700.0
2021022305010789,NIFRA,26,26,50,594.0,29700.0
2021022305010788,NIFRA,26,41,20,594.0,11880.0
2021022305010787,NIFRA,26,25,30,594.0,17820.0
2021022305010786,NIFRA,26,26,60,594.0,35640.0
2021022305010785,NIFRA,26,49,50,594.0,29700.0
2021022305010784,NIFRA,26,51,60,594.0,35640.0
2021022305010783,NIFRA,26,1,50,594.0,29700.0
2021022305010782,NIFRA,26,33,60,594.0,35640.0
2021022305010781,NIFRA,26,44,50,594.0,29700.0
2021022305010780,NIFRA,26,58,50,594.0,29700.0
2021022305010779,NIFRA,26,6,50,594.0,29700.0
2021022305010778,NIFRA,26,46,50,594.0,29700.0
2021022305010777,NIFRA,26,41,60,594.0,35640.0
2021022305010776,NIFRA,26,16,30,594.0,17820.0
2021022305010775,NIFRA,26,6,50,594.0,29700.0
2021022305010774,NIFRA,34,16,20,594.0,11880.0
2021022305010773,NIFRA,34,49,50,594.0,29700.0
2021022305010772,NIFRA,34,40,150,594.0,89100.0
2021022305010771,NIFRA,6,40,100,594.0,59400.0
2021022305010770,PLI,25,17,10,805.0,8050.0
2021022305010769,NIFRA,25,40,20,594.0,11880.0
2021022305010768,NIFRA,26,40,50,594.0,29700.0
2021022305010767,NIFRA,58,40,100,594.0,59400.0
2021022305010766,NIFRA,45,40,10,594.0,5940.0
2021022305010765,NIFRA,42,40,10,594.0,5940.0
2021022305010764,NIFRA,58,40,20,594.0,11880.0
2021022305010763,NIFRA,51,40,40,594.0,23760.0
2021022305010762,NIFRA,51,22,10,594.0,5940.0
2021022305010761,NIFRA,7,22,40,594.0,23760.0
2021022305010760,NIFRA,7,22,10,594.0,5940.0
2021022305010759,NIFRA,49,22,40,594.0,23760.0
2021022305010758,NIFRA,33,28,60,594.0,35640.0
2021022305010757,NIFRA,33,44,40,594.0,23760.0
2021022305010756,CGH,48,38,10,312.0,3120.0
2021022305010755,NIFRA,40,26,1,594.0,594.0
2021022305010754,NIFRA,33,44,10,594.0,5940.0
2021022305010753,NIFRA,29,11,14,594.0,8316.0
2021022305010752,NIFRA,49,11,36,594.0,21384.0
2021022305010751,NIFRA,49,53,50,594.0,29700.0
2021022305010750,NIFRA,49,49,14,594.0,8316.0
2021022305010749,NIFRA,5,49,36,594.0,21384.0
2021022305010748,NIFRA,5,16,14,594.0,8316.0
2021022305010747,NIFRA,17,16,36,594.0,21384.0
2021022305010746,NIFRA,17,45,14,594.0,8316.0
2021022305010745,NIFRA,5,56,2,594.0,1188.0
2021022305010744,NIFRA,38,45,20,594.0,11880.0
2021022305010743,NIFRA,25,45,10,594.0,5940.0
2021022305010742,NIFRA,57,25,50,595.0,29750.0
2021022305010741,NIFRA,48,45,16,594.0,9504.0
2021022305010740,NIFRA,48,1,50,594.0,29700.0
2021022305010739,NIFRA,48,29,50,594.0,29700.0
2021022305010738,NIFRA,48,59,50,594.0,29700.0
2021022305010737,NIFRA,48,45,60,594.0,35640.0
2021022305010736,NIFRA,48,33,50,594.0,29700.0
2021022305010735,NIFRA,48,4,60,594.0,35640.0
2021022305010734,NIFRA,48,3,60,594.0,35640.0
2021022305010733,NIFRA,48,39,104,594.0,61776.0
2021022305010732,NIFRA,21,39,156,594.0,92664.0
2021022305010731,NIFRA,58,39,50,594.0,29700.0
2021022305010730,NIFRA,41,39,100,594.0,59400.0
2021022305010729,PLI,43,21,10,806.0,8060.0
2021022305010728,PLI,43,34,20,806.0,16120.0
2021022305010727,NIFRA,11,39,20,594.0,11880.0
2021022305010726,NIFRA,51,39,130,594.0,77220.0
2021022305010725,NIFRA,51,44,50,594.0,29700.0
2021022305010724,NIFRA,51,38,20,594.0,11880.0
2021022305010723,NIFRA,17,38,20,594.0,11880.0
2021022305010722,NIFRA,6,38,20,594.0,11880.0
2021022305010721,NIFRA,6,49,100,594.0,59400.0
2021022305010720,NIFRA,6,35,60,594.0,35640.0
2021022305010719,NIFRA,6,38,60,594.0,35640.0
2021022305010718,NIFRA,6,53,60,594.0,35640.0
2021022305010717,NIFRA,26,53,50,594.0,29700.0
2021022305010716,NIFRA,26,58,50,594.0,29700.0
2021022305010715,NIFRA,38,58,100,594.0,59400.0
2021022305010714,NIFRA,8,58,50,594.0,29700.0
2021022305010713,NIFRA,8,28,20,594.0,11880.0
2021022305010712,PLI,3,34,10,806.0,8060.0
2021022305010711,PLI,3,28,10,806.0,8060.0
2021022305010710,PLI,3,34,10,806.0,8060.0
2021022305010709,PLI,3,29,10,806.0,8060.0
2021022305010708,PLI,3,13,10,806.0,8060.0
2021022305010707,NIFRA,26,28,40,594.0,23760.0
2021022305010706,NIFRA,26,57,40,594.0,23760.0
2021022305010705,NIFRA,26,18,120,594.0,71280.0
2021022305010704,NIFRA,17,18,20,594.0,11880.0
2021022305010703,NIFRA,17,46,30,594.0,17820.0
2021022305010702,NIFRA,33,46,20,594.0,11880.0
2021022305010701,NIFRA,33,34,30,594.0,17820.0
2021022305010700,NIFRA,34,34,20,594.0,11880.0
2021022305010699,NIFRA,34,14,50,594.0,29700.0
2021022305010698,NIFRA,34,34,50,594.0,29700.0
2021022305010697,NIFRA,34,56,50,594.0,29700.0
2021022305010696,NIFRA,34,29,60,594.0,35640.0
2021022305010695,NIFRA,34,48,50,594.0,29700.0
2021022305010694,NIFRA,34,5,60,594.0,35640.0
2021022305010693,NIFRA,34,29,50,594.0,29700.0
2021022305010692,NIFRA,34,57,60,594.0,35640.0
2021022305010691,NIFRA,34,47,50,594.0,29700.0
2021022305010690,NIFRA,34,29,50,594.0,29700.0
2021022305010689,NIFRA,34,34,60,594.0,35640.0
2021022305010688,NIFRA,34,53,60,594.0,35640.0
2021022305010687,NIFRA,34,39,30,594.0,17820.0
2021022305010686,NIFRA,25,39,20,594.0,11880.0
2021022305010685,NIFRA,57,51,50,594.0,29700.0
2021022305010684,NIFRA,57,20,50,594.0,29700.0
2021022305010683,NIFRA,1,20,60,594.0,35640.0
2021022305010682,NIFRA,47,20,450,594.0,267300.0
2021022305010681,NIFRA,47,52,50,594.0,29700.0
2021022305010680,NIFRA,1,52,10,594.0,5940.0
2021022305010679,NIFRA,1,42,40,594.0,23760.0
2021022305010678,NIFRA,58,42,20,594.0,11880.0
2021022305010677,NIFRA,58,51,10,594.0,5940.0
2021022305010676,NIFRA,58,51,10,594.0,5940.0
2021022305010675,NIFRA,34,51,10,594.0,5940.0
2021022305010674,NIFRA,49,51,20,594.0,11880.0
2021022305010673,NIFRA,49,17,50,594.0,29700.0
2021022305010672,NIFRA,49,21,30,594.0,17820.0
2021022305010671,NIFRA,32,21,20,594.0,11880.0
2021022305010670,NIFRA,36,21,45,594.0,26730.0
2021022305010669,NIFRA,42,21,15,594.0,8910.0
2021022305010668,NIFRA,42,42,25,594.0,14850.0
2021022305010667,PLI,34,54,10,806.0,8060.0
2021022305010666,PLI,34,14,90,806.0,72540.0
2021022305010665,NIFRA,57,42,10,594.0,5940.0
2021022305010664,NIFRA,1,42,15,594.0,8910.0
2021022305010663,NIFRA,1,45,45,594.0,26730.0
2021022305010662,NIFRA,4,45,15,594.0,8910.0
2021022305010661,NIFRA,4,45,25,594.0,14850.0
2021022305010660,PLI,53,14,100,806.0,80600.0
2021022305010659,PLI,13,14,80,806.0,64480.0
2021022305010658,NIFRA,26,45,35,594.0,20790.0
2021022305010657,NIFRA,26,32,50,594.0,29700.0
2021022305010656,NIFRA,26,52,15,594.0,8910.0
2021022305010655,NIFRA,6,52,45,594.0,26730.0
2021022305010654,NIFRA,6,46,40,594.0,23760.0
2021022305010653,NIFRA,6,35,60,594.0,35640.0
2021022305010652,NIFRA,6,52,50,594.0,29700.0
2021022305010651,NIFRA,6,21,50,594.0,29700.0
2021022305010650,NIFRA,6,41,50,594.0,29700.0
2021022305010649,NIFRA,6,42,60,594.0,35640.0
2021022305010648,NIFRA,6,38,50,594.0,29700.0
2021022305010647,NIFRA,6,49,60,594.0,35640.0
2021022305010646,NIFRA,6,43,50,594.0,29700.0
2021022305010645,NIFRA,6,52,60,594.0,35640.0
2021022305010644,NIFRA,6,22,60,594.0,35640.0
2021022305010643,NIFRA,6,45,50,594.0,29700.0
2021022305010642,NIFRA,6,38,10,594.0,5940.0
2021022305010641,NIFRA,6,39,50,594.0,29700.0
2021022305010640,NIFRA,6,58,50,594.0,29700.0
2021022305010639,NIFRA,6,16,50,594.0,29700.0
2021022305010638,NIFRA,6,52,50,594.0,29700.0
2021022305010637,NIFRA,6,7,50,594.0,29700.0
2021022305010636,NIFRA,6,41,65,594.0,38610.0
2021022305010635,NIFRA,6,58,50,594.0,29700.0
2021022305010634,NIFRA,6,26,140,594.0,83160.0
2021022305010633,NIFRA,6,38,50,594.0,29700.0
2021022305010632,NIFRA,6,47,50,594.0,29700.0
2021022305010631,NIFRA,6,46,50,594.0,29700.0
2021022305010630,NIFRA,6,19,50,594.0,29700.0
2021022305010629,NIFRA,6,11,50,594.0,29700.0
2021022305010628,NIFRA,6,49,60,594.0,35640.0
2021022305010627,NIFRA,6,58,30,594.0,17820.0
2021022305010626,NIFRA,6,45,50,594.0,29700.0
2021022305010625,NIFRA,6,56,60,594.0,35640.0
2021022305010624,NIFRA,6,36,60,594.0,35640.0
2021022305010623,NIFRA,6,22,50,594.0,29700.0
2021022305010622,NIFRA,6,42,60,594.0,35640.0
2021022305010621,NIFRA,6,41,50,594.0,29700.0
2021022305010620,NIFRA,6,20,50,594.0,29700.0
2021022305010619,NIFRA,6,42,50,594.0,29700.0
2021022305010618,NIFRA,6,52,50,594.0,29700.0
2021022305010617,NIFRA,6,29,60,594.0,35640.0
2021022305010616,NIFRA,6,40,50,594.0,29700.0
2021022305010615,NIFRA,6,45,50,594.0,29700.0
2021022305010614,NIFRA,6,47,50,594.0,29700.0
2021022305010613,NIFRA,6,58,50,594.0,29700.0
2021022305010612,NIFRA,6,10,60,594.0,35640.0
2021022305010611,NIFRA,6,57,50,594.0,29700.0
2021022305010610,NIFRA,6,32,50,594.0,29700.0
2021022305010609,NIFRA,6,17,50,594.0,29700.0
2021022305010608,NIFRA,6,48,50,594.0,29700.0
2021022305010607,NIFRA,6,50,50,594.0,29700.0
2021022305010606,NIFRA,6,34,50,594.0,29700.0
2021022305010605,NIFRA,6,8,50,594.0,29700.0
2021022305010604,NIFRA,6,57,60,594.0,35640.0
2021022305010603,NIFRA,6,51,60,594.0,35640.0
2021022305010602,NIFRA,6,36,190,594.0,112860.0
2021022305010601,NIFRA,56,36,100,594.0,59400.0
2021022305010600,NIFRA,58,36,100,594.0,59400.0
2021022305010599,NIFRA,32,36,50,594.0,29700.0
2021022305010598,PLI,21,14,80,806.0,64480.0
2021022305010597,PLI,21,3,10,806.0,8060.0
2021022305010596,PLI,21,1,10,806.0,8060.0
2021022305010595,PLI,21,8,10,806.0,8060.0
2021022305010594,PLI,21,44,10,806.0,8060.0
2021022305010593,PLI,21,26,10,806.0,8060.0
2021022305010592,PLI,21,42,10,806.0,8060.0
2021022305010591,PLI,21,44,10,806.0,8060.0
2021022305010590,PLI,21,58,10,806.0,8060.0
2021022305010589,PLI,21,51,10,806.0,8060.0
2021022305010588,PLI,21,58,10,806.0,8060.0
2021022305010587,PLI,21,42,10,806.0,8060.0
2021022305010586,PLI,21,35,10,806.0,8060.0
2021022305010585,PLI,1,57,10,806.0,8060.0
2021022305010584,NIFRA,33,36,100,594.0,59400.0
2021022305010583,NIFRA,21,36,10,594.0,5940.0
2021022305010582,NIFRA,32,32,50,594.0,29700.0
2021022305010581,NIFRA,32,50,250,594.0,148500.0
2021022305010580,NIFRA,7,50,50,594.0,29700.0
2021022305010579,NIFRA,58,50,10,594.0,5940.0
2021022305010578,NIFRA,54,50,100,594.0,59400.0
2021022305010577,NIFRA,26,50,100,594.0,59400.0
2021022305010576,NIFRA,36,50,50,594.0,29700.0
2021022305010575,NIFRA,36,45,5,594.0,2970.0
2021022305010574,NIFRA,58,45,10,594.0,5940.0
2021022305010573,PLI,25,49,10,805.0,8050.0
2021022305010572,NIFRA,48,45,35,594.0,20790.0
2021022305010571,NIFRA,48,40,15,594.0,8910.0
2021022305010570,NIFRA,22,40,35,594.0,20790.0
2021022305010569,NIFRA,22,14,15,594.0,8910.0
2021022305010568,NIFRA,34,14,35,594.0,20790.0
2021022305010567,NIFRA,34,32,15,594.0,8910.0
2021022305010566,NIFRA,40,32,20,594.0,11880.0
2021022305010565,NIFRA,57,32,10,594.0,5940.0
2021022305010564,NIFRA,49,32,15,594.0,8910.0
2021022305010563,NIFRA,49,14,60,594.0,35640.0
2021022305010562,NIFRA,49,55,60,594.0,35640.0
2021022305010561,NIFRA,49,1,50,594.0,29700.0
2021022305010560,NIFRA,49,58,15,594.0,8910.0
2021022305010559,NIFRA,1,58,10,594.0,5940.0
2021022305010558,NIFRA,1,38,50,594.0,29700.0
2021022305010557,NIFRA,1,6,60,594.0,35640.0
2021022305010556,NIFRA,1,45,50,594.0,29700.0
2021022305010555,NIFRA,1,59,40,594.0,23760.0
2021022305010554,NIFRA,58,59,10,594.0,5940.0
2021022305010553,NIFRA,38,7,47,594.0,27918.0
2021022305010552,NIFRA,58,7,20,594.0,11880.0
2021022305010551,NIFRA,45,7,100,594.0,59400.0
2021022305010550,NIFRA,57,7,50,594.0,29700.0
2021022305010549,NIFRA,1,7,50,594.0,29700.0
2021022305010548,NIFRA,40,7,150,594.0,89100.0
2021022305010547,PLI,25,58,10,805.0,8050.0
2021022305010546,NIFRA,22,7,50,594.0,29700.0
2021022305010545,PLI,33,14,20,806.0,16120.0
2021022305010544,NIFRA,22,7,100,594.0,59400.0
2021022305010543,PLI,34,14,300,806.0,241800.0
2021022305010542,NIFRA,56,7,33,594.0,19602.0
2021022305010541,NIFRA,56,35,17,594.0,10098.0
2021022305010540,NIFRA,54,35,10,594.0,5940.0
2021022305010539,NIFRA,58,35,33,594.0,19602.0
2021022305010538,NIFRA,58,45,17,594.0,10098.0
2021022305010537,NIFRA,58,45,30,594.0,17820.0
2021022305010536,NIFRA,21,45,13,594.0,7722.0
2021022305010535,NIFRA,21,59,30,594.0,17820.0
2021022305010534,NIFRA,59,59,20,594.0,11880.0
2021022305010533,NIFRA,59,57,50,594.0,29700.0
2021022305010532,NIFRA,59,34,30,594.0,17820.0
2021022305010531,NIFRA,35,34,10,594.0,5940.0
2021022305010530,NIFRA,42,34,20,594.0,11880.0
2021022305010529,NIFRA,42,49,30,594.0,17820.0
2021022305010528,NIFRA,45,49,30,594.0,17820.0
2021022305010527,NIFRA,45,14,20,594.0,11880.0
2021022305010526,NIFRA,34,14,10,594.0,5940.0
2021022305010525,PLI,11,14,80,806.0,64480.0
2021022305010524,PLI,11,16,10,806.0,8060.0
2021022305010523,PLI,11,5,10,806.0,8060.0
2021022305010522,NIFRA,58,14,10,594.0,5940.0
2021022305010521,NIFRA,49,14,10,594.0,5940.0
2021022305010520,NIFRA,49,38,150,594.0,89100.0
2021022305010519,NIFRA,49,16,40,594.0,23760.0
2021022305010518,NIFRA,4,16,10,594.0,5940.0
2021022305010517,NIFRA,4,45,40,594.0,23760.0
2021022305010516,NIFRA,51,45,10,594.0,5940.0
2021022305010515,NIFRA,51,16,60,594.0,35640.0
2021022305010514,NIFRA,51,17,30,594.0,17820.0
2021022305010513,NIFRA,50,17,40,594.0,23760.0
2021022305010512,NIFRA,34,17,100,594.0,59400.0
2021022305010511,PLI,25,55,70,805.0,56350.0
2021022305010510,PLI,6,55,150,805.0,120750.0
2021022305010509,PLI,39,55,280,805.0,225400.0
2021022305010508,NIFRA,18,17,50,594.0,29700.0
2021022305010507,NIFRA,34,17,100,594.0,59400.0
2021022305010506,NIFRA,6,17,180,594.0,106920.0
2021022305010505,NIFRA,6,29,330,594.0,196020.0
2021022305010504,NIFRA,6,57,50,594.0,29700.0
2021022305010503,NIFRA,6,37,60,594.0,35640.0
2021022305010502,NIFRA,6,58,150,594.0,89100.0
2021022305010501,NIFRA,6,49,50,594.0,29700.0
2021022305010500,NIFRA,6,38,50,594.0,29700.0
2021022305010499,NIFRA,6,14,60,594.0,35640.0
2021022305010498,NIFRA,6,16,50,594.0,29700.0
2021022305010497,NIFRA,6,52,50,594.0,29700.0
2021022305010496,NIFRA,6,4,60,594.0,35640.0
2021022305010495,NIFRA,6,53,50,594.0,29700.0
2021022305010494,NIFRA,6,19,60,594.0,35640.0
2021022305010493,NIFRA,6,50,50,594.0,29700.0
2021022305010492,NIFRA,6,28,60,594.0,35640.0
2021022305010491,NIFRA,6,52,60,594.0,35640.0
2021022305010490,NIFRA,6,48,60,594.0,35640.0
2021022305010489,NIFRA,6,58,60,594.0,35640.0
2021022305010488,NIFRA,6,53,60,594.0,35640.0
2021022305010487,NIFRA,6,8,60,594.0,35640.0
2021022305010486,NIFRA,6,38,60,594.0,35640.0
2021022305010485,NIFRA,6,5,60,594.0,35640.0
2021022305010484,NIFRA,6,52,60,594.0,35640.0
2021022305010483,NIFRA,6,59,50,594.0,29700.0
2021022305010482,NIFRA,6,51,50,594.0,29700.0
2021022305010481,NIFRA,6,35,60,594.0,35640.0
2021022305010480,NIFRA,6,34,50,594.0,29700.0
2021022305010479,NIFRA,6,8,50,594.0,29700.0
2021022305010478,NIFRA,6,38,60,594.0,35640.0
2021022305010477,NIFRA,6,58,500,594.0,297000.0
2021022305010476,NIFRA,6,43,50,594.0,29700.0
2021022305010475,NIFRA,6,38,50,594.0,29700.0
2021022305010474,NIFRA,6,33,40,594.0,23760.0
2021022305010473,NIFRA,6,21,50,594.0,29700.0
2021022305010472,NIFRA,6,45,50,594.0,29700.0
2021022305010471,NIFRA,6,45,60,594.0,35640.0
2021022305010470,NIFRA,6,54,60,594.0,35640.0
2021022305010469,NIFRA,6,20,60,594.0,35640.0
2021022305010468,NIFRA,6,51,50,594.0,29700.0
2021022305010467,NIFRA,6,34,50,594.0,29700.0
2021022305010466,NIFRA,6,11,60,594.0,35640.0
2021022305010465,NIFRA,6,46,50,594.0,29700.0
2021022305010464,NIFRA,6,45,60,594.0,35640.0
2021022305010463,NIFRA,6,39,50,594.0,29700.0
2021022305010462,NIFRA,6,29,50,594.0,29700.0
2021022305010461,NIFRA,6,34,50,594.0,29700.0
2021022305010460,NIFRA,6,39,50,594.0,29700.0
2021022305010459,NIFRA,6,47,60,594.0,35640.0
2021022305010458,NIFRA,6,42,60,594.0,35640.0
2021022305010457,NIFRA,6,42,50,594.0,29700.0
2021022305010456,NIFRA,6,58,50,594.0,29700.0
2021022305010455,NIFRA,6,7,50,594.0,29700.0
2021022305010454,NIFRA,6,42,50,594.0,29700.0
2021022305010453,NIFRA,6,45,50,594.0,29700.0
2021022305010452,NIFRA,6,55,50,594.0,29700.0
2021022305010451,NIFRA,6,34,50,594.0,29700.0
2021022305010450,NIFRA,6,13,50,594.0,29700.0
2021022305010449,NIFRA,6,21,50,594.0,29700.0
2021022305010448,NIFRA,6,35,50,594.0,29700.0
2021022305010447,NIFRA,6,53,50,594.0,29700.0
2021022305010446,NIFRA,6,7,50,594.0,29700.0
2021022305010445,NIFRA,6,35,50,594.0,29700.0
2021022305010444,NIFRA,6,58,50,594.0,29700.0
2021022305010443,NIFRA,6,22,60,594.0,35640.0
2021022305010442,NIFRA,6,52,50,594.0,29700.0
2021022305010441,NIFRA,6,59,60,594.0,35640.0
2021022305010440,NIFRA,6,3,60,594.0,35640.0
2021022305010439,NIFRA,6,22,50,594.0,29700.0
2021022305010438,NIFRA,6,49,60,594.0,35640.0
2021022305010437,NIFRA,6,21,60,594.0,35640.0
2021022305010436,NIFRA,6,22,60,594.0,35640.0
2021022305010435,NIFRA,6,34,50,594.0,29700.0
2021022305010434,NIFRA,6,51,170,594.0,100980.0
2021022305010433,NIFRA,56,51,100,594.0,59400.0
2021022305010432,NIFRA,58,51,30,594.0,17820.0
2021022305010431,NIFRA,32,51,40,594.0,23760.0
2021022305010430,PLI,39,48,10,805.0,8050.0
2021022305010429,NIFRA,16,51,10,594.0,5940.0
2021022305010428,NIFRA,33,51,300,594.0,178200.0
2021022305010427,NIFRA,29,51,40,594.0,23760.0
2021022305010426,NIFRA,41,51,30,594.0,17820.0
2021022305010425,NIFRA,49,51,100,594.0,59400.0
2021022305010424,NIFRA,45,51,50,594.0,29700.0
2021022305010423,NIFRA,34,51,100,594.0,59400.0
2021022305010422,NIFRA,40,51,80,594.0,47520.0
2021022305010421,NIFRA,40,29,10,594.0,5940.0
2021022305010420,NIFRA,40,45,60,594.0,35640.0
2021022305010419,NIFRA,53,29,10,594.0,5940.0
2021022305010418,NIFRA,59,29,10,594.0,5940.0
2021022305010417,NIFRA,32,29,20,594.0,11880.0
2021022305010416,NIFRA,32,56,30,594.0,17820.0
2021022305010415,NIFRA,36,56,30,594.0,17820.0
2021022305010414,NIFRA,36,58,50,594.0,29700.0
2021022305010413,NIFRA,36,39,20,594.0,11880.0
2021022305010412,NIFRA,55,39,100,594.0,59400.0
2021022305010411,NIFRA,22,39,100,594.0,59400.0
2021022305010410,PLI,25,5,30,806.0,24180.0
2021022305010409,PLI,25,42,10,806.0,8060.0
2021022305010408,PLI,25,54,10,806.0,8060.0
2021022305010407,PLI,25,40,10,806.0,8060.0
2021022305010406,PLI,25,51,10,806.0,8060.0
2021022305010405,PLI,25,49,10,806.0,8060.0
2021022305010404,PLI,25,49,10,806.0,8060.0
2021022305010403,PLI,25,49,10,806.0,8060.0
2021022305010402,NIFRA,42,39,20,594.0,11880.0
2021022305010401,NIFRA,34,39,10,594.0,5940.0
2021022305010400,NIFRA,6,39,10,594.0,5940.0
2021022305010399,NIFRA,14,45,50,594.0,29700.0
2021022305010398,NIFRA,57,45,53,594.0,31482.0
2021022305010397,NIFRA,57,26,50,594.0,29700.0
2021022305010396,NIFRA,1,26,20,594.0,11880.0
2021022305010395,NIFRA,58,26,20,594.0,11880.0
2021022305010394,NIFRA,42,26,10,594.0,5940.0
2021022305010393,NIFRA,42,48,40,594.0,23760.0
2021022305010392,PLI,57,49,68,806.0,54808.0
2021022305010391,NIFRA,29,11,5,594.0,2970.0
2021022305010390,NIFRA,21,48,10,594.0,5940.0
2021022305010389,NIFRA,50,54,20,594.0,11880.0
2021022305010388,NIFRA,28,54,130,594.0,77220.0
2021022305010387,NIFRA,28,29,50,594.0,29700.0
2021022305010386,NIFRA,28,53,100,594.0,59400.0
2021022305010385,NIFRA,28,22,150,594.0,89100.0
2021022305010384,NIFRA,28,52,50,594.0,29700.0
2021022305010383,NIFRA,28,45,50,594.0,29700.0
2021022305010382,NIFRA,28,18,50,594.0,29700.0
2021022305010381,NIFRA,28,34,60,594.0,35640.0
2021022305010380,NIFRA,28,16,50,594.0,29700.0
2021022305010379,NIFRA,28,6,20,594.0,11880.0
2021022305010378,NIFRA,28,58,50,594.0,29700.0
2021022305010377,NIFRA,28,10,50,594.0,29700.0
2021022305010376,NIFRA,28,21,50,594.0,29700.0
2021022305010375,NIFRA,28,42,60,594.0,35640.0
2021022305010374,NIFRA,28,28,50,594.0,29700.0
2021022305010373,NIFRA,28,42,30,594.0,17820.0
2021022305010372,NIFRA,11,42,20,594.0,11880.0
2021022305010371,NIFRA,11,54,30,594.0,17820.0
2021022305010370,NIFRA,50,54,20,594.0,11880.0
2021022305010369,NIFRA,50,42,30,594.0,17820.0
2021022305010368,NIFRA,33,42,20,594.0,11880.0
2021022305010367,NIFRA,33,5,30,594.0,17820.0
2021022305010366,NIFRA,57,5,30,594.0,17820.0
2021022305010365,NIFRA,1,34,50,594.0,29700.0
2021022305010364,NIFRA,1,14,10,594.0,5940.0
2021022305010363,NIFRA,22,14,20,594.0,11880.0
2021022305010362,NIFRA,56,14,20,594.0,11880.0
2021022305010361,NIFRA,45,45,10,594.0,5940.0
2021022305010360,NIFRA,14,45,50,594.0,29700.0
2021022305010359,NIFRA,14,21,50,594.0,29700.0
2021022305010358,NIFRA,41,10,50,594.0,29700.0
2021022305010357,NIFRA,58,47,50,594.0,29700.0
2021022305010356,NIFRA,58,45,30,594.0,17820.0
2021022305010355,NIFRA,6,45,20,594.0,11880.0
2021022305010354,NIFRA,6,6,50,594.0,29700.0
2021022305010353,NIFRA,6,58,30,594.0,17820.0
2021022305010352,CGH,48,38,10,312.0,3120.0
2021022305010351,NIFRA,44,58,20,594.0,11880.0
2021022305010350,NIFRA,44,37,30,594.0,17820.0
2021022305010349,PLI,46,49,50,806.0,40300.0
2021022305010348,NIFRA,41,37,20,594.0,11880.0
2021022305010347,NIFRA,41,36,50,594.0,29700.0
2021022305010346,NIFRA,41,39,30,594.0,17820.0
2021022305010345,NIFRA,28,39,30,594.0,17820.0
2021022305010344,NIFRA,28,45,60,594.0,35640.0
2021022305010343,NIFRA,28,11,60,594.0,35640.0
2021022305010342,NIFRA,28,49,50,594.0,29700.0
2021022305010341,PLI,51,49,100,806.0,80600.0
2021022305010340,NIFRA,32,38,8,594.0,4752.0
2021022305010339,NIFRA,32,48,60,594.0,35640.0
2021022305010338,NIFRA,32,35,32,594.0,19008.0
2021022305010337,NIFRA,58,35,28,594.0,16632.0
2021022305010336,NIFRA,57,58,50,594.0,29700.0
2021022305010335,NIFRA,57,34,50,594.0,29700.0
2021022305010334,NIFRA,40,34,10,594.0,5940.0
2021022305010333,PLI,44,49,10,806.0,8060.0
2021022305010332,NIFRA,26,19,10,594.0,5940.0
2021022305010331,NIFRA,28,19,50,594.0,29700.0
2021022305010330,NIFRA,28,42,30,594.0,17820.0
2021022305010329,NIFRA,19,42,20,594.0,11880.0
2021022305010328,NIFRA,19,46,30,594.0,17820.0
2021022305010327,NIFRA,25,46,10,594.0,5940.0
2021022305010326,NIFRA,42,46,20,594.0,11880.0
2021022305010325,NIFRA,42,57,20,594.0,11880.0
2021022305010324,NIFRA,6,57,10,594.0,5940.0
2021022305010323,NIFRA,34,57,30,594.0,17820.0
2021022305010322,NIFRA,34,25,20,594.0,11880.0
2021022305010321,NIFRA,17,25,40,594.0,23760.0
2021022305010320,NIFRA,17,39,10,594.0,5940.0
2021022305010319,NIFRA,28,39,10,594.0,5940.0
2021022305010318,NIFRA,18,39,50,594.0,29700.0
2021022305010317,NIFRA,11,39,50,594.0,29700.0
2021022305010316,NIFRA,48,39,50,594.0,29700.0
2021022305010315,NIFRA,21,39,55,594.0,32670.0
2021022305010314,NIFRA,21,45,60,594.0,35640.0
2021022305010313,NIFRA,21,52,35,594.0,20790.0
2021022305010312,NIFRA,56,52,15,594.0,8910.0
2021022305010311,NIFRA,56,22,35,594.0,20790.0
2021022305010310,NIFRA,21,22,15,594.0,8910.0
2021022305010309,NIFRA,21,8,35,594.0,20790.0
2021022305010308,NIFRA,42,8,25,594.0,14850.0
2021022305010307,NIFRA,42,46,25,594.0,14850.0
2021022305010306,PLI,42,49,77,806.0,62062.0
2021022305010305,NIFRA,42,46,10,594.0,5940.0
2021022305010304,NIFRA,43,46,15,594.0,8910.0
2021022305010303,NIFRA,43,22,35,594.0,20790.0
2021022305010302,NIFRA,32,22,100,594.0,59400.0
2021022305010301,NIFRA,58,22,10,594.0,5940.0
2021022305010300,NIFRA,58,16,60,594.0,35640.0
2021022305010299,NIFRA,58,7,60,594.0,35640.0
2021022305010298,NIFRA,58,50,50,594.0,29700.0
2021022305010297,NIFRA,58,36,60,594.0,35640.0
2021022305010296,NIFRA,58,1,50,594.0,29700.0
2021022305010295,NIFRA,58,36,10,594.0,5940.0
2021022305010294,NIFRA,55,36,40,594.0,23760.0
2021022305010293,NIFRA,55,56,60,594.0,35640.0
2021022305010292,NIFRA,57,56,30,594.0,17820.0
2021022305010291,NIFRA,43,56,60,594.0,35640.0
2021022305010290,NIFRA,43,40,50,594.0,29700.0
2021022305010289,NIFRA,43,45,60,594.0,35640.0
2021022305010288,NIFRA,43,29,30,594.0,17820.0
2021022305010287,NIFRA,29,29,20,594.0,11880.0
2021022305010286,NIFRA,29,14,30,594.0,17820.0
2021022305010285,NIFRA,42,14,10,594.0,5940.0
2021022305010284,NIFRA,22,14,10,594.0,5940.0
2021022305010283,NIFRA,22,22,50,594.0,29700.0
2021022305010282,NIFRA,22,21,40,594.0,23760.0
2021022305010281,NIFRA,26,21,10,594.0,5940.0
2021022305010280,NIFRA,26,21,40,594.0,23760.0
2021022305010279,NIFRA,25,21,20,594.0,11880.0
2021022305010278,NIFRA,25,48,80,594.0,47520.0
2021022305010277,NIFRA,33,48,100,594.0,59400.0
2021022305010276,NIFRA,45,48,100,594.0,59400.0
2021022305010275,NIFRA,49,48,200,594.0,118800.0
2021022305010274,NIFRA,48,48,50,594.0,29700.0
2021022305010273,NIFRA,1,48,20,594.0,11880.0
2021022305010272,NIFRA,1,39,30,594.0,17820.0
2021022305010271,NIFRA,5,39,20,594.0,11880.0
2021022305010270,NIFRA,14,39,10,594.0,5940.0
2021022305010269,NIFRA,5,39,10,594.0,5940.0
2021022305010268,NIFRA,39,39,350,594.0,207900.0
2021022305010267,NIFRA,50,39,80,594.0,47520.0
2021022305010266,NIFRA,50,4,60,594.0,35640.0
2021022305010265,NIFRA,50,14,60,594.0,35640.0
2021022305010264,NIFRA,36,38,15,594.0,8910.0
2021022305010263,NIFRA,49,38,35,594.0,20790.0
2021022305010262,NIFRA,49,42,15,594.0,8910.0
2021022305010261,NIFRA,45,42,35,594.0,20790.0
2021022305010260,NIFRA,45,40,15,594.0,8910.0
2021022305010259,NIFRA,41,40,30,594.0,17820.0
2021022305010258,NIFRA,43,40,15,594.0,8910.0
2021022305010257,NIFRA,43,43,50,594.0,29700.0
2021022305010256,NIFRA,43,44,35,594.0,20790.0
2021022305010255,NIFRA,25,44,10,594.0,5940.0
2021022305010254,NIFRA,34,44,15,594.0,8910.0
2021022305010253,NIFRA,40,44,100,594.0,59400.0
2021022305010252,NIFRA,49,44,40,594.0,23760.0
2021022305010251,NIFRA,55,44,30,594.0,17820.0
2021022305010250,NIFRA,40,44,50,594.0,29700.0
2021022305010249,NIFRA,41,44,50,594.0,29700.0
2021022305010248,PLI,38,49,25,806.0,20150.0
2021022305010247,NIFRA,34,44,30,594.0,17820.0
2021022305010246,NIFRA,42,44,140,594.0,83160.0
2021022305010245,NIFRA,42,46,50,594.0,29700.0
2021022305010244,NIFRA,42,34,50,594.0,29700.0
2021022305010243,NIFRA,42,6,50,594.0,29700.0
2021022305010242,NIFRA,42,7,50,594.0,29700.0
2021022305010241,NIFRA,42,7,10,594.0,5940.0
2021022305010240,NIFRA,1,7,10,594.0,5940.0
2021022305010239,NIFRA,56,7,30,594.0,17820.0
2021022305010238,NIFRA,56,58,20,594.0,11880.0
2021022305010237,NIFRA,56,58,30,594.0,17820.0
2021022305010236,NIFRA,56,58,50,594.0,29700.0
2021022305010235,NIFRA,56,40,50,594.0,29700.0
2021022305010234,NIFRA,56,42,60,594.0,35640.0
2021022305010233,NIFRA,56,57,10,594.0,5940.0
2021022305010232,NIFRA,45,57,40,594.0,23760.0
2021022305010231,NIFRA,45,41,60,594.0,35640.0
2021022305010230,NIFRA,45,57,60,594.0,35640.0
2021022305010229,NIFRA,45,44,30,594.0,17820.0
2021022305010228,NIFRA,40,44,10,594.0,5940.0
2021022305010227,PLI,13,49,80,806.0,64480.0
2021022305010226,NIFRA,58,32,10,594.0,5940.0
2021022305010225,NIFRA,32,32,40,594.0,23760.0
2021022305010224,NIFRA,32,35,50,594.0,29700.0
2021022305010223,NIFRA,32,17,40,594.0,23760.0
2021022305010222,NIFRA,34,17,10,594.0,5940.0
2021022305010221,NIFRA,34,57,60,594.0,35640.0
2021022305010220,NIFRA,34,11,60,594.0,35640.0
2021022305010219,NIFRA,34,45,50,594.0,29700.0
2021022305010218,NIFRA,34,37,50,594.0,29700.0
2021022305010217,NIFRA,34,22,60,594.0,35640.0
2021022305010216,NIFRA,34,41,60,594.0,35640.0
2021022305010215,NIFRA,34,21,80,594.0,47520.0
2021022305010214,NIFRA,34,53,50,594.0,29700.0
2021022305010213,NIFRA,34,16,20,594.0,11880.0
2021022305010212,NIFRA,50,16,20,594.0,11880.0
2021022305010211,NIFRA,38,16,10,594.0,5940.0
2021022305010210,NIFRA,38,16,50,594.0,29700.0
2021022305010209,NIFRA,38,47,50,594.0,29700.0
2021022305010208,NIFRA,38,57,350,594.0,207900.0
2021022305010207,NIFRA,38,43,60,594.0,35640.0
2021022305010206,NIFRA,38,11,50,594.0,29700.0
2021022305010205,NIFRA,38,1,60,594.0,35640.0
2021022305010204,NIFRA,38,39,60,594.0,35640.0
2021022305010203,NIFRA,38,19,250,594.0,148500.0
2021022305010202,NIFRA,38,5,60,594.0,35640.0
2021022305010201,NIFRA,34,35,50,594.0,29700.0
2021022305010200,NIFRA,34,43,50,594.0,29700.0
2021022305010199,NIFRA,34,43,10,594.0,5940.0
2021022305010198,NIFRA,34,45,60,594.0,35640.0
2021022305010197,NIFRA,34,52,30,594.0,17820.0
2021022305010196,NIFRA,34,52,20,594.0,11880.0
2021022305010195,NIFRA,34,28,60,594.0,35640.0
2021022305010194,NIFRA,34,22,20,594.0,11880.0
2021022305010193,NIFRA,4,14,10,594.0,5940.0
2021022305010192,NIFRA,26,14,40,594.0,23760.0
2021022305010191,NIFRA,26,25,10,594.0,5940.0
2021022305010190,NIFRA,57,25,40,594.0,23760.0
2021022305010189,NIFRA,57,42,60,594.0,35640.0
2021022305010188,NIFRA,58,26,2,594.0,1188.0
2021022305010187,NIFRA,13,16,50,594.0,29700.0
2021022305010186,NIFRA,13,41,50,594.0,29700.0
2021022305010185,NIFRA,13,42,50,594.0,29700.0
2021022305010184,NIFRA,13,41,200,594.0,118800.0
2021022305010183,NIFRA,13,58,50,594.0,29700.0
2021022305010182,NIFRA,13,13,40,594.0,23760.0
2021022305010181,NIFRA,26,13,10,594.0,5940.0
2021022305010180,NIFRA,57,40,50,594.0,29700.0
2021022305010179,NIFRA,14,40,10,594.0,5940.0
2021022305010178,NIFRA,14,32,60,594.0,35640.0
2021022305010177,NIFRA,14,38,50,594.0,29700.0
2021022305010176,NIFRA,14,34,50,594.0,29700.0
2021022305010175,NIFRA,14,58,50,594.0,29700.0
2021022305010174,NIFRA,14,52,50,594.0,29700.0
2021022305010173,NIFRA,14,14,50,594.0,29700.0
2021022305010172,NIFRA,14,36,60,594.0,35640.0
2021022305010171,NIFRA,14,13,50,594.0,29700.0
2021022305010170,NIFRA,14,41,60,594.0,35640.0
2021022305010169,NIFRA,14,39,10,594.0,5940.0
2021022305010168,PLI,36,49,10,806.0,8060.0
2021022305010167,NIFRA,49,39,50,594.0,29700.0
2021022305010166,NIFRA,41,59,50,594.0,29700.0
2021022305010165,NIFRA,1,4,10,594.0,5940.0
2021022305010164,NIFRA,38,4,50,594.0,29700.0
2021022305010163,NIFRA,38,58,50,594.0,29700.0
2021022305010162,NIFRA,17,34,50,594.0,29700.0
2021022305010161,NIFRA,36,34,10,594.0,5940.0
2021022305010160,NIFRA,22,29,50,594.0,29700.0
2021022305010159,NIFRA,13,29,10,594.0,5940.0
2021022305010158,NIFRA,13,14,10,594.0,5940.0
2021022305010157,NIFRA,41,14,50,594.0,29700.0
2021022305010156,NIFRA,41,46,50,594.0,29700.0
2021022305010155,NIFRA,41,14,40,594.0,23760.0
2021022305010154,NIFRA,41,25,60,594.0,35640.0
2021022305010153,NIFRA,45,14,10,594.0,5940.0
2021022305010152,NIFRA,45,41,40,594.0,23760.0
2021022305010151,NIFRA,35,41,10,594.0,5940.0
2021022305010150,NIFRA,49,1,30,594.0,17820.0
2021022305010149,NIFRA,58,1,20,594.0,11880.0
2021022305010148,NIFRA,58,21,30,594.0,17820.0
2021022305010147,NIFRA,58,21,20,594.0,11880.0
2021022305010146,NIFRA,57,32,20,594.0,11880.0
2021022305010145,NIFRA,33,32,10,594.0,5940.0
2021022305010144,NIFRA,16,32,20,594.0,11880.0
2021022305010143,NIFRA,16,58,30,594.0,17820.0
2021022305010142,NIFRA,45,58,30,594.0,17820.0
2021022305010141,NIFRA,45,58,50,594.0,29700.0
2021022305010140,NIFRA,45,35,20,594.0,11880.0
2021022305010139,NIFRA,4,35,10,594.0,5940.0
2021022305010138,PLI,25,49,10,806.0,8060.0
2021022305010137,NIFRA,49,35,10,594.0,5940.0
2021022305010136,NIFRA,49,44,60,594.0,35640.0
2021022305010135,NIFRA,49,21,50,594.0,29700.0
2021022305010134,NIFRA,49,52,60,594.0,35640.0
2021022305010133,NIFRA,49,6,20,594.0,11880.0
2021022305010132,NIFRA,38,6,40,594.0,23760.0
2021022305010131,NIFRA,38,5,60,594.0,35640.0
2021022305010130,NIFRA,32,13,50,594.0,29700.0
2021022305010129,NIFRA,39,42,60,594.0,35640.0
2021022305010128,NIFRA,39,34,50,594.0,29700.0
2021022305010127,NIFRA,39,16,60,594.0,35640.0
2021022305010126,NIFRA,39,38,60,594.0,35640.0
2021022305010125,NIFRA,39,51,50,594.0,29700.0
2021022305010124,NIFRA,39,35,60,594.0,35640.0
2021022305010123,NIFRA,39,34,50,594.0,29700.0
2021022305010122,NIFRA,39,52,60,594.0,35640.0
2021022305010121,NIFRA,39,36,45,594.0,26730.0
2021022305010120,NIFRA,34,36,15,594.0,8910.0
2021022305010119,NIFRA,34,36,50,594.0,29700.0
2021022305010118,NIFRA,34,40,50,594.0,29700.0
2021022305010117,NIFRA,34,45,35,594.0,20790.0
2021022305010116,NIFRA,34,36,50,594.0,29700.0
2021022305010115,NIFRA,54,45,25,594.0,14850.0
2021022305010114,NIFRA,54,38,60,594.0,35640.0
2021022305010113,NIFRA,54,33,15,594.0,8910.0
2021022305010112,NIFRA,38,33,15,594.0,8910.0
2021022305010111,NIFRA,51,33,30,594.0,17820.0
2021022305010110,NIFRA,42,49,50,594.0,29700.0
2021022305010109,NIFRA,55,49,60,594.0,35640.0
2021022305010108,NIFRA,55,41,40,594.0,23760.0
2021022305010107,NIFRA,54,41,10,594.0,5940.0
2021022305010106,NIFRA,54,44,50,594.0,29700.0
2021022305010105,NIFRA,54,32,50,594.0,29700.0
2021022305010104,NIFRA,54,5,30,594.0,17820.0
2021022305010103,NIFRA,54,42,60,594.0,35640.0
2021022305010102,NIFRA,54,45,50,594.0,29700.0
2021022305010101,NIFRA,42,22,50,594.0,29700.0
2021022305010100,NIFRA,14,45,10,594.0,5940.0
2021022305010099,NIFRA,14,25,40,594.0,23760.0
2021022305010098,PLI,39,45,10,805.0,8050.0
2021022305010097,NIFRA,38,25,50,594.0,29700.0
2021022305010096,PLI,13,49,60,806.0,48360.0
2021022305010095,CGH,48,38,10,312.0,3120.0
2021022305010094,NIFRA,34,25,10,594.0,5940.0
2021022305010093,NIFRA,54,58,60,594.0,35640.0
2021022305010092,NIFRA,54,29,50,594.0,29700.0
2021022305010091,NIFRA,54,51,160,594.0,95040.0
2021022305010090,NIFRA,54,53,50,594.0,29700.0
2021022305010089,NIFRA,54,39,60,594.0,35640.0
2021022305010088,NIFRA,54,6,50,594.0,29700.0
2021022305010087,NIFRA,54,22,50,594.0,29700.0
2021022305010086,NIFRA,54,14,50,594.0,29700.0
2021022305010085,NIFRA,54,46,50,594.0,29700.0
2021022305010084,NIFRA,54,49,60,594.0,35640.0
2021022305010083,NIFRA,54,32,50,594.0,29700.0
2021022305010082,NIFRA,54,32,50,594.0,29700.0
2021022305010081,NIFRA,54,49,10,594.0,5940.0
2021022305010080,NIFRA,40,49,50,594.0,29700.0
2021022305010079,NIFRA,40,45,50,594.0,29700.0
2021022305010078,NIFRA,40,51,50,594.0,29700.0
2021022305010077,NIFRA,40,7,50,594.0,29700.0
2021022305010076,NIFRA,22,22,40,594.0,23760.0
2021022305010075,NIFRA,55,22,10,594.0,5940.0
2021022305010074,NIFRA,58,22,10,594.0,5940.0
2021022305010073,NIFRA,5,21,50,594.0,29700.0
2021022305010072,NIFRA,54,14,5,594.0,2970.0
2021022305010071,NIFRA,34,14,45,594.0,26730.0
2021022305010070,NIFRA,34,55,40,594.0,23760.0
2021022305010069,NIFRA,58,55,10,594.0,5940.0
2021022305010068,NIFRA,58,34,10,594.0,5940.0
2021022305010067,NIFRA,52,34,10,594.0,5940.0
2021022305010066,NIFRA,34,34,30,594.0,17820.0
2021022305010065,NIFRA,34,1,60,594.0,35640.0
2021022305010064,NIFRA,34,33,10,594.0,5940.0
2021022305010063,NIFRA,20,33,40,594.0,23760.0
2021022305010062,NIFRA,20,11,20,594.0,11880.0
2021022305010061,NIFRA,11,11,10,594.0,5940.0
2021022305010060,NIFRA,44,11,20,594.0,11880.0
2021022305010059,NIFRA,44,21,60,594.0,35640.0
2021022305010058,NIFRA,44,4,20,594.0,11880.0
2021022305010057,NIFRA,47,4,30,594.0,17820.0
2021022305010056,NIFRA,47,16,60,594.0,35640.0
2021022305010055,NIFRA,47,22,10,594.0,5940.0
2021022305010054,NIFRA,26,22,50,594.0,29700.0
2021022305010053,NIFRA,26,47,50,594.0,29700.0
2021022305010052,NIFRA,26,42,50,594.0,29700.0
2021022305010051,NIFRA,26,58,50,594.0,29700.0
2021022305010050,NIFRA,34,58,20,594.0,11880.0
2021022305010049,NIFRA,16,58,30,594.0,17820.0
2021022305010048,NIFRA,16,25,50,594.0,29700.0
2021022305010047,NIFRA,16,44,60,594.0,35640.0
2021022305010046,NIFRA,16,52,60,594.0,35640.0
2021022305010045,NIFRA,16,32,60,594.0,35640.0
2021022305010044,NIFRA,16,48,50,594.0,29700.0
2021022305010043,NIFRA,16,3,50,594.0,29700.0
2021022305010042,NIFRA,16,21,50,594.0,29700.0
2021022305010041,NIFRA,16,21,50,594.0,29700.0
2021022305010040,NIFRA,16,45,60,594.0,35640.0
2021022305010039,NIFRA,16,59,50,594.0,29700.0
2021022305010038,NIFRA,16,42,50,594.0,29700.0
2021022305010037,NIFRA,16,19,50,594.0,29700.0
2021022305010036,NIFRA,16,16,60,594.0,35640.0
2021022305010035,NIFRA,16,48,50,594.0,29700.0
2021022305010034,NIFRA,16,46,50,594.0,29700.0
2021022305010033,NIFRA,16,41,50,594.0,29700.0
2021022305010032,NIFRA,16,38,50,594.0,29700.0
2021022305010031,NIFRA,16,58,30,594.0,17820.0
2021022305010030,NIFRA,16,58,40,594.0,23760.0
2021022305010029,NIFRA,57,58,20,594.0,11880.0
2021022305010028,NIFRA,57,53,60,594.0,35640.0
2021022305010027,NIFRA,57,48,10,594.0,5940.0
2021022305010026,NIFRA,59,48,20,594.0,11880.0
2021022305010025,NIFRA,59,40,50,594.0,29700.0
2021022305010024,NIFRA,59,49,30,594.0,17820.0
2021022305010023,NIFRA,1,49,20,594.0,11880.0
2021022305010022,NIFRA,1,38,50,594.0,29700.0
2021022305010021,NIFRA,1,34,30,594.0,17820.0
2021022305010020,NIFRA,6,34,30,594.0,17820.0
2021022305010019,NIFRA,6,11,10,594.0,5940.0
2021022305010018,PLI,57,49,10,806.0,8060.0
2021022305010017,PLI,57,6,10,806.0,8060.0
2021022305010016,PLI,57,41,10,806.0,8060.0
2021022305010015,PLI,57,34,10,806.0,8060.0
2021022305010014,PLI,57,34,10,806.0,8060.0
2021022305010013,PLI,57,34,10,806.0,8060.0
2021022305010012,PLI,57,58,10,806.0,8060.0
2021022305010011,NIFRA,35,11,40,594.0,23760.0
2021022305010010,NIFRA,35,42,60,594.0,35640.0
2021022305010009,NIFRA,5,48,20,594.0,11880.0
2021022305010008,NIFRA,59,48,40,594.0,23760.0
2021022305010007,NIFRA,59,25,10,594.0,5940.0
2021022305010006,NIFRA,6,25,20,594.0,11880.0
2021022305010005,NIFRA,6,58,40,594.0,23760.0
2021022305010004,NIFRA,45,58,10,594.0,5940.0
2021022305010003,NIFRA,45,7,30,594.0,17820.0
2021022305010002,NIFRA,45,38,50,594.0,29700.0
2021022305010001,NIFRA,45,54,30,594.0,17820.0
2021022305010000,NIFRA,45,36,60,594.0,35640.0
2021022305009999,NIFRA,45,34,60,594.0,35640.0
2021022305009998,NIFRA,45,21,50,594.0,29700.0
2021022305009997,NIFRA,45,16,50,594.0,29700.0
2021022305009996,NIFRA,45,57,60,594.0,35640.0
2021022305009995,NIFRA,45,45,60,594.0,35640.0
2021022305009994,NIFRA,45,45,40,594.0,23760.0
2021022305009993,NIFRA,49,45,20,594.0,11880.0
2021022305009992,NIFRA,49,6,50,594.0,29700.0
2021022305009991,NIFRA,49,4,30,594.0,17820.0
2021022305009990,NIFRA,17,4,20,594.0,11880.0
2021022305009989,NIFRA,17,58,50,594.0,29700.0
2021022305009988,NIFRA,17,54,60,594.0,35640.0
2021022305009987,NIFRA,17,21,20,594.0,11880.0
2021022305009986,NIFRA,34,21,40,594.0,23760.0
2021022305009985,NIFRA,34,45,60,594.0,35640.0
2021022305009984,NIFRA,57,48,20,594.0,11880.0
2021022305009983,NIFRA,35,48,30,594.0,17820.0
2021022305009982,NIFRA,35,36,50,594.0,29700.0
2021022305009981,NIFRA,35,22,20,594.0,11880.0
2021022305009980,NIFRA,34,22,30,594.0,17820.0
2021022305009979,NIFRA,34,34,40,594.0,23760.0
2021022305009978,NIFRA,34,11,30,594.0,17820.0
2021022305009977,NIFRA,1,11,20,594.0,11880.0
2021022305009976,NIFRA,1,22,30,594.0,17820.0
2021022305009975,NIFRA,57,22,20,594.0,11880.0
2021022305009974,NIFRA,57,41,50,594.0,29700.0
2021022305009973,NIFRA,57,45,30,594.0,17820.0
2021022305009972,NIFRA,22,45,20,594.0,11880.0
2021022305009971,NIFRA,22,59,50,594.0,29700.0
2021022305009970,NIFRA,22,34,30,594.0,17820.0
2021022305009969,NIFRA,52,34,20,594.0,11880.0
2021022305009968,NIFRA,52,42,40,594.0,23760.0
2021022305009967,NIFRA,52,26,40,594.0,23760.0
2021022305009966,NIFRA,1,26,10,594.0,5940.0
2021022305009965,NIFRA,36,26,10,594.0,5940.0
2021022305009964,NIFRA,36,45,60,594.0,35640.0
2021022305009963,NIFRA,36,45,30,594.0,17820.0
2021022305009962,NIFRA,36,45,10,594.0,5940.0
2021022305009961,NIFRA,35,45,10,594.0,5940.0
2021022305009960,NIFRA,35,52,60,594.0,35640.0
2021022305009959,NIFRA,35,47,30,594.0,17820.0
2021022305009958,NIFRA,44,47,20,594.0,11880.0
2021022305009957,NIFRA,44,42,60,594.0,35640.0
2021022305009956,NIFRA,44,3,20,594.0,11880.0
2021022305009955,NIFRA,57,3,30,594.0,17820.0
2021022305009954,NIFRA,57,21,50,594.0,29700.0
2021022305009953,NIFRA,57,42,20,594.0,11880.0
2021022305009952,NIFRA,5,42,10,594.0,5940.0
2021022305009951,NIFRA,52,42,20,594.0,11880.0
2021022305009950,NIFRA,52,44,50,594.0,29700.0
2021022305009949,NIFRA,52,16,30,594.0,17820.0
2021022305009948,NIFRA,11,16,10,594.0,5940.0
2021022305009947,NIFRA,39,16,10,594.0,5940.0
2021022305009946,NIFRA,39,58,40,594.0,23760.0
2021022305009945,NIFRA,32,58,10,594.0,5940.0
2021022305009944,NIFRA,32,58,40,594.0,23760.0
2021022305009943,NIFRA,32,49,50,594.0,29700.0
2021022305009942,NIFRA,1,58,20,594.0,11880.0
2021022305009941,NIFRA,1,52,40,594.0,23760.0
2021022305009940,NIFRA,49,52,10,594.0,5940.0
2021022305009939,NIFRA,49,14,10,594.0,5940.0
2021022305009938,NIFRA,49,56,60,594.0,35640.0
2021022305009937,NIFRA,49,34,50,594.0,29700.0
2021022305009936,NIFRA,49,55,10,594.0,5940.0
2021022305009935,NIFRA,49,32,60,594.0,35640.0
2021022305009934,NIFRA,58,55,20,594.0,11880.0
2021022305009933,NIFRA,43,55,20,594.0,11880.0
2021022305009932,NIFRA,43,14,50,594.0,29700.0
2021022305009931,NIFRA,43,58,60,594.0,35640.0
2021022305009930,NIFRA,43,22,60,594.0,35640.0
2021022305009929,NIFRA,43,34,10,594.0,5940.0
2021022305009928,NIFRA,34,34,40,594.0,23760.0
2021022305009927,NIFRA,34,17,20,594.0,11880.0
2021022305009926,NIFRA,34,16,50,594.0,29700.0
2021022305009925,NIFRA,34,7,50,594.0,29700.0
2021022305009924,NIFRA,34,35,340,594.0,201960.0
2021022305009923,NIFRA,39,35,50,594.0,29700.0
2021022305009922,NIFRA,56,35,50,594.0,29700.0
2021022305009921,NIFRA,39,35,60,594.0,35640.0
2021022305009920,NIFRA,39,48,60,594.0,35640.0
2021022305009919,NIFRA,39,41,60,594.0,35640.0
2021022305009918,NIFRA,39,58,60,594.0,35640.0
2021022305009917,NIFRA,39,51,50,594.0,29700.0
2021022305009916,NIFRA,39,39,50,594.0,29700.0
2021022305009915,NIFRA,39,57,50,594.0,29700.0
2021022305009914,NIFRA,39,35,50,594.0,29700.0
2021022305009913,NIFRA,39,43,140,594.0,83160.0
2021022305009912,NIFRA,39,52,20,594.0,11880.0
2021022305009911,NIFRA,39,45,"1,000",594.0,594000.0
2021022305009910,NIFRA,57,52,40,594.0,23760.0
2021022305009909,NIFRA,57,10,60,594.0,35640.0
2021022305009908,NIFRA,57,21,50,594.0,29700.0
2021022305009907,NIFRA,1,7,10,594.0,5940.0
2021022305009906,NIFRA,26,7,40,594.0,23760.0
2021022305009905,NIFRA,26,4,50,594.0,29700.0
2021022305009904,NIFRA,26,39,10,594.0,5940.0
2021022305009903,NIFRA,47,39,10,594.0,5940.0
2021022305009902,NIFRA,29,39,30,594.0,17820.0
2021022305009901,NIFRA,29,45,50,594.0,29700.0
2021022305009900,NIFRA,29,45,10,594.0,5940.0
2021022305009899,NIFRA,49,45,40,594.0,23760.0
2021022305009898,NIFRA,49,34,10,594.0,5940.0
2021022305009897,PLI,34,52,10,806.0,8060.0
2021022305009896,PLI,34,49,10,806.0,8060.0
2021022305009895,NIFRA,22,34,40,594.0,23760.0
2021022305009894,NIFRA,22,56,50,594.0,29700.0
2021022305009893,NIFRA,22,14,10,594.0,5940.0
2021022305009892,NIFRA,41,14,50,594.0,29700.0
2021022305009891,NIFRA,58,28,50,594.0,29700.0
2021022305009890,NIFRA,1,48,50,594.0,29700.0
2021022305009889,NIFRA,1,52,60,594.0,35640.0
2021022305009888,NIFRA,1,5,50,594.0,29700.0
2021022305009887,NIFRA,1,46,50,594.0,29700.0
2021022305009886,NIFRA,1,41,40,594.0,23760.0
2021022305009885,NIFRA,32,41,10,594.0,5940.0
2021022305009884,NIFRA,32,11,50,594.0,29700.0
2021022305009883,NIFRA,53,34,50,594.0,29700.0
2021022305009882,NIFRA,53,56,50,594.0,29700.0
2021022305009881,NIFRA,53,16,60,594.0,35640.0
2021022305009880,NIFRA,6,58,30,594.0,17820.0
2021022305009879,NIFRA,58,58,20,594.0,11880.0
2021022305009878,NIFRA,7,58,10,594.0,5940.0
2021022305009877,NIFRA,7,45,40,594.0,23760.0
2021022305009876,NIFRA,56,45,10,594.0,5940.0
2021022305009875,NIFRA,56,57,40,594.0,23760.0
2021022305009874,NIFRA,34,57,10,594.0,5940.0
2021022305009873,NIFRA,36,45,20,594.0,11880.0
2021022305009872,NIFRA,32,45,30,594.0,17820.0
2021022305009871,NIFRA,32,59,50,594.0,29700.0
2021022305009870,NIFRA,32,19,20,594.0,11880.0
2021022305009869,NIFRA,32,14,50,594.0,29700.0
2021022305009868,NIFRA,21,19,30,594.0,17820.0
2021022305009867,NIFRA,21,16,20,594.0,11880.0
2021022305009866,NIFRA,22,16,30,594.0,17820.0
2021022305009865,NIFRA,22,38,20,594.0,11880.0
2021022305009864,NIFRA,52,38,30,594.0,17820.0
2021022305009863,NIFRA,52,16,50,594.0,29700.0
2021022305009862,NIFRA,52,28,20,594.0,11880.0
2021022305009861,NIFRA,32,28,30,594.0,17820.0
2021022305009860,NIFRA,32,32,60,594.0,35640.0
2021022305009859,NIFRA,32,13,10,594.0,5940.0
2021022305009858,NIFRA,34,13,30,594.0,17820.0
2021022305009857,NIFRA,11,13,30,594.0,17820.0
2021022305009856,NIFRA,16,13,30,594.0,17820.0
2021022305009855,NIFRA,20,13,110,594.0,65340.0
2021022305009854,PLI,39,54,65,805.0,52325.0
2021022305009853,PLI,33,54,10,805.0,8050.0
2021022305009852,PLI,26,54,25,805.0,20125.0
2021022305009851,PLI,1,54,50,805.0,40250.0
2021022305009850,PLI,36,54,50,806.0,40300.0
2021022305009849,PLI,36,44,10,806.0,8060.0
2021022305009848,NIFRA,1,13,50,594.0,29700.0
2021022305009847,NIFRA,57,13,100,594.0,59400.0
2021022305009846,NIFRA,1,13,20,594.0,11880.0
2021022305009845,NIFRA,26,13,20,594.0,11880.0
2021022305009844,NIFRA,26,49,30,594.0,17820.0
2021022305009843,NIFRA,13,49,20,594.0,11880.0
2021022305009842,NIFRA,13,14,50,594.0,29700.0
2021022305009841,NIFRA,13,53,60,594.0,35640.0
2021022305009840,NIFRA,13,57,50,594.0,29700.0
2021022305009839,NIFRA,13,53,50,594.0,29700.0
2021022305009838,NIFRA,13,28,50,594.0,29700.0
2021022305009837,NIFRA,13,16,50,594.0,29700.0
2021022305009836,NIFRA,13,51,50,594.0,29700.0
2021022305009835,NIFRA,13,21,60,594.0,35640.0
2021022305009834,NIFRA,13,55,60,594.0,35640.0
2021022305009833,NIFRA,57,21,50,594.0,29700.0
2021022305009832,NIFRA,1,56,48,594.0,28512.0
2021022305009831,NIFRA,1,47,10,594.0,5940.0
2021022305009830,NIFRA,1,29,142,594.0,84348.0
2021022305009829,NIFRA,11,29,100,594.0,59400.0
2021022305009828,NIFRA,34,29,10,594.0,5940.0
2021022305009827,PLI,36,13,10,806.0,8060.0
2021022305009826,PLI,36,58,10,806.0,8060.0
2021022305009825,PLI,36,3,10,806.0,8060.0
2021022305009824,NIFRA,35,29,50,594.0,29700.0
2021022305009823,PLI,36,52,10,806.0,8060.0
2021022305009822,NIFRA,22,29,40,594.0,23760.0
2021022305009821,NIFRA,34,29,10,594.0,5940.0
2021022305009820,NIFRA,42,29,20,594.0,11880.0
2021022305009819,PLI,36,33,10,806.0,8060.0
2021022305009818,NIFRA,51,29,10,594.0,5940.0
2021022305009817,NIFRA,55,29,100,594.0,59400.0
2021022305009816,NIFRA,26,29,50,594.0,29700.0
2021022305009815,PLI,36,52,10,806.0,8060.0
2021022305009814,PLI,36,13,10,806.0,8060.0
2021022305009813,NIFRA,26,29,20,594.0,11880.0
2021022305009812,PLI,39,51,20,807.0,16140.0
2021022305009811,NIFRA,26,29,30,594.0,17820.0
2021022305009810,NIFRA,26,29,100,594.0,59400.0
2021022305009809,NIFRA,11,29,10,594.0,5940.0
2021022305009808,NIFRA,56,29,50,594.0,29700.0
2021022305009807,NIFRA,3,29,50,594.0,29700.0
2021022305009806,NIFRA,40,29,100,594.0,59400.0
2021022305009805,PLI,36,49,10,806.0,8060.0
2021022305009804,PLI,36,52,10,806.0,8060.0
2021022305009803,PLI,36,3,10,806.0,8060.0
2021022305009802,PLI,36,13,10,806.0,8060.0
2021022305009801,PLI,36,16,10,806.0,8060.0
2021022305009800,PLI,36,59,10,806.0,8060.0
2021022305009799,PLI,36,42,10,806.0,8060.0
2021022305009798,PLI,36,36,10,806.0,8060.0
2021022305009797,PLI,36,13,10,806.0,8060.0
2021022305009796,PLI,36,28,10,806.0,8060.0
2021022305009795,PLI,36,46,10,806.0,8060.0
2021022305009794,PLI,36,59,10,806.0,8060.0
2021022305009793,PLI,36,3,10,806.0,8060.0
2021022305009792,PLI,36,55,10,806.0,8060.0
2021022305009791,PLI,36,42,10,806.0,8060.0
2021022305009790,PLI,36,58,10,806.0,8060.0
2021022305009789,PLI,36,45,10,806.0,8060.0
2021022305009788,NIFRA,59,29,200,594.0,118800.0
2021022305009787,NIFRA,1,29,800,594.0,475200.0
2021022305009786,NIFRA,8,29,35,594.0,20790.0
2021022305009785,NIFRA,58,29,100,594.0,59400.0
2021022305009784,NIFRA,25,29,18,594.0,10692.0
2021022305009783,NIFRA,35,29,20,594.0,11880.0
2021022305009782,NIFRA,22,29,50,594.0,29700.0
2021022305009781,NIFRA,42,29,100,594.0,59400.0
2021022305009780,NIFRA,42,29,15,594.0,8910.0
2021022305009779,NIFRA,43,29,40,594.0,23760.0
2021022305009778,NIFRA,59,29,100,594.0,59400.0
2021022305009777,NIFRA,19,29,50,594.0,29700.0
2021022305009776,NIFRA,47,29,100,594.0,59400.0
2021022305009775,NIFRA,51,29,100,594.0,59400.0
2021022305009774,NIFRA,56,29,50,594.0,29700.0
2021022305009773,NIFRA,49,29,50,594.0,29700.0
2021022305009772,PLI,57,59,10,806.0,8060.0
2021022305009771,PLI,57,16,10,806.0,8060.0
2021022305009770,NIFRA,32,29,100,594.0,59400.0
2021022305009769,PLI,6,49,100,805.0,80500.0
2021022305009768,PLI,22,49,100,805.0,80500.0
2021022305009767,PLI,35,49,37,805.0,29785.0
2021022305009766,PLI,45,49,50,805.0,40250.0
2021022305009765,PLI,51,49,30,805.0,24150.0
2021022305009764,PLI,1,49,50,805.0,40250.0
2021022305009763,PLI,16,49,50,805.0,40250.0
2021022305009762,PLI,44,49,65,805.0,52325.0
2021022305009761,PLI,35,49,10,805.0,8050.0
2021022305009760,NIFRA,34,29,100,594.0,59400.0
2021022305009759,NIFRA,25,29,50,594.0,29700.0
2021022305009758,NIFRA,49,29,150,594.0,89100.0
2021022305009757,NIFRA,40,29,200,594.0,118800.0
2021022305009756,NIFRA,34,29,50,594.0,29700.0
2021022305009755,NIFRA,28,29,10,594.0,5940.0
2021022305009754,NIFRA,33,29,100,594.0,59400.0
2021022305009753,NIFRA,32,29,100,594.0,59400.0
2021022305009752,NIFRA,42,29,10,594.0,5940.0
2021022305009751,NIFRA,47,29,20,594.0,11880.0
2021022305009750,NIFRA,6,29,20,594.0,11880.0
2021022305009749,NIFRA,41,29,10,594.0,5940.0
2021022305009748,NIFRA,41,29,30,594.0,17820.0
2021022305009747,NIFRA,57,29,50,594.0,29700.0
2021022305009746,NIFRA,42,29,10,594.0,5940.0
2021022305009745,NIFRA,44,29,270,594.0,160380.0
2021022305009744,NIFRA,44,37,50,594.0,29700.0
2021022305009743,NIFRA,44,52,50,594.0,29700.0
2021022305009742,NIFRA,44,34,60,594.0,35640.0
2021022305009741,NIFRA,44,32,50,594.0,29700.0
2021022305009740,NIFRA,44,19,20,594.0,11880.0
2021022305009739,PLI,42,52,10,806.0,8060.0
2021022305009738,PLI,42,43,10,806.0,8060.0
2021022305009737,NIFRA,6,19,20,594.0,11880.0
2021022305009736,NIFRA,6,59,50,594.0,29700.0
2021022305009735,NIFRA,6,38,50,594.0,29700.0
2021022305009734,NIFRA,6,52,60,594.0,35640.0
2021022305009733,NIFRA,6,25,50,594.0,29700.0
2021022305009732,NIFRA,6,34,50,594.0,29700.0
2021022305009731,NIFRA,6,33,50,594.0,29700.0
2021022305009730,NIFRA,6,32,60,594.0,35640.0
2021022305009729,NIFRA,6,22,50,594.0,29700.0
2021022305009728,NIFRA,6,8,60,594.0,35640.0
2021022305009727,NIFRA,29,14,10,594.0,5940.0
2021022305009726,NIFRA,50,14,40,594.0,23760.0
2021022305009725,NIFRA,50,34,10,594.0,5940.0
2021022305009724,NIFRA,3,34,40,594.0,23760.0
2021022305009723,NIFRA,6,18,50,594.0,29700.0
2021022305009722,NIFRA,56,18,50,594.0,29700.0
2021022305009721,NIFRA,45,45,50,594.0,29700.0
2021022305009720,NIFRA,42,45,10,594.0,5940.0
2021022305009719,NIFRA,25,45,40,594.0,23760.0
2021022305009718,NIFRA,25,48,60,594.0,35640.0
2021022305009717,NIFRA,7,34,50,594.0,29700.0
2021022305009716,NIFRA,46,34,10,594.0,5940.0
2021022305009715,NIFRA,46,51,50,594.0,29700.0
2021022305009714,NIFRA,46,58,30,594.0,17820.0
2021022305009713,NIFRA,46,29,50,594.0,29700.0
2021022305009712,NIFRA,46,21,60,594.0,35640.0
2021022305009711,NIFRA,46,58,50,594.0,29700.0
2021022305009710,NIFRA,46,32,50,594.0,29700.0
2021022305009709,NIFRA,59,50,100,594.0,59400.0
2021022305009708,NIFRA,48,50,50,594.0,29700.0
2021022305009707,NIFRA,57,26,7,605.0,4235.0
2021022305009706,NIFRA,57,29,143,594.0,84942.0
2021022305009705,NIFRA,48,29,50,594.0,29700.0
2021022305009704,NIFRA,22,29,50,594.0,29700.0
2021022305009703,NIFRA,52,29,15,594.0,8910.0
2021022305009702,NIFRA,47,29,50,594.0,29700.0
2021022305009701,NIFRA,49,29,50,594.0,29700.0
2021022305009700,NIFRA,55,29,200,594.0,118800.0
2021022305009699,NIFRA,59,29,100,594.0,59400.0
2021022305009698,NIFRA,32,29,30,594.0,17820.0
2021022305009697,NIFRA,56,29,50,594.0,29700.0
2021022305009696,NIFRA,42,29,50,594.0,29700.0
2021022305009695,NIFRA,26,29,12,594.0,7128.0
2021022305009694,NIFRA,26,41,188,594.0,111672.0
2021022305009693,NIFRA,55,41,100,594.0,59400.0
2021022305009692,NIFRA,51,41,200,594.0,118800.0
2021022305009691,NIFRA,52,41,12,594.0,7128.0
2021022305009690,NIFRA,52,36,50,594.0,29700.0
2021022305009689,NIFRA,52,5,268,594.0,159192.0
2021022305009688,NIFRA,52,58,60,594.0,35640.0
2021022305009687,NIFRA,52,45,40,594.0,23760.0
2021022305009686,NIFRA,52,49,60,594.0,35640.0
2021022305009685,NIFRA,52,16,10,594.0,5940.0
2021022305009684,NIFRA,36,29,20,594.0,11880.0
2021022305009683,NIFRA,47,29,40,594.0,23760.0
2021022305009682,NIFRA,47,26,30,594.0,17820.0
2021022305009681,NIFRA,57,26,20,594.0,11880.0
2021022305009680,NIFRA,57,25,50,594.0,29700.0
2021022305009679,NIFRA,57,42,50,594.0,29700.0
2021022305009678,NIFRA,57,50,60,594.0,35640.0
2021022305009677,NIFRA,57,44,50,594.0,29700.0
2021022305009676,NIFRA,57,41,50,594.0,29700.0
2021022305009675,NIFRA,57,6,20,594.0,11880.0
2021022305009674,NIFRA,57,14,30,594.0,17820.0
2021022305009673,NIFRA,57,34,50,594.0,29700.0
2021022305009672,NIFRA,57,38,60,594.0,35640.0
2021022305009671,NIFRA,57,39,60,594.0,35640.0
2021022305009670,NIFRA,47,7,10,594.0,5940.0
2021022305009669,NIFRA,56,7,40,594.0,23760.0
2021022305009668,NIFRA,56,45,40,594.0,23760.0
2021022305009667,NIFRA,47,45,10,594.0,5940.0
2021022305009666,NIFRA,47,54,30,594.0,17820.0
2021022305009665,NIFRA,6,54,20,594.0,11880.0
2021022305009664,NIFRA,6,45,50,594.0,29700.0
2021022305009663,NIFRA,6,32,50,594.0,29700.0
2021022305009662,NIFRA,6,41,30,594.0,17820.0
2021022305009661,NIFRA,29,41,10,594.0,5940.0
2021022305009660,NIFRA,21,41,10,594.0,5940.0
2021022305009659,NIFRA,55,41,10,594.0,5940.0
2021022305009658,NIFRA,55,58,20,594.0,11880.0
2021022305009657,NIFRA,16,52,50,594.0,29700.0
2021022305009656,NIFRA,46,19,30,594.0,17820.0
2021022305009655,NIFRA,46,19,20,594.0,11880.0
2021022305009654,NIFRA,46,21,50,594.0,29700.0
2021022305009653,NIFRA,46,38,30,594.0,17820.0
2021022305009652,NIFRA,5,38,10,594.0,5940.0
2021022305009651,NIFRA,26,38,10,594.0,5940.0
2021022305009650,NIFRA,26,52,40,594.0,23760.0
2021022305009649,NIFRA,41,52,10,594.0,5940.0
2021022305009648,NIFRA,41,53,50,594.0,29700.0
2021022305009647,NIFRA,41,58,50,594.0,29700.0
2021022305009646,NIFRA,19,59,5,594.0,2970.0
2021022305009645,NIFRA,56,59,10,594.0,5940.0
2021022305009644,NIFRA,46,59,45,594.0,26730.0
2021022305009643,NIFRA,46,22,60,594.0,35640.0
2021022305009642,NIFRA,46,34,50,594.0,29700.0
2021022305009641,NIFRA,46,14,60,594.0,35640.0
2021022305009640,NIFRA,46,58,50,594.0,29700.0
2021022305009639,NIFRA,46,58,25,594.0,14850.0
2021022305009638,NIFRA,46,38,10,594.0,5940.0
2021022305009637,NIFRA,7,38,40,594.0,23760.0
2021022305009636,NIFRA,37,38,10,594.0,5940.0
2021022305009635,NIFRA,37,34,50,594.0,29700.0
2021022305009634,NIFRA,37,32,60,594.0,35640.0
2021022305009633,NIFRA,37,21,30,594.0,17820.0
2021022305009632,NIFRA,26,21,20,594.0,11880.0
2021022305009631,NIFRA,26,34,50,594.0,29700.0
2021022305009630,NIFRA,26,29,30,594.0,17820.0
2021022305009629,NIFRA,5,29,470,594.0,279180.0
2021022305009628,NIFRA,5,33,10,594.0,5940.0
2021022305009627,NIFRA,5,36,20,594.0,11880.0
2021022305009626,NIFRA,41,36,30,594.0,17820.0
2021022305009625,NIFRA,29,34,10,594.0,5940.0
2021022305009624,NIFRA,5,34,40,594.0,23760.0
2021022305009623,NIFRA,5,49,60,594.0,35640.0
2021022305009622,NIFRA,5,44,50,594.0,29700.0
2021022305009621,NIFRA,5,56,50,594.0,29700.0
2021022305009620,NIFRA,5,21,60,594.0,35640.0
2021022305009619,NIFRA,5,50,50,594.0,29700.0
2021022305009618,NIFRA,5,37,50,594.0,29700.0
2021022305009617,NIFRA,5,44,50,594.0,29700.0
2021022305009616,NIFRA,5,44,20,594.0,11880.0
2021022305009615,NIFRA,5,37,20,594.0,11880.0
2021022305009614,NIFRA,5,59,50,594.0,29700.0
2021022305009613,NIFRA,56,37,10,594.0,5940.0
2021022305009612,NIFRA,22,37,30,594.0,17820.0
2021022305009611,NIFRA,22,50,20,594.0,11880.0
2021022305009610,NIFRA,56,50,30,594.0,17820.0
2021022305009609,NIFRA,56,8,50,594.0,29700.0
2021022305009608,NIFRA,56,59,60,594.0,35640.0
2021022305009607,NIFRA,56,56,50,594.0,29700.0
2021022305009606,NIFRA,56,32,10,594.0,5940.0
2021022305009605,NIFRA,56,32,50,594.0,29700.0
2021022305009604,NIFRA,56,11,20,594.0,11880.0
2021022305009603,NIFRA,58,11,30,594.0,17820.0
2021022305009602,NIFRA,58,58,60,594.0,35640.0
2021022305009601,NIFRA,58,57,60,594.0,35640.0
2021022305009600,NIFRA,58,36,350,594.0,207900.0
2021022305009599,NIFRA,16,36,50,594.0,29700.0
2021022305009598,NIFRA,26,36,100,594.0,59400.0
2021022305009597,NIFRA,6,36,50,594.0,29700.0
2021022305009596,NIFRA,6,57,50,594.0,29700.0
2021022305009595,NIFRA,32,57,10,594.0,5940.0
2021022305009594,NIFRA,32,8,60,594.0,35640.0
2021022305009593,NIFRA,44,8,90,594.0,53460.0
2021022305009592,NIFRA,44,28,60,594.0,35640.0
2021022305009591,NIFRA,44,22,50,594.0,29700.0
2021022305009590,PLI,21,58,10,806.0,8060.0
2021022305009589,PLI,21,42,10,806.0,8060.0
2021022305009588,NIFRA,35,26,7,594.0,4158.0
2021022305009587,NIFRA,35,22,93,594.0,55242.0
2021022305009586,PLI,14,21,10,806.0,8060.0
2021022305009585,NIFRA,21,22,40,594.0,23760.0
2021022305009584,PLI,14,3,10,806.0,8060.0
2021022305009583,NIFRA,56,22,32,594.0,19008.0
2021022305009582,NIFRA,5,22,10,594.0,5940.0
2021022305009581,NIFRA,56,22,70,594.0,41580.0
2021022305009580,NIFRA,5,22,25,594.0,14850.0
2021022305009579,PLI,14,17,10,806.0,8060.0
2021022305009578,PLI,14,45,10,806.0,8060.0
2021022305009577,PLI,14,39,10,806.0,8060.0
2021022305009576,NIFRA,59,22,200,594.0,118800.0
2021022305009575,NIFRA,56,22,30,594.0,17820.0
2021022305009574,NIFRA,54,18,30,594.0,17820.0
2021022305009573,NIFRA,13,18,20,594.0,11880.0
2021022305009572,NIFRA,36,18,10,594.0,5940.0
2021022305009571,NIFRA,36,34,50,594.0,29700.0
2021022305009570,NIFRA,36,45,50,594.0,29700.0
2021022305009569,NIFRA,36,1,60,594.0,35640.0
2021022305009568,NIFRA,36,4,30,594.0,17820.0
2021022305009567,NIFRA,19,4,70,594.0,41580.0
2021022305009566,NIFRA,19,16,30,594.0,17820.0
2021022305009565,NIFRA,26,16,20,594.0,11880.0
2021022305009564,NIFRA,26,53,30,594.0,17820.0
2021022305009563,NIFRA,26,34,50,594.0,29700.0
2021022305009562,NIFRA,47,22,50,594.0,29700.0
2021022305009561,NIFRA,47,21,10,594.0,5940.0
2021022305009560,NIFRA,5,21,40,594.0,23760.0
2021022305009559,NIFRA,5,5,60,594.0,35640.0
2021022305009558,NIFRA,5,11,60,594.0,35640.0
2021022305009557,NIFRA,5,57,40,594.0,23760.0
2021022305009556,NIFRA,19,57,10,594.0,5940.0
2021022305009555,NIFRA,19,43,50,594.0,29700.0
2021022305009554,NIFRA,19,57,60,594.0,35640.0
2021022305009553,NIFRA,19,5,50,594.0,29700.0
2021022305009552,NIFRA,19,43,30,594.0,17820.0
2021022305009551,NIFRA,21,43,30,594.0,17820.0
2021022305009550,NIFRA,21,59,20,594.0,11880.0
2021022305009549,NIFRA,41,59,30,594.0,17820.0
2021022305009548,NIFRA,41,47,20,594.0,11880.0
2021022305009547,PLI,41,43,10,806.0,8060.0
2021022305009546,NIFRA,45,47,30,594.0,17820.0
2021022305009545,NIFRA,45,29,70,594.0,41580.0
2021022305009544,NIFRA,6,29,30,594.0,17820.0
2021022305009543,NIFRA,45,29,10,594.0,5940.0
2021022305009542,PLI,59,51,10,807.0,8070.0
2021022305009541,PLI,59,47,10,807.0,8070.0
2021022305009540,NIFRA,13,29,50,594.0,29700.0
2021022305009539,PLI,59,21,10,807.0,8070.0
2021022305009538,NIFRA,21,29,450,594.0,267300.0
2021022305009537,NIFRA,39,29,100,594.0,59400.0
2021022305009536,NIFRA,22,29,10,594.0,5940.0
2021022305009535,NIFRA,6,29,100,594.0,59400.0
2021022305009534,NIFRA,56,29,50,594.0,29700.0
2021022305009533,PLI,48,45,10,807.0,8070.0
2021022305009532,NIFRA,41,29,50,594.0,29700.0
2021022305009531,NIFRA,51,29,100,594.0,59400.0
2021022305009530,NIFRA,41,29,100,594.0,59400.0
2021022305009529,NIFRA,42,29,500,594.0,297000.0
2021022305009528,PLI,48,53,10,807.0,8070.0
2021022305009527,NIFRA,16,29,50,594.0,29700.0
2021022305009526,NIFRA,43,29,"1,000",594.0,594000.0
2021022305009525,NIFRA,50,29,25,594.0,14850.0
2021022305009524,PLI,48,42,10,807.0,8070.0
2021022305009523,NIFRA,41,29,10,594.0,5940.0
2021022305009522,NIFRA,47,29,100,594.0,59400.0
2021022305009521,NIFRA,10,29,195,594.0,115830.0
2021022305009520,NIFRA,10,16,50,594.0,29700.0
2021022305009519,NIFRA,10,35,60,594.0,35640.0
2021022305009518,NIFRA,10,55,50,594.0,29700.0
2021022305009517,NIFRA,10,16,50,594.0,29700.0
2021022305009516,NIFRA,10,57,50,594.0,29700.0
2021022305009515,NIFRA,10,42,50,594.0,29700.0
2021022305009514,NIFRA,10,10,50,594.0,29700.0
2021022305009513,NIFRA,10,37,50,594.0,29700.0
2021022305009512,NIFRA,10,45,60,594.0,35640.0
2021022305009511,NIFRA,10,6,35,594.0,20790.0
2021022305009510,NIFRA,41,6,10,594.0,5940.0
2021022305009509,NIFRA,35,6,60,594.0,35640.0
2021022305009508,NIFRA,39,6,50,594.0,29700.0
2021022305009507,NIFRA,16,6,60,594.0,35640.0
2021022305009506,PLI,48,43,10,807.0,8070.0
2021022305009505,NIFRA,10,6,100,594.0,59400.0
2021022305009504,NIFRA,21,26,5,594.0,2970.0
2021022305009503,NIFRA,48,6,100,594.0,59400.0
2021022305009502,NIFRA,25,6,10,594.0,5940.0
2021022305009501,NIFRA,54,6,85,594.0,50490.0
2021022305009500,NIFRA,59,6,500,594.0,297000.0
2021022305009499,PLI,48,52,10,807.0,8070.0
2021022305009498,NIFRA,17,6,50,594.0,29700.0
2021022305009497,NIFRA,17,48,50,594.0,29700.0
2021022305009496,NIFRA,41,52,10,594.0,5940.0
2021022305009495,NIFRA,6,52,40,594.0,23760.0
2021022305009494,NIFRA,6,57,60,594.0,35640.0
2021022305009493,NIFRA,52,57,90,594.0,53460.0
2021022305009492,NIFRA,48,45,50,594.0,29700.0
2021022305009491,NIFRA,58,22,50,594.0,29700.0
2021022305009490,PLI,48,1,10,807.0,8070.0
2021022305009489,NIFRA,35,49,50,594.0,29700.0
2021022305009488,NIFRA,36,14,5,594.0,2970.0
2021022305009487,NIFRA,50,14,10,594.0,5940.0
2021022305009486,PLI,48,43,10,807.0,8070.0
2021022305009485,NIFRA,45,14,10,594.0,5940.0
2021022305009484,NIFRA,5,14,25,594.0,14850.0
2021022305009483,NIFRA,5,49,50,594.0,29700.0
2021022305009482,NIFRA,5,7,25,594.0,14850.0
2021022305009481,NIFRA,44,7,25,594.0,14850.0
2021022305009480,NIFRA,44,32,35,594.0,20790.0
2021022305009479,NIFRA,47,32,15,594.0,8910.0
2021022305009478,NIFRA,47,21,25,594.0,14850.0
2021022305009477,PLI,48,42,10,807.0,8070.0
2021022305009476,NIFRA,11,21,25,594.0,14850.0
2021022305009475,NIFRA,11,38,50,594.0,29700.0
2021022305009474,NIFRA,11,40,25,594.0,14850.0
2021022305009473,NIFRA,14,40,25,594.0,14850.0
2021022305009472,NIFRA,21,51,10,594.0,5940.0
2021022305009471,NIFRA,47,51,90,594.0,53460.0
2021022305009470,NIFRA,47,32,50,594.0,29700.0
2021022305009469,NIFRA,47,21,50,594.0,29700.0
2021022305009468,NIFRA,47,10,50,594.0,29700.0
2021022305009467,NIFRA,47,7,50,594.0,29700.0
2021022305009466,NIFRA,47,37,210,594.0,124740.0
2021022305009465,NIFRA,13,37,50,594.0,29700.0
2021022305009464,NIFRA,59,37,200,594.0,118800.0
2021022305009463,NIFRA,51,37,50,594.0,29700.0
2021022305009462,NIFRA,35,37,40,594.0,23760.0
2021022305009461,NIFRA,35,26,10,594.0,5940.0
2021022305009460,NIFRA,42,26,50,594.0,29700.0
2021022305009459,PLI,48,59,10,807.0,8070.0
2021022305009458,NIFRA,25,26,2,594.0,1188.0
2021022305009457,NIFRA,46,26,10,594.0,5940.0
2021022305009456,PLI,48,58,10,806.0,8060.0
2021022305009455,NIFRA,14,26,190,594.0,112860.0
2021022305009454,NIFRA,14,57,250,594.0,148500.0
2021022305009453,NIFRA,14,34,60,594.0,35640.0
2021022305009452,NIFRA,14,54,50,594.0,29700.0
2021022305009451,NIFRA,14,14,50,594.0,29700.0
2021022305009450,NIFRA,14,52,60,594.0,35640.0
2021022305009449,NIFRA,14,58,60,594.0,35640.0
2021022305009448,NIFRA,14,58,50,594.0,29700.0
2021022305009447,NIFRA,14,21,50,594.0,29700.0
2021022305009446,NIFRA,14,49,50,594.0,29700.0
2021022305009445,NIFRA,14,57,60,594.0,35640.0
2021022305009444,NIFRA,14,58,50,594.0,29700.0
2021022305009443,NIFRA,14,58,20,594.0,11880.0
2021022305009442,PLI,22,58,10,806.0,8060.0
2021022305009441,NIFRA,22,58,30,594.0,17820.0
2021022305009440,NIFRA,22,58,50,594.0,29700.0
2021022305009439,NIFRA,22,47,50,594.0,29700.0
2021022305009438,NIFRA,22,49,40,594.0,23760.0
2021022305009437,PLI,22,16,10,806.0,8060.0
2021022305009436,PLI,22,52,25,806.0,20150.0
2021022305009435,NIFRA,10,49,10,594.0,5940.0
2021022305009434,NIFRA,10,49,40,594.0,23760.0
2021022305009433,NIFRA,10,57,50,594.0,29700.0
2021022305009432,NIFRA,14,57,22,594.0,13068.0
2021022305009431,NIFRA,56,57,18,594.0,10692.0
2021022305009430,NIFRA,26,57,70,594.0,41580.0
2021022305009429,NIFRA,19,52,15,594.0,8910.0
2021022305009428,NIFRA,43,52,35,594.0,20790.0
2021022305009427,NIFRA,43,22,15,594.0,8910.0
2021022305009426,NIFRA,22,22,10,594.0,5940.0
2021022305009425,NIFRA,58,22,25,594.0,14850.0
2021022305009424,NIFRA,58,45,25,594.0,14850.0
2021022305009423,NIFRA,44,45,20,594.0,11880.0
2021022305009422,NIFRA,36,45,15,594.0,8910.0
2021022305009421,NIFRA,36,1,10,594.0,5940.0
2021022305009420,NIFRA,13,1,40,594.0,23760.0
2021022305009419,NIFRA,13,38,60,594.0,35640.0
2021022305009418,NIFRA,46,38,10,594.0,5940.0
