Transact. No.,Symbol,Buyer,Seller,Quantity,Rate,Amount
2021022405020466,NIFRA,14,29,20,562.0,11240.0
2021022405020465,NIFRA,29,29,300,562.0,168600.0
2021022405020464,NIFRA,1,29,130,562.0,73060.0
2021022405020463,NIFRA,1,8,60,562.0,33720.0
2021022405020460,NIFRA,33,38,100,564.0,56400.0
2021022405020459,NIFRA,1,58,10,562.0,5620.0
2021022405019969,NIFRA,41,49,50,562.0,28100.0
2021022405019968,NIFRA,41,46,10,562.0,5620.0
2021022405019967,NIFRA,1,46,40,563.0,22520.0
2021022405019975,NIFRA,14,56,60,564.0,33840.0
2021022405019974,NIFRA,14,49,60,564.0,33840.0
2021022405019973,NIFRA,34,22,50,562.0,28100.0
2021022405019972,NIFRA,19,41,20,561.0,11220.0
2021022405019971,NIFRA,19,59,10,561.0,5610.0
2021022405019970,NIFRA,41,59,40,562.0,22480.0
2021022405019981,NIFRA,14,7,50,564.0,28200.0
2021022405019980,NIFRA,14,58,50,564.0,28200.0
2021022405019979,NIFRA,14,26,50,564.0,28200.0
2021022405019978,NIFRA,14,4,60,564.0,33840.0
2021022405019977,NIFRA,14,6,50,564.0,28200.0
2021022405019976,NIFRA,14,48,10,564.0,5640.0
2021022405019987,NIFRA,33,55,50,562.0,28100.0
2021022405019986,NIFRA,33,13,50,562.0,28100.0
2021022405019985,NIFRA,33,44,50,562.0,28100.0
2021022405019984,NIFRA,14,35,10,564.0,5640.0
2021022405019983,NIFRA,14,45,50,564.0,28200.0
2021022405019982,NIFRA,14,22,50,564.0,28200.0
2021022405019993,NIFRA,33,38,60,562.0,33720.0
2021022405019992,NIFRA,33,49,50,562.0,28100.0
2021022405019991,NIFRA,33,45,50,562.0,28100.0
2021022405019990,NIFRA,33,13,50,562.0,28100.0
2021022405019989,NIFRA,33,51,30,562.0,16860.0
2021022405019988,NIFRA,33,19,50,562.0,28100.0
2021022405019999,NIFRA,55,36,50,562.0,28100.0
2021022405019998,NIFRA,55,58,60,562.0,33720.0
2021022405019997,NIFRA,55,14,10,562.0,5620.0
2021022405019996,NIFRA,55,32,50,562.0,28100.0
2021022405019995,NIFRA,55,22,60,562.0,33720.0
2021022405019994,NIFRA,33,21,60,562.0,33720.0
2021022405020005,NIFRA,55,14,50,562.0,28100.0
2021022405020004,NIFRA,55,4,50,562.0,28100.0
2021022405020003,NIFRA,55,21,50,562.0,28100.0
2021022405020002,NIFRA,55,21,50,562.0,28100.0
2021022405020001,NIFRA,55,49,50,562.0,28100.0
2021022405020000,NIFRA,55,6,60,562.0,33720.0
2021022405020011,NIFRA,55,45,60,562.0,33720.0
2021022405020010,NIFRA,55,45,60,562.0,33720.0
2021022405020009,NIFRA,55,16,50,562.0,28100.0
2021022405020008,NIFRA,55,10,60,562.0,33720.0
2021022405020007,NIFRA,55,11,10,562.0,5620.0
2021022405020006,NIFRA,55,59,50,562.0,28100.0
2021022405020017,NIFRA,26,4,20,564.0,11280.0
2021022405020016,NIFRA,26,35,50,564.0,28200.0
2021022405020015,NIFRA,26,52,30,563.0,16890.0
2021022405020014,NIFRA,55,38,60,562.0,33720.0
2021022405020013,NIFRA,55,8,50,562.0,28100.0
2021022405020012,NIFRA,55,34,10,562.0,5620.0
2021022405020023,NIFRA,55,56,50,562.0,28100.0
2021022405020022,NIFRA,55,13,50,562.0,28100.0
2021022405020021,NIFRA,38,38,10,564.0,5640.0
2021022405020020,NIFRA,38,22,60,564.0,33840.0
2021022405020019,NIFRA,38,4,30,564.0,16920.0
2021022405020018,NIFRA,55,16,60,562.0,33720.0
2021022405020029,NIFRA,55,6,60,562.0,33720.0
2021022405020028,NIFRA,55,46,50,562.0,28100.0
2021022405020027,NIFRA,55,59,50,562.0,28100.0
2021022405020026,NIFRA,55,17,50,562.0,28100.0
2021022405020025,NIFRA,55,34,60,562.0,33720.0
2021022405020024,NIFRA,55,42,60,562.0,33720.0
2021022405020035,NIFRA,55,39,60,562.0,33720.0
2021022405020034,NIFRA,55,4,60,562.0,33720.0
2021022405020033,NIFRA,55,42,50,562.0,28100.0
2021022405020032,NIFRA,55,34,50,562.0,28100.0
2021022405020031,NIFRA,55,18,50,562.0,28100.0
2021022405020030,NIFRA,50,45,50,563.0,28150.0
2021022405020041,NIFRA,55,57,40,562.0,22480.0
2021022405020040,NIFRA,55,45,50,562.0,28100.0
2021022405020039,NIFRA,55,42,50,562.0,28100.0
2021022405020038,NIFRA,55,49,50,562.0,28100.0
2021022405020037,NIFRA,55,22,50,562.0,28100.0
2021022405020036,NIFRA,55,42,50,562.0,28100.0
2021022405020048,NIFRA,26,1,50,562.0,28100.0
2021022405020047,NIFRA,26,14,20,562.0,11240.0
2021022405020046,NIFRA,26,53,60,562.0,33720.0
2021022405020045,NIFRA,26,44,50,562.0,28100.0
2021022405020043,NIFRA,26,55,50,562.0,28100.0
2021022405020042,NIFRA,26,57,20,562.0,11240.0
2021022405020054,NIFRA,26,21,60,562.0,33720.0
2021022405020053,NIFRA,26,45,60,562.0,33720.0
2021022405020052,NIFRA,26,51,50,562.0,28100.0
2021022405020051,NIFRA,26,17,50,562.0,28100.0
2021022405020050,NIFRA,26,49,60,562.0,33720.0
2021022405020049,NIFRA,26,29,60,562.0,33720.0
2021022405020060,NIFRA,33,22,50,564.0,28200.0
2021022405020059,NIFRA,58,44,60,562.0,33720.0
2021022405020058,NIFRA,41,52,50,562.0,28100.0
2021022405020057,NIFRA,26,47,50,562.0,28100.0
2021022405020056,NIFRA,26,42,60,562.0,33720.0
2021022405020055,NIFRA,45,41,50,563.0,28150.0
2021022405020066,NIFRA,50,36,40,564.0,22560.0
2021022405020065,NIFRA,58,32,20,562.0,11240.0
2021022405020064,NIFRA,58,32,30,562.0,16860.0
2021022405020063,NIFRA,58,21,50,562.0,28100.0
2021022405020062,NIFRA,33,36,10,564.0,5640.0
2021022405020061,NIFRA,33,14,40,564.0,22560.0
2021022405020072,NIFRA,50,52,50,564.0,28200.0
2021022405020071,NIFRA,50,35,50,564.0,28200.0
2021022405020070,NIFRA,50,6,60,564.0,33840.0
2021022405020069,NIFRA,50,54,60,564.0,33840.0
2021022405020068,NIFRA,50,48,50,564.0,28200.0
2021022405020067,NIFRA,50,36,50,564.0,28200.0
2021022405020078,NIFRA,14,21,50,564.0,28200.0
2021022405020077,NIFRA,14,8,15,564.0,8460.0
2021022405020076,NIFRA,50,8,25,564.0,14100.0
2021022405020075,NIFRA,50,42,50,564.0,28200.0
2021022405020074,NIFRA,50,50,40,564.0,22560.0
2021022405020073,NIFRA,50,6,25,564.0,14100.0
2021022405020084,NIFRA,14,51,30,564.0,16920.0
2021022405020083,NIFRA,14,4,50,564.0,28200.0
2021022405020082,NIFRA,14,34,50,564.0,28200.0
2021022405020081,NIFRA,14,46,60,564.0,33840.0
2021022405020080,NIFRA,14,36,60,564.0,33840.0
2021022405020079,NIFRA,14,58,10,564.0,5640.0
2021022405020090,NIFRA,58,43,50,562.0,28100.0
2021022405020089,NIFRA,14,22,15,565.0,8475.0
2021022405020088,NIFRA,14,8,50,565.0,28250.0
2021022405020087,NIFRA,14,6,50,565.0,28250.0
2021022405020086,NIFRA,14,17,40,565.0,22600.0
2021022405020085,NIFRA,14,45,20,564.0,11280.0
2021022405020097,NIFRA,32,52,40,562.0,22480.0
2021022405020096,NIFRA,58,52,20,562.0,11240.0
2021022405020094,NIFRA,48,46,50,564.0,28200.0
2021022405020093,NIFRA,48,36,50,564.0,28200.0
2021022405020092,NIFRA,58,1,50,562.0,28100.0
2021022405020091,NIFRA,58,13,60,562.0,33720.0
2021022405020113,NIFRA,32,6,50,562.0,28100.0
2021022405020112,NIFRA,22,46,16,562.0,8992.0
2021022405020111,NIFRA,56,46,14,562.0,7868.0
2021022405020110,NIFRA,29,46,20,563.0,11260.0
2021022405020099,NIFRA,56,42,40,562.0,22480.0
2021022405020098,NIFRA,32,42,20,562.0,11240.0
2021022405020119,NIFRA,34,32,20,564.0,11280.0
2021022405020118,NIFRA,1,50,50,562.0,28100.0
2021022405020117,NIFRA,1,50,80,562.0,44960.0
2021022405020116,NIFRA,50,50,100,562.0,56200.0
2021022405020115,NIFRA,41,50,10,562.0,5620.0
2021022405020114,NIFRA,32,50,10,562.0,5620.0
2021022405020125,NIFRA,32,16,20,562.0,11240.0
2021022405020124,NIFRA,32,17,50,562.0,28100.0
2021022405020123,NIFRA,32,42,60,562.0,33720.0
2021022405020122,NIFRA,32,38,20,562.0,11240.0
2021022405020121,NIFRA,1,38,30,562.0,16860.0
2021022405020120,NIFRA,1,32,40,562.0,22480.0
2021022405020131,NIFRA,55,29,60,562.0,33720.0
2021022405020130,NIFRA,55,21,60,562.0,33720.0
2021022405020129,NIFRA,55,39,50,562.0,28100.0
2021022405020128,NIFRA,55,56,50,562.0,28100.0
2021022405020127,NIFRA,55,13,60,562.0,33720.0
2021022405020126,NIFRA,55,16,30,562.0,16860.0
2021022405020138,NIFRA,55,19,50,562.0,28100.0
2021022405020137,NIFRA,55,58,50,562.0,28100.0
2021022405020136,NIFRA,55,34,20,562.0,11240.0
2021022405020135,NIFRA,34,34,30,563.0,16890.0
2021022405020133,NIFRA,55,49,50,562.0,28100.0
2021022405020132,NIFRA,55,34,50,562.0,28100.0
2021022405020145,NIFRA,36,16,60,564.0,33840.0
2021022405020144,NIFRA,36,37,50,564.0,28200.0
2021022405020142,NIFRA,36,41,50,564.0,28200.0
2021022405020141,NIFRA,36,56,60,564.0,33840.0
2021022405020140,NIFRA,36,42,15,564.0,8460.0
2021022405020139,NIFRA,55,26,50,562.0,28100.0
2021022405020151,NIFRA,36,40,50,564.0,28200.0
2021022405020150,NIFRA,36,57,50,564.0,28200.0
2021022405020149,NIFRA,36,6,10,564.0,5640.0
2021022405020148,NIFRA,36,13,50,564.0,28200.0
2021022405020147,NIFRA,36,21,50,564.0,28200.0
2021022405020146,NIFRA,36,38,50,564.0,28200.0
2021022405020157,NIFRA,47,36,30,563.0,16890.0
2021022405020156,NIFRA,21,36,80,564.0,45120.0
2021022405020155,NIFRA,43,36,110,564.0,62040.0
2021022405020154,NIFRA,43,57,10,564.0,5640.0
2021022405020153,NIFRA,43,6,20,564.0,11280.0
2021022405020152,NIFRA,43,56,60,564.0,33840.0
2021022405020163,NIFRA,55,22,60,562.0,33720.0
2021022405020162,NIFRA,1,44,10,564.0,5640.0
2021022405020161,NIFRA,1,14,40,563.0,22520.0
2021022405020160,NIFRA,52,14,20,563.0,11260.0
2021022405020159,NIFRA,55,58,15,562.0,8430.0
2021022405020158,NIFRA,55,36,280,562.0,157360.0
2021022405020169,NIFRA,42,44,40,564.0,22560.0
2021022405020168,NIFRA,42,53,10,563.0,5630.0
2021022405020167,NIFRA,55,42,60,562.0,33720.0
2021022405020166,NIFRA,55,6,50,562.0,28100.0
2021022405020165,NIFRA,46,53,50,563.0,28150.0
2021022405020164,NIFRA,55,42,50,562.0,28100.0
2021022405020175,NIFRA,36,56,10,564.0,5640.0
2021022405020174,NIFRA,55,52,50,562.0,28100.0
2021022405020173,NIFRA,55,42,50,562.0,28100.0
2021022405020172,NIFRA,55,42,60,562.0,33720.0
2021022405020171,NIFRA,55,34,50,562.0,28100.0
2021022405020170,NIFRA,55,42,50,562.0,28100.0
2021022405020181,NIFRA,55,8,50,562.0,28100.0
2021022405020180,NIFRA,55,1,60,562.0,33720.0
2021022405020179,NIFRA,6,52,10,564.0,5640.0
2021022405020178,NIFRA,6,58,10,564.0,5640.0
2021022405020177,NIFRA,36,58,40,564.0,22560.0
2021022405020176,NIFRA,36,32,50,564.0,28200.0
2021022405020187,NIFRA,51,34,11,562.0,6182.0
2021022405020186,NIFRA,55,34,425,562.0,238850.0
2021022405020185,NIFRA,35,34,60,563.0,33780.0
2021022405020184,NIFRA,35,21,40,563.0,22520.0
2021022405020183,NIFRA,55,46,60,562.0,33720.0
2021022405020182,NIFRA,55,44,50,562.0,28100.0
2021022405020193,NIFRA,5,34,100,562.0,56200.0
2021022405020192,NIFRA,35,34,100,562.0,56200.0
2021022405020191,NIFRA,35,34,50,562.0,28100.0
2021022405020190,NIFRA,38,34,100,562.0,56200.0
2021022405020189,NIFRA,8,34,200,562.0,112400.0
2021022405020188,NIFRA,21,34,46,562.0,25852.0
2021022405020199,NIFRA,37,19,32,562.0,17984.0
2021022405020198,NIFRA,37,26,60,562.0,33720.0
2021022405020197,NIFRA,32,6,20,564.0,11280.0
2021022405020196,NIFRA,32,52,40,564.0,22560.0
2021022405020195,NIFRA,37,34,408,562.0,229296.0
2021022405020194,NIFRA,37,34,500,562.0,281000.0
2021022405020205,NIFRA,50,38,18,562.0,10116.0
2021022405020204,NIFRA,29,38,32,562.0,17984.0
2021022405020203,NIFRA,29,38,50,562.0,28100.0
2021022405020202,NIFRA,57,14,10,564.0,5640.0
2021022405020201,NIFRA,57,6,30,564.0,16920.0
2021022405020200,NIFRA,29,19,18,562.0,10116.0
2021022405020211,NIFRA,19,49,20,561.0,11220.0
2021022405020210,NIFRA,42,42,10,562.0,5620.0
2021022405020209,NIFRA,50,42,22,562.0,12364.0
2021022405020208,NIFRA,50,19,50,562.0,28100.0
2021022405020207,NIFRA,45,14,20,564.0,11280.0
2021022405020206,NIFRA,50,11,10,562.0,5620.0
2021022405020217,NIFRA,41,47,40,561.0,22440.0
2021022405020216,NIFRA,49,47,10,561.0,5610.0
2021022405020215,NIFRA,18,36,22,562.0,12364.0
2021022405020214,NIFRA,18,21,60,562.0,33720.0
2021022405020213,NIFRA,18,42,18,562.0,10116.0
2021022405020212,NIFRA,49,49,40,561.0,22440.0
2021022405020223,NIFRA,37,56,50,562.0,28100.0
2021022405020222,NIFRA,37,52,50,562.0,28100.0
2021022405020221,NIFRA,37,20,50,562.0,28100.0
2021022405020220,NIFRA,37,29,50,562.0,28100.0
2021022405020219,NIFRA,37,18,50,562.0,28100.0
2021022405020218,NIFRA,37,36,38,562.0,21356.0
2021022405020229,NIFRA,37,21,60,562.0,33720.0
2021022405020228,NIFRA,33,43,50,564.0,28200.0
2021022405020227,NIFRA,33,14,20,564.0,11280.0
2021022405020226,NIFRA,33,46,30,564.0,16920.0
2021022405020225,NIFRA,37,48,50,562.0,28100.0
2021022405020224,NIFRA,37,22,50,562.0,28100.0
2021022405020235,NIFRA,51,13,10,561.0,5610.0
2021022405020234,NIFRA,19,37,60,561.0,33660.0
2021022405020233,NIFRA,19,21,40,561.0,22440.0
2021022405020232,NIFRA,41,21,10,561.0,5610.0
2021022405020231,NIFRA,41,4,50,561.0,28050.0
2021022405020230,NIFRA,37,42,52,562.0,29224.0
2021022405020241,NIFRA,58,38,10,564.0,5640.0
2021022405020240,NIFRA,58,21,30,564.0,16920.0
2021022405020239,NIFRA,58,58,10,564.0,5640.0
2021022405020238,NIFRA,58,47,50,563.0,28150.0
2021022405020237,NIFRA,58,43,10,562.0,5620.0
2021022405020236,NIFRA,14,13,20,561.0,11220.0
2021022405020247,NIFRA,55,6,60,563.0,33780.0
2021022405020246,NIFRA,55,34,50,563.0,28150.0
2021022405020245,NIFRA,55,46,30,562.0,16860.0
2021022405020244,NIFRA,51,17,50,561.0,28050.0
2021022405020243,NIFRA,51,59,20,561.0,11220.0
2021022405020242,NIFRA,14,59,30,561.0,16830.0
2021022405020254,NIFRA,51,38,50,561.0,28050.0
2021022405020253,NIFRA,35,49,40,563.0,22520.0
2021022405020252,NIFRA,55,49,10,563.0,5630.0
2021022405020251,NIFRA,55,52,50,563.0,28150.0
2021022405020250,NIFRA,55,38,50,563.0,28150.0
2021022405020249,NIFRA,55,58,50,563.0,28150.0
2021022405020260,NIFRA,44,52,30,562.0,16860.0
2021022405020259,NIFRA,44,49,20,562.0,11240.0
2021022405020258,NIFRA,51,56,60,561.0,33660.0
2021022405020257,NIFRA,51,39,50,561.0,28050.0
2021022405020256,NIFRA,21,49,40,562.0,22480.0
2021022405020255,NIFRA,21,13,60,562.0,33720.0
2021022405020266,NIFRA,51,38,50,561.0,28050.0
2021022405020265,NIFRA,52,38,40,564.0,22560.0
2021022405020264,NIFRA,52,45,50,562.0,28100.0
2021022405020263,NIFRA,52,36,20,562.0,11240.0
2021022405020262,NIFRA,55,36,40,562.0,22480.0
2021022405020261,NIFRA,55,52,20,562.0,11240.0
2021022405020272,NIFRA,53,43,20,562.0,11240.0
2021022405020271,NIFRA,10,52,20,563.0,11260.0
2021022405020270,NIFRA,10,42,60,562.0,33720.0
2021022405020269,NIFRA,10,58,20,562.0,11240.0
2021022405020268,NIFRA,10,6,50,562.0,28100.0
2021022405020267,NIFRA,10,46,50,562.0,28100.0
2021022405020278,NIFRA,41,55,10,563.0,5630.0
2021022405020277,NIFRA,41,52,40,563.0,22520.0
2021022405020276,NIFRA,41,45,60,562.0,33720.0
2021022405020275,NIFRA,41,21,50,562.0,28100.0
2021022405020274,NIFRA,51,48,30,561.0,16830.0
2021022405020273,NIFRA,43,43,40,562.0,22480.0
2021022405020284,NIFRA,4,52,10,562.0,5620.0
2021022405020283,NIFRA,58,52,50,563.0,28150.0
2021022405020282,NIFRA,58,58,50,563.0,28150.0
2021022405020281,NIFRA,41,29,10,564.0,5640.0
2021022405020280,NIFRA,41,11,20,564.0,11280.0
2021022405020279,NIFRA,41,34,50,564.0,28200.0
2021022405020290,NIFRA,4,35,50,564.0,28200.0
2021022405020289,NIFRA,4,38,30,564.0,16920.0
2021022405020288,NIFRA,4,29,90,564.0,50760.0
2021022405020287,NIFRA,4,25,60,563.0,33780.0
2021022405020286,NIFRA,4,32,50,563.0,28150.0
2021022405020285,NIFRA,4,4,60,562.0,33720.0
2021022405020296,NIFRA,39,26,340,563.0,191420.0
2021022405020295,NIFRA,39,29,10,563.0,5630.0
2021022405020294,NIFRA,26,46,50,562.0,28100.0
2021022405020293,NIFRA,26,21,10,562.0,5620.0
2021022405020292,NIFRA,43,21,50,562.0,28100.0
2021022405020291,NIFRA,43,42,50,562.0,28100.0
2021022405020302,NIFRA,39,6,50,565.0,28250.0
2021022405020301,NIFRA,39,53,50,565.0,28250.0
2021022405020300,NIFRA,39,17,50,564.0,28200.0
2021022405020299,NIFRA,39,35,50,564.0,28200.0
2021022405020298,NIFRA,39,52,25,564.0,14100.0
2021022405020297,NIFRA,39,48,100,564.0,56400.0
2021022405020308,NIFRA,36,4,50,563.0,28150.0
2021022405020307,NIFRA,39,29,25,565.0,14125.0
2021022405020306,NIFRA,39,55,50,565.0,28250.0
2021022405020305,NIFRA,39,58,20,565.0,11300.0
2021022405020304,NIFRA,39,11,30,565.0,16950.0
2021022405020303,NIFRA,39,45,60,565.0,33900.0
2021022405020314,NIFRA,51,59,30,562.0,16860.0
2021022405020313,NIFRA,58,59,20,562.0,11240.0
2021022405020312,NIFRA,51,42,60,561.0,33660.0
2021022405020311,NIFRA,51,25,10,561.0,5610.0
2021022405020310,NIFRA,26,25,40,562.0,22480.0
2021022405020309,NIFRA,36,45,50,563.0,28150.0
2021022405020320,NIFRA,51,21,60,563.0,33780.0
2021022405020319,NIFRA,51,48,60,563.0,33780.0
2021022405020318,NIFRA,51,41,60,563.0,33780.0
2021022405020317,NIFRA,51,58,60,562.0,33720.0
2021022405020316,NIFRA,51,41,60,562.0,33720.0
2021022405020315,NIFRA,51,52,50,562.0,28100.0
2021022405020326,NIFRA,45,32,30,564.0,16920.0
2021022405020325,NIFRA,32,32,20,564.0,11280.0
2021022405020324,NIFRA,32,45,50,564.0,28200.0
2021022405020323,NIFRA,32,51,30,564.0,16920.0
2021022405020322,NIFRA,45,51,20,564.0,11280.0
2021022405020321,NIFRA,45,48,30,564.0,16920.0
2021022405020332,NIFRA,56,52,60,564.0,33840.0
2021022405020331,NIFRA,48,34,20,562.0,11240.0
2021022405020330,NIFRA,38,34,30,563.0,16890.0
2021022405020329,NIFRA,48,39,50,562.0,28100.0
2021022405020328,NIFRA,48,45,40,562.0,22480.0
2021022405020327,NIFRA,51,45,20,563.0,11260.0
2021022405020338,NIFRA,48,29,30,562.0,16860.0
2021022405020337,NIFRA,45,29,20,564.0,11280.0
2021022405020336,NIFRA,45,52,30,563.0,16890.0
2021022405020335,NIFRA,56,52,30,564.0,16920.0
2021022405020334,NIFRA,56,29,60,564.0,33840.0
2021022405020333,NIFRA,56,4,50,564.0,28200.0
2021022405020344,NIFRA,5,6,30,565.0,16950.0
2021022405020343,NIFRA,5,7,35,565.0,19775.0
2021022405020342,NIFRA,41,7,15,565.0,8475.0
2021022405020341,NIFRA,41,6,50,565.0,28250.0
2021022405020340,NIFRA,41,29,35,565.0,19775.0
2021022405020339,NIFRA,48,44,50,562.0,28100.0
2021022405020350,NIFRA,35,22,40,562.0,22480.0
2021022405020349,NIFRA,48,22,10,562.0,5620.0
2021022405020348,NIFRA,5,56,15,565.0,8475.0
2021022405020347,NIFRA,5,29,50,565.0,28250.0
2021022405020346,NIFRA,5,41,10,565.0,5650.0
2021022405020345,NIFRA,5,14,60,565.0,33900.0
2021022405020357,NIFRA,51,29,5,556.0,2780.0
2021022405020356,NIFRA,46,29,35,562.0,19670.0
2021022405020355,NIFRA,14,29,20,562.0,11240.0
2021022405020354,NIFRA,14,14,50,562.0,28100.0
2021022405020353,NIFRA,14,41,30,562.0,16860.0
2021022405020352,NIFRA,33,41,30,562.0,16860.0
2021022405020363,NIFRA,17,52,40,563.0,22520.0
2021022405020362,NIFRA,55,45,50,562.0,28100.0
2021022405020361,NIFRA,51,44,50,561.0,28050.0
2021022405020360,NIFRA,51,14,10,561.0,5610.0
2021022405020359,NIFRA,43,14,40,562.0,22480.0
2021022405020358,NIFRA,43,32,60,562.0,33720.0
2021022405020370,NIFRA,16,39,10,562.0,5620.0
2021022405020368,NIFRA,51,14,10,561.0,5610.0
2021022405020367,NIFRA,51,48,50,561.0,28050.0
2021022405020366,NIFRA,55,39,50,562.0,28100.0
2021022405020365,NIFRA,17,14,10,564.0,5640.0
2021022405020364,NIFRA,17,34,50,563.0,28150.0
2021022405020376,NIFRA,16,34,50,564.0,28200.0
2021022405020375,NIFRA,16,46,50,564.0,28200.0
2021022405020374,NIFRA,16,52,10,564.0,5640.0
2021022405020373,NIFRA,16,14,10,564.0,5640.0
2021022405020372,NIFRA,16,56,60,562.0,33720.0
2021022405020371,NIFRA,16,21,10,562.0,5620.0
2021022405020383,NIFRA,16,16,40,564.0,22560.0
2021022405020382,NIFRA,16,33,40,564.0,22560.0
2021022405020380,NIFRA,16,38,50,564.0,28200.0
2021022405020379,NIFRA,16,6,60,564.0,33840.0
2021022405020378,NIFRA,16,38,50,564.0,28200.0
2021022405020377,NIFRA,16,52,60,564.0,33840.0
2021022405020391,NIFRA,25,38,50,561.0,28050.0
2021022405020388,NIFRA,38,32,10,562.0,5620.0
2021022405020387,NIFRA,8,32,40,563.0,22520.0
2021022405020386,NIFRA,8,36,10,563.0,5630.0
2021022405020385,NIFRA,57,36,40,563.0,22520.0
2021022405020384,NIFRA,42,34,50,563.0,28150.0
2021022405020397,NIFRA,44,45,20,562.0,11240.0
2021022405020396,NIFRA,44,41,10,562.0,5620.0
2021022405020395,NIFRA,42,41,40,562.0,22480.0
2021022405020394,NIFRA,42,58,60,562.0,33720.0
2021022405020393,NIFRA,42,51,60,562.0,33720.0
2021022405020392,NIFRA,42,32,10,562.0,5620.0
2021022405020403,NIFRA,43,21,50,564.0,28200.0
2021022405020402,NIFRA,43,4,60,564.0,33840.0
2021022405020401,NIFRA,43,16,20,564.0,11280.0
2021022405020400,NIFRA,43,42,50,563.0,28150.0
2021022405020399,NIFRA,43,55,50,563.0,28150.0
2021022405020398,NIFRA,44,14,50,562.0,28100.0
2021022405020409,NIFRA,44,13,10,562.0,5620.0
2021022405020408,NIFRA,6,13,40,563.0,22520.0
2021022405020407,NIFRA,44,18,50,562.0,28100.0
2021022405020406,NIFRA,44,44,50,562.0,28100.0
2021022405020405,NIFRA,44,29,50,562.0,28100.0
2021022405020404,NIFRA,43,38,120,564.0,67680.0
2021022405020415,NIFRA,35,49,20,562.0,11240.0
2021022405020414,NIFRA,19,49,20,562.0,11240.0
2021022405020413,NIFRA,19,38,40,562.0,22480.0
2021022405020412,NIFRA,44,38,10,562.0,5620.0
2021022405020411,NIFRA,37,38,20,564.0,11280.0
2021022405020410,NIFRA,44,32,50,562.0,28100.0
2021022405020421,NIFRA,13,41,45,562.0,25290.0
2021022405020420,NIFRA,21,41,15,562.0,8430.0
2021022405020419,NIFRA,38,22,40,563.0,22520.0
2021022405020418,NIFRA,19,58,50,562.0,28100.0
2021022405020417,NIFRA,47,58,40,562.0,22480.0
2021022405020416,NIFRA,47,49,10,562.0,5620.0
2021022405020427,NIFRA,33,42,50,563.0,28150.0
2021022405020426,NIFRA,42,38,300,564.0,169200.0
2021022405020425,NIFRA,51,38,22,564.0,12408.0
2021022405020424,NIFRA,16,38,50,564.0,28200.0
2021022405020423,NIFRA,33,22,10,563.0,5630.0
2021022405020422,NIFRA,13,32,60,562.0,33720.0
2021022405020433,NIFRA,41,11,30,563.0,16890.0
2021022405020432,NIFRA,41,56,50,563.0,28150.0
2021022405020431,NIFRA,34,38,28,564.0,15792.0
2021022405020430,NIFRA,42,38,100,564.0,56400.0
2021022405020429,NIFRA,41,29,20,563.0,11260.0
2021022405020428,NIFRA,33,29,40,563.0,22520.0
2021022405020439,NIFRA,33,17,60,563.0,33780.0
2021022405020438,NIFRA,33,34,20,563.0,11260.0
2021022405020437,NIFRA,52,34,30,563.0,16890.0
2021022405020436,NIFRA,55,38,10,564.0,5640.0
2021022405020435,NIFRA,52,45,50,563.0,28150.0
2021022405020434,NIFRA,52,11,20,563.0,11260.0
2021022405020445,NIFRA,33,43,50,563.0,28150.0
2021022405020444,NIFRA,14,38,10,564.0,5640.0
2021022405020443,NIFRA,33,29,60,563.0,33780.0
2021022405020442,NIFRA,33,51,50,563.0,28150.0
2021022405020441,NIFRA,1,38,88,564.0,49632.0
2021022405020440,NIFRA,33,32,100,563.0,56300.0
2021022405020451,NIFRA,51,25,50,563.0,28150.0
2021022405020450,NIFRA,51,41,40,563.0,22520.0
2021022405020449,NIFRA,33,41,20,563.0,11260.0
2021022405020448,NIFRA,33,53,40,563.0,22520.0
2021022405020447,NIFRA,33,29,50,563.0,28150.0
2021022405020446,NIFRA,33,17,50,563.0,28150.0
2021022405020458,NIFRA,21,58,40,562.0,22480.0
2021022405020457,NIFRA,34,34,20,562.0,11240.0
2021022405020456,NIFRA,18,34,25,562.0,14050.0
2021022405020455,NIFRA,18,41,60,562.0,33720.0
2021022405020454,NIFRA,18,56,15,562.0,8430.0
2021022405020453,NIFRA,13,56,45,562.0,25290.0
2021022405020462,PLI,22,4,10,819.0,8190.0
2021022405020461,PLI,22,32,10,819.0,8190.0
2021022405020452,PLI,22,41,10,819.0,8190.0
2021022405020390,PLI,22,56,10,819.0,8190.0
2021022405020389,PLI,22,39,10,819.0,8190.0
2021022405020381,PLI,22,58,15,819.0,12285.0
2021022405020102,PLI,42,42,10,817.0,8170.0
2021022405020101,PLI,42,34,10,817.0,8170.0
2021022405020100,PLI,42,1,40,817.0,32680.0
2021022405020095,PLI,37,21,10,816.0,8160.0
2021022405020044,PLI,37,14,10,816.0,8160.0
2021022405020108,PLI,42,39,10,819.0,8190.0
2021022405020107,PLI,42,58,10,818.0,8180.0
2021022405020106,PLI,42,14,10,818.0,8180.0
2021022405020105,PLI,42,34,10,818.0,8180.0
2021022405020104,PLI,42,49,10,818.0,8180.0
2021022405020103,PLI,42,14,10,818.0,8180.0
2021022405020369,PLI,22,4,10,819.0,8190.0
2021022405020351,PLI,22,59,20,819.0,16380.0
2021022405020248,PLI,14,59,10,817.0,8170.0
2021022405020143,PLI,41,57,10,817.0,8170.0
2021022405020134,PLI,37,21,10,816.0,8160.0
2021022405020109,PLI,42,59,180,819.0,147420.0
2021022405019966,NIFRA,1,47,50,563.0,28150.0
2021022405019965,NIFRA,1,52,50,563.0,28150.0
2021022405019964,NIFRA,1,18,60,563.0,33780.0
2021022405019963,NIFRA,38,16,30,560.0,16800.0
2021022405019962,NIFRA,29,16,20,561.0,11220.0
2021022405019961,NIFRA,22,16,10,561.0,5610.0
2021022405019470,NIFRA,14,45,10,561.0,5610.0
2021022405019469,NIFRA,5,25,60,560.0,33600.0
2021022405019468,NIFRA,5,38,60,560.0,33600.0
2021022405019467,NIFRA,29,57,5,560.0,2800.0
2021022405019477,NIFRA,28,38,50,559.0,27950.0
2021022405019476,NIFRA,28,29,60,559.0,33540.0
2021022405019475,NIFRA,28,39,30,559.0,16770.0
2021022405019474,NIFRA,5,39,20,560.0,11200.0
2021022405019473,NIFRA,5,42,60,560.0,33600.0
2021022405019471,NIFRA,14,6,40,561.0,22440.0
2021022405019483,NIFRA,28,53,10,559.0,5590.0
2021022405019482,NIFRA,28,21,50,559.0,27950.0
2021022405019481,NIFRA,28,52,50,559.0,27950.0
2021022405019480,NIFRA,34,52,10,560.0,5600.0
2021022405019479,NIFRA,17,55,50,560.0,28000.0
2021022405019478,NIFRA,17,45,50,560.0,28000.0
2021022405019490,NIFRA,26,38,20,559.0,11180.0
2021022405019489,NIFRA,26,33,40,559.0,22360.0
2021022405019488,NIFRA,28,33,10,559.0,5590.0
2021022405019487,NIFRA,28,34,20,559.0,11180.0
2021022405019486,NIFRA,28,58,50,559.0,27950.0
2021022405019485,NIFRA,28,21,60,559.0,33540.0
2021022405019496,NIFRA,41,40,60,559.0,33540.0
2021022405019495,NIFRA,41,19,20,559.0,11180.0
2021022405019494,NIFRA,52,19,30,559.0,16770.0
2021022405019493,NIFRA,52,13,10,559.0,5590.0
2021022405019492,NIFRA,49,13,50,559.0,27950.0
2021022405019491,NIFRA,49,38,30,559.0,16770.0
2021022405019502,NIFRA,52,36,10,560.0,5600.0
2021022405019501,NIFRA,52,42,40,560.0,22400.0
2021022405019500,NIFRA,42,42,20,560.0,11200.0
2021022405019499,NIFRA,42,47,25,560.0,14000.0
2021022405019498,NIFRA,41,42,60,559.0,33540.0
2021022405019497,NIFRA,41,46,50,559.0,27950.0
2021022405019508,NIFRA,41,49,50,559.0,27950.0
2021022405019507,NIFRA,34,52,60,560.0,33600.0
2021022405019506,NIFRA,34,47,40,560.0,22400.0
2021022405019505,NIFRA,16,22,60,560.0,33600.0
2021022405019504,NIFRA,49,47,10,560.0,5600.0
2021022405019503,NIFRA,49,36,40,560.0,22400.0
2021022405019514,NIFRA,14,18,60,560.0,33600.0
2021022405019513,NIFRA,14,45,60,560.0,33600.0
2021022405019512,NIFRA,14,38,60,560.0,33600.0
2021022405019511,NIFRA,14,47,60,560.0,33600.0
2021022405019510,NIFRA,14,42,60,560.0,33600.0
2021022405019509,NIFRA,41,18,50,559.0,27950.0
2021022405019522,NIFRA,19,38,60,560.0,33600.0
2021022405019521,NIFRA,19,32,60,560.0,33600.0
2021022405019520,NIFRA,14,21,50,560.0,28000.0
2021022405019518,NIFRA,14,49,50,560.0,28000.0
2021022405019517,NIFRA,14,53,50,560.0,28000.0
2021022405019516,NIFRA,14,42,50,560.0,28000.0
2021022405019529,NIFRA,41,21,60,559.0,33540.0
2021022405019528,NIFRA,41,32,50,559.0,27950.0
2021022405019527,NIFRA,41,8,50,559.0,27950.0
2021022405019526,NIFRA,41,29,20,559.0,11180.0
2021022405019525,NIFRA,19,29,30,560.0,16800.0
2021022405019524,NIFRA,19,11,50,560.0,28000.0
2021022405019535,NIFRA,18,49,40,560.0,22400.0
2021022405019534,NIFRA,18,51,60,560.0,33600.0
2021022405019533,NIFRA,42,38,50,559.0,27950.0
2021022405019532,NIFRA,42,32,60,559.0,33540.0
2021022405019531,NIFRA,42,18,30,559.0,16770.0
2021022405019530,NIFRA,41,18,30,559.0,16770.0
2021022405019541,NIFRA,29,19,10,559.0,5590.0
2021022405019540,NIFRA,42,8,15,561.0,8415.0
2021022405019539,NIFRA,42,6,20,561.0,11220.0
2021022405019538,NIFRA,42,52,60,559.0,33540.0
2021022405019537,NIFRA,33,6,100,560.0,56000.0
2021022405019536,NIFRA,21,49,20,560.0,11200.0
2021022405019547,NIFRA,28,52,50,560.0,28000.0
2021022405019546,NIFRA,48,58,30,558.0,16740.0
2021022405019545,NIFRA,48,39,50,558.0,27900.0
2021022405019544,NIFRA,48,4,60,558.0,33480.0
2021022405019543,NIFRA,48,19,30,558.0,16740.0
2021022405019542,NIFRA,58,19,10,559.0,5590.0
2021022405019553,NIFRA,28,47,60,562.0,33720.0
2021022405019552,NIFRA,28,11,50,562.0,28100.0
2021022405019551,NIFRA,28,28,60,561.0,33660.0
2021022405019550,NIFRA,28,37,20,561.0,11220.0
2021022405019549,NIFRA,28,56,50,561.0,28050.0
2021022405019548,NIFRA,28,8,35,561.0,19635.0
2021022405019559,NIFRA,42,42,50,560.0,28000.0
2021022405019558,NIFRA,13,21,50,559.0,27950.0
2021022405019557,NIFRA,28,35,15,562.0,8430.0
2021022405019556,NIFRA,28,35,60,562.0,33720.0
2021022405019555,NIFRA,28,6,50,562.0,28100.0
2021022405019554,NIFRA,28,40,50,562.0,28100.0
2021022405019565,NIFRA,42,6,50,561.0,28050.0
2021022405019564,NIFRA,42,41,50,561.0,28050.0
2021022405019563,NIFRA,42,22,50,561.0,28050.0
2021022405019562,NIFRA,42,46,50,561.0,28050.0
2021022405019561,NIFRA,42,21,60,561.0,33660.0
2021022405019560,NIFRA,42,36,50,560.0,28000.0
2021022405019571,NIFRA,43,58,40,561.0,22440.0
2021022405019570,NIFRA,43,55,50,561.0,28050.0
2021022405019569,NIFRA,43,41,10,561.0,5610.0
2021022405019568,NIFRA,42,41,140,561.0,78540.0
2021022405019567,NIFRA,42,19,50,561.0,28050.0
2021022405019566,NIFRA,42,4,50,561.0,28050.0
2021022405019577,NIFRA,37,45,50,559.0,27950.0
2021022405019576,NIFRA,37,44,50,559.0,27950.0
2021022405019575,NIFRA,57,17,50,560.0,28000.0
2021022405019574,NIFRA,37,5,30,559.0,16770.0
2021022405019573,NIFRA,42,5,20,560.0,11200.0
2021022405019572,NIFRA,42,58,10,560.0,5600.0
2021022405019584,NIFRA,37,46,40,559.0,22360.0
2021022405019583,NIFRA,37,41,10,559.0,5590.0
2021022405019582,NIFRA,37,41,10,559.0,5590.0
2021022405019581,NIFRA,37,46,50,559.0,27950.0
2021022405019579,NIFRA,37,44,10,559.0,5590.0
2021022405019578,NIFRA,37,41,50,559.0,27950.0
2021022405019594,NIFRA,37,22,50,559.0,27950.0
2021022405019592,NIFRA,37,18,50,559.0,27950.0
2021022405019589,NIFRA,37,13,50,559.0,27950.0
2021022405019587,NIFRA,4,41,20,560.0,11200.0
2021022405019586,NIFRA,4,57,20,560.0,11200.0
2021022405019585,NIFRA,4,34,60,560.0,33600.0
2021022405019600,NIFRA,37,21,50,559.0,27950.0
2021022405019599,NIFRA,44,13,20,560.0,11200.0
2021022405019598,NIFRA,44,49,50,560.0,28000.0
2021022405019597,NIFRA,44,29,50,560.0,28000.0
2021022405019596,NIFRA,44,51,50,560.0,28000.0
2021022405019595,NIFRA,44,41,30,560.0,16800.0
2021022405019607,NIFRA,35,47,60,560.0,33600.0
2021022405019606,NIFRA,35,26,50,560.0,28000.0
2021022405019605,NIFRA,35,56,50,560.0,28000.0
2021022405019604,NIFRA,35,6,50,560.0,28000.0
2021022405019603,NIFRA,35,13,30,560.0,16800.0
2021022405019602,NIFRA,35,55,60,560.0,33600.0
2021022405019613,NIFRA,35,42,50,560.0,28000.0
2021022405019612,NIFRA,36,4,50,561.0,28050.0
2021022405019611,NIFRA,36,29,50,561.0,28050.0
2021022405019610,NIFRA,35,42,60,560.0,33600.0
2021022405019609,NIFRA,35,57,50,560.0,28000.0
2021022405019608,NIFRA,35,36,50,560.0,28000.0
2021022405019619,NIFRA,43,17,26,560.0,14560.0
2021022405019618,NIFRA,35,17,34,560.0,19040.0
2021022405019617,NIFRA,35,48,10,560.0,5600.0
2021022405019616,NIFRA,35,20,50,560.0,28000.0
2021022405019615,NIFRA,35,44,60,560.0,33600.0
2021022405019614,NIFRA,35,13,50,560.0,28000.0
2021022405019625,NIFRA,38,38,50,560.0,28000.0
2021022405019624,NIFRA,38,38,50,560.0,28000.0
2021022405019623,NIFRA,38,51,50,560.0,28000.0
2021022405019622,NIFRA,38,8,36,560.0,20160.0
2021022405019621,NIFRA,43,8,14,560.0,7840.0
2021022405019620,NIFRA,43,26,60,560.0,33600.0
2021022405019631,NIFRA,48,42,60,560.0,33600.0
2021022405019630,NIFRA,48,52,50,560.0,28000.0
2021022405019629,NIFRA,48,41,60,560.0,33600.0
2021022405019628,NIFRA,43,41,50,560.0,28000.0
2021022405019627,NIFRA,43,39,50,560.0,28000.0
2021022405019626,NIFRA,38,42,54,560.0,30240.0
2021022405019637,NIFRA,42,4,50,561.0,28050.0
2021022405019636,NIFRA,51,21,60,560.0,33600.0
2021022405019635,NIFRA,51,52,50,560.0,28000.0
2021022405019634,NIFRA,51,46,10,559.0,5590.0
2021022405019633,NIFRA,44,46,40,560.0,22400.0
2021022405019632,NIFRA,18,57,50,561.0,28050.0
2021022405019643,NIFRA,51,40,60,560.0,33600.0
2021022405019642,NIFRA,51,52,50,560.0,28000.0
2021022405019641,NIFRA,18,35,5,562.0,2810.0
2021022405019640,NIFRA,42,35,40,562.0,22480.0
2021022405019639,NIFRA,42,13,60,562.0,33720.0
2021022405019638,NIFRA,42,58,50,561.0,28050.0
2021022405019650,NIFRA,49,41,50,560.0,28000.0
2021022405019649,NIFRA,57,48,50,560.0,28000.0
2021022405019648,NIFRA,49,42,25,560.0,14000.0
2021022405019647,NIFRA,51,42,20,560.0,11200.0
2021022405019646,NIFRA,51,21,60,560.0,33600.0
2021022405019645,NIFRA,51,38,50,560.0,28000.0
2021022405019656,NIFRA,17,19,50,560.0,28000.0
2021022405019655,NIFRA,17,52,50,560.0,28000.0
2021022405019654,NIFRA,17,5,50,560.0,28000.0
2021022405019653,NIFRA,49,39,60,560.0,33600.0
2021022405019652,NIFRA,49,1,60,560.0,33600.0
2021022405019651,NIFRA,49,42,50,560.0,28000.0
2021022405019662,NIFRA,39,56,260,560.0,145600.0
2021022405019661,NIFRA,51,58,10,559.0,5590.0
2021022405019660,NIFRA,11,56,50,560.0,28000.0
2021022405019659,NIFRA,45,56,190,560.0,106400.0
2021022405019658,NIFRA,45,8,50,560.0,28000.0
2021022405019657,NIFRA,17,21,50,560.0,28000.0
2021022405019668,NIFRA,17,47,40,560.0,22400.0
2021022405019667,NIFRA,17,56,50,560.0,28000.0
2021022405019666,NIFRA,17,16,60,560.0,33600.0
2021022405019665,NIFRA,51,19,50,559.0,27950.0
2021022405019664,NIFRA,51,49,10,559.0,5590.0
2021022405019663,NIFRA,39,49,40,560.0,22400.0
2021022405019674,NIFRA,29,18,60,560.0,33600.0
2021022405019673,NIFRA,29,29,20,560.0,11200.0
2021022405019672,NIFRA,51,17,50,559.0,27950.0
2021022405019671,NIFRA,10,29,40,560.0,22400.0
2021022405019670,NIFRA,10,45,50,560.0,28000.0
2021022405019669,NIFRA,10,47,10,560.0,5600.0
2021022405019680,NIFRA,29,49,50,560.0,28000.0
2021022405019679,NIFRA,29,47,50,560.0,28000.0
2021022405019678,NIFRA,29,35,50,560.0,28000.0
2021022405019677,NIFRA,29,58,60,560.0,33600.0
2021022405019676,NIFRA,29,47,50,560.0,28000.0
2021022405019675,NIFRA,29,46,50,560.0,28000.0
2021022405019686,NIFRA,29,6,60,560.0,33600.0
2021022405019685,NIFRA,29,55,50,560.0,28000.0
2021022405019684,NIFRA,29,42,50,560.0,28000.0
2021022405019683,NIFRA,29,53,50,560.0,28000.0
2021022405019682,NIFRA,29,4,60,560.0,33600.0
2021022405019681,NIFRA,29,16,60,560.0,33600.0
2021022405019693,NIFRA,29,45,60,561.0,33660.0
2021022405019692,NIFRA,29,6,50,561.0,28050.0
2021022405019691,NIFRA,29,35,10,561.0,5610.0
2021022405019690,NIFRA,29,45,50,561.0,28050.0
2021022405019688,NIFRA,29,56,60,560.0,33600.0
2021022405019687,NIFRA,29,38,50,560.0,28000.0
2021022405019699,NIFRA,29,58,10,562.0,5620.0
2021022405019698,NIFRA,29,58,20,562.0,11240.0
2021022405019697,NIFRA,29,21,60,562.0,33720.0
2021022405019696,NIFRA,29,7,50,562.0,28100.0
2021022405019695,NIFRA,29,26,50,562.0,28100.0
2021022405019694,NIFRA,29,42,50,561.0,28050.0
2021022405019705,NIFRA,29,4,20,560.0,11200.0
2021022405019704,NIFRA,29,52,50,560.0,28000.0
2021022405019703,NIFRA,29,36,50,560.0,28000.0
2021022405019702,NIFRA,29,21,50,560.0,28000.0
2021022405019701,NIFRA,29,6,40,562.0,22480.0
2021022405019700,NIFRA,29,32,50,562.0,28100.0
2021022405019711,NIFRA,32,58,100,562.0,56200.0
2021022405019710,NIFRA,32,58,50,562.0,28100.0
2021022405019709,NIFRA,32,6,10,562.0,5620.0
2021022405019708,NIFRA,29,38,50,560.0,28000.0
2021022405019707,NIFRA,29,42,50,560.0,28000.0
2021022405019706,NIFRA,29,4,30,560.0,16800.0
2021022405019717,NIFRA,32,33,50,562.0,28100.0
2021022405019716,NIFRA,32,42,50,562.0,28100.0
2021022405019715,NIFRA,32,22,50,562.0,28100.0
2021022405019714,NIFRA,32,51,60,562.0,33720.0
2021022405019713,NIFRA,32,18,60,562.0,33720.0
2021022405019712,NIFRA,32,35,60,562.0,33720.0
2021022405019723,NIFRA,35,44,20,560.0,11200.0
2021022405019722,NIFRA,35,46,50,560.0,28000.0
2021022405019721,NIFRA,35,52,30,560.0,16800.0
2021022405019720,NIFRA,29,52,30,560.0,16800.0
2021022405019719,NIFRA,29,56,40,560.0,22400.0
2021022405019718,NIFRA,32,56,10,562.0,5620.0
2021022405019729,NIFRA,26,40,60,560.0,33600.0
2021022405019728,NIFRA,26,45,40,560.0,22400.0
2021022405019727,NIFRA,41,45,10,560.0,5600.0
2021022405019726,NIFRA,41,52,60,560.0,33600.0
2021022405019725,NIFRA,41,44,30,560.0,16800.0
2021022405019724,NIFRA,45,44,10,560.0,5600.0
2021022405019737,NIFRA,51,36,50,559.0,27950.0
2021022405019736,NIFRA,51,59,60,559.0,33540.0
2021022405019735,NIFRA,51,44,60,559.0,33540.0
2021022405019732,NIFRA,58,58,50,560.0,28000.0
2021022405019731,NIFRA,58,41,50,560.0,28000.0
2021022405019730,NIFRA,26,21,50,560.0,28000.0
2021022405019743,NIFRA,26,46,20,561.0,11220.0
2021022405019742,NIFRA,41,46,30,562.0,16860.0
2021022405019741,NIFRA,26,41,40,561.0,22440.0
2021022405019740,NIFRA,28,41,10,561.0,5610.0
2021022405019739,NIFRA,51,48,50,559.0,27950.0
2021022405019738,NIFRA,51,57,50,559.0,27950.0
2021022405019749,NIFRA,29,34,50,560.0,28000.0
2021022405019748,NIFRA,29,32,50,560.0,28000.0
2021022405019747,NIFRA,29,38,10,560.0,5600.0
2021022405019746,NIFRA,38,38,30,560.0,16800.0
2021022405019745,NIFRA,26,38,10,561.0,5610.0
2021022405019744,NIFRA,26,52,50,561.0,28050.0
2021022405019755,NIFRA,22,26,10,561.0,5610.0
2021022405019754,NIFRA,41,51,50,561.0,28050.0
2021022405019753,NIFRA,29,21,50,560.0,28000.0
2021022405019752,NIFRA,29,13,60,560.0,33600.0
2021022405019751,NIFRA,29,1,50,560.0,28000.0
2021022405019750,NIFRA,29,38,60,560.0,33600.0
2021022405019761,NIFRA,29,42,50,560.0,28000.0
2021022405019760,NIFRA,29,39,50,560.0,28000.0
2021022405019759,NIFRA,29,52,50,560.0,28000.0
2021022405019758,NIFRA,29,8,50,560.0,28000.0
2021022405019757,NIFRA,29,42,40,560.0,22400.0
2021022405019756,NIFRA,22,42,10,561.0,5610.0
2021022405019767,NIFRA,29,45,50,560.0,28000.0
2021022405019766,NIFRA,41,45,50,561.0,28050.0
2021022405019765,NIFRA,21,37,50,561.0,28050.0
2021022405019764,NIFRA,21,4,50,561.0,28050.0
2021022405019763,NIFRA,29,21,60,560.0,33600.0
2021022405019762,NIFRA,29,4,50,560.0,28000.0
2021022405019774,NIFRA,38,4,50,562.0,28100.0
2021022405019773,NIFRA,38,46,60,561.0,33660.0
2021022405019772,NIFRA,38,45,10,561.0,5610.0
2021022405019771,NIFRA,29,49,50,560.0,28000.0
2021022405019770,NIFRA,29,38,60,560.0,33600.0
2021022405019768,NIFRA,29,21,50,560.0,28000.0
2021022405019780,NIFRA,38,6,50,563.0,28150.0
2021022405019779,NIFRA,38,55,40,563.0,22520.0
2021022405019778,NIFRA,38,53,60,563.0,33780.0
2021022405019777,NIFRA,38,36,50,563.0,28150.0
2021022405019776,NIFRA,38,57,50,563.0,28150.0
2021022405019775,NIFRA,38,41,20,563.0,11260.0
2021022405019786,NIFRA,38,48,60,563.0,33780.0
2021022405019785,NIFRA,38,41,50,563.0,28150.0
2021022405019784,NIFRA,38,29,25,563.0,14075.0
2021022405019783,NIFRA,38,7,50,563.0,28150.0
2021022405019782,NIFRA,38,34,50,563.0,28150.0
2021022405019781,NIFRA,38,53,20,563.0,11260.0
2021022405019792,NIFRA,29,47,50,560.0,28000.0
2021022405019791,NIFRA,29,36,40,560.0,22400.0
2021022405019790,NIFRA,52,36,10,561.0,5610.0
2021022405019789,NIFRA,52,56,40,561.0,22440.0
2021022405019788,NIFRA,38,49,50,563.0,28150.0
2021022405019787,NIFRA,38,32,50,563.0,28150.0
2021022405019798,NIFRA,29,21,20,560.0,11200.0
2021022405019797,NIFRA,29,58,60,560.0,33600.0
2021022405019796,NIFRA,29,21,60,560.0,33600.0
2021022405019795,NIFRA,29,42,50,560.0,28000.0
2021022405019794,NIFRA,29,38,60,560.0,33600.0
2021022405019793,NIFRA,29,34,10,560.0,5600.0
2021022405019805,NIFRA,35,41,50,561.0,28050.0
2021022405019804,NIFRA,34,56,50,561.0,28050.0
2021022405019803,NIFRA,34,46,60,561.0,33660.0
2021022405019802,NIFRA,34,58,30,561.0,16830.0
2021022405019801,NIFRA,34,47,60,561.0,33660.0
2021022405019799,NIFRA,29,45,50,560.0,28000.0
2021022405019812,NIFRA,10,6,50,561.0,28050.0
2021022405019811,NIFRA,29,56,10,560.0,5600.0
2021022405019810,NIFRA,58,56,50,561.0,28050.0
2021022405019808,NIFRA,29,38,60,560.0,33600.0
2021022405019807,NIFRA,29,47,50,560.0,28000.0
2021022405019806,NIFRA,35,55,50,561.0,28050.0
2021022405019820,NIFRA,10,52,40,561.0,22440.0
2021022405019819,NIFRA,10,41,60,561.0,33660.0
2021022405019816,NIFRA,10,52,50,561.0,28050.0
2021022405019815,NIFRA,10,58,60,561.0,33660.0
2021022405019814,NIFRA,10,22,60,561.0,33660.0
2021022405019813,NIFRA,10,41,40,561.0,22440.0
2021022405019826,NIFRA,10,58,50,561.0,28050.0
2021022405019825,NIFRA,10,47,50,561.0,28050.0
2021022405019824,NIFRA,10,21,20,561.0,11220.0
2021022405019823,NIFRA,10,32,50,561.0,28050.0
2021022405019822,NIFRA,10,49,60,561.0,33660.0
2021022405019821,NIFRA,10,36,50,561.0,28050.0
2021022405019832,NIFRA,45,6,150,562.0,84300.0
2021022405019831,NIFRA,45,34,50,562.0,28100.0
2021022405019830,NIFRA,43,34,40,561.0,22440.0
2021022405019829,NIFRA,10,34,10,561.0,5610.0
2021022405019828,NIFRA,10,34,500,561.0,280500.0
2021022405019827,NIFRA,10,21,50,561.0,28050.0
2021022405019838,NIFRA,45,55,50,561.0,28050.0
2021022405019837,NIFRA,43,55,10,561.0,5610.0
2021022405019836,NIFRA,43,29,50,561.0,28050.0
2021022405019835,NIFRA,43,58,50,561.0,28050.0
2021022405019834,NIFRA,43,21,50,561.0,28050.0
2021022405019833,NIFRA,34,6,60,562.0,33720.0
2021022405019845,NIFRA,53,4,50,561.0,28050.0
2021022405019843,NIFRA,16,56,50,561.0,28050.0
2021022405019842,NIFRA,16,48,50,561.0,28050.0
2021022405019841,NIFRA,45,10,50,561.0,28050.0
2021022405019840,NIFRA,53,6,10,562.0,5620.0
2021022405019839,NIFRA,53,6,40,562.0,22480.0
2021022405019852,NIFRA,53,44,30,561.0,16830.0
2021022405019851,NIFRA,43,44,20,561.0,11220.0
2021022405019849,NIFRA,43,32,60,561.0,33660.0
2021022405019848,NIFRA,43,1,20,561.0,11220.0
2021022405019847,NIFRA,59,1,40,561.0,22440.0
2021022405019846,NIFRA,53,38,50,561.0,28050.0
2021022405019858,NIFRA,29,21,60,560.0,33600.0
2021022405019857,NIFRA,29,17,60,560.0,33600.0
2021022405019856,NIFRA,29,45,30,560.0,16800.0
2021022405019855,NIFRA,53,45,20,561.0,11220.0
2021022405019854,NIFRA,25,41,10,562.0,5620.0
2021022405019853,NIFRA,25,6,40,562.0,22480.0
2021022405019866,NIFRA,29,8,20,561.0,11220.0
2021022405019865,NIFRA,29,8,50,560.0,28000.0
2021022405019864,NIFRA,29,8,50,560.0,28000.0
2021022405019862,NIFRA,29,48,60,560.0,33600.0
2021022405019861,NIFRA,16,13,40,562.0,22480.0
2021022405019860,NIFRA,16,38,60,561.0,33660.0
2021022405019873,NIFRA,14,47,30,562.0,16860.0
2021022405019872,NIFRA,14,13,10,562.0,5620.0
2021022405019871,NIFRA,14,49,60,562.0,33720.0
2021022405019870,NIFRA,29,46,60,561.0,33660.0
2021022405019869,NIFRA,29,39,60,561.0,33660.0
2021022405019867,NIFRA,29,20,50,561.0,28050.0
2021022405019879,NIFRA,1,58,50,563.0,28150.0
2021022405019878,NIFRA,1,50,50,563.0,28150.0
2021022405019877,NIFRA,1,35,50,562.0,28100.0
2021022405019876,NIFRA,38,6,50,561.0,28050.0
2021022405019875,NIFRA,38,47,20,561.0,11220.0
2021022405019874,NIFRA,29,47,10,561.0,5610.0
2021022405019885,NIFRA,29,38,10,560.0,5600.0
2021022405019884,NIFRA,35,38,40,561.0,22440.0
2021022405019883,NIFRA,29,47,50,560.0,28000.0
2021022405019882,NIFRA,29,17,20,560.0,11200.0
2021022405019881,NIFRA,38,17,30,561.0,16830.0
2021022405019880,NIFRA,1,1,50,563.0,28150.0
2021022405019891,NIFRA,29,38,50,560.0,28000.0
2021022405019890,NIFRA,29,38,20,560.0,11200.0
2021022405019889,NIFRA,29,19,50,560.0,28000.0
2021022405019888,NIFRA,29,26,50,560.0,28000.0
2021022405019887,NIFRA,29,8,50,560.0,28000.0
2021022405019886,NIFRA,29,36,50,560.0,28000.0
2021022405019897,NIFRA,5,53,60,562.0,33720.0
2021022405019896,NIFRA,28,22,30,563.0,16890.0
2021022405019895,NIFRA,28,40,50,563.0,28150.0
2021022405019894,NIFRA,28,52,20,562.0,11240.0
2021022405019893,NIFRA,28,36,60,562.0,33720.0
2021022405019892,NIFRA,28,56,50,561.0,28050.0
2021022405019905,NIFRA,28,16,20,562.0,11240.0
2021022405019904,NIFRA,28,32,30,562.0,16860.0
2021022405019903,NIFRA,4,32,20,562.0,11240.0
2021022405019901,NIFRA,4,46,60,562.0,33720.0
2021022405019900,NIFRA,5,34,10,562.0,5620.0
2021022405019899,NIFRA,5,21,50,562.0,28100.0
2021022405019911,NIFRA,29,21,60,560.0,33600.0
2021022405019910,NIFRA,29,21,50,560.0,28000.0
2021022405019909,NIFRA,29,32,60,560.0,33600.0
2021022405019908,NIFRA,41,8,20,561.0,11220.0
2021022405019907,NIFRA,52,8,10,562.0,5620.0
2021022405019906,NIFRA,52,16,40,562.0,22480.0
2021022405019917,NIFRA,58,6,40,560.0,22400.0
2021022405019916,NIFRA,29,6,20,560.0,11200.0
2021022405019915,NIFRA,29,21,60,560.0,33600.0
2021022405019914,NIFRA,29,58,60,560.0,33600.0
2021022405019913,NIFRA,29,4,50,560.0,28000.0
2021022405019912,NIFRA,29,42,100,560.0,56000.0
2021022405019923,NIFRA,58,45,30,561.0,16830.0
2021022405019922,NIFRA,58,4,50,561.0,28050.0
2021022405019921,NIFRA,58,8,20,561.0,11220.0
2021022405019920,NIFRA,38,41,30,560.0,16800.0
2021022405019919,NIFRA,40,41,10,560.0,5600.0
2021022405019918,NIFRA,58,41,10,560.0,5600.0
2021022405019929,NIFRA,45,6,50,562.0,28100.0
2021022405019928,NIFRA,45,35,60,561.0,33660.0
2021022405019927,NIFRA,38,56,50,560.0,28000.0
2021022405019926,NIFRA,38,4,50,560.0,28000.0
2021022405019925,NIFRA,58,41,50,561.0,28050.0
2021022405019924,NIFRA,58,16,40,562.0,22480.0
2021022405019935,NIFRA,5,57,30,561.0,16830.0
2021022405019934,NIFRA,53,57,30,561.0,16830.0
2021022405019933,NIFRA,53,52,60,561.0,33660.0
2021022405019932,NIFRA,53,36,50,561.0,28050.0
2021022405019931,NIFRA,38,56,60,560.0,33600.0
2021022405019930,NIFRA,45,16,20,562.0,11240.0
2021022405019942,NIFRA,5,17,50,561.0,28050.0
2021022405019940,NIFRA,5,36,60,561.0,33660.0
2021022405019939,NIFRA,5,32,60,561.0,33660.0
2021022405019938,NIFRA,5,38,60,561.0,33660.0
2021022405019937,NIFRA,5,58,50,561.0,28050.0
2021022405019936,NIFRA,5,26,50,561.0,28050.0
2021022405019948,NIFRA,32,41,50,562.0,28100.0
2021022405019947,NIFRA,32,29,50,562.0,28100.0
2021022405019946,NIFRA,32,16,40,562.0,22480.0
2021022405019945,NIFRA,5,14,50,561.0,28050.0
2021022405019944,NIFRA,34,16,100,562.0,56200.0
2021022405019943,NIFRA,5,21,50,561.0,28050.0
2021022405019954,NIFRA,32,43,50,563.0,28150.0
2021022405019953,NIFRA,32,38,50,563.0,28150.0
2021022405019952,NIFRA,32,32,40,563.0,22520.0
2021022405019951,NIFRA,32,22,20,563.0,11260.0
2021022405019950,NIFRA,32,22,20,562.0,11240.0
2021022405019949,NIFRA,32,4,50,562.0,28100.0
2021022405019960,NIFRA,22,17,50,561.0,28050.0
2021022405019959,NIFRA,22,49,10,561.0,5610.0
2021022405019958,NIFRA,5,49,40,561.0,22440.0
2021022405019957,NIFRA,32,45,50,563.0,28150.0
2021022405019956,NIFRA,32,41,30,563.0,16890.0
2021022405019955,NIFRA,32,33,50,563.0,28150.0
2021022405019941,PLI,37,38,10,816.0,8160.0
2021022405019902,PLI,28,52,10,816.0,8160.0
2021022405019898,PLI,56,1,10,817.0,8170.0
2021022405019868,PLI,28,52,10,816.0,8160.0
2021022405019863,PLI,28,22,10,816.0,8160.0
2021022405019859,PLI,28,33,10,816.0,8160.0
2021022405019519,PLI,50,39,10,816.0,8160.0
2021022405019515,PLI,50,38,10,816.0,8160.0
2021022405019484,PLI,50,16,10,816.0,8160.0
2021022405019472,PLI,50,38,10,816.0,8160.0
2021022405019593,PLI,50,50,10,816.0,8160.0
2021022405019591,PLI,50,38,10,816.0,8160.0
2021022405019590,PLI,50,16,10,816.0,8160.0
2021022405019588,PLI,50,43,10,816.0,8160.0
2021022405019580,PLI,50,1,10,816.0,8160.0
2021022405019523,PLI,50,17,10,816.0,8160.0
2021022405019769,PLI,39,44,10,816.0,8160.0
2021022405019734,PLI,34,1,10,817.0,8170.0
2021022405019733,PLI,34,1,10,817.0,8170.0
2021022405019689,PLI,42,52,10,817.0,8170.0
2021022405019644,PLI,39,44,10,816.0,8160.0
2021022405019601,PLI,50,37,10,816.0,8160.0
2021022405019850,PLI,28,41,10,816.0,8160.0
2021022405019844,PLI,28,39,10,816.0,8160.0
2021022405019818,PLI,28,32,40,816.0,32640.0
2021022405019817,PLI,39,32,60,816.0,48960.0
2021022405019809,PLI,39,38,10,816.0,8160.0
2021022405019800,PLI,39,52,10,816.0,8160.0
2021022405019466,NIFRA,29,34,60,560.0,33600.0
2021022405019465,NIFRA,29,36,50,560.0,28000.0
2021022405019464,NIFRA,29,49,50,560.0,28000.0
2021022405019463,NIFRA,29,40,10,560.0,5600.0
2021022405019462,NIFRA,29,44,50,560.0,28000.0
2021022405019461,NIFRA,29,35,15,560.0,8400.0
2021022405018968,NIFRA,10,52,50,559.0,27950.0
2021022405018967,NIFRA,10,43,20,559.0,11180.0
2021022405018974,NIFRA,10,58,50,559.0,27950.0
2021022405018973,NIFRA,10,52,50,559.0,27950.0
2021022405018972,NIFRA,10,4,50,559.0,27950.0
2021022405018971,NIFRA,10,38,60,559.0,33540.0
2021022405018970,NIFRA,10,34,60,559.0,33540.0
2021022405018969,NIFRA,10,58,50,559.0,27950.0
2021022405018980,NIFRA,10,49,560,560.0,313600.0
2021022405018979,NIFRA,10,52,60,560.0,33600.0
2021022405018978,NIFRA,10,36,50,560.0,28000.0
2021022405018977,NIFRA,10,52,50,560.0,28000.0
2021022405018976,NIFRA,10,58,50,560.0,28000.0
2021022405018975,NIFRA,10,49,20,560.0,11200.0
2021022405018986,NIFRA,10,45,60,560.0,33600.0
2021022405018985,NIFRA,10,21,20,560.0,11200.0
2021022405018984,NIFRA,10,35,60,560.0,33600.0
2021022405018983,NIFRA,10,16,50,560.0,28000.0
2021022405018982,NIFRA,10,33,50,560.0,28000.0
2021022405018981,NIFRA,10,38,60,560.0,33600.0
2021022405018992,NIFRA,10,32,15,560.0,8400.0
2021022405018991,NIFRA,10,19,60,560.0,33600.0
2021022405018990,NIFRA,10,35,60,560.0,33600.0
2021022405018989,NIFRA,10,35,50,560.0,28000.0
2021022405018988,NIFRA,10,58,10,560.0,5600.0
2021022405018987,NIFRA,10,58,60,560.0,33600.0
2021022405018998,NIFRA,47,45,50,557.0,27850.0
2021022405018997,NIFRA,10,55,45,560.0,25200.0
2021022405018996,NIFRA,10,46,60,560.0,33600.0
2021022405018995,NIFRA,10,39,60,560.0,33600.0
2021022405018994,NIFRA,10,58,50,560.0,28000.0
2021022405018993,NIFRA,10,40,60,560.0,33600.0
2021022405019004,NIFRA,52,46,50,560.0,28000.0
2021022405019003,NIFRA,52,25,20,560.0,11200.0
2021022405019002,NIFRA,52,38,50,560.0,28000.0
2021022405019001,NIFRA,52,55,60,558.0,33480.0
2021022405019000,NIFRA,52,51,60,558.0,33480.0
2021022405018999,NIFRA,47,21,50,557.0,27850.0
2021022405019010,NIFRA,52,59,20,560.0,11200.0
2021022405019009,NIFRA,52,11,50,560.0,28000.0
2021022405019008,NIFRA,52,49,10,560.0,5600.0
2021022405019007,NIFRA,52,52,50,560.0,28000.0
2021022405019006,NIFRA,52,51,50,560.0,28000.0
2021022405019005,NIFRA,52,41,100,560.0,56000.0
2021022405019016,NIFRA,52,16,50,560.0,28000.0
2021022405019015,NIFRA,52,49,60,560.0,33600.0
2021022405019014,NIFRA,52,47,50,560.0,28000.0
2021022405019013,NIFRA,52,8,50,560.0,28000.0
2021022405019012,NIFRA,52,28,50,560.0,28000.0
2021022405019011,NIFRA,52,35,50,560.0,28000.0
2021022405019023,NIFRA,44,56,30,558.0,16740.0
2021022405019022,NIFRA,44,52,50,558.0,27900.0
2021022405019021,NIFRA,47,38,60,557.0,33420.0
2021022405019019,NIFRA,47,38,50,557.0,27850.0
2021022405019018,NIFRA,52,52,50,560.0,28000.0
2021022405019017,NIFRA,52,1,120,560.0,67200.0
2021022405019029,NIFRA,33,46,40,558.0,22320.0
2021022405019028,NIFRA,33,56,20,558.0,11160.0
2021022405019027,NIFRA,38,58,50,557.0,27850.0
2021022405019026,NIFRA,38,57,30,557.0,16710.0
2021022405019025,NIFRA,47,57,30,557.0,16710.0
2021022405019024,NIFRA,47,49,60,557.0,33420.0
2021022405019035,NIFRA,21,49,50,557.0,27850.0
2021022405019034,NIFRA,21,1,50,557.0,27850.0
2021022405019033,NIFRA,21,56,20,557.0,11140.0
2021022405019032,NIFRA,34,56,30,557.0,16710.0
2021022405019031,NIFRA,34,55,30,557.0,16710.0
2021022405019030,NIFRA,38,55,20,557.0,11140.0
2021022405019041,NIFRA,45,21,10,556.0,5560.0
2021022405019040,NIFRA,45,44,60,556.0,33360.0
2021022405019039,NIFRA,45,47,20,556.0,11120.0
2021022405019038,NIFRA,41,47,20,557.0,11140.0
2021022405019037,NIFRA,21,47,20,557.0,11140.0
2021022405019036,NIFRA,21,19,60,557.0,33420.0
2021022405019047,NIFRA,57,46,20,558.0,11160.0
2021022405019046,NIFRA,57,39,60,557.0,33420.0
2021022405019045,NIFRA,57,56,50,557.0,27850.0
2021022405019044,NIFRA,57,49,60,557.0,33420.0
2021022405019043,NIFRA,57,42,25,557.0,13925.0
2021022405019042,NIFRA,57,45,60,557.0,33420.0
2021022405019053,NIFRA,45,38,50,556.0,27800.0
2021022405019052,NIFRA,57,42,35,559.0,19565.0
2021022405019051,NIFRA,57,51,20,558.0,11160.0
2021022405019050,NIFRA,57,22,60,558.0,33480.0
2021022405019049,NIFRA,57,32,60,558.0,33480.0
2021022405019048,NIFRA,57,35,50,558.0,27900.0
2021022405019059,NIFRA,45,55,50,560.0,28000.0
2021022405019058,NIFRA,51,14,50,558.0,27900.0
2021022405019057,NIFRA,57,42,10,557.0,5570.0
2021022405019056,NIFRA,45,14,50,556.0,27800.0
2021022405019055,NIFRA,45,39,50,556.0,27800.0
2021022405019054,NIFRA,45,21,10,556.0,5560.0
2021022405019065,NIFRA,37,29,50,557.0,27850.0
2021022405019064,NIFRA,37,52,10,557.0,5570.0
2021022405019063,NIFRA,35,52,50,557.0,27850.0
2021022405019062,NIFRA,35,46,50,557.0,27850.0
2021022405019061,NIFRA,45,52,50,556.0,27800.0
2021022405019060,NIFRA,45,47,40,556.0,22240.0
2021022405019071,NIFRA,34,19,50,557.0,27850.0
2021022405019070,NIFRA,34,41,30,557.0,16710.0
2021022405019069,NIFRA,58,41,20,557.0,11140.0
2021022405019068,NIFRA,58,21,50,557.0,27850.0
2021022405019067,NIFRA,58,48,20,557.0,11140.0
2021022405019066,NIFRA,37,48,40,557.0,22280.0
2021022405019077,NIFRA,48,21,50,557.0,27850.0
2021022405019076,NIFRA,45,57,40,558.0,22320.0
2021022405019075,NIFRA,48,38,30,557.0,16710.0
2021022405019074,NIFRA,34,38,20,557.0,11140.0
2021022405019073,NIFRA,34,44,50,557.0,27850.0
2021022405019072,NIFRA,34,57,50,557.0,27850.0
2021022405019083,NIFRA,25,49,60,557.0,33420.0
2021022405019082,NIFRA,35,42,50,557.0,27850.0
2021022405019081,NIFRA,35,42,50,557.0,27850.0
2021022405019080,NIFRA,48,42,10,557.0,5570.0
2021022405019079,NIFRA,48,21,60,557.0,33420.0
2021022405019078,NIFRA,48,52,50,557.0,27850.0
2021022405019089,NIFRA,52,22,60,557.0,33420.0
2021022405019088,NIFRA,58,57,10,558.0,5580.0
2021022405019087,NIFRA,58,8,50,557.0,27850.0
2021022405019086,NIFRA,58,40,20,557.0,11140.0
2021022405019085,NIFRA,45,42,60,556.0,33360.0
2021022405019084,NIFRA,25,40,40,557.0,22280.0
2021022405019095,NIFRA,10,28,60,557.0,33420.0
2021022405019094,NIFRA,10,40,50,557.0,27850.0
2021022405019093,NIFRA,10,34,20,557.0,11140.0
2021022405019092,NIFRA,45,38,60,556.0,33360.0
2021022405019091,NIFRA,45,57,60,556.0,33360.0
2021022405019090,NIFRA,52,34,40,557.0,22280.0
2021022405019101,NIFRA,53,10,60,559.0,33540.0
2021022405019100,NIFRA,53,52,50,559.0,27950.0
2021022405019099,NIFRA,53,58,60,558.0,33480.0
2021022405019098,NIFRA,53,57,30,558.0,16740.0
2021022405019097,NIFRA,10,52,60,557.0,33420.0
2021022405019096,NIFRA,42,57,20,558.0,11160.0
2021022405019108,NIFRA,53,59,50,559.0,27950.0
2021022405019106,NIFRA,53,47,20,559.0,11180.0
2021022405019105,NIFRA,53,21,50,559.0,27950.0
2021022405019104,NIFRA,53,32,50,559.0,27950.0
2021022405019103,NIFRA,53,29,50,559.0,27950.0
2021022405019102,NIFRA,53,34,10,559.0,5590.0
2021022405019114,NIFRA,10,21,60,557.0,33420.0
2021022405019113,NIFRA,10,21,20,557.0,11140.0
2021022405019112,NIFRA,49,21,30,559.0,16770.0
2021022405019111,NIFRA,49,46,50,559.0,27950.0
2021022405019110,NIFRA,53,46,10,559.0,5590.0
2021022405019109,NIFRA,53,28,60,559.0,33540.0
2021022405019120,NIFRA,10,14,50,557.0,27850.0
2021022405019119,NIFRA,10,38,50,557.0,27850.0
2021022405019118,NIFRA,10,41,50,557.0,27850.0
2021022405019117,NIFRA,10,19,50,557.0,27850.0
2021022405019116,NIFRA,10,58,50,557.0,27850.0
2021022405019115,NIFRA,10,49,60,557.0,33420.0
2021022405019126,NIFRA,57,45,50,559.0,27950.0
2021022405019125,NIFRA,57,21,50,559.0,27950.0
2021022405019124,NIFRA,57,14,50,559.0,27950.0
2021022405019123,NIFRA,57,14,50,558.0,27900.0
2021022405019122,NIFRA,57,57,50,558.0,27900.0
2021022405019121,NIFRA,57,11,20,558.0,11160.0
2021022405019132,NIFRA,13,55,20,559.0,11180.0
2021022405019131,NIFRA,57,55,30,559.0,16770.0
2021022405019130,NIFRA,57,34,50,559.0,27950.0
2021022405019129,NIFRA,57,49,50,559.0,27950.0
2021022405019128,NIFRA,57,45,50,559.0,27950.0
2021022405019127,NIFRA,57,20,50,559.0,27950.0
2021022405019138,NIFRA,34,44,40,558.0,22320.0
2021022405019137,NIFRA,34,33,10,558.0,5580.0
2021022405019136,NIFRA,34,39,50,558.0,27900.0
2021022405019135,NIFRA,34,44,50,558.0,27900.0
2021022405019134,NIFRA,34,49,30,558.0,16740.0
2021022405019133,NIFRA,13,49,30,559.0,16770.0
2021022405019144,NIFRA,22,42,30,558.0,16740.0
2021022405019143,NIFRA,22,38,40,558.0,22320.0
2021022405019142,NIFRA,56,38,10,558.0,5580.0
2021022405019141,NIFRA,58,42,50,558.0,27900.0
2021022405019140,NIFRA,58,21,30,558.0,16740.0
2021022405019139,NIFRA,58,44,20,558.0,11160.0
2021022405019150,NIFRA,22,39,50,558.0,27900.0
2021022405019149,NIFRA,22,19,60,558.0,33480.0
2021022405019148,NIFRA,22,44,50,558.0,27900.0
2021022405019147,NIFRA,22,58,50,558.0,27900.0
2021022405019146,NIFRA,22,45,50,558.0,27900.0
2021022405019145,NIFRA,22,20,30,558.0,16740.0
2021022405019157,NIFRA,52,42,10,558.0,5580.0
2021022405019156,NIFRA,50,42,50,558.0,27900.0
2021022405019155,NIFRA,50,32,50,558.0,27900.0
2021022405019154,NIFRA,22,44,50,558.0,27900.0
2021022405019152,NIFRA,22,33,50,558.0,27900.0
2021022405019151,NIFRA,22,48,40,558.0,22320.0
2021022405019163,NIFRA,45,22,25,558.0,13950.0
2021022405019162,NIFRA,45,38,50,558.0,27900.0
2021022405019161,NIFRA,45,34,25,558.0,13950.0
2021022405019160,NIFRA,56,34,25,558.0,13950.0
2021022405019159,NIFRA,56,38,35,558.0,19530.0
2021022405019158,NIFRA,52,38,25,558.0,13950.0
2021022405019169,NIFRA,10,29,50,557.0,27850.0
2021022405019168,NIFRA,34,22,20,558.0,11160.0
2021022405019167,NIFRA,10,21,50,557.0,27850.0
2021022405019166,NIFRA,33,42,45,558.0,25110.0
2021022405019165,NIFRA,33,58,20,558.0,11160.0
2021022405019164,NIFRA,33,22,35,558.0,19530.0
2021022405019176,NIFRA,10,21,50,557.0,27850.0
2021022405019175,NIFRA,10,38,50,557.0,27850.0
2021022405019174,NIFRA,45,22,30,558.0,16740.0
2021022405019173,NIFRA,10,34,50,557.0,27850.0
2021022405019172,NIFRA,10,59,60,557.0,33420.0
2021022405019171,NIFRA,10,38,50,557.0,27850.0
2021022405019182,NIFRA,10,57,50,557.0,27850.0
2021022405019181,NIFRA,10,51,30,557.0,16710.0
2021022405019180,NIFRA,41,29,50,558.0,27900.0
2021022405019179,NIFRA,41,22,10,558.0,5580.0
2021022405019178,NIFRA,52,22,140,558.0,78120.0
2021022405019177,NIFRA,52,57,60,558.0,33480.0
2021022405019188,NIFRA,28,46,60,558.0,33480.0
2021022405019187,NIFRA,28,45,34,558.0,18972.0
2021022405019186,NIFRA,10,32,50,557.0,27850.0
2021022405019185,NIFRA,42,45,16,558.0,8928.0
2021022405019184,NIFRA,42,29,10,558.0,5580.0
2021022405019183,NIFRA,36,29,50,558.0,27900.0
2021022405019194,NIFRA,50,19,50,558.0,27900.0
2021022405019193,NIFRA,50,40,10,558.0,5580.0
2021022405019192,NIFRA,56,40,50,558.0,27900.0
2021022405019191,NIFRA,10,26,50,557.0,27850.0
2021022405019190,NIFRA,28,8,50,558.0,27900.0
2021022405019189,NIFRA,28,46,50,558.0,27900.0
2021022405019200,NIFRA,10,58,50,557.0,27850.0
2021022405019199,NIFRA,50,50,20,560.0,11200.0
2021022405019198,NIFRA,50,14,60,560.0,33600.0
2021022405019197,NIFRA,50,20,60,559.0,33540.0
2021022405019196,NIFRA,50,4,50,559.0,27950.0
2021022405019195,NIFRA,50,58,50,558.0,27900.0
2021022405019206,NIFRA,1,50,20,560.0,11200.0
2021022405019205,NIFRA,45,52,50,558.0,27900.0
2021022405019204,NIFRA,45,19,60,558.0,33480.0
2021022405019203,NIFRA,45,13,50,558.0,27900.0
2021022405019202,NIFRA,10,33,40,557.0,22280.0
2021022405019201,NIFRA,10,51,50,557.0,27850.0
2021022405019212,NIFRA,10,57,50,557.0,27850.0
2021022405019211,NIFRA,10,38,20,557.0,11140.0
2021022405019210,NIFRA,38,38,30,558.0,16740.0
2021022405019209,NIFRA,38,59,60,558.0,33480.0
2021022405019208,NIFRA,38,36,40,558.0,22320.0
2021022405019207,NIFRA,45,36,10,558.0,5580.0
2021022405019218,NIFRA,10,4,10,557.0,5570.0
2021022405019217,NIFRA,10,39,50,557.0,27850.0
2021022405019216,NIFRA,10,16,10,557.0,5570.0
2021022405019215,NIFRA,32,55,20,558.0,11160.0
2021022405019214,NIFRA,10,38,50,557.0,27850.0
2021022405019213,NIFRA,10,33,50,557.0,27850.0
2021022405019224,NIFRA,33,32,50,558.0,27900.0
2021022405019223,NIFRA,33,45,50,558.0,27900.0
2021022405019222,NIFRA,33,55,40,558.0,22320.0
2021022405019221,NIFRA,29,52,40,557.0,22280.0
2021022405019220,NIFRA,13,52,10,557.0,5570.0
2021022405019219,NIFRA,13,4,40,557.0,22280.0
2021022405019230,NIFRA,33,38,60,558.0,33480.0
2021022405019229,NIFRA,33,44,60,558.0,33480.0
2021022405019228,NIFRA,33,8,40,558.0,22320.0
2021022405019227,NIFRA,33,36,50,558.0,27900.0
2021022405019226,NIFRA,33,51,10,558.0,5580.0
2021022405019225,NIFRA,33,42,60,558.0,33480.0
2021022405019236,NIFRA,34,55,40,558.0,22320.0
2021022405019235,NIFRA,42,55,220,558.0,122760.0
2021022405019234,NIFRA,42,29,50,558.0,27900.0
2021022405019233,NIFRA,42,22,60,558.0,33480.0
2021022405019232,NIFRA,42,14,20,558.0,11160.0
2021022405019231,NIFRA,33,14,80,558.0,44640.0
2021022405019243,NIFRA,29,38,50,557.0,27850.0
2021022405019242,NIFRA,29,42,40,557.0,22280.0
2021022405019241,NIFRA,34,42,10,558.0,5580.0
2021022405019240,NIFRA,34,52,50,558.0,27900.0
2021022405019239,NIFRA,34,50,50,558.0,27900.0
2021022405019237,NIFRA,34,52,50,558.0,27900.0
2021022405019250,NIFRA,29,42,60,557.0,33420.0
2021022405019248,NIFRA,29,38,60,557.0,33420.0
2021022405019247,NIFRA,29,49,60,557.0,33420.0
2021022405019246,NIFRA,29,21,40,557.0,22280.0
2021022405019245,NIFRA,42,21,10,558.0,5580.0
2021022405019244,NIFRA,29,21,50,557.0,27850.0
2021022405019256,NIFRA,58,56,50,560.0,28000.0
2021022405019255,NIFRA,58,52,50,560.0,28000.0
2021022405019254,NIFRA,58,50,10,560.0,5600.0
2021022405019253,NIFRA,58,52,40,559.0,22360.0
2021022405019252,NIFRA,42,52,10,559.0,5590.0
2021022405019251,NIFRA,42,55,60,558.0,33480.0
2021022405019262,NIFRA,29,26,50,557.0,27850.0
2021022405019261,NIFRA,29,58,20,557.0,11140.0
2021022405019260,NIFRA,42,58,40,558.0,22320.0
2021022405019259,NIFRA,58,50,40,560.0,22400.0
2021022405019258,NIFRA,58,19,50,560.0,28000.0
2021022405019257,NIFRA,58,59,60,560.0,33600.0
2021022405019268,NIFRA,11,49,50,558.0,27900.0
2021022405019267,NIFRA,11,32,50,558.0,27900.0
2021022405019266,NIFRA,58,41,20,559.0,11180.0
2021022405019265,NIFRA,11,41,60,558.0,33480.0
2021022405019264,NIFRA,11,25,50,558.0,27900.0
2021022405019263,NIFRA,11,56,50,558.0,27900.0
2021022405019275,NIFRA,1,28,20,558.0,11160.0
2021022405019274,NIFRA,11,28,30,558.0,16740.0
2021022405019273,NIFRA,11,59,50,558.0,27900.0
2021022405019271,NIFRA,11,26,50,558.0,27900.0
2021022405019270,NIFRA,11,41,60,558.0,33480.0
2021022405019269,NIFRA,11,45,50,558.0,27900.0
2021022405019282,NIFRA,42,58,50,559.0,27950.0
2021022405019281,NIFRA,42,41,30,559.0,16770.0
2021022405019280,NIFRA,1,46,60,558.0,33480.0
2021022405019278,NIFRA,1,33,60,558.0,33480.0
2021022405019277,NIFRA,1,47,50,558.0,27900.0
2021022405019276,NIFRA,1,41,50,558.0,27900.0
2021022405019288,NIFRA,22,1,60,560.0,33600.0
2021022405019287,NIFRA,22,38,60,560.0,33600.0
2021022405019286,NIFRA,22,16,50,560.0,28000.0
2021022405019285,NIFRA,22,38,30,560.0,16800.0
2021022405019284,NIFRA,42,38,10,560.0,5600.0
2021022405019283,NIFRA,42,50,10,560.0,5600.0
2021022405019294,NIFRA,22,52,60,560.0,33600.0
2021022405019293,NIFRA,22,41,50,560.0,28000.0
2021022405019292,NIFRA,22,29,50,560.0,28000.0
2021022405019291,NIFRA,22,52,50,560.0,28000.0
2021022405019290,NIFRA,22,58,30,560.0,16800.0
2021022405019289,NIFRA,22,44,60,560.0,33600.0
2021022405019300,NIFRA,42,21,50,559.0,27950.0
2021022405019299,NIFRA,42,26,50,559.0,27950.0
2021022405019298,NIFRA,42,11,10,559.0,5590.0
2021022405019297,NIFRA,1,33,50,558.0,27900.0
2021022405019296,NIFRA,1,39,50,558.0,27900.0
2021022405019295,NIFRA,1,28,50,558.0,27900.0
2021022405019307,NIFRA,49,13,50,560.0,28000.0
2021022405019306,NIFRA,49,57,50,560.0,28000.0
2021022405019304,NIFRA,1,52,50,558.0,27900.0
2021022405019303,NIFRA,1,58,30,558.0,16740.0
2021022405019302,NIFRA,42,58,30,559.0,16770.0
2021022405019301,NIFRA,42,19,60,559.0,33540.0
2021022405019313,NIFRA,1,36,60,558.0,33480.0
2021022405019312,NIFRA,1,40,50,558.0,27900.0
2021022405019311,NIFRA,1,42,50,558.0,27900.0
2021022405019310,NIFRA,1,49,50,558.0,27900.0
2021022405019309,NIFRA,1,8,40,558.0,22320.0
2021022405019308,NIFRA,1,49,50,558.0,27900.0
2021022405019319,NIFRA,1,46,50,558.0,27900.0
2021022405019318,NIFRA,1,13,50,558.0,27900.0
2021022405019317,NIFRA,36,38,50,559.0,27950.0
2021022405019316,NIFRA,36,42,50,559.0,27950.0
2021022405019315,NIFRA,34,52,10,560.0,5600.0
2021022405019314,NIFRA,34,58,40,560.0,22400.0
2021022405019325,NIFRA,42,4,60,558.0,33480.0
2021022405019324,NIFRA,42,39,20,558.0,11160.0
2021022405019323,NIFRA,29,39,30,558.0,16740.0
2021022405019322,NIFRA,29,21,20,558.0,11160.0
2021022405019321,NIFRA,1,21,30,558.0,16740.0
2021022405019320,NIFRA,1,21,50,558.0,27900.0
2021022405019331,NIFRA,46,25,30,558.0,16740.0
2021022405019330,NIFRA,42,33,10,558.0,5580.0
2021022405019329,NIFRA,42,33,30,558.0,16740.0
2021022405019328,NIFRA,42,33,20,558.0,11160.0
2021022405019327,NIFRA,42,58,60,558.0,33480.0
2021022405019326,NIFRA,42,22,40,558.0,22320.0
2021022405019337,NIFRA,21,38,60,560.0,33600.0
2021022405019336,NIFRA,21,52,40,560.0,22400.0
2021022405019335,NIFRA,26,51,40,558.0,22320.0
2021022405019334,NIFRA,26,51,10,558.0,5580.0
2021022405019333,NIFRA,26,39,40,558.0,22320.0
2021022405019332,NIFRA,46,39,20,558.0,11160.0
2021022405019343,NIFRA,21,26,60,560.0,33600.0
2021022405019342,NIFRA,21,41,50,560.0,28000.0
2021022405019341,NIFRA,21,38,50,560.0,28000.0
2021022405019340,NIFRA,21,44,50,560.0,28000.0
2021022405019339,NIFRA,21,50,40,560.0,22400.0
2021022405019338,NIFRA,21,45,50,560.0,28000.0
2021022405019352,NIFRA,21,11,10,560.0,5600.0
2021022405019351,NIFRA,21,19,60,560.0,33600.0
2021022405019350,NIFRA,21,45,50,560.0,28000.0
2021022405019348,NIFRA,21,42,50,560.0,28000.0
2021022405019347,NIFRA,21,47,50,560.0,28000.0
2021022405019346,NIFRA,21,5,60,560.0,33600.0
2021022405019359,NIFRA,51,42,50,559.0,27950.0
2021022405019358,NIFRA,34,42,10,560.0,5600.0
2021022405019357,NIFRA,34,48,40,560.0,22400.0
2021022405019356,NIFRA,21,48,10,560.0,5600.0
2021022405019355,NIFRA,21,58,60,560.0,33600.0
2021022405019353,NIFRA,21,59,50,560.0,28000.0
2021022405019367,NIFRA,26,47,20,558.0,11160.0
2021022405019366,NIFRA,26,1,30,558.0,16740.0
2021022405019364,NIFRA,26,35,60,558.0,33480.0
2021022405019363,NIFRA,26,56,50,558.0,27900.0
2021022405019361,NIFRA,26,42,40,558.0,22320.0
2021022405019360,NIFRA,51,42,10,559.0,5590.0
2021022405019373,NIFRA,26,42,10,558.0,5580.0
2021022405019372,NIFRA,26,42,50,558.0,27900.0
2021022405019371,NIFRA,26,52,50,558.0,27900.0
2021022405019370,NIFRA,26,42,50,558.0,27900.0
2021022405019369,NIFRA,26,34,50,558.0,27900.0
2021022405019368,NIFRA,26,6,50,558.0,27900.0
2021022405019383,NIFRA,52,36,60,558.0,33480.0
2021022405019382,NIFRA,52,57,50,558.0,27900.0
2021022405019380,NIFRA,49,16,10,559.0,5590.0
2021022405019377,NIFRA,49,14,50,559.0,27950.0
2021022405019376,NIFRA,49,42,20,559.0,11180.0
2021022405019374,NIFRA,52,42,40,558.0,22320.0
2021022405019390,NIFRA,1,58,10,558.0,5580.0
2021022405019389,NIFRA,57,58,20,558.0,11160.0
2021022405019388,NIFRA,32,16,50,559.0,27950.0
2021022405019387,NIFRA,57,57,50,558.0,27900.0
2021022405019386,NIFRA,57,36,50,558.0,27900.0
2021022405019385,NIFRA,52,21,50,558.0,27900.0
2021022405019398,NIFRA,38,19,60,558.0,33480.0
2021022405019397,NIFRA,38,32,20,558.0,11160.0
2021022405019396,NIFRA,1,32,30,558.0,16740.0
2021022405019395,NIFRA,5,22,40,560.0,22400.0
2021022405019394,NIFRA,5,46,60,560.0,33600.0
2021022405019391,NIFRA,1,53,60,558.0,33480.0
2021022405019404,NIFRA,52,46,50,560.0,28000.0
2021022405019403,NIFRA,52,22,10,560.0,5600.0
2021022405019402,NIFRA,10,22,50,559.0,27950.0
2021022405019401,NIFRA,53,22,40,559.0,22360.0
2021022405019400,NIFRA,53,4,50,559.0,27950.0
2021022405019399,NIFRA,53,52,50,559.0,27950.0
2021022405019410,NIFRA,29,52,30,558.0,16740.0
2021022405019409,NIFRA,38,52,20,558.0,11160.0
2021022405019408,NIFRA,10,34,50,559.0,27950.0
2021022405019407,NIFRA,10,45,50,559.0,27950.0
2021022405019406,NIFRA,10,26,50,559.0,27950.0
2021022405019405,NIFRA,52,6,40,560.0,22400.0
2021022405019417,NIFRA,29,21,60,558.0,33480.0
2021022405019416,NIFRA,36,47,50,559.0,27950.0
2021022405019415,NIFRA,52,32,30,560.0,16800.0
2021022405019414,NIFRA,57,32,20,560.0,11200.0
2021022405019413,NIFRA,29,47,60,558.0,33480.0
2021022405019411,NIFRA,29,42,60,558.0,33480.0
2021022405019423,NIFRA,45,45,10,560.0,5600.0
2021022405019422,NIFRA,57,45,50,560.0,28000.0
2021022405019421,NIFRA,57,26,50,559.0,27950.0
2021022405019420,NIFRA,29,36,50,558.0,27900.0
2021022405019419,NIFRA,29,38,50,558.0,27900.0
2021022405019418,NIFRA,29,41,50,558.0,27900.0
2021022405019429,NIFRA,45,56,50,560.0,28000.0
2021022405019428,NIFRA,45,42,50,560.0,28000.0
2021022405019427,NIFRA,45,36,50,560.0,28000.0
2021022405019426,NIFRA,45,34,20,560.0,11200.0
2021022405019425,NIFRA,45,57,60,560.0,33600.0
2021022405019424,NIFRA,45,56,50,560.0,28000.0
2021022405019435,NIFRA,29,19,50,558.0,27900.0
2021022405019434,NIFRA,29,1,60,558.0,33480.0
2021022405019433,NIFRA,42,32,10,559.0,5590.0
2021022405019432,NIFRA,32,22,10,560.0,5600.0
2021022405019431,NIFRA,32,45,40,560.0,22400.0
2021022405019430,NIFRA,45,45,10,560.0,5600.0
2021022405019441,NIFRA,19,47,20,559.0,11180.0
2021022405019440,NIFRA,19,49,60,559.0,33540.0
2021022405019439,NIFRA,19,42,60,559.0,33540.0
2021022405019438,NIFRA,19,57,60,559.0,33540.0
2021022405019437,NIFRA,29,41,10,560.0,5600.0
2021022405019436,NIFRA,29,22,40,560.0,22400.0
2021022405019448,NIFRA,28,39,60,559.0,33540.0
2021022405019447,NIFRA,48,56,50,558.0,27900.0
2021022405019446,NIFRA,48,57,50,558.0,27900.0
2021022405019445,NIFRA,48,38,50,558.0,27900.0
2021022405019443,NIFRA,48,47,10,558.0,5580.0
2021022405019442,NIFRA,29,47,30,558.0,16740.0
2021022405019454,NIFRA,29,25,50,560.0,28000.0
2021022405019453,NIFRA,29,48,60,560.0,33600.0
2021022405019452,NIFRA,29,52,50,560.0,28000.0
2021022405019451,NIFRA,29,41,20,560.0,11200.0
2021022405019450,NIFRA,38,41,20,560.0,11200.0
2021022405019449,NIFRA,28,46,50,559.0,27950.0
2021022405019460,NIFRA,55,45,10,561.0,5610.0
2021022405019459,NIFRA,29,21,50,560.0,28000.0
2021022405019458,NIFRA,29,21,50,560.0,28000.0
2021022405019457,NIFRA,29,41,50,560.0,28000.0
2021022405019456,NIFRA,29,46,60,560.0,33600.0
2021022405019455,NIFRA,29,44,60,560.0,33600.0
2021022405019444,PLI,41,35,10,817.0,8170.0
2021022405019412,PLI,50,38,10,816.0,8160.0
2021022405019393,PLI,50,42,10,816.0,8160.0
2021022405019392,PLI,59,45,10,817.0,8170.0
2021022405019384,PLI,59,44,10,817.0,8170.0
2021022405019381,PLI,59,52,10,817.0,8170.0
2021022405019249,PLI,50,42,10,816.0,8160.0
2021022405019238,PLI,50,38,10,816.0,8160.0
2021022405019170,PLI,50,20,10,816.0,8160.0
2021022405019153,PLI,50,52,10,816.0,8160.0
2021022405019107,PLI,50,45,10,816.0,8160.0
2021022405019020,PLI,50,32,10,816.0,8160.0
2021022405019349,PLI,50,42,10,816.0,8160.0
2021022405019345,PLI,50,21,10,816.0,8160.0
2021022405019344,PLI,50,48,10,816.0,8160.0
2021022405019305,PLI,50,38,10,816.0,8160.0
2021022405019279,PLI,50,6,10,816.0,8160.0
2021022405019272,PLI,50,42,10,816.0,8160.0
2021022405019379,PLI,59,51,10,817.0,8170.0
2021022405019378,PLI,59,21,10,817.0,8170.0
2021022405019375,PLI,50,55,170,816.0,138720.0
2021022405019365,PLI,50,38,10,816.0,8160.0
2021022405019362,PLI,50,39,10,816.0,8160.0
2021022405019354,PLI,50,11,10,816.0,8160.0
2021022405018637,CGH,34,32,10,343.0,3430.0
2021022405018966,NIFRA,10,29,50,559.0,27950.0
2021022405018965,NIFRA,10,52,60,559.0,33540.0
2021022405018964,NIFRA,10,48,60,559.0,33540.0
2021022405018963,NIFRA,10,14,50,559.0,27950.0
2021022405018962,NIFRA,10,46,60,559.0,33540.0
2021022405018961,NIFRA,10,51,50,558.0,27900.0
2021022405018474,NIFRA,51,55,50,558.0,27900.0
2021022405018473,NIFRA,51,58,30,558.0,16740.0
2021022405018472,NIFRA,51,13,50,558.0,27900.0
2021022405018471,NIFRA,51,6,50,557.0,27850.0
2021022405018470,NIFRA,51,58,50,557.0,27850.0
2021022405018469,NIFRA,29,38,60,556.0,33360.0
2021022405018480,NIFRA,51,8,20,558.0,11160.0
2021022405018479,NIFRA,51,55,50,558.0,27900.0
2021022405018478,NIFRA,51,41,60,558.0,33480.0
2021022405018477,NIFRA,51,34,50,558.0,27900.0
2021022405018476,NIFRA,51,41,60,558.0,33480.0
2021022405018475,NIFRA,51,34,40,558.0,22320.0
2021022405018486,NIFRA,51,34,60,558.0,33480.0
2021022405018485,NIFRA,51,21,60,558.0,33480.0
2021022405018484,NIFRA,51,6,50,558.0,27900.0
2021022405018483,NIFRA,51,25,50,558.0,27900.0
2021022405018482,NIFRA,51,22,50,558.0,27900.0
2021022405018481,NIFRA,51,34,50,558.0,27900.0
2021022405018492,NIFRA,51,52,50,556.0,27800.0
2021022405018491,NIFRA,29,38,10,556.0,5560.0
2021022405018490,NIFRA,51,38,40,558.0,22320.0
2021022405018489,NIFRA,51,8,50,558.0,27900.0
2021022405018488,NIFRA,51,59,50,558.0,27900.0
2021022405018487,NIFRA,51,58,30,558.0,16740.0
2021022405018498,NIFRA,6,41,50,556.0,27800.0
2021022405018497,NIFRA,56,21,50,557.0,27850.0
2021022405018496,NIFRA,56,17,50,557.0,27850.0
2021022405018495,NIFRA,6,4,10,556.0,5560.0
2021022405018494,NIFRA,51,37,50,556.0,27800.0
2021022405018493,NIFRA,51,49,50,556.0,27800.0
2021022405018504,NIFRA,55,13,60,558.0,33480.0
2021022405018503,NIFRA,55,38,60,558.0,33480.0
2021022405018502,NIFRA,49,45,20,556.0,11120.0
2021022405018501,NIFRA,6,45,30,556.0,16680.0
2021022405018500,NIFRA,6,45,60,556.0,33360.0
2021022405018499,NIFRA,6,32,50,556.0,27800.0
2021022405018510,NIFRA,17,52,60,557.0,33420.0
2021022405018509,NIFRA,17,58,40,557.0,22280.0
2021022405018508,NIFRA,17,58,60,557.0,33420.0
2021022405018507,NIFRA,49,38,30,556.0,16680.0
2021022405018506,NIFRA,55,38,20,558.0,11160.0
2021022405018505,NIFRA,55,55,60,558.0,33480.0
2021022405018517,NIFRA,5,46,50,558.0,27900.0
2021022405018516,NIFRA,5,16,40,557.0,22280.0
2021022405018515,NIFRA,5,21,50,556.0,27800.0
2021022405018514,NIFRA,17,16,20,557.0,11140.0
2021022405018513,NIFRA,17,21,60,557.0,33420.0
2021022405018512,NIFRA,17,1,60,557.0,33420.0
2021022405018523,NIFRA,45,49,50,556.0,27800.0
2021022405018522,NIFRA,45,49,35,556.0,19460.0
2021022405018521,NIFRA,34,49,15,556.0,8340.0
2021022405018520,NIFRA,34,49,35,556.0,19460.0
2021022405018519,NIFRA,5,49,25,556.0,13900.0
2021022405018518,NIFRA,5,47,10,558.0,5580.0
2021022405018529,NIFRA,17,56,45,557.0,25065.0
2021022405018528,NIFRA,17,21,35,556.0,19460.0
2021022405018527,NIFRA,17,21,60,555.0,33300.0
2021022405018526,NIFRA,35,21,25,556.0,13900.0
2021022405018525,NIFRA,35,49,35,556.0,19460.0
2021022405018524,NIFRA,45,49,15,556.0,8340.0
2021022405018535,NIFRA,33,58,50,557.0,27850.0
2021022405018534,NIFRA,33,1,40,556.0,22240.0
2021022405018533,NIFRA,16,41,50,556.0,27800.0
2021022405018532,NIFRA,16,8,50,557.0,27850.0
2021022405018531,NIFRA,22,21,60,555.0,33300.0
2021022405018530,NIFRA,22,49,50,555.0,27750.0
2021022405018541,NIFRA,22,38,50,555.0,27750.0
2021022405018540,NIFRA,33,22,10,558.0,5580.0
2021022405018539,NIFRA,33,32,50,558.0,27900.0
2021022405018538,NIFRA,33,46,50,558.0,27900.0
2021022405018537,NIFRA,33,47,50,558.0,27900.0
2021022405018536,NIFRA,33,41,50,557.0,27850.0
2021022405018547,NIFRA,39,21,30,555.0,16650.0
2021022405018546,NIFRA,22,21,10,555.0,5550.0
2021022405018545,NIFRA,45,55,50,557.0,27850.0
2021022405018544,NIFRA,45,46,60,557.0,33420.0
2021022405018543,NIFRA,45,45,40,556.0,22240.0
2021022405018542,NIFRA,45,34,50,555.0,27750.0
2021022405018554,NIFRA,29,35,40,556.0,22240.0
2021022405018553,NIFRA,45,44,10,555.0,5550.0
2021022405018552,NIFRA,41,44,20,555.0,11100.0
2021022405018551,NIFRA,45,44,20,555.0,11100.0
2021022405018550,NIFRA,45,38,30,555.0,16650.0
2021022405018549,NIFRA,39,38,20,555.0,11100.0
2021022405018561,NIFRA,14,4,50,555.0,27750.0
2021022405018559,NIFRA,14,55,50,555.0,27750.0
2021022405018558,NIFRA,45,55,10,555.0,5550.0
2021022405018557,NIFRA,45,48,50,555.0,27750.0
2021022405018556,NIFRA,45,38,50,555.0,27750.0
2021022405018555,NIFRA,19,35,10,556.0,5560.0
2021022405018567,NIFRA,14,8,60,555.0,33300.0
2021022405018566,NIFRA,14,38,60,555.0,33300.0
2021022405018565,NIFRA,14,38,60,555.0,33300.0
2021022405018564,NIFRA,14,21,50,555.0,27750.0
2021022405018563,NIFRA,38,48,30,556.0,16680.0
2021022405018562,NIFRA,38,35,10,556.0,5560.0
2021022405018573,NIFRA,39,51,40,556.0,22240.0
2021022405018572,NIFRA,14,21,50,555.0,27750.0
2021022405018571,NIFRA,22,51,10,556.0,5560.0
2021022405018570,NIFRA,14,21,50,555.0,27750.0
2021022405018569,NIFRA,59,51,10,556.0,5560.0
2021022405018568,NIFRA,59,48,20,556.0,11120.0
2021022405018579,NIFRA,14,44,10,555.0,5550.0
2021022405018578,NIFRA,14,52,20,555.0,11100.0
2021022405018577,NIFRA,16,52,40,556.0,22240.0
2021022405018576,NIFRA,14,8,40,555.0,22200.0
2021022405018575,NIFRA,39,8,10,556.0,5560.0
2021022405018574,NIFRA,39,52,50,556.0,27800.0
2021022405018585,NIFRA,25,19,50,555.0,27750.0
2021022405018584,NIFRA,25,28,60,555.0,33300.0
2021022405018583,NIFRA,5,36,40,557.0,22280.0
2021022405018582,NIFRA,5,55,10,557.0,5570.0
2021022405018581,NIFRA,5,58,50,556.0,27800.0
2021022405018580,NIFRA,25,44,50,555.0,27750.0
2021022405018591,NIFRA,25,14,60,555.0,33300.0
2021022405018590,NIFRA,45,26,50,556.0,27800.0
2021022405018589,NIFRA,40,41,60,556.0,33360.0
2021022405018588,NIFRA,45,45,50,556.0,27800.0
2021022405018587,NIFRA,45,34,50,556.0,27800.0
2021022405018586,NIFRA,25,38,10,555.0,5550.0
2021022405018597,NIFRA,14,26,25,557.0,13925.0
2021022405018596,NIFRA,19,46,50,556.0,27800.0
2021022405018595,NIFRA,19,22,50,556.0,27800.0
2021022405018594,NIFRA,51,26,25,557.0,13925.0
2021022405018593,NIFRA,51,36,10,557.0,5570.0
2021022405018592,NIFRA,25,49,50,555.0,27750.0
2021022405018603,NIFRA,19,55,60,556.0,33360.0
2021022405018602,NIFRA,58,14,50,557.0,27850.0
2021022405018601,NIFRA,58,38,50,557.0,27850.0
2021022405018600,NIFRA,19,13,50,556.0,27800.0
2021022405018599,NIFRA,33,22,50,557.0,27850.0
2021022405018598,NIFRA,14,4,5,557.0,2785.0
2021022405018609,NIFRA,19,41,10,556.0,5560.0
2021022405018608,NIFRA,19,17,50,556.0,27800.0
2021022405018607,NIFRA,19,45,50,556.0,27800.0
2021022405018606,NIFRA,19,49,50,556.0,27800.0
2021022405018605,NIFRA,19,21,50,556.0,27800.0
2021022405018604,NIFRA,19,14,50,556.0,27800.0
2021022405018617,NIFRA,20,39,60,557.0,33420.0
2021022405018616,NIFRA,20,14,50,557.0,27850.0
2021022405018614,NIFRA,51,38,30,556.0,16680.0
2021022405018613,NIFRA,29,38,30,556.0,16680.0
2021022405018611,NIFRA,29,5,20,556.0,11120.0
2021022405018610,NIFRA,19,5,30,556.0,16680.0
2021022405018623,NIFRA,25,21,50,555.0,27750.0
2021022405018622,NIFRA,25,52,50,555.0,27750.0
2021022405018621,NIFRA,45,58,50,556.0,27800.0
2021022405018620,NIFRA,45,49,40,556.0,22240.0
2021022405018619,NIFRA,51,49,10,556.0,5560.0
2021022405018618,NIFRA,20,38,40,557.0,22280.0
2021022405018629,NIFRA,4,34,20,557.0,11140.0
2021022405018628,NIFRA,4,6,50,557.0,27850.0
2021022405018627,NIFRA,4,38,10,557.0,5570.0
2021022405018626,NIFRA,4,56,60,556.0,33360.0
2021022405018625,NIFRA,4,45,50,556.0,27800.0
2021022405018624,NIFRA,4,58,10,556.0,5560.0
2021022405018635,NIFRA,11,46,10,556.0,5560.0
2021022405018634,NIFRA,11,4,50,556.0,27800.0
2021022405018633,NIFRA,11,8,50,556.0,27800.0
2021022405018632,NIFRA,11,39,20,556.0,11120.0
2021022405018631,NIFRA,11,48,60,556.0,33360.0
2021022405018630,NIFRA,11,53,10,556.0,5560.0
2021022405018642,NIFRA,26,50,60,556.0,33360.0
2021022405018641,NIFRA,26,33,10,556.0,5560.0
2021022405018640,NIFRA,26,46,30,556.0,16680.0
2021022405018639,NIFRA,25,46,50,555.0,27750.0
2021022405018638,NIFRA,25,36,50,555.0,27750.0
2021022405018636,NIFRA,29,46,20,556.0,11120.0
2021022405018648,NIFRA,14,58,50,557.0,27850.0
2021022405018647,NIFRA,14,34,40,557.0,22280.0
2021022405018646,NIFRA,26,47,50,556.0,27800.0
2021022405018645,NIFRA,26,58,50,556.0,27800.0
2021022405018644,NIFRA,26,49,60,556.0,33360.0
2021022405018643,NIFRA,26,51,60,556.0,33360.0
2021022405018654,NIFRA,14,45,50,557.0,27850.0
2021022405018653,NIFRA,14,6,50,557.0,27850.0
2021022405018652,NIFRA,14,21,60,557.0,33420.0
2021022405018651,NIFRA,14,36,50,557.0,27850.0
2021022405018650,NIFRA,14,47,50,557.0,27850.0
2021022405018649,NIFRA,14,55,50,557.0,27850.0
2021022405018660,NIFRA,14,21,40,557.0,22280.0
2021022405018659,NIFRA,14,47,50,557.0,27850.0
2021022405018658,NIFRA,14,45,50,557.0,27850.0
2021022405018657,NIFRA,14,36,50,557.0,27850.0
2021022405018656,NIFRA,14,41,60,557.0,33420.0
2021022405018655,NIFRA,14,16,50,557.0,27850.0
2021022405018666,NIFRA,8,41,30,556.0,16680.0
2021022405018665,NIFRA,19,41,10,556.0,5560.0
2021022405018664,NIFRA,26,41,10,556.0,5560.0
2021022405018663,NIFRA,26,55,50,556.0,27800.0
2021022405018662,NIFRA,26,41,50,556.0,27800.0
2021022405018661,NIFRA,26,21,20,556.0,11120.0
2021022405018672,NIFRA,26,52,50,556.0,27800.0
2021022405018671,NIFRA,26,11,20,557.0,11140.0
2021022405018670,NIFRA,25,13,50,555.0,27750.0
2021022405018669,NIFRA,25,28,20,555.0,11100.0
2021022405018668,NIFRA,47,28,40,556.0,22240.0
2021022405018667,NIFRA,47,4,60,556.0,33360.0
2021022405018678,NIFRA,25,16,60,555.0,33300.0
2021022405018677,NIFRA,25,38,50,555.0,27750.0
2021022405018676,NIFRA,25,38,50,555.0,27750.0
2021022405018675,NIFRA,25,58,50,555.0,27750.0
2021022405018674,NIFRA,25,52,50,555.0,27750.0
2021022405018673,NIFRA,25,44,50,555.0,27750.0
2021022405018684,NIFRA,25,19,60,555.0,33300.0
2021022405018683,NIFRA,25,4,50,555.0,27750.0
2021022405018682,NIFRA,25,59,50,555.0,27750.0
2021022405018681,NIFRA,25,1,60,555.0,33300.0
2021022405018680,NIFRA,25,55,50,555.0,27750.0
2021022405018679,NIFRA,25,48,50,555.0,27750.0
2021022405018690,NIFRA,21,58,50,556.0,27800.0
2021022405018689,NIFRA,21,44,30,556.0,16680.0
2021022405018688,NIFRA,45,44,20,556.0,11120.0
2021022405018687,NIFRA,45,21,10,556.0,5560.0
2021022405018686,NIFRA,45,46,20,556.0,11120.0
2021022405018685,NIFRA,52,46,40,556.0,22240.0
2021022405018696,NIFRA,21,4,50,557.0,27850.0
2021022405018695,NIFRA,21,56,50,556.0,27800.0
2021022405018694,NIFRA,21,51,60,556.0,33360.0
2021022405018693,NIFRA,21,58,30,556.0,16680.0
2021022405018692,NIFRA,21,58,10,556.0,5560.0
2021022405018691,NIFRA,21,8,10,556.0,5560.0
2021022405018703,NIFRA,25,49,50,555.0,27750.0
2021022405018702,NIFRA,25,29,60,555.0,33300.0
2021022405018700,NIFRA,25,38,50,555.0,27750.0
2021022405018699,NIFRA,21,45,50,557.0,27850.0
2021022405018698,NIFRA,21,58,10,557.0,5570.0
2021022405018697,NIFRA,21,21,50,557.0,27850.0
2021022405018709,NIFRA,25,8,50,555.0,27750.0
2021022405018708,NIFRA,33,45,50,556.0,27800.0
2021022405018707,NIFRA,25,58,50,555.0,27750.0
2021022405018706,NIFRA,25,14,50,555.0,27750.0
2021022405018705,NIFRA,25,16,60,555.0,33300.0
2021022405018704,NIFRA,25,47,10,555.0,5550.0
2021022405018715,NIFRA,59,47,50,556.0,27800.0
2021022405018714,NIFRA,59,35,60,556.0,33360.0
2021022405018713,NIFRA,59,58,20,556.0,11120.0
2021022405018712,NIFRA,59,45,10,556.0,5560.0
2021022405018711,NIFRA,25,34,60,555.0,33300.0
2021022405018710,NIFRA,25,26,60,555.0,33300.0
2021022405018721,NIFRA,45,25,40,557.0,22280.0
2021022405018720,NIFRA,34,52,50,556.0,27800.0
2021022405018719,NIFRA,59,52,10,556.0,5560.0
2021022405018718,NIFRA,59,58,50,556.0,27800.0
2021022405018717,NIFRA,59,21,50,556.0,27800.0
2021022405018716,NIFRA,59,49,50,556.0,27800.0
2021022405018727,NIFRA,25,52,50,555.0,27750.0
2021022405018726,NIFRA,25,38,30,555.0,16650.0
2021022405018725,NIFRA,38,38,20,556.0,11120.0
2021022405018724,NIFRA,38,50,60,556.0,33360.0
2021022405018723,NIFRA,34,48,50,556.0,27800.0
2021022405018722,NIFRA,45,41,10,557.0,5570.0
2021022405018733,NIFRA,56,34,25,557.0,13925.0
2021022405018732,NIFRA,56,41,50,557.0,27850.0
2021022405018731,NIFRA,56,40,50,556.0,27800.0
2021022405018730,NIFRA,25,35,50,555.0,27750.0
2021022405018729,NIFRA,25,46,50,555.0,27750.0
2021022405018728,NIFRA,25,58,50,555.0,27750.0
2021022405018739,NIFRA,25,22,50,555.0,27750.0
2021022405018738,NIFRA,25,21,60,555.0,33300.0
2021022405018737,NIFRA,25,36,50,555.0,27750.0
2021022405018736,NIFRA,25,49,35,555.0,19425.0
2021022405018735,NIFRA,56,49,25,557.0,13925.0
2021022405018734,NIFRA,56,38,50,557.0,27850.0
2021022405018745,NIFRA,20,39,10,557.0,5570.0
2021022405018744,NIFRA,20,19,60,557.0,33420.0
2021022405018743,NIFRA,20,58,60,557.0,33420.0
2021022405018742,NIFRA,20,13,30,556.0,16680.0
2021022405018741,NIFRA,19,13,20,556.0,11120.0
2021022405018740,NIFRA,52,39,50,556.0,27800.0
2021022405018751,NIFRA,16,59,60,556.0,33360.0
2021022405018750,NIFRA,16,45,50,556.0,27800.0
2021022405018749,NIFRA,16,21,10,556.0,5560.0
2021022405018748,NIFRA,6,21,40,557.0,22280.0
2021022405018747,NIFRA,6,36,10,557.0,5570.0
2021022405018746,NIFRA,20,36,40,557.0,22280.0
2021022405018757,NIFRA,21,28,50,558.0,27900.0
2021022405018756,NIFRA,21,22,40,558.0,22320.0
2021022405018755,NIFRA,21,47,60,557.0,33420.0
2021022405018754,NIFRA,16,26,50,556.0,27800.0
2021022405018753,NIFRA,16,55,50,556.0,27800.0
2021022405018752,NIFRA,16,46,60,556.0,33360.0
2021022405018763,NIFRA,19,59,10,557.0,5570.0
2021022405018762,NIFRA,16,58,60,556.0,33360.0
2021022405018761,NIFRA,16,21,40,556.0,22240.0
2021022405018760,NIFRA,21,34,50,558.0,27900.0
2021022405018759,NIFRA,21,8,50,558.0,27900.0
2021022405018758,NIFRA,21,38,50,558.0,27900.0
2021022405018769,NIFRA,41,58,50,556.0,27800.0
2021022405018768,NIFRA,49,48,30,557.0,16710.0
2021022405018767,NIFRA,41,45,50,556.0,27800.0
2021022405018766,NIFRA,16,45,10,556.0,5560.0
2021022405018765,NIFRA,16,49,60,556.0,33360.0
2021022405018764,NIFRA,16,59,50,556.0,27800.0
2021022405018775,NIFRA,38,34,60,556.0,33360.0
2021022405018774,NIFRA,38,58,60,556.0,33360.0
2021022405018773,NIFRA,38,29,10,556.0,5560.0
2021022405018772,NIFRA,38,29,40,556.0,22240.0
2021022405018771,NIFRA,38,44,50,556.0,27800.0
2021022405018770,NIFRA,38,40,50,556.0,27800.0
2021022405018782,NIFRA,59,19,60,558.0,33480.0
2021022405018781,NIFRA,17,32,50,557.0,27850.0
2021022405018780,NIFRA,17,29,40,557.0,22280.0
2021022405018779,NIFRA,17,21,160,557.0,89120.0
2021022405018777,NIFRA,17,8,50,557.0,27850.0
2021022405018776,NIFRA,17,48,20,557.0,11140.0
2021022405018788,NIFRA,59,32,20,558.0,11160.0
2021022405018787,NIFRA,59,41,50,558.0,27900.0
2021022405018786,NIFRA,59,58,50,558.0,27900.0
2021022405018785,NIFRA,59,6,60,558.0,33480.0
2021022405018784,NIFRA,59,13,60,558.0,33480.0
2021022405018783,NIFRA,59,34,50,558.0,27900.0
2021022405018794,NIFRA,17,14,50,557.0,27850.0
2021022405018793,NIFRA,17,52,50,557.0,27850.0
2021022405018792,NIFRA,17,16,10,557.0,5570.0
2021022405018791,NIFRA,59,16,40,558.0,22320.0
2021022405018790,NIFRA,59,21,60,558.0,33480.0
2021022405018789,NIFRA,59,45,50,558.0,27900.0
2021022405018800,NIFRA,37,53,60,557.0,33420.0
2021022405018799,NIFRA,37,41,40,557.0,22280.0
2021022405018798,NIFRA,38,41,10,557.0,5570.0
2021022405018797,NIFRA,38,21,30,557.0,16710.0
2021022405018796,NIFRA,17,21,20,557.0,11140.0
2021022405018795,NIFRA,17,41,50,557.0,27850.0
2021022405018806,NIFRA,44,22,50,558.0,27900.0
2021022405018805,NIFRA,37,40,10,557.0,5570.0
2021022405018804,NIFRA,37,52,60,557.0,33420.0
2021022405018803,NIFRA,37,4,50,557.0,27850.0
2021022405018802,NIFRA,37,4,50,557.0,27850.0
2021022405018801,NIFRA,37,51,40,557.0,22280.0
2021022405018812,NIFRA,37,55,50,557.0,27850.0
2021022405018811,NIFRA,37,29,50,557.0,27850.0
2021022405018810,NIFRA,37,38,10,557.0,5570.0
2021022405018809,NIFRA,44,44,50,558.0,27900.0
2021022405018808,NIFRA,44,59,50,558.0,27900.0
2021022405018807,NIFRA,44,45,50,558.0,27900.0
2021022405018818,NIFRA,29,44,20,557.0,11140.0
2021022405018817,NIFRA,13,44,30,557.0,16710.0
2021022405018816,NIFRA,13,41,50,557.0,27850.0
2021022405018815,NIFRA,13,45,20,557.0,11140.0
2021022405018814,NIFRA,37,45,30,557.0,16710.0
2021022405018813,NIFRA,37,13,50,557.0,27850.0
2021022405018824,NIFRA,38,58,50,556.0,27800.0
2021022405018823,NIFRA,38,48,30,556.0,16680.0
2021022405018822,NIFRA,49,48,20,557.0,11140.0
2021022405018821,NIFRA,49,34,50,557.0,27850.0
2021022405018820,NIFRA,49,38,30,557.0,16710.0
2021022405018819,NIFRA,29,38,20,557.0,11140.0
2021022405018831,NIFRA,8,6,15,556.0,8340.0
2021022405018830,NIFRA,8,34,35,556.0,19460.0
2021022405018829,NIFRA,55,34,25,556.0,13900.0
2021022405018828,NIFRA,55,38,30,556.0,16680.0
2021022405018827,NIFRA,38,38,30,556.0,16680.0
2021022405018826,NIFRA,38,45,50,556.0,27800.0
2021022405018837,NIFRA,13,44,40,557.0,22280.0
2021022405018836,NIFRA,46,38,15,556.0,8340.0
2021022405018835,NIFRA,49,38,35,556.0,19460.0
2021022405018834,NIFRA,49,49,25,556.0,13900.0
2021022405018833,NIFRA,33,49,25,556.0,13900.0
2021022405018832,NIFRA,33,6,15,556.0,8340.0
2021022405018845,NIFRA,59,47,50,557.0,27850.0
2021022405018844,NIFRA,46,22,60,556.0,33360.0
2021022405018842,NIFRA,46,48,50,556.0,27800.0
2021022405018840,NIFRA,46,49,50,556.0,27800.0
2021022405018839,NIFRA,46,47,50,556.0,27800.0
2021022405018838,NIFRA,46,36,50,556.0,27800.0
2021022405018851,NIFRA,59,11,20,557.0,11140.0
2021022405018850,NIFRA,59,52,60,557.0,33420.0
2021022405018849,NIFRA,59,52,50,557.0,27850.0
2021022405018848,NIFRA,59,52,50,557.0,27850.0
2021022405018847,NIFRA,59,35,60,557.0,33420.0
2021022405018846,NIFRA,59,44,10,557.0,5570.0
2021022405018858,NIFRA,46,59,60,556.0,33360.0
2021022405018857,NIFRA,46,58,50,556.0,27800.0
2021022405018856,NIFRA,46,21,60,556.0,33360.0
2021022405018855,NIFRA,46,1,60,556.0,33360.0
2021022405018854,NIFRA,46,38,60,556.0,33360.0
2021022405018853,NIFRA,46,21,50,556.0,27800.0
2021022405018866,NIFRA,38,58,60,556.0,33360.0
2021022405018863,NIFRA,38,56,35,556.0,19460.0
2021022405018862,NIFRA,59,56,15,556.0,8340.0
2021022405018861,NIFRA,59,28,50,556.0,27800.0
2021022405018860,NIFRA,59,44,35,556.0,19460.0
2021022405018859,NIFRA,46,44,15,556.0,8340.0
2021022405018872,NIFRA,13,32,20,556.0,11120.0
2021022405018871,NIFRA,13,57,30,556.0,16680.0
2021022405018870,NIFRA,41,57,20,556.0,11120.0
2021022405018869,NIFRA,13,35,50,556.0,27800.0
2021022405018868,NIFRA,38,38,10,556.0,5560.0
2021022405018867,NIFRA,38,41,50,556.0,27800.0
2021022405018878,NIFRA,44,58,50,557.0,27850.0
2021022405018877,NIFRA,21,26,50,556.0,27800.0
2021022405018876,NIFRA,29,58,10,557.0,5570.0
2021022405018875,NIFRA,29,52,60,557.0,33420.0
2021022405018874,NIFRA,29,11,30,557.0,16710.0
2021022405018873,NIFRA,21,32,40,556.0,22240.0
2021022405018884,NIFRA,41,8,10,557.0,5570.0
2021022405018883,NIFRA,33,44,60,556.0,33360.0
2021022405018882,NIFRA,13,21,10,556.0,5560.0
2021022405018881,NIFRA,13,21,40,556.0,22240.0
2021022405018880,NIFRA,21,21,10,556.0,5560.0
2021022405018879,NIFRA,29,8,10,557.0,5570.0
2021022405018890,NIFRA,28,52,50,557.0,27850.0
2021022405018889,NIFRA,28,29,50,557.0,27850.0
2021022405018888,NIFRA,28,34,60,557.0,33420.0
2021022405018887,NIFRA,28,8,30,557.0,16710.0
2021022405018886,NIFRA,33,46,50,556.0,27800.0
2021022405018885,NIFRA,33,19,60,556.0,33360.0
2021022405018896,NIFRA,28,14,50,558.0,27900.0
2021022405018895,NIFRA,28,16,60,558.0,33480.0
2021022405018894,NIFRA,28,46,60,558.0,33480.0
2021022405018893,NIFRA,28,38,10,557.0,5570.0
2021022405018892,NIFRA,28,13,60,557.0,33420.0
2021022405018891,NIFRA,28,32,50,557.0,27850.0
2021022405018902,NIFRA,33,57,50,556.0,27800.0
2021022405018901,NIFRA,33,34,50,556.0,27800.0
2021022405018900,NIFRA,38,41,50,558.0,27900.0
2021022405018899,NIFRA,38,58,30,558.0,16740.0
2021022405018898,NIFRA,33,46,60,556.0,33360.0
2021022405018897,NIFRA,28,58,20,558.0,11160.0
2021022405018909,NIFRA,10,21,50,558.0,27900.0
2021022405018908,NIFRA,10,4,50,558.0,27900.0
2021022405018907,NIFRA,10,45,50,558.0,27900.0
2021022405018906,NIFRA,10,41,10,558.0,5580.0
2021022405018905,NIFRA,33,35,50,556.0,27800.0
2021022405018904,NIFRA,33,34,60,556.0,33360.0
2021022405018915,NIFRA,45,47,60,556.0,33360.0
2021022405018914,NIFRA,33,21,50,556.0,27800.0
2021022405018913,NIFRA,33,51,10,556.0,5560.0
2021022405018912,NIFRA,10,51,40,558.0,22320.0
2021022405018911,NIFRA,10,39,50,558.0,27900.0
2021022405018910,NIFRA,10,55,60,558.0,33480.0
2021022405018921,NIFRA,45,48,20,556.0,11120.0
2021022405018920,NIFRA,6,48,40,557.0,22280.0
2021022405018919,NIFRA,6,1,50,557.0,27850.0
2021022405018918,NIFRA,6,56,60,557.0,33420.0
2021022405018917,NIFRA,45,11,50,556.0,27800.0
2021022405018916,NIFRA,45,29,50,556.0,27800.0
2021022405018927,NIFRA,45,44,20,558.0,11160.0
2021022405018926,NIFRA,45,38,15,558.0,8370.0
2021022405018925,NIFRA,45,38,60,558.0,33480.0
2021022405018924,NIFRA,45,45,60,558.0,33480.0
2021022405018923,NIFRA,45,52,50,558.0,27900.0
2021022405018922,NIFRA,45,58,50,558.0,27900.0
2021022405018934,NIFRA,37,40,60,558.0,33480.0
2021022405018933,NIFRA,37,46,50,558.0,27900.0
2021022405018931,NIFRA,37,44,50,558.0,27900.0
2021022405018930,NIFRA,37,29,50,558.0,27900.0
2021022405018929,NIFRA,14,58,50,558.0,27900.0
2021022405018928,NIFRA,45,52,45,558.0,25110.0
2021022405018941,NIFRA,37,45,50,558.0,27900.0
2021022405018940,NIFRA,22,37,50,559.0,27950.0
2021022405018939,NIFRA,37,49,60,558.0,33480.0
2021022405018938,NIFRA,37,38,50,558.0,27900.0
2021022405018937,NIFRA,37,32,20,558.0,11160.0
2021022405018935,NIFRA,37,4,60,558.0,33480.0
2021022405018947,NIFRA,49,38,10,558.0,5580.0
2021022405018946,NIFRA,49,28,60,558.0,33480.0
2021022405018945,NIFRA,49,4,50,558.0,27900.0
2021022405018944,NIFRA,49,58,50,558.0,27900.0
2021022405018943,NIFRA,49,52,10,558.0,5580.0
2021022405018942,NIFRA,37,52,50,558.0,27900.0
2021022405018953,NIFRA,29,21,60,557.0,33420.0
2021022405018952,NIFRA,29,57,60,557.0,33420.0
2021022405018951,NIFRA,29,13,30,557.0,16710.0
2021022405018950,NIFRA,44,13,20,558.0,11160.0
2021022405018949,NIFRA,44,8,50,558.0,27900.0
2021022405018948,NIFRA,29,38,50,557.0,27850.0
2021022405018960,NIFRA,10,44,50,558.0,27900.0
2021022405018959,NIFRA,10,4,60,558.0,33480.0
2021022405018958,NIFRA,10,22,50,558.0,27900.0
2021022405018956,NIFRA,57,45,50,557.0,27850.0
2021022405018955,NIFRA,29,48,50,557.0,27850.0
2021022405018954,NIFRA,29,58,30,557.0,16710.0
2021022405018957,PLI,50,52,10,816.0,8160.0
2021022405018936,PLI,50,39,10,816.0,8160.0
2021022405018932,PLI,50,51,10,816.0,8160.0
2021022405018903,PLI,50,52,10,816.0,8160.0
2021022405018865,PLI,57,55,90,818.0,73620.0
2021022405018864,PLI,57,41,10,818.0,8180.0
2021022405018467,PLI,37,21,10,817.0,8170.0
2021022405018615,PLI,45,39,10,817.0,8170.0
2021022405018612,PLI,45,34,10,817.0,8170.0
2021022405018560,PLI,58,6,10,817.0,8170.0
2021022405018548,PLI,50,56,10,816.0,8160.0
2021022405018511,PLI,50,55,10,816.0,8160.0
2021022405018468,PLI,37,45,10,818.0,8180.0
2021022405018852,PLI,50,36,10,816.0,8160.0
2021022405018843,PLI,50,32,10,816.0,8160.0
2021022405018841,PLI,50,52,10,816.0,8160.0
2021022405018825,PLI,50,18,10,816.0,8160.0
2021022405018778,PLI,45,20,10,817.0,8170.0
2021022405018701,PLI,45,25,10,817.0,8170.0
2021022405018465,NIFRA,29,39,60,556.0,33360.0
2021022405018464,NIFRA,29,21,50,556.0,27800.0
2021022405018463,NIFRA,29,37,20,556.0,11120.0
2021022405018462,NIFRA,45,37,30,557.0,16710.0
2021022405018461,NIFRA,45,52,60,557.0,33420.0
2021022405018460,NIFRA,45,49,10,557.0,5570.0
2021022405017967,NIFRA,44,55,20,554.0,11080.0
2021022405017973,NIFRA,3,21,20,555.0,11100.0
2021022405017972,NIFRA,3,52,30,555.0,16650.0
2021022405017971,NIFRA,58,34,50,554.0,27700.0
2021022405017970,NIFRA,29,52,20,555.0,11100.0
2021022405017969,NIFRA,54,55,20,554.0,11080.0
2021022405017968,NIFRA,45,55,20,554.0,11080.0
2021022405017979,NIFRA,44,59,10,556.0,5560.0
2021022405017978,NIFRA,32,45,50,555.0,27750.0
2021022405017977,NIFRA,58,21,60,554.0,33240.0
2021022405017976,NIFRA,58,58,50,554.0,27700.0
2021022405017975,NIFRA,54,47,5,554.0,2770.0
2021022405017974,NIFRA,54,21,40,554.0,22160.0
2021022405017985,NIFRA,58,58,36,555.0,19980.0
2021022405017984,NIFRA,32,58,10,555.0,5550.0
2021022405017983,NIFRA,32,50,60,555.0,33300.0
2021022405017982,NIFRA,28,13,20,556.0,11120.0
2021022405017981,NIFRA,32,44,50,555.0,27750.0
2021022405017980,NIFRA,44,13,10,556.0,5560.0
2021022405017991,NIFRA,26,14,50,555.0,27750.0
2021022405017990,NIFRA,58,5,50,554.0,27700.0
2021022405017989,NIFRA,58,43,50,554.0,27700.0
2021022405017988,NIFRA,58,26,50,554.0,27700.0
2021022405017987,NIFRA,58,58,60,554.0,33240.0
2021022405017986,NIFRA,58,58,4,555.0,2220.0
2021022405017997,NIFRA,26,22,20,555.0,11100.0
2021022405017996,NIFRA,26,52,50,555.0,27750.0
2021022405017995,NIFRA,26,13,50,555.0,27750.0
2021022405017994,NIFRA,58,58,10,556.0,5560.0
2021022405017993,NIFRA,58,13,30,556.0,16680.0
2021022405017992,NIFRA,26,38,10,555.0,5550.0
2021022405018003,NIFRA,58,45,50,554.0,27700.0
2021022405018002,NIFRA,58,8,50,554.0,27700.0
2021022405018001,NIFRA,58,39,50,554.0,27700.0
2021022405018000,NIFRA,58,5,60,554.0,33240.0
2021022405017999,NIFRA,58,38,40,554.0,22160.0
2021022405017998,NIFRA,26,38,20,555.0,11100.0
2021022405018009,NIFRA,58,48,10,554.0,5540.0
2021022405018008,NIFRA,58,14,50,554.0,27700.0
2021022405018007,NIFRA,58,33,50,554.0,27700.0
2021022405018006,NIFRA,58,38,50,554.0,27700.0
2021022405018005,NIFRA,58,47,50,554.0,27700.0
2021022405018004,NIFRA,58,33,50,554.0,27700.0
2021022405018015,NIFRA,10,52,50,556.0,27800.0
2021022405018014,NIFRA,10,1,60,556.0,33360.0
2021022405018013,NIFRA,10,46,50,556.0,27800.0
2021022405018012,NIFRA,10,58,50,556.0,27800.0
2021022405018011,NIFRA,36,48,24,554.0,13296.0
2021022405018010,NIFRA,11,48,16,554.0,8864.0
2021022405018021,NIFRA,10,45,50,557.0,27850.0
2021022405018020,NIFRA,10,53,50,557.0,27850.0
2021022405018019,NIFRA,10,29,60,556.0,33360.0
2021022405018018,NIFRA,10,58,20,556.0,11120.0
2021022405018017,NIFRA,10,36,50,556.0,27800.0
2021022405018016,NIFRA,10,50,50,556.0,27800.0
2021022405018027,NIFRA,10,53,50,559.0,27950.0
2021022405018026,NIFRA,10,21,60,559.0,33540.0
2021022405018025,NIFRA,10,41,50,558.0,27900.0
2021022405018024,NIFRA,10,1,200,558.0,111600.0
2021022405018023,NIFRA,10,41,60,558.0,33480.0
2021022405018022,NIFRA,10,11,10,557.0,5570.0
2021022405018033,NIFRA,10,45,50,559.0,27950.0
2021022405018032,NIFRA,10,58,50,559.0,27950.0
2021022405018031,NIFRA,10,8,60,559.0,33540.0
2021022405018030,NIFRA,10,36,60,559.0,33540.0
2021022405018029,NIFRA,10,51,50,559.0,27950.0
2021022405018028,NIFRA,10,34,50,559.0,27950.0
2021022405018039,NIFRA,10,47,50,560.0,28000.0
2021022405018038,NIFRA,10,29,60,560.0,33600.0
2021022405018037,NIFRA,10,26,15,560.0,8400.0
2021022405018036,NIFRA,10,44,50,559.0,27950.0
2021022405018035,NIFRA,10,22,50,559.0,27950.0
2021022405018034,NIFRA,10,52,60,559.0,33540.0
2021022405018045,NIFRA,10,56,50,560.0,28000.0
2021022405018044,NIFRA,10,51,50,560.0,28000.0
2021022405018043,NIFRA,10,45,10,560.0,5600.0
2021022405018042,NIFRA,10,56,20,560.0,11200.0
2021022405018041,NIFRA,10,16,60,560.0,33600.0
2021022405018040,NIFRA,10,51,20,560.0,11200.0
2021022405018051,NIFRA,10,32,60,560.0,33600.0
2021022405018050,NIFRA,10,48,50,560.0,28000.0
2021022405018049,NIFRA,10,17,60,560.0,33600.0
2021022405018048,NIFRA,10,49,50,560.0,28000.0
2021022405018047,NIFRA,10,21,50,560.0,28000.0
2021022405018046,NIFRA,10,22,30,560.0,16800.0
2021022405018057,NIFRA,10,56,50,560.0,28000.0
2021022405018056,NIFRA,10,4,50,560.0,28000.0
2021022405018055,NIFRA,10,53,40,560.0,22400.0
2021022405018054,NIFRA,10,16,60,560.0,33600.0
2021022405018053,NIFRA,10,58,40,560.0,22400.0
2021022405018052,NIFRA,10,52,20,560.0,11200.0
2021022405018063,NIFRA,10,44,50,560.0,28000.0
2021022405018062,NIFRA,10,1,60,560.0,33600.0
2021022405018061,NIFRA,10,58,60,560.0,33600.0
2021022405018060,NIFRA,10,58,10,560.0,5600.0
2021022405018059,NIFRA,10,35,60,560.0,33600.0
2021022405018058,NIFRA,10,4,60,560.0,33600.0
2021022405018069,NIFRA,10,4,10,560.0,5600.0
2021022405018068,NIFRA,10,49,10,560.0,5600.0
2021022405018067,NIFRA,10,4,50,560.0,28000.0
2021022405018066,NIFRA,10,1,60,560.0,33600.0
2021022405018065,NIFRA,10,16,60,560.0,33600.0
2021022405018064,NIFRA,10,21,60,560.0,33600.0
2021022405018075,NIFRA,10,28,50,560.0,28000.0
2021022405018074,NIFRA,10,4,60,560.0,33600.0
2021022405018073,NIFRA,10,55,50,560.0,28000.0
2021022405018072,NIFRA,10,35,60,560.0,33600.0
2021022405018071,NIFRA,10,17,50,560.0,28000.0
2021022405018070,NIFRA,10,49,60,560.0,33600.0
2021022405018081,NIFRA,10,39,50,560.0,28000.0
2021022405018080,NIFRA,10,56,50,560.0,28000.0
2021022405018079,NIFRA,10,39,10,560.0,5600.0
2021022405018078,NIFRA,10,36,60,560.0,33600.0
2021022405018077,NIFRA,10,41,60,560.0,33600.0
2021022405018076,NIFRA,10,22,50,560.0,28000.0
2021022405018087,NIFRA,48,32,50,554.0,27700.0
2021022405018086,NIFRA,48,49,50,554.0,27700.0
2021022405018085,NIFRA,48,46,50,554.0,27700.0
2021022405018084,NIFRA,22,59,5,553.0,2765.0
2021022405018083,NIFRA,22,59,55,554.0,30470.0
2021022405018082,NIFRA,10,52,45,560.0,25200.0
2021022405018094,NIFRA,22,52,60,554.0,33240.0
2021022405018092,NIFRA,45,45,50,555.0,27750.0
2021022405018091,NIFRA,45,21,50,555.0,27750.0
2021022405018090,NIFRA,14,46,50,555.0,27750.0
2021022405018089,NIFRA,14,38,50,555.0,27750.0
2021022405018088,NIFRA,22,32,10,554.0,5540.0
2021022405018100,NIFRA,25,49,50,554.0,27700.0
2021022405018099,NIFRA,25,49,10,554.0,5540.0
2021022405018098,NIFRA,22,49,30,554.0,16620.0
2021022405018097,NIFRA,36,49,10,555.0,5550.0
2021022405018096,NIFRA,36,58,50,555.0,27750.0
2021022405018095,NIFRA,22,38,50,554.0,27700.0
2021022405018107,NIFRA,38,59,60,558.0,33480.0
2021022405018106,NIFRA,38,36,50,558.0,27900.0
2021022405018105,NIFRA,38,36,50,557.0,27850.0
2021022405018104,NIFRA,38,17,50,556.0,27800.0
2021022405018103,NIFRA,38,21,50,555.0,27750.0
2021022405018101,NIFRA,25,47,50,554.0,27700.0
2021022405018113,NIFRA,25,55,50,554.0,27700.0
2021022405018112,NIFRA,25,38,60,554.0,33240.0
2021022405018111,NIFRA,25,21,60,554.0,33240.0
2021022405018110,NIFRA,25,56,50,554.0,27700.0
2021022405018109,NIFRA,40,26,50,555.0,27750.0
2021022405018108,NIFRA,38,41,50,558.0,27900.0
2021022405018119,NIFRA,14,38,60,556.0,33360.0
2021022405018118,NIFRA,14,6,50,556.0,27800.0
2021022405018117,NIFRA,14,26,60,556.0,33360.0
2021022405018116,NIFRA,14,48,60,556.0,33360.0
2021022405018115,NIFRA,14,36,60,556.0,33360.0
2021022405018114,NIFRA,14,38,30,556.0,16680.0
2021022405018125,NIFRA,38,32,10,555.0,5550.0
2021022405018124,NIFRA,38,5,40,555.0,22200.0
2021022405018123,NIFRA,14,5,10,556.0,5560.0
2021022405018122,NIFRA,14,58,60,556.0,33360.0
2021022405018121,NIFRA,14,16,60,556.0,33360.0
2021022405018120,NIFRA,14,45,50,556.0,27800.0
2021022405018132,NIFRA,25,34,60,554.0,33240.0
2021022405018130,NIFRA,25,52,30,554.0,16620.0
2021022405018129,NIFRA,21,52,30,559.0,16770.0
2021022405018128,NIFRA,21,17,60,559.0,33540.0
2021022405018127,NIFRA,25,45,60,554.0,33240.0
2021022405018126,NIFRA,40,32,50,555.0,27750.0
2021022405018139,NIFRA,25,56,50,554.0,27700.0
2021022405018138,NIFRA,25,13,10,554.0,5540.0
2021022405018136,NIFRA,25,21,50,554.0,27700.0
2021022405018135,NIFRA,25,38,60,554.0,33240.0
2021022405018134,NIFRA,25,14,60,554.0,33240.0
2021022405018133,NIFRA,25,38,50,554.0,27700.0
2021022405018145,NIFRA,25,28,10,554.0,5540.0
2021022405018144,NIFRA,58,28,50,555.0,27750.0
2021022405018143,NIFRA,25,58,50,554.0,27700.0
2021022405018142,NIFRA,25,32,60,554.0,33240.0
2021022405018141,NIFRA,13,33,50,556.0,27800.0
2021022405018140,NIFRA,13,17,50,555.0,27750.0
2021022405018151,NIFRA,46,58,50,555.0,27750.0
2021022405018150,NIFRA,46,49,30,555.0,16650.0
2021022405018149,NIFRA,45,49,20,555.0,11100.0
2021022405018148,NIFRA,25,8,50,554.0,27700.0
2021022405018147,NIFRA,25,48,50,554.0,27700.0
2021022405018146,NIFRA,25,1,60,554.0,33240.0
2021022405018157,NIFRA,8,17,50,555.0,27750.0
2021022405018156,NIFRA,25,56,50,554.0,27700.0
