Transact. No.,Symbol,Buyer,Seller,Quantity,Rate,Amount
2021030205010127,NIFRA,56,49,40,515.0,20600.0
2021030205010126,NIFRA,47,49,10,515.0,5150.0
2021030205010125,NIFRA,45,49,10,515.0,5150.0
2021030205010124,NIFRA,50,32,22,516.0,11352.0
2021030205010123,NIFRA,50,42,28,516.0,14448.0
2021030205010122,NIFRA,57,42,22,516.0,11352.0
2021030205009633,NIFRA,22,59,35,516.0,18060.0
2021030205009632,NIFRA,48,59,200,516.0,103200.0
2021030205009631,NIFRA,3,59,50,516.0,25800.0
2021030205009630,NIFRA,25,59,35,516.0,18060.0
2021030205009629,NIFRA,53,59,20,516.0,10320.0
2021030205009628,NIFRA,50,59,50,516.0,25800.0
2021030205009639,NIFRA,22,10,15,516.0,7740.0
2021030205009638,NIFRA,59,45,40,517.0,20680.0
2021030205009637,NIFRA,59,59,50,517.0,25850.0
2021030205009636,NIFRA,59,6,20,517.0,10340.0
2021030205009635,NIFRA,59,44,10,517.0,5170.0
2021030205009634,NIFRA,22,20,50,516.0,25800.0
2021030205009645,NIFRA,29,58,50,516.0,25800.0
2021030205009644,NIFRA,29,57,50,516.0,25800.0
2021030205009643,NIFRA,32,34,38,517.0,19646.0
2021030205009642,NIFRA,32,45,10,517.0,5170.0
2021030205009641,NIFRA,29,51,50,516.0,25800.0
2021030205009640,NIFRA,29,10,45,516.0,23220.0
2021030205009654,NIFRA,1,14,60,515.0,30900.0
2021030205009651,NIFRA,41,34,100,516.0,51600.0
2021030205009650,NIFRA,29,34,145,516.0,74820.0
2021030205009649,NIFRA,29,10,50,516.0,25800.0
2021030205009647,NIFRA,29,42,50,516.0,25800.0
2021030205009646,NIFRA,29,21,60,516.0,30960.0
2021030205009663,NIFRA,25,34,50,516.0,25800.0
2021030205009661,NIFRA,26,34,100,516.0,51600.0
2021030205009659,NIFRA,18,34,50,516.0,25800.0
2021030205009657,NIFRA,41,29,10,515.0,5150.0
2021030205009656,NIFRA,1,29,40,515.0,20600.0
2021030205009655,NIFRA,52,34,191,516.0,98556.0
2021030205009675,NIFRA,37,20,40,515.0,20600.0
2021030205009674,NIFRA,37,42,10,515.0,5150.0
2021030205009673,NIFRA,41,42,40,515.0,20600.0
2021030205009672,NIFRA,59,34,100,516.0,51600.0
2021030205009670,NIFRA,56,34,100,516.0,51600.0
2021030205009669,NIFRA,41,21,50,515.0,25750.0
2021030205009683,NIFRA,13,34,126,516.0,65016.0
2021030205009682,NIFRA,41,11,40,515.0,20600.0
2021030205009681,NIFRA,41,21,10,515.0,5150.0
2021030205009678,NIFRA,32,40,55,515.0,28325.0
2021030205009677,NIFRA,41,10,60,515.0,30900.0
2021030205009676,NIFRA,32,20,20,515.0,10300.0
2021030205009689,NIFRA,13,46,50,517.0,25850.0
2021030205009688,NIFRA,13,25,50,516.0,25800.0
2021030205009687,NIFRA,13,42,60,516.0,30960.0
2021030205009686,NIFRA,13,40,60,516.0,30960.0
2021030205009685,NIFRA,13,21,60,516.0,30960.0
2021030205009684,NIFRA,13,42,60,516.0,30960.0
2021030205009695,NIFRA,42,16,16,517.0,8272.0
2021030205009694,NIFRA,34,58,50,516.0,25800.0
2021030205009693,NIFRA,34,50,60,516.0,30960.0
2021030205009692,NIFRA,34,43,50,516.0,25800.0
2021030205009691,NIFRA,34,17,60,516.0,30960.0
2021030205009690,NIFRA,13,16,34,517.0,17578.0
2021030205009701,NIFRA,34,22,40,516.0,20640.0
2021030205009700,NIFRA,34,34,50,516.0,25800.0
2021030205009699,NIFRA,34,21,60,516.0,30960.0
2021030205009698,NIFRA,34,57,10,516.0,5160.0
2021030205009697,NIFRA,34,42,60,516.0,30960.0
2021030205009696,NIFRA,34,42,60,516.0,30960.0
2021030205009708,NIFRA,21,22,50,516.0,25800.0
2021030205009706,NIFRA,40,22,80,516.0,41280.0
2021030205009705,NIFRA,49,22,150,516.0,77400.0
2021030205009704,NIFRA,25,22,17,516.0,8772.0
2021030205009703,NIFRA,41,10,60,515.0,30900.0
2021030205009702,NIFRA,21,22,10,516.0,5160.0
2021030205009714,NIFRA,48,22,20,516.0,10320.0
2021030205009713,NIFRA,19,22,20,516.0,10320.0
2021030205009712,NIFRA,28,21,30,515.0,15450.0
2021030205009711,NIFRA,41,21,30,515.0,15450.0
2021030205009710,NIFRA,32,22,20,516.0,10320.0
2021030205009709,NIFRA,57,22,50,516.0,25800.0
2021030205009722,NIFRA,51,22,10,516.0,5160.0
2021030205009721,NIFRA,48,42,50,515.0,25750.0
2021030205009719,NIFRA,48,34,60,515.0,30900.0
2021030205009718,NIFRA,48,46,30,515.0,15450.0
2021030205009717,NIFRA,28,46,20,515.0,10300.0
2021030205009716,NIFRA,34,22,50,516.0,25800.0
2021030205009728,NIFRA,42,35,50,515.0,25750.0
2021030205009727,NIFRA,42,35,20,515.0,10300.0
2021030205009726,NIFRA,41,35,500,515.0,257500.0
2021030205009725,NIFRA,45,35,10,515.0,5150.0
2021030205009724,NIFRA,10,35,500,515.0,257500.0
2021030205009723,NIFRA,48,35,160,515.0,82400.0
2021030205009734,NIFRA,17,36,100,515.0,51500.0
2021030205009733,NIFRA,17,35,160,515.0,82400.0
2021030205009732,NIFRA,37,35,100,515.0,51500.0
2021030205009731,NIFRA,39,35,800,515.0,412000.0
2021030205009730,NIFRA,45,35,100,515.0,51500.0
2021030205009729,NIFRA,55,35,100,515.0,51500.0
2021030205009740,NIFRA,17,38,50,515.0,25750.0
2021030205009739,NIFRA,17,42,60,515.0,30900.0
2021030205009738,NIFRA,16,22,500,516.0,258000.0
2021030205009737,NIFRA,17,55,50,515.0,25750.0
2021030205009736,NIFRA,37,22,50,516.0,25800.0
2021030205009735,NIFRA,17,10,50,515.0,25750.0
2021030205009746,NIFRA,45,35,20,515.0,10300.0
2021030205009745,NIFRA,45,40,50,515.0,25750.0
2021030205009744,NIFRA,57,22,50,516.0,25800.0
2021030205009743,NIFRA,58,22,10,516.0,5160.0
2021030205009742,NIFRA,45,38,30,515.0,15450.0
2021030205009741,NIFRA,17,38,30,515.0,15450.0
2021030205009752,NIFRA,41,46,45,515.0,23175.0
2021030205009751,NIFRA,46,46,15,515.0,7725.0
2021030205009750,NIFRA,35,46,70,515.0,36050.0
2021030205009749,NIFRA,49,46,70,515.0,36050.0
2021030205009748,NIFRA,49,10,50,515.0,25750.0
2021030205009747,NIFRA,49,35,30,515.0,15450.0
2021030205009758,NIFRA,1,25,50,515.0,25750.0
2021030205009757,NIFRA,3,22,10,516.0,5160.0
2021030205009756,NIFRA,17,22,20,516.0,10320.0
2021030205009755,NIFRA,1,52,30,515.0,15450.0
2021030205009754,NIFRA,1,36,60,515.0,30900.0
2021030205009753,NIFRA,41,48,5,515.0,2575.0
2021030205009764,NIFRA,25,50,7,515.0,3605.0
2021030205009763,NIFRA,58,50,33,515.0,16995.0
2021030205009762,NIFRA,25,3,10,515.0,5150.0
2021030205009761,NIFRA,56,3,500,515.0,257500.0
2021030205009760,NIFRA,57,3,40,515.0,20600.0
2021030205009759,NIFRA,57,25,10,515.0,5150.0
2021030205009772,NIFRA,34,38,500,515.0,257500.0
2021030205009771,NIFRA,29,38,40,515.0,20600.0
2021030205009768,NIFRA,29,55,60,515.0,30900.0
2021030205009767,NIFRA,29,1,50,515.0,25750.0
2021030205009766,NIFRA,29,10,50,515.0,25750.0
2021030205009765,NIFRA,25,22,25,516.0,12900.0
2021030205009778,NIFRA,56,38,450,515.0,231750.0
2021030205009777,NIFRA,34,38,40,515.0,20600.0
2021030205009776,NIFRA,57,38,500,515.0,257500.0
2021030205009775,NIFRA,36,38,50,515.0,25750.0
2021030205009774,NIFRA,44,38,100,515.0,51500.0
2021030205009773,NIFRA,14,38,100,515.0,51500.0
2021030205009787,NIFRA,6,10,50,514.0,25700.0
2021030205009783,NIFRA,6,44,30,514.0,15420.0
2021030205009782,NIFRA,58,8,97,515.0,49955.0
2021030205009781,NIFRA,28,8,10,515.0,5150.0
2021030205009780,NIFRA,58,22,10,516.0,5160.0
2021030205009779,NIFRA,56,26,50,515.0,25750.0
2021030205009793,NIFRA,39,44,50,514.0,25700.0
2021030205009792,NIFRA,39,52,195,514.0,100230.0
2021030205009791,NIFRA,58,52,35,514.0,17990.0
2021030205009790,NIFRA,49,52,200,514.0,102800.0
2021030205009789,NIFRA,6,52,70,514.0,35980.0
2021030205009788,NIFRA,6,29,50,514.0,25700.0
2021030205009801,NIFRA,39,52,60,514.0,30840.0
2021030205009800,NIFRA,39,10,60,514.0,30840.0
2021030205009798,NIFRA,39,49,60,514.0,30840.0
2021030205009796,NIFRA,39,40,60,514.0,30840.0
2021030205009795,NIFRA,6,8,"2,000",515.0,1030000.0
2021030205009794,NIFRA,11,8,100,515.0,51500.0
2021030205009808,NIFRA,39,48,60,514.0,30840.0
2021030205009807,NIFRA,57,1,50,515.0,25750.0
2021030205009806,NIFRA,39,1,60,514.0,30840.0
2021030205009805,NIFRA,39,39,50,514.0,25700.0
2021030205009804,NIFRA,39,4,50,514.0,25700.0
2021030205009802,NIFRA,39,34,50,514.0,25700.0
2021030205009816,NIFRA,39,57,50,514.0,25700.0
2021030205009815,NIFRA,14,16,50,515.0,25750.0
2021030205009814,NIFRA,14,49,50,515.0,25750.0
2021030205009813,NIFRA,39,25,60,514.0,30840.0
2021030205009812,NIFRA,39,3,50,514.0,25700.0
2021030205009809,NIFRA,39,54,60,514.0,30840.0
2021030205009824,NIFRA,42,3,10,514.0,5140.0
2021030205009823,NIFRA,14,3,15,514.0,7710.0
2021030205009820,NIFRA,39,38,15,515.0,7725.0
2021030205009819,NIFRA,14,35,50,514.0,25700.0
2021030205009818,NIFRA,14,21,35,514.0,17990.0
2021030205009817,NIFRA,39,21,25,514.0,12850.0
2021030205009830,NIFRA,59,58,15,514.0,7710.0
2021030205009829,NIFRA,59,39,60,514.0,30840.0
2021030205009828,NIFRA,59,26,25,514.0,12850.0
2021030205009827,NIFRA,59,26,25,514.0,12850.0
2021030205009826,NIFRA,59,3,15,514.0,7710.0
2021030205009825,NIFRA,55,3,10,514.0,5140.0
2021030205009837,NIFRA,58,57,15,514.0,7710.0
2021030205009836,NIFRA,58,56,50,514.0,25700.0
2021030205009834,NIFRA,58,16,50,514.0,25700.0
2021030205009833,NIFRA,58,58,35,514.0,17990.0
2021030205009832,NIFRA,58,58,15,514.0,7710.0
2021030205009831,NIFRA,58,58,35,514.0,17990.0
2021030205009843,NIFRA,48,18,25,515.0,12875.0
2021030205009842,NIFRA,48,38,35,515.0,18025.0
2021030205009841,NIFRA,20,39,60,514.0,30840.0
2021030205009840,NIFRA,1,47,15,514.0,7710.0
2021030205009839,NIFRA,1,57,15,514.0,7710.0
2021030205009838,NIFRA,49,57,20,514.0,10280.0
2021030205009849,NIFRA,14,49,30,514.0,15420.0
2021030205009848,NIFRA,14,37,50,514.0,25700.0
2021030205009847,NIFRA,14,21,20,514.0,10280.0
2021030205009846,NIFRA,49,21,30,514.0,15420.0
2021030205009845,NIFRA,49,49,20,514.0,10280.0
2021030205009844,NIFRA,20,49,40,514.0,20560.0
2021030205009862,NIFRA,49,47,25,514.0,12850.0
2021030205009861,NIFRA,49,29,10,514.0,5140.0
2021030205009860,NIFRA,14,29,50,514.0,25700.0
2021030205009859,NIFRA,38,48,25,515.0,12875.0
2021030205009858,NIFRA,38,18,25,515.0,12875.0
2021030205009856,NIFRA,47,18,10,515.0,5150.0
2021030205009868,NIFRA,49,38,205,514.0,105370.0
2021030205009867,NIFRA,49,33,45,515.0,23175.0
2021030205009866,NIFRA,49,38,25,515.0,12875.0
2021030205009865,NIFRA,49,37,60,514.0,30840.0
2021030205009864,NIFRA,16,38,25,515.0,12875.0
2021030205009863,NIFRA,16,48,25,515.0,12875.0
2021030205009874,NIFRA,21,38,12,514.0,6168.0
2021030205009873,NIFRA,6,44,20,513.0,10260.0
2021030205009872,NIFRA,29,44,10,513.0,5130.0
2021030205009871,NIFRA,57,44,20,513.0,10260.0
2021030205009870,NIFRA,28,37,50,513.0,25650.0
2021030205009869,NIFRA,53,38,50,514.0,25700.0
2021030205009881,NIFRA,6,17,50,513.0,25650.0
2021030205009880,NIFRA,6,58,60,513.0,30780.0
2021030205009879,NIFRA,6,26,50,513.0,25650.0
2021030205009877,NIFRA,6,17,50,513.0,25650.0
2021030205009876,NIFRA,48,38,50,514.0,25700.0
2021030205009875,NIFRA,25,38,17,514.0,8738.0
2021030205009888,NIFRA,6,17,50,513.0,25650.0
2021030205009887,NIFRA,25,6,17,514.0,8738.0
2021030205009886,NIFRA,57,6,34,514.0,17476.0
2021030205009885,NIFRA,57,38,16,514.0,8224.0
2021030205009884,NIFRA,6,13,60,513.0,30780.0
2021030205009882,NIFRA,16,38,50,514.0,25700.0
2021030205009895,NIFRA,6,17,50,513.0,25650.0
2021030205009894,NIFRA,6,58,50,513.0,25650.0
2021030205009893,NIFRA,6,29,50,513.0,25650.0
2021030205009892,NIFRA,6,18,60,513.0,30780.0
2021030205009890,NIFRA,6,58,25,513.0,12825.0
2021030205009889,NIFRA,6,35,60,513.0,30780.0
2021030205009901,NIFRA,6,48,50,513.0,25650.0
2021030205009900,NIFRA,6,17,10,513.0,5130.0
2021030205009899,NIFRA,6,21,150,513.0,76950.0
2021030205009898,NIFRA,6,58,50,513.0,25650.0
2021030205009897,NIFRA,17,57,50,514.0,25700.0
2021030205009896,NIFRA,17,6,149,514.0,76586.0
2021030205009908,NIFRA,49,29,30,514.0,15420.0
2021030205009907,NIFRA,49,57,120,514.0,61680.0
2021030205009906,NIFRA,49,35,50,514.0,25700.0
2021030205009905,NIFRA,49,41,40,514.0,20560.0
2021030205009904,NIFRA,16,41,20,514.0,10280.0
2021030205009902,NIFRA,6,26,60,513.0,30780.0
2021030205009914,NIFRA,7,6,10,514.0,5140.0
2021030205009913,NIFRA,6,33,60,513.0,30780.0
2021030205009912,NIFRA,6,57,60,513.0,30780.0
2021030205009911,NIFRA,6,58,60,513.0,30780.0
2021030205009910,NIFRA,49,6,135,514.0,69390.0
2021030205009909,NIFRA,49,34,125,514.0,64250.0
2021030205009920,NIFRA,6,58,50,513.0,25650.0
2021030205009919,NIFRA,6,58,400,513.0,205200.0
2021030205009918,NIFRA,6,38,50,513.0,25650.0
2021030205009917,NIFRA,6,8,40,513.0,20520.0
2021030205009916,NIFRA,49,6,50,514.0,25700.0
2021030205009915,NIFRA,6,26,60,513.0,30780.0
2021030205009926,NIFRA,58,20,45,513.0,23085.0
2021030205009925,NIFRA,58,20,50,513.0,25650.0
2021030205009924,NIFRA,19,20,50,513.0,25650.0
2021030205009923,NIFRA,6,20,205,513.0,105165.0
2021030205009922,NIFRA,36,6,240,514.0,123360.0
2021030205009921,NIFRA,6,35,60,513.0,30780.0
2021030205009933,NIFRA,7,21,50,514.0,25700.0
2021030205009932,NIFRA,7,6,15,514.0,7710.0
2021030205009931,NIFRA,16,6,50,514.0,25700.0
2021030205009930,NIFRA,6,34,50,513.0,25650.0
2021030205009928,NIFRA,6,29,50,513.0,25650.0
2021030205009927,NIFRA,58,26,2,513.0,1026.0
2021030205009939,NIFRA,44,34,300,514.0,154200.0
2021030205009938,NIFRA,14,34,40,514.0,20560.0
2021030205009937,NIFRA,57,26,25,513.0,12825.0
2021030205009936,NIFRA,7,26,25,514.0,12850.0
2021030205009935,NIFRA,7,58,60,514.0,30840.0
2021030205009934,NIFRA,7,57,50,514.0,25700.0
2021030205009947,NIFRA,57,26,50,513.0,25650.0
2021030205009946,NIFRA,14,34,30,514.0,15420.0
2021030205009945,NIFRA,57,55,30,513.0,15390.0
2021030205009943,NIFRA,38,34,100,514.0,51400.0
2021030205009941,NIFRA,43,34,10,514.0,5140.0
2021030205009940,NIFRA,51,34,10,514.0,5140.0
2021030205009954,NIFRA,51,21,60,513.0,30780.0
2021030205009953,NIFRA,51,38,50,513.0,25650.0
2021030205009951,NIFRA,7,28,5,513.0,2565.0
2021030205009950,NIFRA,57,28,45,513.0,23085.0
2021030205009949,NIFRA,16,34,110,514.0,56540.0
2021030205009948,NIFRA,57,8,50,513.0,25650.0
2021030205009960,NIFRA,56,34,80,514.0,41120.0
2021030205009959,NIFRA,51,34,50,513.0,25650.0
2021030205009958,NIFRA,51,8,50,513.0,25650.0
2021030205009957,NIFRA,34,34,140,514.0,71960.0
2021030205009956,NIFRA,51,55,30,513.0,15390.0
2021030205009955,NIFRA,51,21,50,513.0,25650.0
2021030205009966,NIFRA,39,34,190,514.0,97660.0
2021030205009965,NIFRA,26,34,230,514.0,118220.0
2021030205009964,NIFRA,16,34,10,514.0,5140.0
2021030205009963,NIFRA,7,55,20,513.0,10260.0
2021030205009962,NIFRA,51,55,10,513.0,5130.0
2021030205009961,NIFRA,47,34,50,514.0,25700.0
2021030205009972,NIFRA,39,21,50,514.0,25700.0
2021030205009971,NIFRA,39,17,50,514.0,25700.0
2021030205009970,NIFRA,39,58,50,514.0,25700.0
2021030205009969,NIFRA,39,48,50,514.0,25700.0
2021030205009968,NIFRA,39,51,85,514.0,43690.0
2021030205009967,NIFRA,39,8,50,514.0,25700.0
2021030205009979,NIFRA,58,19,70,514.0,35980.0
2021030205009978,NIFRA,54,19,100,514.0,51400.0
2021030205009977,NIFRA,39,19,30,514.0,15420.0
2021030205009976,NIFRA,39,45,60,514.0,30840.0
2021030205009975,NIFRA,39,58,20,514.0,10280.0
2021030205009973,NIFRA,39,55,30,514.0,15420.0
2021030205009987,NIFRA,16,33,50,515.0,25750.0
2021030205009986,NIFRA,1,55,20,514.0,10280.0
2021030205009984,NIFRA,25,28,30,514.0,15420.0
2021030205009983,NIFRA,45,28,20,514.0,10280.0
2021030205009981,NIFRA,45,36,30,514.0,15420.0
2021030205009980,NIFRA,58,36,30,514.0,15420.0
2021030205009993,NIFRA,1,21,50,514.0,25700.0
2021030205009992,NIFRA,1,40,50,514.0,25700.0
2021030205009991,NIFRA,1,29,60,514.0,30840.0
2021030205009990,NIFRA,1,38,60,514.0,30840.0
2021030205009989,NIFRA,1,34,15,514.0,7710.0
2021030205009988,NIFRA,1,28,60,514.0,30840.0
2021030205010000,NIFRA,54,39,200,514.0,102800.0
2021030205009999,NIFRA,58,39,15,514.0,7710.0
2021030205009998,NIFRA,49,39,40,514.0,20560.0
2021030205009997,NIFRA,48,39,85,514.0,43690.0
2021030205009995,NIFRA,48,45,15,514.0,7710.0
2021030205009994,NIFRA,1,45,35,514.0,17990.0
2021030205010006,NIFRA,38,55,30,514.0,15420.0
2021030205010005,NIFRA,16,33,50,515.0,25750.0
2021030205010004,NIFRA,38,38,10,514.0,5140.0
2021030205010003,NIFRA,43,33,20,515.0,10300.0
2021030205010002,NIFRA,38,39,60,514.0,30840.0
2021030205010001,NIFRA,28,39,100,514.0,51400.0
2021030205010012,NIFRA,35,21,20,515.0,10300.0
2021030205010011,NIFRA,35,21,50,515.0,25750.0
2021030205010010,NIFRA,35,36,50,515.0,25750.0
2021030205010009,NIFRA,35,33,135,515.0,69525.0
2021030205010008,NIFRA,38,51,50,514.0,25700.0
2021030205010007,NIFRA,38,39,50,514.0,25700.0
2021030205010018,NIFRA,35,32,35,515.0,18025.0
2021030205010017,NIFRA,35,28,50,515.0,25750.0
2021030205010016,NIFRA,35,6,500,515.0,257500.0
2021030205010015,NIFRA,35,29,50,515.0,25750.0
2021030205010014,NIFRA,35,36,50,515.0,25750.0
2021030205010013,NIFRA,35,16,60,515.0,30900.0
2021030205010024,NIFRA,46,21,145,514.0,74530.0
2021030205010023,NIFRA,21,21,20,514.0,10280.0
2021030205010022,NIFRA,57,21,10,514.0,5140.0
2021030205010021,NIFRA,47,21,50,514.0,25700.0
2021030205010020,NIFRA,38,21,40,514.0,20560.0
2021030205010019,NIFRA,38,44,60,514.0,30840.0
2021030205010030,NIFRA,49,58,50,515.0,25750.0
2021030205010029,NIFRA,49,45,60,515.0,30900.0
2021030205010028,NIFRA,49,51,50,515.0,25750.0
2021030205010027,NIFRA,49,32,15,515.0,7725.0
2021030205010026,NIFRA,49,21,215,514.0,110510.0
2021030205010025,NIFRA,22,21,20,514.0,10280.0
2021030205010036,NIFRA,3,22,100,516.0,51600.0
2021030205010035,NIFRA,16,22,10,516.0,5160.0
2021030205010034,NIFRA,54,45,50,515.0,25750.0
2021030205010033,NIFRA,54,55,30,515.0,15450.0
2021030205010032,NIFRA,49,58,60,515.0,30900.0
2021030205010031,NIFRA,49,58,50,515.0,25750.0
2021030205010042,NIFRA,45,26,60,515.0,30900.0
2021030205010041,NIFRA,45,51,50,515.0,25750.0
2021030205010040,NIFRA,19,58,20,515.0,10300.0
2021030205010039,NIFRA,56,20,50,514.0,25700.0
2021030205010038,NIFRA,52,58,10,515.0,5150.0
2021030205010037,NIFRA,54,58,20,515.0,10300.0
2021030205010050,NIFRA,6,4,60,515.0,30900.0
2021030205010049,NIFRA,6,38,30,515.0,15450.0
2021030205010048,NIFRA,6,26,50,515.0,25750.0
2021030205010046,NIFRA,6,1,20,515.0,10300.0
2021030205010045,NIFRA,45,1,30,515.0,15450.0
2021030205010043,NIFRA,45,57,60,515.0,30900.0
2021030205010056,NIFRA,6,39,50,515.0,25750.0
2021030205010055,NIFRA,6,45,50,515.0,25750.0
2021030205010054,NIFRA,6,38,60,515.0,30900.0
2021030205010053,NIFRA,6,58,50,515.0,25750.0
2021030205010052,NIFRA,6,22,550,515.0,283250.0
2021030205010051,NIFRA,6,6,500,515.0,257500.0
2021030205010062,NIFRA,33,44,50,515.0,25750.0
2021030205010061,NIFRA,6,44,10,515.0,5150.0
2021030205010060,NIFRA,6,32,10,515.0,5150.0
2021030205010059,NIFRA,6,58,60,515.0,30900.0
2021030205010058,NIFRA,6,6,500,515.0,257500.0
2021030205010057,NIFRA,16,22,40,516.0,20640.0
2021030205010069,NIFRA,48,55,40,515.0,20600.0
2021030205010068,NIFRA,48,52,60,515.0,30900.0
2021030205010066,NIFRA,43,52,10,515.0,5150.0
2021030205010065,NIFRA,6,52,50,515.0,25750.0
2021030205010064,NIFRA,49,52,30,515.0,15450.0
2021030205010063,NIFRA,33,52,50,515.0,25750.0
2021030205010075,NIFRA,28,38,30,515.0,15450.0
2021030205010074,NIFRA,58,38,10,515.0,5150.0
2021030205010073,NIFRA,1,38,10,515.0,5150.0
2021030205010072,NIFRA,45,22,20,516.0,10320.0
2021030205010071,NIFRA,1,26,50,515.0,25750.0
2021030205010070,NIFRA,48,58,50,515.0,25750.0
2021030205010083,NIFRA,20,55,30,515.0,15450.0
2021030205010081,NIFRA,34,22,100,516.0,51600.0
2021030205010080,NIFRA,20,58,50,515.0,25750.0
2021030205010079,NIFRA,20,6,30,515.0,15450.0
2021030205010078,NIFRA,20,8,30,515.0,15450.0
2021030205010077,NIFRA,28,8,20,515.0,10300.0
2021030205010089,NIFRA,40,38,40,515.0,20600.0
2021030205010088,NIFRA,58,38,10,515.0,5150.0
2021030205010087,NIFRA,58,8,30,515.0,15450.0
2021030205010086,NIFRA,18,8,30,515.0,15450.0
2021030205010085,NIFRA,56,52,50,515.0,25750.0
2021030205010084,NIFRA,20,38,60,515.0,30900.0
2021030205010096,NIFRA,6,44,40,516.0,20640.0
2021030205010095,NIFRA,6,22,"1,238",516.0,638808.0
2021030205010094,NIFRA,28,22,200,516.0,103200.0
2021030205010092,NIFRA,57,22,100,516.0,51600.0
2021030205010091,NIFRA,45,40,40,515.0,20600.0
2021030205010090,NIFRA,40,40,10,515.0,5150.0
2021030205010103,NIFRA,6,40,60,516.0,30960.0
2021030205010101,NIFRA,6,3,50,516.0,25800.0
2021030205010100,NIFRA,6,57,10,516.0,5160.0
2021030205010099,NIFRA,6,44,50,516.0,25800.0
2021030205010098,NIFRA,6,53,20,516.0,10320.0
2021030205010097,NIFRA,6,21,50,516.0,25800.0
2021030205010109,NIFRA,6,58,50,516.0,25800.0
2021030205010108,NIFRA,6,58,20,516.0,10320.0
2021030205010107,NIFRA,6,45,60,516.0,30960.0
2021030205010106,NIFRA,6,8,50,516.0,25800.0
2021030205010105,NIFRA,6,28,50,516.0,25800.0
2021030205010104,NIFRA,6,49,60,516.0,30960.0
2021030205010121,NIFRA,57,8,18,516.0,9288.0
2021030205010120,NIFRA,6,8,42,516.0,21672.0
2021030205010119,NIFRA,6,49,50,516.0,25800.0
2021030205010118,NIFRA,6,21,50,516.0,25800.0
2021030205010117,NIFRA,42,42,25,517.0,12925.0
2021030205010110,NIFRA,6,38,50,516.0,25800.0
2021030205010116,PLI,20,34,60,772.0,46320.0
2021030205010115,PLI,36,34,50,772.0,38600.0
2021030205010114,PLI,56,34,20,772.0,15440.0
2021030205010113,PLI,57,34,50,773.0,38650.0
2021030205010112,PLI,45,34,10,773.0,7730.0
2021030205010111,PLI,51,34,20,773.0,15460.0
2021030205009652,PLI,21,56,30,775.0,23250.0
2021030205009648,PLI,41,20,10,774.0,7740.0
2021030205009665,PLI,7,17,10,775.0,7750.0
2021030205009664,PLI,7,56,140,775.0,108500.0
2021030205009662,PLI,51,56,30,775.0,23250.0
2021030205009660,PLI,58,48,10,773.0,7730.0
2021030205009658,PLI,58,21,10,773.0,7730.0
2021030205009653,PLI,58,49,10,773.0,7730.0
2021030205009680,PLI,7,20,10,775.0,7750.0
2021030205009679,PLI,7,21,10,775.0,7750.0
2021030205009671,PLI,7,17,100,775.0,77500.0
2021030205009668,PLI,7,34,10,775.0,7750.0
2021030205009667,PLI,7,40,10,775.0,7750.0
2021030205009666,PLI,7,17,10,775.0,7750.0
2021030205009784,PLI,22,10,10,775.0,7750.0
2021030205009770,PLI,22,52,10,775.0,7750.0
2021030205009769,PLI,22,10,10,775.0,7750.0
2021030205009720,PLI,57,10,10,774.0,7740.0
2021030205009715,PLI,57,21,10,774.0,7740.0
2021030205009707,PLI,7,10,10,775.0,7750.0
2021030205009810,PLI,22,20,10,775.0,7750.0
2021030205009803,PLI,22,10,10,775.0,7750.0
2021030205009799,PLI,22,1,10,775.0,7750.0
2021030205009797,PLI,22,35,10,775.0,7750.0
2021030205009786,PLI,51,38,10,778.0,7780.0
2021030205009785,PLI,51,36,10,778.0,7780.0
2021030205009851,PLI,19,49,10,780.0,7800.0
2021030205009850,PLI,19,5,50,779.0,38950.0
2021030205009835,PLI,34,26,10,778.0,7780.0
2021030205009822,PLI,34,56,10,778.0,7780.0
2021030205009821,PLI,34,38,20,778.0,15560.0
2021030205009811,PLI,22,39,10,775.0,7750.0
2021030205009878,PLI,22,36,100,775.0,77500.0
2021030205009857,PLI,34,6,10,778.0,7780.0
2021030205009855,PLI,19,54,10,781.0,7810.0
2021030205009854,PLI,19,25,10,781.0,7810.0
2021030205009853,PLI,19,59,10,781.0,7810.0
2021030205009852,PLI,19,16,10,780.0,7800.0
2021030205009944,PLI,57,58,10,774.0,7740.0
2021030205009942,PLI,6,26,10,775.0,7750.0
2021030205009929,PLI,57,26,10,774.0,7740.0
2021030205009903,PLI,22,34,10,775.0,7750.0
2021030205009891,PLI,22,26,10,775.0,7750.0
2021030205009883,PLI,22,18,10,775.0,7750.0
2021030205010044,PLI,45,34,20,774.0,15480.0
2021030205009996,PLI,7,21,10,773.0,7730.0
2021030205009985,PLI,7,14,10,773.0,7730.0
2021030205009982,PLI,7,17,10,773.0,7730.0
2021030205009974,PLI,7,38,10,773.0,7730.0
2021030205009952,PLI,57,26,10,774.0,7740.0
2021030205010102,PLI,58,59,10,773.0,7730.0
2021030205010093,PLI,40,34,20,774.0,15480.0
2021030205010082,PLI,58,44,10,773.0,7730.0
2021030205010076,PLI,50,26,10,773.0,7730.0
2021030205010067,PLI,7,44,50,773.0,38650.0
2021030205010047,PLI,7,26,10,773.0,7730.0
2021030205009374,CGH,48,17,10,500.0,5000.0
2021030205009627,NIFRA,26,59,500,516.0,258000.0
2021030205009626,NIFRA,5,59,780,516.0,402480.0
2021030205009624,NIFRA,5,26,50,516.0,25800.0
2021030205009623,NIFRA,34,44,100,517.0,51700.0
2021030205009621,NIFRA,5,53,170,516.0,87720.0
2021030205009620,NIFRA,32,53,50,516.0,25800.0
2021030205009131,NIFRA,8,46,10,516.0,5160.0
2021030205009130,NIFRA,39,46,10,518.0,5180.0
2021030205009129,NIFRA,39,39,60,518.0,31080.0
2021030205009128,NIFRA,39,38,50,518.0,25900.0
2021030205009139,NIFRA,36,8,30,516.0,15480.0
2021030205009138,NIFRA,39,8,20,516.0,10320.0
2021030205009136,NIFRA,39,47,50,516.0,25800.0
2021030205009135,NIFRA,7,58,30,519.0,15570.0
2021030205009134,NIFRA,7,45,20,519.0,10380.0
2021030205009132,NIFRA,39,46,30,516.0,15480.0
2021030205009146,NIFRA,43,58,30,520.0,15600.0
2021030205009145,NIFRA,43,38,50,518.0,25900.0
2021030205009144,NIFRA,43,54,50,518.0,25900.0
2021030205009142,NIFRA,51,57,50,517.0,25850.0
2021030205009141,NIFRA,16,35,30,519.0,15570.0
2021030205009140,NIFRA,16,58,20,519.0,10380.0
2021030205009152,NIFRA,43,44,50,520.0,26000.0
2021030205009151,NIFRA,43,26,50,520.0,26000.0
2021030205009150,NIFRA,43,46,50,520.0,26000.0
2021030205009149,NIFRA,43,57,60,520.0,31200.0
2021030205009148,NIFRA,43,21,60,520.0,31200.0
2021030205009147,NIFRA,43,58,50,520.0,26000.0
2021030205009158,NIFRA,43,45,50,520.0,26000.0
2021030205009157,NIFRA,43,46,60,520.0,31200.0
2021030205009156,NIFRA,43,29,50,520.0,26000.0
2021030205009155,NIFRA,43,58,50,520.0,26000.0
2021030205009154,NIFRA,43,49,50,520.0,26000.0
2021030205009153,NIFRA,43,46,50,520.0,26000.0
2021030205009164,NIFRA,52,38,20,518.0,10360.0
2021030205009163,NIFRA,43,46,50,520.0,26000.0
2021030205009162,NIFRA,43,58,50,520.0,26000.0
2021030205009161,NIFRA,43,42,40,520.0,20800.0
2021030205009160,NIFRA,43,46,50,520.0,26000.0
2021030205009159,NIFRA,43,46,50,520.0,26000.0
2021030205009176,NIFRA,35,36,40,518.0,20720.0
2021030205009175,NIFRA,35,47,50,518.0,25900.0
2021030205009174,NIFRA,35,54,10,518.0,5180.0
2021030205009172,NIFRA,51,54,40,518.0,20720.0
2021030205009171,NIFRA,51,10,60,518.0,31080.0
2021030205009165,NIFRA,51,38,40,517.0,20680.0
2021030205009182,NIFRA,38,38,10,519.0,5190.0
2021030205009181,NIFRA,38,8,50,519.0,25950.0
2021030205009180,NIFRA,20,8,10,519.0,5190.0
2021030205009179,NIFRA,20,36,40,519.0,20760.0
2021030205009178,NIFRA,42,36,10,519.0,5190.0
2021030205009177,NIFRA,42,36,10,518.0,5180.0
2021030205009188,NIFRA,5,8,50,519.0,25950.0
2021030205009187,NIFRA,5,8,33,519.0,17127.0
2021030205009186,NIFRA,45,8,27,519.0,14013.0
2021030205009185,NIFRA,45,45,10,518.0,5180.0
2021030205009184,NIFRA,50,38,60,518.0,31080.0
2021030205009183,NIFRA,50,38,40,518.0,20720.0
2021030205009194,NIFRA,45,59,50,518.0,25900.0
2021030205009193,NIFRA,45,38,50,518.0,25900.0
2021030205009192,NIFRA,45,36,33,518.0,17094.0
2021030205009191,NIFRA,40,36,27,519.0,14013.0
2021030205009190,NIFRA,40,8,23,519.0,11937.0
2021030205009189,NIFRA,5,8,27,519.0,14013.0
2021030205009200,NIFRA,22,46,60,520.0,31200.0
2021030205009199,NIFRA,22,16,60,520.0,31200.0
2021030205009198,NIFRA,22,45,40,520.0,20800.0
2021030205009197,NIFRA,22,46,60,520.0,31200.0
2021030205009196,NIFRA,22,46,50,520.0,26000.0
2021030205009195,NIFRA,22,46,60,520.0,31200.0
2021030205009206,NIFRA,53,16,50,520.0,26000.0
2021030205009205,NIFRA,53,29,20,520.0,10400.0
2021030205009204,NIFRA,34,57,50,519.0,25950.0
2021030205009203,NIFRA,22,29,40,520.0,20800.0
2021030205009202,NIFRA,22,44,570,520.0,296400.0
2021030205009201,NIFRA,22,54,60,520.0,31200.0
2021030205009214,NIFRA,45,42,50,518.0,25900.0
2021030205009213,NIFRA,45,38,60,518.0,31080.0
2021030205009210,NIFRA,45,41,20,518.0,10360.0
2021030205009209,NIFRA,13,41,430,518.0,222740.0
2021030205009208,NIFRA,34,41,50,519.0,25950.0
2021030205009207,NIFRA,53,58,10,520.0,5200.0
2021030205009220,NIFRA,45,42,50,518.0,25900.0
2021030205009219,NIFRA,45,46,30,518.0,15540.0
2021030205009218,NIFRA,54,46,20,519.0,10380.0
2021030205009217,NIFRA,54,47,30,519.0,15570.0
2021030205009216,NIFRA,17,47,20,519.0,10380.0
2021030205009215,NIFRA,50,58,20,520.0,10400.0
2021030205009226,NIFRA,3,17,60,520.0,31200.0
2021030205009225,NIFRA,3,58,20,520.0,10400.0
2021030205009224,NIFRA,34,8,50,519.0,25950.0
2021030205009223,NIFRA,34,8,50,519.0,25950.0
2021030205009222,NIFRA,45,40,50,518.0,25900.0
2021030205009221,NIFRA,45,17,50,518.0,25900.0
2021030205009236,NIFRA,41,36,40,518.0,20720.0
2021030205009235,NIFRA,45,36,10,518.0,5180.0
2021030205009234,NIFRA,47,36,10,518.0,5180.0
2021030205009233,NIFRA,58,42,10,519.0,5190.0
2021030205009228,NIFRA,45,45,47,518.0,24346.0
2021030205009227,NIFRA,3,58,36,520.0,18720.0
2021030205009242,NIFRA,51,32,20,517.0,10340.0
2021030205009241,NIFRA,51,32,10,517.0,5170.0
2021030205009240,NIFRA,42,42,25,519.0,12975.0
2021030205009239,NIFRA,42,8,50,519.0,25950.0
2021030205009238,NIFRA,42,51,25,518.0,12950.0
2021030205009237,NIFRA,41,7,60,518.0,31080.0
2021030205009248,NIFRA,45,42,25,519.0,12975.0
2021030205009247,NIFRA,25,45,10,517.0,5170.0
2021030205009246,NIFRA,41,45,50,518.0,25900.0
2021030205009245,NIFRA,25,42,30,517.0,15510.0
2021030205009244,NIFRA,47,42,20,517.0,10340.0
2021030205009243,NIFRA,47,32,30,517.0,15510.0
2021030205009254,NIFRA,36,45,50,516.0,25800.0
2021030205009253,NIFRA,25,45,10,517.0,5170.0
2021030205009252,NIFRA,53,45,50,518.0,25900.0
2021030205009251,NIFRA,45,42,50,518.0,25900.0
2021030205009250,NIFRA,25,36,50,517.0,25850.0
2021030205009249,NIFRA,45,35,25,519.0,12975.0
2021030205009260,NIFRA,17,7,50,518.0,25900.0
2021030205009259,NIFRA,17,13,50,517.0,25850.0
2021030205009258,NIFRA,36,45,60,516.0,30960.0
2021030205009257,NIFRA,11,35,35,519.0,18165.0
2021030205009256,NIFRA,11,45,10,518.0,5180.0
2021030205009255,NIFRA,11,36,50,517.0,25850.0
2021030205009266,NIFRA,58,45,20,517.0,10340.0
2021030205009265,NIFRA,17,45,40,518.0,20720.0
2021030205009264,NIFRA,17,45,10,518.0,5180.0
2021030205009263,NIFRA,14,45,50,519.0,25950.0
2021030205009262,NIFRA,14,8,50,519.0,25950.0
2021030205009261,NIFRA,17,36,50,518.0,25900.0
2021030205009272,NIFRA,13,36,20,518.0,10360.0
2021030205009271,NIFRA,13,7,60,518.0,31080.0
2021030205009270,NIFRA,36,41,50,516.0,25800.0
2021030205009269,NIFRA,19,26,60,517.0,31020.0
2021030205009268,NIFRA,19,26,40,517.0,20680.0
2021030205009267,NIFRA,58,26,20,517.0,10340.0
2021030205009278,NIFRA,51,58,10,520.0,5200.0
2021030205009277,NIFRA,51,34,60,520.0,31200.0
2021030205009276,NIFRA,51,45,60,520.0,31200.0
2021030205009275,NIFRA,51,50,50,520.0,26000.0
2021030205009274,NIFRA,51,58,24,520.0,12480.0
2021030205009273,NIFRA,51,36,30,518.0,15540.0
2021030205009284,NIFRA,51,38,20,520.0,10400.0
2021030205009283,NIFRA,51,28,50,520.0,26000.0
2021030205009282,NIFRA,51,17,60,520.0,31200.0
2021030205009281,NIFRA,51,56,60,520.0,31200.0
2021030205009280,NIFRA,51,59,50,520.0,26000.0
2021030205009279,NIFRA,51,58,20,520.0,10400.0
2021030205009290,NIFRA,19,45,50,517.0,25850.0
2021030205009289,NIFRA,49,26,20,516.0,10320.0
2021030205009288,NIFRA,36,26,10,516.0,5160.0
2021030205009287,NIFRA,21,26,20,517.0,10340.0
2021030205009286,NIFRA,21,7,50,517.0,25850.0
2021030205009285,NIFRA,21,34,50,517.0,25850.0
2021030205009296,NIFRA,6,38,20,520.0,10400.0
2021030205009295,NIFRA,6,36,50,519.0,25950.0
2021030205009294,NIFRA,26,26,50,518.0,25900.0
2021030205009293,NIFRA,26,10,50,518.0,25900.0
2021030205009292,NIFRA,1,45,10,517.0,5170.0
2021030205009291,NIFRA,19,45,50,517.0,25850.0
2021030205009302,NIFRA,22,38,20,520.0,10400.0
2021030205009301,NIFRA,22,38,20,520.0,10400.0
2021030205009300,NIFRA,22,4,25,520.0,13000.0
2021030205009299,NIFRA,22,54,20,520.0,10400.0
2021030205009298,NIFRA,58,38,50,519.0,25950.0
2021030205009297,NIFRA,6,54,30,520.0,15600.0
2021030205009309,NIFRA,1,10,50,517.0,25850.0
2021030205009308,NIFRA,1,26,40,517.0,20680.0
2021030205009307,NIFRA,26,26,10,518.0,5180.0
2021030205009305,NIFRA,58,57,50,519.0,25950.0
2021030205009304,NIFRA,22,44,385,520.0,200200.0
2021030205009303,NIFRA,22,41,30,520.0,15600.0
2021030205009316,NIFRA,7,26,50,517.0,25850.0
2021030205009315,NIFRA,58,44,100,520.0,52000.0
2021030205009313,NIFRA,26,38,50,519.0,25950.0
2021030205009312,NIFRA,26,49,50,518.0,25900.0
2021030205009311,NIFRA,7,45,60,517.0,31020.0
2021030205009310,NIFRA,1,13,50,517.0,25850.0
2021030205009323,NIFRA,7,45,50,519.0,25950.0
2021030205009322,NIFRA,7,45,50,519.0,25950.0
2021030205009321,NIFRA,7,44,30,517.0,15510.0
2021030205009320,NIFRA,7,57,100,517.0,51700.0
2021030205009319,NIFRA,7,57,100,518.0,51800.0
2021030205009317,NIFRA,7,56,50,517.0,25850.0
2021030205009330,NIFRA,7,7,50,519.0,25950.0
2021030205009329,NIFRA,7,45,50,519.0,25950.0
2021030205009328,NIFRA,7,14,60,519.0,31140.0
2021030205009327,NIFRA,7,37,90,519.0,46710.0
2021030205009326,NIFRA,7,13,50,519.0,25950.0
2021030205009325,NIFRA,3,42,50,518.0,25900.0
2021030205009336,NIFRA,17,43,30,520.0,15600.0
2021030205009335,NIFRA,17,54,60,520.0,31200.0
2021030205009334,NIFRA,17,34,50,520.0,26000.0
2021030205009333,NIFRA,17,58,20,520.0,10400.0
2021030205009332,NIFRA,17,44,415,520.0,215800.0
2021030205009331,NIFRA,7,46,50,519.0,25950.0
2021030205009342,NIFRA,17,4,50,520.0,26000.0
2021030205009341,NIFRA,17,46,50,520.0,26000.0
2021030205009340,NIFRA,17,48,50,520.0,26000.0
2021030205009339,NIFRA,17,58,60,520.0,31200.0
2021030205009338,NIFRA,17,36,20,520.0,10400.0
2021030205009337,NIFRA,17,48,50,520.0,26000.0
2021030205009348,NIFRA,7,13,40,519.0,20760.0
2021030205009347,NIFRA,7,38,60,519.0,31140.0
2021030205009346,NIFRA,7,45,50,519.0,25950.0
2021030205009345,NIFRA,17,34,35,520.0,18200.0
2021030205009344,NIFRA,17,11,50,520.0,26000.0
2021030205009343,NIFRA,17,42,60,520.0,31200.0
2021030205009354,NIFRA,55,34,15,520.0,7800.0
2021030205009353,NIFRA,55,33,10,519.0,5190.0
2021030205009352,NIFRA,3,45,50,518.0,25900.0
2021030205009351,NIFRA,56,33,40,519.0,20760.0
2021030205009350,NIFRA,56,13,10,519.0,5190.0
2021030205009349,NIFRA,38,13,10,519.0,5190.0
2021030205009360,NIFRA,7,6,50,520.0,26000.0
2021030205009359,NIFRA,7,19,50,520.0,26000.0
2021030205009358,NIFRA,7,29,50,520.0,26000.0
2021030205009357,NIFRA,7,11,60,520.0,31200.0
2021030205009356,NIFRA,7,11,25,520.0,13000.0
2021030205009355,NIFRA,55,11,25,520.0,13000.0
2021030205009366,NIFRA,7,57,34,518.0,17612.0
2021030205009365,NIFRA,7,45,50,517.0,25850.0
2021030205009364,NIFRA,7,10,60,517.0,31020.0
2021030205009363,NIFRA,3,57,16,518.0,8288.0
2021030205009362,NIFRA,7,58,15,520.0,7800.0
2021030205009361,NIFRA,7,6,50,520.0,26000.0
2021030205009375,NIFRA,7,45,40,517.0,20680.0
2021030205009373,NIFRA,7,42,31,518.0,16058.0
2021030205009372,NIFRA,7,17,25,518.0,12950.0
2021030205009371,NIFRA,7,10,60,517.0,31020.0
2021030205009368,NIFRA,7,38,50,518.0,25900.0
2021030205009367,NIFRA,7,57,60,518.0,31080.0
2021030205009382,NIFRA,17,17,50,518.0,25900.0
2021030205009381,NIFRA,38,38,50,517.0,25850.0
2021030205009379,NIFRA,49,19,11,519.0,5709.0
2021030205009378,NIFRA,49,45,60,519.0,31140.0
2021030205009377,NIFRA,49,42,29,518.0,15022.0
2021030205009376,NIFRA,38,45,10,517.0,5170.0
2021030205009388,NIFRA,32,56,40,517.0,20680.0
2021030205009387,NIFRA,32,38,10,517.0,5170.0
2021030205009386,NIFRA,59,38,50,517.0,25850.0
2021030205009385,NIFRA,38,45,40,517.0,20680.0
2021030205009384,NIFRA,17,45,11,519.0,5709.0
2021030205009383,NIFRA,17,19,39,519.0,20241.0
2021030205009395,NIFRA,45,55,50,517.0,25850.0
2021030205009393,NIFRA,56,35,10,517.0,5170.0
2021030205009392,NIFRA,56,10,10,517.0,5170.0
2021030205009391,NIFRA,43,10,40,517.0,20680.0
2021030205009390,NIFRA,26,42,39,519.0,20241.0
2021030205009389,NIFRA,43,56,10,517.0,5170.0
2021030205009402,NIFRA,56,38,60,517.0,31020.0
2021030205009401,NIFRA,56,35,20,517.0,10340.0
2021030205009400,NIFRA,17,35,40,518.0,20720.0
2021030205009398,NIFRA,17,26,60,518.0,31080.0
2021030205009397,NIFRA,56,45,60,517.0,31020.0
2021030205009396,NIFRA,52,58,50,518.0,25900.0
2021030205009416,NIFRA,7,42,50,519.0,25950.0
2021030205009415,NIFRA,7,10,50,519.0,25950.0
2021030205009414,NIFRA,7,1,10,519.0,5190.0
2021030205009413,NIFRA,7,6,60,519.0,31140.0
2021030205009412,NIFRA,7,42,11,519.0,5709.0
2021030205009411,NIFRA,7,8,50,519.0,25950.0
2021030205009423,NIFRA,22,41,15,520.0,7800.0
2021030205009422,NIFRA,22,52,50,520.0,26000.0
2021030205009421,NIFRA,22,58,35,520.0,18200.0
2021030205009420,NIFRA,7,28,50,519.0,25950.0
2021030205009419,NIFRA,7,58,50,519.0,25950.0
2021030205009417,NIFRA,7,19,25,519.0,12975.0
2021030205009430,NIFRA,56,46,50,518.0,25900.0
2021030205009428,NIFRA,56,10,60,517.0,31020.0
2021030205009427,NIFRA,55,59,10,519.0,5190.0
2021030205009426,NIFRA,7,59,34,519.0,17646.0
2021030205009425,NIFRA,7,43,60,519.0,31140.0
2021030205009424,NIFRA,7,45,50,519.0,25950.0
2021030205009438,NIFRA,55,16,60,518.0,31080.0
2021030205009437,NIFRA,55,28,10,518.0,5180.0
2021030205009436,NIFRA,55,38,50,518.0,25900.0
2021030205009435,NIFRA,35,28,50,518.0,25900.0
2021030205009432,NIFRA,56,45,10,517.0,5170.0
2021030205009431,NIFRA,56,45,50,518.0,25900.0
2021030205009444,NIFRA,55,42,50,518.0,25900.0
2021030205009443,NIFRA,55,43,60,518.0,31080.0
2021030205009442,NIFRA,55,10,50,518.0,25900.0
2021030205009441,NIFRA,55,44,60,518.0,31080.0
2021030205009440,NIFRA,55,58,50,518.0,25900.0
2021030205009439,NIFRA,55,45,50,518.0,25900.0
2021030205009450,NIFRA,7,59,60,519.0,31140.0
2021030205009449,NIFRA,7,39,50,519.0,25950.0
2021030205009448,NIFRA,7,8,50,519.0,25950.0
2021030205009447,NIFRA,7,8,25,519.0,12975.0
2021030205009446,NIFRA,55,26,60,518.0,31080.0
2021030205009445,NIFRA,49,8,35,519.0,18165.0
2021030205009456,NIFRA,7,48,100,520.0,52000.0
2021030205009455,NIFRA,7,52,10,520.0,5200.0
2021030205009454,NIFRA,7,38,100,520.0,52000.0
2021030205009453,NIFRA,7,53,60,520.0,31200.0
2021030205009452,NIFRA,7,41,35,520.0,18200.0
2021030205009451,NIFRA,7,5,10,519.0,5190.0
2021030205009463,NIFRA,7,45,50,520.0,26000.0
2021030205009461,NIFRA,7,38,50,520.0,26000.0
2021030205009460,NIFRA,7,10,60,520.0,31200.0
2021030205009459,NIFRA,7,6,60,520.0,31200.0
2021030205009458,NIFRA,7,49,60,520.0,31200.0
2021030205009457,NIFRA,7,28,50,520.0,26000.0
2021030205009471,NIFRA,7,14,50,520.0,26000.0
2021030205009469,NIFRA,7,45,50,520.0,26000.0
2021030205009468,NIFRA,7,42,30,520.0,15600.0
2021030205009466,NIFRA,28,46,50,518.0,25900.0
2021030205009465,NIFRA,7,42,20,520.0,10400.0
2021030205009464,NIFRA,7,6,50,520.0,26000.0
2021030205009477,NIFRA,29,5,10,520.0,5200.0
2021030205009476,NIFRA,29,10,40,520.0,20800.0
2021030205009475,NIFRA,7,10,20,520.0,10400.0
2021030205009474,NIFRA,7,43,50,520.0,26000.0
2021030205009473,NIFRA,11,13,50,521.0,26050.0
2021030205009472,NIFRA,11,49,50,521.0,26050.0
2021030205009483,NIFRA,56,6,40,520.0,20800.0
2021030205009482,NIFRA,56,45,60,520.0,31200.0
2021030205009481,NIFRA,11,22,50,520.0,26000.0
2021030205009480,NIFRA,22,25,50,521.0,26050.0
2021030205009479,NIFRA,22,48,50,521.0,26050.0
2021030205009478,NIFRA,11,5,50,520.0,26000.0
2021030205009490,NIFRA,4,48,20,521.0,10420.0
2021030205009489,NIFRA,4,25,10,521.0,5210.0
2021030205009488,NIFRA,28,45,90,518.0,46620.0
2021030205009487,NIFRA,17,45,10,519.0,5190.0
2021030205009486,NIFRA,56,42,50,520.0,26000.0
2021030205009484,NIFRA,56,38,50,520.0,26000.0
2021030205009497,NIFRA,26,17,50,518.0,25900.0
2021030205009496,NIFRA,26,45,50,518.0,25900.0
2021030205009495,NIFRA,39,56,50,520.0,26000.0
2021030205009494,NIFRA,28,16,50,518.0,25900.0
2021030205009493,NIFRA,28,22,60,518.0,31080.0
2021030205009492,NIFRA,28,26,50,518.0,25900.0
2021030205009504,NIFRA,45,28,60,518.0,31080.0
2021030205009503,NIFRA,18,48,20,521.0,10420.0
2021030205009502,NIFRA,18,21,50,520.0,26000.0
2021030205009501,NIFRA,18,25,50,520.0,26000.0
2021030205009500,NIFRA,45,22,50,518.0,25900.0
2021030205009498,NIFRA,45,26,50,518.0,25900.0
2021030205009512,NIFRA,43,45,20,519.0,10380.0
2021030205009511,NIFRA,33,45,30,520.0,15600.0
2021030205009508,NIFRA,45,38,40,518.0,20720.0
2021030205009507,NIFRA,47,38,10,520.0,5200.0
2021030205009506,NIFRA,47,41,10,520.0,5200.0
2021030205009505,NIFRA,45,42,10,518.0,5180.0
2021030205009519,NIFRA,43,50,10,519.0,5190.0
2021030205009517,NIFRA,43,28,50,519.0,25950.0
2021030205009516,NIFRA,43,40,60,519.0,31140.0
2021030205009515,NIFRA,43,22,50,519.0,25950.0
2021030205009514,NIFRA,43,10,60,519.0,31140.0
2021030205009513,NIFRA,43,38,50,519.0,25950.0
2021030205009526,NIFRA,28,16,50,519.0,25950.0
2021030205009525,NIFRA,28,38,50,519.0,25950.0
2021030205009524,NIFRA,49,7,60,519.0,31140.0
2021030205009522,NIFRA,53,49,50,520.0,26000.0
2021030205009521,NIFRA,53,7,50,520.0,26000.0
2021030205009520,NIFRA,49,50,40,519.0,20760.0
2021030205009532,NIFRA,7,45,50,519.0,25950.0
2021030205009531,NIFRA,7,40,60,519.0,31140.0
2021030205009530,NIFRA,7,14,190,519.0,98610.0
2021030205009529,NIFRA,7,14,210,519.0,108990.0
2021030205009528,NIFRA,7,40,30,519.0,15570.0
2021030205009527,NIFRA,7,56,60,519.0,31140.0
2021030205009539,NIFRA,22,6,40,519.0,20760.0
2021030205009538,NIFRA,22,58,50,519.0,25950.0
2021030205009537,NIFRA,45,53,60,518.0,31080.0
2021030205009536,NIFRA,45,7,60,518.0,31080.0
2021030205009535,NIFRA,45,26,60,518.0,31080.0
2021030205009534,NIFRA,58,49,50,520.0,26000.0
2021030205009545,NIFRA,18,39,10,520.0,5200.0
2021030205009544,NIFRA,18,49,164,520.0,85280.0
2021030205009543,NIFRA,45,46,50,518.0,25900.0
2021030205009542,NIFRA,45,40,60,518.0,31080.0
2021030205009541,NIFRA,56,49,76,520.0,39520.0
2021030205009540,NIFRA,22,49,160,520.0,83200.0
2021030205009552,NIFRA,18,40,30,520.0,15600.0
2021030205009551,NIFRA,18,32,60,520.0,31200.0
2021030205009550,NIFRA,18,44,50,520.0,26000.0
2021030205009548,NIFRA,18,41,50,520.0,26000.0
2021030205009547,NIFRA,18,42,50,520.0,26000.0
2021030205009546,NIFRA,18,26,50,520.0,26000.0
2021030205009560,NIFRA,18,6,40,520.0,20800.0
2021030205009559,NIFRA,18,29,60,520.0,31200.0
2021030205009558,NIFRA,18,26,50,520.0,26000.0
2021030205009555,NIFRA,18,10,50,520.0,26000.0
2021030205009554,NIFRA,18,45,50,520.0,26000.0
2021030205009553,NIFRA,18,7,60,520.0,31200.0
2021030205009567,NIFRA,18,26,50,520.0,26000.0
2021030205009566,NIFRA,18,10,50,520.0,26000.0
2021030205009564,NIFRA,18,38,60,520.0,31200.0
2021030205009563,NIFRA,18,57,10,520.0,5200.0
2021030205009562,NIFRA,18,42,50,520.0,26000.0
2021030205009561,NIFRA,18,35,50,520.0,26000.0
2021030205009573,NIFRA,18,45,60,520.0,31200.0
2021030205009572,NIFRA,18,10,50,520.0,26000.0
2021030205009571,NIFRA,18,6,40,520.0,20800.0
2021030205009570,NIFRA,18,28,60,520.0,31200.0
2021030205009569,NIFRA,18,42,60,520.0,31200.0
2021030205009568,NIFRA,18,34,50,520.0,26000.0
2021030205009582,NIFRA,45,44,20,520.0,10400.0
2021030205009581,NIFRA,18,44,16,520.0,8320.0
2021030205009579,NIFRA,18,28,30,520.0,15600.0
2021030205009577,NIFRA,18,58,170,520.0,88400.0
2021030205009576,NIFRA,18,45,50,520.0,26000.0
2021030205009574,NIFRA,18,26,50,520.0,26000.0
2021030205009588,NIFRA,56,10,299,520.0,155480.0
2021030205009587,NIFRA,57,44,40,518.0,20720.0
2021030205009586,NIFRA,53,44,10,519.0,5190.0
2021030205009585,NIFRA,53,10,65,520.0,33800.0
2021030205009584,NIFRA,33,10,36,520.0,18720.0
2021030205009583,NIFRA,33,44,14,520.0,7280.0
2021030205009594,NIFRA,48,50,50,520.0,26000.0
2021030205009593,NIFRA,56,1,60,521.0,31260.0
2021030205009592,NIFRA,56,48,10,521.0,5210.0
2021030205009591,NIFRA,56,43,30,520.0,15600.0
2021030205009590,NIFRA,56,4,50,520.0,26000.0
2021030205009589,NIFRA,56,55,50,520.0,26000.0
2021030205009601,NIFRA,49,44,10,518.0,5180.0
2021030205009600,NIFRA,54,56,50,518.0,25900.0
2021030205009599,NIFRA,50,59,200,520.0,104000.0
2021030205009597,NIFRA,7,59,50,518.0,25900.0
2021030205009596,NIFRA,48,59,130,520.0,67600.0
2021030205009595,NIFRA,48,45,20,520.0,10400.0
2021030205009607,NIFRA,57,35,46,518.0,23828.0
2021030205009606,NIFRA,58,35,40,518.0,20720.0
2021030205009605,NIFRA,55,35,14,518.0,7252.0
2021030205009604,NIFRA,55,10,20,518.0,10360.0
2021030205009603,NIFRA,57,10,30,518.0,15540.0
2021030205009602,NIFRA,57,44,50,518.0,25900.0
2021030205009613,NIFRA,19,44,100,517.0,51700.0
2021030205009612,NIFRA,41,44,50,517.0,25850.0
2021030205009611,NIFRA,20,44,100,517.0,51700.0
2021030205009610,NIFRA,28,44,90,517.0,46530.0
2021030205009609,NIFRA,28,44,10,517.0,5170.0
2021030205009608,NIFRA,35,44,40,517.0,20680.0
2021030205009619,NIFRA,20,53,500,516.0,258000.0
2021030205009618,NIFRA,34,53,50,516.0,25800.0
2021030205009617,NIFRA,57,53,200,516.0,103200.0
2021030205009616,NIFRA,49,53,30,516.0,15480.0
2021030205009615,NIFRA,18,44,300,517.0,155100.0
2021030205009614,NIFRA,58,44,50,517.0,25850.0
2021030205009625,PLI,37,52,108,775.0,83700.0
2021030205009622,PLI,37,57,10,775.0,7750.0
2021030205009598,PLI,37,10,10,775.0,7750.0
2021030205009580,PLI,37,59,10,775.0,7750.0
2021030205009578,PLI,37,10,10,775.0,7750.0
2021030205009575,PLI,37,48,10,775.0,7750.0
2021030205009143,PLI,50,47,10,767.0,7670.0
2021030205009137,PLI,48,38,10,765.0,7650.0
2021030205009133,PLI,48,38,10,765.0,7650.0
2021030205009173,PLI,43,38,10,765.0,7650.0
2021030205009170,PLI,50,10,10,767.0,7670.0
2021030205009169,PLI,36,58,70,770.0,53900.0
2021030205009168,PLI,36,29,10,770.0,7700.0
2021030205009167,PLI,36,32,10,770.0,7700.0
2021030205009166,PLI,36,49,10,770.0,7700.0
2021030205009232,PLI,49,51,20,766.0,15320.0
2021030205009231,PLI,49,36,10,766.0,7660.0
2021030205009230,PLI,49,54,10,766.0,7660.0
2021030205009229,PLI,49,6,10,766.0,7660.0
2021030205009212,PLI,58,34,10,766.0,7660.0
2021030205009211,PLI,58,47,10,766.0,7660.0
2021030205009370,PLI,58,47,20,773.0,15460.0
2021030205009369,PLI,56,38,10,772.0,7720.0
2021030205009324,PLI,36,56,10,767.0,7670.0
2021030205009318,PLI,36,58,10,767.0,7670.0
2021030205009314,PLI,36,10,10,767.0,7670.0
2021030205009306,PLI,36,38,10,767.0,7670.0
2021030205009405,PLI,14,57,28,775.0,21700.0
2021030205009404,PLI,14,45,10,774.0,7740.0
2021030205009403,PLI,14,18,10,774.0,7740.0
2021030205009399,PLI,58,56,10,773.0,7730.0
2021030205009394,PLI,58,38,10,773.0,7730.0
2021030205009380,PLI,58,10,10,773.0,7730.0
2021030205009418,PLI,58,38,10,773.0,7730.0
2021030205009410,PLI,14,57,50,780.0,39000.0
2021030205009409,PLI,14,58,10,780.0,7800.0
2021030205009408,PLI,14,22,10,780.0,7800.0
2021030205009407,PLI,14,38,10,780.0,7800.0
2021030205009406,PLI,14,29,10,778.0,7780.0
2021030205009470,PLI,57,10,10,780.0,7800.0
2021030205009467,PLI,11,34,50,781.0,39050.0
2021030205009462,PLI,57,10,10,780.0,7800.0
2021030205009434,PLI,57,10,10,778.0,7780.0
2021030205009433,PLI,58,51,10,773.0,7730.0
2021030205009429,PLI,58,38,10,773.0,7730.0
2021030205009518,PLI,57,10,10,780.0,7800.0
2021030205009510,PLI,57,56,10,780.0,7800.0
2021030205009509,PLI,57,45,10,780.0,7800.0
2021030205009499,PLI,57,22,10,780.0,7800.0
2021030205009491,PLI,57,16,10,780.0,7800.0
2021030205009485,PLI,57,45,10,780.0,7800.0
2021030205009565,PLI,37,59,10,775.0,7750.0
2021030205009557,PLI,37,59,10,775.0,7750.0
2021030205009556,PLI,37,48,10,775.0,7750.0
2021030205009549,PLI,37,49,10,775.0,7750.0
2021030205009533,PLI,41,48,10,774.0,7740.0
2021030205009523,PLI,57,22,10,780.0,7800.0
2021030205009127,NIFRA,39,45,50,518.0,25900.0
2021030205009126,NIFRA,39,6,50,518.0,25900.0
2021030205009125,NIFRA,39,54,60,518.0,31080.0
2021030205009124,NIFRA,39,1,220,518.0,113960.0
2021030205009123,NIFRA,8,26,40,516.0,20640.0
2021030205009122,NIFRA,6,26,20,516.0,10320.0
2021030205008631,NIFRA,57,34,15,510.0,7650.0
2021030205008630,NIFRA,57,34,35,510.0,17850.0
2021030205008629,NIFRA,57,38,60,510.0,30600.0
2021030205008628,NIFRA,57,38,60,510.0,30600.0
2021030205008639,NIFRA,47,7,50,510.0,25500.0
2021030205008638,NIFRA,47,40,60,510.0,30600.0
2021030205008636,NIFRA,47,54,60,510.0,30600.0
2021030205008635,NIFRA,47,18,50,510.0,25500.0
2021030205008634,NIFRA,56,42,10,511.0,5110.0
2021030205008632,NIFRA,57,56,50,510.0,25500.0
2021030205008645,NIFRA,45,35,150,510.0,76500.0
2021030205008644,NIFRA,43,35,50,510.0,25500.0
2021030205008643,NIFRA,21,35,100,510.0,51000.0
2021030205008642,NIFRA,39,35,200,510.0,102000.0
2021030205008641,NIFRA,22,35,100,510.0,51000.0
2021030205008640,NIFRA,47,35,30,510.0,15300.0
2021030205008651,NIFRA,42,49,10,510.0,5100.0
2021030205008650,NIFRA,57,49,50,510.0,25500.0
2021030205008649,NIFRA,57,35,100,510.0,51000.0
2021030205008648,NIFRA,42,35,10,510.0,5100.0
2021030205008647,NIFRA,10,35,60,510.0,30600.0
2021030205008646,NIFRA,33,35,200,510.0,102000.0
2021030205008658,NIFRA,1,18,50,510.0,25500.0
2021030205008657,NIFRA,1,14,60,510.0,30600.0
2021030205008656,NIFRA,1,58,60,510.0,30600.0
2021030205008654,NIFRA,1,35,30,510.0,15300.0
2021030205008653,NIFRA,42,35,30,510.0,15300.0
2021030205008652,NIFRA,42,22,60,510.0,30600.0
2021030205008664,NIFRA,58,54,20,510.0,10200.0
2021030205008663,NIFRA,50,54,10,510.0,5100.0
2021030205008662,NIFRA,50,38,30,510.0,15300.0
2021030205008661,NIFRA,28,38,20,510.0,10200.0
2021030205008660,NIFRA,1,4,50,510.0,25500.0
2021030205008659,NIFRA,1,33,50,510.0,25500.0
2021030205008671,NIFRA,35,22,60,510.0,30600.0
2021030205008670,NIFRA,35,22,60,510.0,30600.0
2021030205008669,NIFRA,35,26,30,510.0,15300.0
2021030205008668,NIFRA,28,26,20,510.0,10200.0
2021030205008666,NIFRA,28,7,50,510.0,25500.0
2021030205008665,NIFRA,28,54,30,510.0,15300.0
2021030205008677,NIFRA,45,32,20,511.0,10220.0
2021030205008676,NIFRA,45,42,25,511.0,12775.0
2021030205008675,NIFRA,35,5,60,510.0,30600.0
2021030205008674,NIFRA,45,32,30,511.0,15330.0
2021030205008673,NIFRA,49,42,25,511.0,12775.0
2021030205008672,NIFRA,49,42,30,511.0,15330.0
2021030205008684,NIFRA,39,26,20,510.0,10200.0
2021030205008683,NIFRA,39,22,60,510.0,30600.0
2021030205008682,NIFRA,39,18,20,510.0,10200.0
2021030205008681,NIFRA,35,18,30,510.0,15300.0
2021030205008680,NIFRA,35,44,60,510.0,30600.0
2021030205008678,NIFRA,45,57,45,511.0,22995.0
2021030205008690,NIFRA,43,49,10,511.0,5110.0
2021030205008689,NIFRA,43,57,50,511.0,25550.0
2021030205008688,NIFRA,34,54,30,510.0,15300.0
2021030205008687,NIFRA,34,54,20,510.0,10200.0
2021030205008686,NIFRA,34,26,50,510.0,25500.0
2021030205008685,NIFRA,34,26,30,510.0,15300.0
2021030205008696,NIFRA,34,26,30,511.0,15330.0
2021030205008695,NIFRA,58,7,30,510.0,15300.0
2021030205008694,NIFRA,35,7,30,510.0,15300.0
2021030205008693,NIFRA,13,57,60,510.0,30600.0
2021030205008692,NIFRA,13,14,50,510.0,25500.0
2021030205008691,NIFRA,13,49,40,510.0,20400.0
2021030205008703,NIFRA,45,21,10,510.0,5100.0
2021030205008702,NIFRA,48,21,50,510.0,25500.0
2021030205008700,NIFRA,44,58,40,510.0,20400.0
2021030205008699,NIFRA,54,58,10,510.0,5100.0
2021030205008698,NIFRA,54,18,50,510.0,25500.0
2021030205008697,NIFRA,58,26,20,510.0,10200.0
2021030205008710,NIFRA,58,49,30,510.0,15300.0
2021030205008709,NIFRA,58,7,50,510.0,25500.0
2021030205008708,NIFRA,58,49,20,510.0,10200.0
2021030205008707,NIFRA,58,38,60,510.0,30600.0
2021030205008706,NIFRA,58,3,10,510.0,5100.0
2021030205008705,NIFRA,58,3,30,510.0,15300.0
2021030205008717,NIFRA,56,14,30,509.0,15270.0
2021030205008716,NIFRA,56,26,20,509.0,10180.0
2021030205008715,NIFRA,22,26,40,509.0,20360.0
2021030205008713,NIFRA,22,18,60,509.0,30540.0
2021030205008712,NIFRA,58,22,60,510.0,30600.0
2021030205008711,NIFRA,58,35,60,510.0,30600.0
2021030205008723,NIFRA,45,18,20,509.0,10180.0
2021030205008722,NIFRA,45,7,50,509.0,25450.0
2021030205008721,NIFRA,45,44,30,509.0,15270.0
2021030205008720,NIFRA,57,44,30,509.0,15270.0
2021030205008719,NIFRA,58,48,50,510.0,25500.0
2021030205008718,NIFRA,57,14,20,509.0,10180.0
2021030205008729,NIFRA,45,18,50,509.0,25450.0
2021030205008728,NIFRA,45,4,20,511.0,10220.0
2021030205008727,NIFRA,38,10,30,509.0,15270.0
2021030205008726,NIFRA,52,10,20,509.0,10180.0
2021030205008725,NIFRA,42,4,38,511.0,19418.0
2021030205008724,NIFRA,52,18,30,509.0,15270.0
2021030205008735,NIFRA,21,10,30,509.0,15270.0
2021030205008734,NIFRA,4,10,100,509.0,50900.0
2021030205008733,NIFRA,4,10,50,509.0,25450.0
2021030205008732,NIFRA,4,38,50,509.0,25450.0
2021030205008731,NIFRA,45,26,50,509.0,25450.0
2021030205008730,NIFRA,25,57,30,511.0,15330.0
2021030205008741,NIFRA,11,34,190,509.0,96710.0
2021030205008740,NIFRA,11,25,10,509.0,5090.0
2021030205008739,NIFRA,17,25,10,509.0,5090.0
2021030205008738,NIFRA,45,25,30,509.0,15270.0
2021030205008737,NIFRA,45,7,50,509.0,25450.0
2021030205008736,NIFRA,45,10,120,509.0,61080.0
2021030205008747,NIFRA,46,47,60,509.0,30540.0
2021030205008746,NIFRA,41,49,10,510.0,5100.0
2021030205008745,NIFRA,46,34,160,509.0,81440.0
2021030205008744,NIFRA,58,34,30,509.0,15270.0
2021030205008743,NIFRA,41,34,100,509.0,50900.0
2021030205008742,NIFRA,22,34,20,509.0,10180.0
2021030205008753,NIFRA,51,34,20,509.0,10180.0
2021030205008752,NIFRA,51,22,30,509.0,15270.0
2021030205008751,NIFRA,52,22,30,509.0,15270.0
2021030205008750,NIFRA,52,39,20,509.0,10180.0
2021030205008749,NIFRA,46,39,30,509.0,15270.0
2021030205008748,NIFRA,46,44,50,509.0,25450.0
2021030205008759,NIFRA,48,57,10,509.0,5090.0
2021030205008758,NIFRA,7,49,10,510.0,5100.0
2021030205008757,NIFRA,6,10,100,510.0,51000.0
2021030205008756,NIFRA,48,33,60,509.0,30540.0
2021030205008755,NIFRA,48,34,30,509.0,15270.0
2021030205008754,NIFRA,54,34,10,509.0,5090.0
2021030205008766,NIFRA,4,48,20,509.0,10180.0
2021030205008765,NIFRA,4,57,10,509.0,5090.0
2021030205008764,NIFRA,14,10,10,508.0,5080.0
2021030205008763,NIFRA,6,10,50,508.0,25400.0
2021030205008761,NIFRA,46,57,20,509.0,10180.0
2021030205008760,NIFRA,52,57,10,509.0,5090.0
2021030205008773,NIFRA,54,33,20,508.0,10160.0
2021030205008772,NIFRA,3,33,30,508.0,15240.0
2021030205008771,NIFRA,3,3,20,508.0,10160.0
2021030205008770,NIFRA,14,3,30,508.0,15240.0
2021030205008769,NIFRA,41,48,20,509.0,10180.0
2021030205008767,NIFRA,14,47,60,508.0,30480.0
2021030205008780,NIFRA,1,25,60,509.0,30540.0
2021030205008779,NIFRA,53,33,50,508.0,25400.0
2021030205008778,NIFRA,53,35,50,508.0,25400.0
2021030205008776,NIFRA,54,44,60,508.0,30480.0
2021030205008775,NIFRA,54,41,20,508.0,10160.0
2021030205008774,NIFRA,14,41,30,508.0,15240.0
2021030205008787,NIFRA,41,7,10,508.0,5080.0
2021030205008786,NIFRA,53,7,50,508.0,25400.0
2021030205008785,NIFRA,53,59,50,508.0,25400.0
2021030205008784,NIFRA,53,56,50,508.0,25400.0
2021030205008783,NIFRA,53,10,50,508.0,25400.0
2021030205008781,NIFRA,1,48,140,509.0,71260.0
2021030205008793,NIFRA,35,58,30,509.0,15270.0
2021030205008792,NIFRA,35,40,50,509.0,25450.0
2021030205008791,NIFRA,35,7,50,509.0,25450.0
2021030205008790,NIFRA,35,19,50,509.0,25450.0
2021030205008789,NIFRA,35,44,50,509.0,25450.0
2021030205008788,NIFRA,35,48,120,509.0,61080.0
2021030205008801,NIFRA,41,40,60,508.0,30480.0
2021030205008800,NIFRA,25,40,100,508.0,50800.0
2021030205008799,NIFRA,41,41,30,508.0,15240.0
2021030205008798,NIFRA,35,41,20,509.0,10180.0
2021030205008797,NIFRA,35,38,100,509.0,50900.0
2021030205008794,NIFRA,35,4,50,509.0,25450.0
2021030205008807,NIFRA,58,49,10,510.0,5100.0
2021030205008806,NIFRA,58,35,45,510.0,22950.0
2021030205008805,NIFRA,13,17,60,508.0,30480.0
2021030205008804,NIFRA,13,21,50,508.0,25400.0
2021030205008803,NIFRA,13,40,850,508.0,431800.0
2021030205008802,NIFRA,21,40,50,508.0,25400.0
2021030205008813,NIFRA,58,6,20,510.0,10200.0
2021030205008812,NIFRA,26,42,50,508.0,25400.0
2021030205008811,NIFRA,26,14,50,508.0,25400.0
2021030205008810,NIFRA,26,19,21,508.0,10668.0
2021030205008809,NIFRA,13,19,39,508.0,19812.0
2021030205008808,NIFRA,58,6,25,510.0,12750.0
2021030205008819,NIFRA,21,7,29,508.0,14732.0
2021030205008818,NIFRA,21,38,21,508.0,10668.0
2021030205008817,NIFRA,58,38,29,508.0,14732.0
2021030205008816,NIFRA,58,21,21,508.0,10668.0
2021030205008815,NIFRA,26,21,29,508.0,14732.0
2021030205008814,NIFRA,57,6,5,510.0,2550.0
2021030205008825,NIFRA,26,38,50,508.0,25400.0
2021030205008824,NIFRA,46,47,60,508.0,30480.0
2021030205008823,NIFRA,46,7,50,508.0,25400.0
2021030205008822,NIFRA,39,34,10,510.0,5100.0
2021030205008821,NIFRA,39,41,50,509.0,25450.0
2021030205008820,NIFRA,46,7,21,508.0,10668.0
2021030205008831,NIFRA,42,34,38,510.0,19380.0
2021030205008830,NIFRA,45,34,10,510.0,5100.0
2021030205008829,NIFRA,57,17,16,508.0,8128.0
2021030205008828,NIFRA,26,17,34,508.0,17272.0
2021030205008827,NIFRA,26,3,16,508.0,8128.0
2021030205008826,NIFRA,46,3,44,508.0,22352.0
2021030205008837,NIFRA,5,28,16,508.0,8128.0
2021030205008836,NIFRA,45,28,10,508.0,5080.0
2021030205008835,NIFRA,28,28,34,508.0,17272.0
2021030205008834,NIFRA,28,11,16,508.0,8128.0
2021030205008833,NIFRA,57,11,34,508.0,17272.0
2021030205008832,NIFRA,57,10,50,508.0,25400.0
2021030205008845,NIFRA,33,7,60,509.0,30540.0
2021030205008844,NIFRA,33,7,50,509.0,25450.0
2021030205008843,NIFRA,33,52,50,509.0,25450.0
2021030205008840,NIFRA,28,3,36,508.0,18288.0
2021030205008839,NIFRA,5,3,14,508.0,7112.0
2021030205008838,NIFRA,5,50,20,508.0,10160.0
2021030205008853,NIFRA,50,3,10,509.0,5090.0
2021030205008852,NIFRA,59,44,10,510.0,5100.0
2021030205008851,NIFRA,59,32,50,510.0,25500.0
2021030205008850,NIFRA,59,35,40,510.0,20400.0
2021030205008847,NIFRA,28,17,20,508.0,10160.0
2021030205008846,NIFRA,33,17,40,509.0,20360.0
2021030205008859,NIFRA,50,57,410,509.0,208690.0
2021030205008858,NIFRA,50,3,60,509.0,30540.0
2021030205008857,NIFRA,50,38,20,509.0,10180.0
2021030205008856,NIFRA,35,38,30,509.0,15270.0
2021030205008855,NIFRA,56,53,50,510.0,25500.0
2021030205008854,NIFRA,56,44,50,510.0,25500.0
2021030205008866,NIFRA,58,38,60,509.0,30540.0
2021030205008865,NIFRA,54,53,100,510.0,51000.0
2021030205008864,NIFRA,58,7,50,509.0,25450.0
2021030205008863,NIFRA,58,26,50,509.0,25450.0
2021030205008861,NIFRA,58,7,60,509.0,30540.0
2021030205008860,NIFRA,58,57,90,509.0,45810.0
2021030205008876,NIFRA,58,38,30,509.0,15270.0
2021030205008874,NIFRA,52,48,185,510.0,94350.0
2021030205008873,NIFRA,52,58,60,510.0,30600.0
2021030205008872,NIFRA,52,53,255,510.0,130050.0
2021030205008870,NIFRA,58,47,60,509.0,30540.0
2021030205008867,NIFRA,21,53,95,510.0,48450.0
2021030205008882,NIFRA,17,57,20,511.0,10220.0
2021030205008881,NIFRA,59,44,60,510.0,30600.0
2021030205008880,NIFRA,59,32,60,510.0,30600.0
2021030205008879,NIFRA,59,48,140,510.0,71400.0
2021030205008878,NIFRA,6,10,50,509.0,25450.0
2021030205008877,NIFRA,6,38,20,509.0,10180.0
2021030205008888,NIFRA,59,4,50,510.0,25500.0
2021030205008887,NIFRA,59,56,15,510.0,7650.0
2021030205008886,NIFRA,59,32,50,510.0,25500.0
2021030205008885,NIFRA,59,7,50,510.0,25500.0
2021030205008884,NIFRA,59,48,60,510.0,30600.0
2021030205008883,NIFRA,17,57,20,511.0,10220.0
2021030205008895,NIFRA,3,7,50,511.0,25550.0
2021030205008894,NIFRA,3,57,60,511.0,30660.0
2021030205008893,NIFRA,3,57,50,511.0,25550.0
2021030205008892,NIFRA,3,52,60,511.0,30660.0
2021030205008891,NIFRA,3,57,30,511.0,15330.0
2021030205008889,NIFRA,59,8,50,510.0,25500.0
2021030205008903,NIFRA,59,3,10,510.0,5100.0
2021030205008902,NIFRA,3,3,50,511.0,25550.0
2021030205008901,NIFRA,3,47,50,511.0,25550.0
2021030205008899,NIFRA,3,57,50,511.0,25550.0
2021030205008897,NIFRA,3,34,50,511.0,25550.0
2021030205008896,NIFRA,3,57,50,511.0,25550.0
2021030205008910,NIFRA,3,44,40,512.0,20480.0
2021030205008909,NIFRA,3,11,50,512.0,25600.0
2021030205008908,NIFRA,3,10,60,511.0,30660.0
2021030205008907,NIFRA,3,7,50,511.0,25550.0
2021030205008906,NIFRA,59,4,50,510.0,25500.0
2021030205008904,NIFRA,59,32,50,510.0,25500.0
2021030205008919,NIFRA,29,44,10,512.0,5120.0
2021030205008918,NIFRA,56,4,100,511.0,51100.0
2021030205008916,NIFRA,56,56,60,511.0,30660.0
2021030205008913,NIFRA,56,49,50,511.0,25550.0
2021030205008912,NIFRA,56,16,60,511.0,30660.0
2021030205008911,NIFRA,59,7,55,510.0,28050.0
2021030205008927,NIFRA,56,10,60,511.0,30660.0
2021030205008924,NIFRA,58,6,200,512.0,102400.0
2021030205008923,NIFRA,56,57,50,511.0,25550.0
2021030205008922,NIFRA,56,3,50,511.0,25550.0
2021030205008921,NIFRA,45,6,30,512.0,15360.0
2021030205008920,NIFRA,29,6,40,512.0,20480.0
2021030205008933,NIFRA,7,44,50,512.0,25600.0
2021030205008932,NIFRA,7,44,50,512.0,25600.0
2021030205008931,NIFRA,7,39,60,512.0,30720.0
2021030205008930,NIFRA,7,44,50,512.0,25600.0
2021030205008929,NIFRA,56,32,50,511.0,25550.0
2021030205008928,NIFRA,56,42,60,511.0,30660.0
2021030205008939,NIFRA,7,58,50,512.0,25600.0
2021030205008938,NIFRA,7,16,60,512.0,30720.0
2021030205008937,NIFRA,7,36,50,512.0,25600.0
2021030205008936,NIFRA,7,21,60,512.0,30720.0
2021030205008935,NIFRA,7,44,50,512.0,25600.0
2021030205008934,NIFRA,7,36,160,512.0,81920.0
2021030205008945,NIFRA,45,57,140,513.0,71820.0
2021030205008944,NIFRA,21,38,40,512.0,20480.0
2021030205008943,NIFRA,7,38,20,512.0,10240.0
2021030205008942,NIFRA,7,44,50,512.0,25600.0
2021030205008941,NIFRA,7,21,40,512.0,20480.0
2021030205008940,NIFRA,7,52,50,512.0,25600.0
2021030205008951,NIFRA,37,25,30,512.0,15360.0
2021030205008950,NIFRA,7,43,15,513.0,7695.0
2021030205008949,NIFRA,7,43,50,513.0,25650.0
2021030205008948,NIFRA,7,57,35,513.0,17955.0
2021030205008947,NIFRA,37,10,50,512.0,25600.0
2021030205008946,NIFRA,21,10,10,512.0,5120.0
2021030205008957,NIFRA,38,42,50,513.0,25650.0
2021030205008956,NIFRA,38,51,60,513.0,30780.0
2021030205008955,NIFRA,38,49,60,513.0,30780.0
2021030205008954,NIFRA,38,53,60,513.0,30780.0
2021030205008953,NIFRA,38,45,50,513.0,25650.0
2021030205008952,NIFRA,38,43,45,513.0,23085.0
2021030205008963,NIFRA,38,10,50,513.0,25650.0
2021030205008962,NIFRA,38,14,60,513.0,30780.0
2021030205008961,NIFRA,38,6,50,513.0,25650.0
2021030205008960,NIFRA,38,10,50,513.0,25650.0
2021030205008959,NIFRA,38,57,20,513.0,10260.0
2021030205008958,NIFRA,38,26,50,513.0,25650.0
2021030205008969,NIFRA,45,26,50,513.0,25650.0
2021030205008968,NIFRA,45,57,60,513.0,30780.0
2021030205008967,NIFRA,45,44,60,513.0,30780.0
2021030205008966,NIFRA,45,1,15,513.0,7695.0
2021030205008965,NIFRA,38,1,35,513.0,17955.0
2021030205008964,NIFRA,38,22,60,513.0,30780.0
2021030205008975,NIFRA,58,39,35,513.0,17955.0
2021030205008974,NIFRA,56,49,30,511.0,15330.0
2021030205008973,NIFRA,29,49,20,512.0,10240.0
2021030205008972,NIFRA,29,57,30,512.0,15360.0
2021030205008971,NIFRA,37,57,20,512.0,10240.0
2021030205008970,NIFRA,45,39,15,513.0,7695.0
2021030205008981,NIFRA,58,56,50,513.0,25650.0
2021030205008980,NIFRA,58,8,50,513.0,25650.0
2021030205008979,NIFRA,58,54,60,513.0,30780.0
2021030205008978,NIFRA,58,45,50,513.0,25650.0
2021030205008977,NIFRA,58,36,60,513.0,30780.0
2021030205008976,NIFRA,58,57,31,513.0,15903.0
2021030205008988,NIFRA,54,59,50,514.0,25700.0
2021030205008986,NIFRA,51,44,50,513.0,25650.0
2021030205008985,NIFRA,37,14,6,513.0,3078.0
2021030205008984,NIFRA,58,14,54,513.0,27702.0
2021030205008983,NIFRA,58,3,60,513.0,30780.0
2021030205008982,NIFRA,58,14,50,513.0,25650.0
2021030205008994,NIFRA,54,6,40,515.0,20600.0
2021030205008993,NIFRA,54,35,50,514.0,25700.0
2021030205008992,NIFRA,54,1,100,514.0,51400.0
2021030205008991,NIFRA,54,7,60,514.0,30840.0
2021030205008990,NIFRA,54,42,50,514.0,25700.0
2021030205008989,NIFRA,54,7,60,514.0,30840.0
2021030205009000,NIFRA,54,19,50,515.0,25750.0
2021030205008999,NIFRA,54,36,60,515.0,30900.0
2021030205008998,NIFRA,54,57,60,515.0,30900.0
2021030205008997,NIFRA,54,17,30,515.0,15450.0
2021030205008996,NIFRA,54,41,50,515.0,25750.0
2021030205008995,NIFRA,54,33,40,515.0,20600.0
2021030205009006,NIFRA,35,25,50,513.0,25650.0
2021030205009005,NIFRA,35,38,50,513.0,25650.0
2021030205009004,NIFRA,54,41,160,515.0,82400.0
2021030205009003,NIFRA,54,34,40,515.0,20600.0
2021030205009002,NIFRA,54,50,50,515.0,25750.0
2021030205009001,NIFRA,54,35,50,515.0,25750.0
2021030205009013,NIFRA,4,58,6,513.0,3078.0
2021030205009011,NIFRA,17,49,10,515.0,5150.0
2021030205009010,NIFRA,17,41,40,515.0,20600.0
2021030205009009,NIFRA,25,57,50,514.0,25700.0
2021030205009008,NIFRA,25,4,50,514.0,25700.0
2021030205009007,NIFRA,35,51,50,513.0,25650.0
2021030205009019,NIFRA,25,46,50,514.0,25700.0
2021030205009018,NIFRA,25,57,60,514.0,30840.0
2021030205009017,NIFRA,25,38,50,514.0,25700.0
2021030205009016,NIFRA,25,32,40,514.0,20560.0
2021030205009015,NIFRA,25,28,50,514.0,25700.0
2021030205009014,NIFRA,25,16,50,514.0,25700.0
2021030205009025,NIFRA,58,14,20,515.0,10300.0
2021030205009024,NIFRA,58,26,50,515.0,25750.0
2021030205009023,NIFRA,58,35,30,515.0,15450.0
2021030205009022,NIFRA,57,35,10,515.0,5150.0
2021030205009021,NIFRA,57,58,50,515.0,25750.0
2021030205009020,NIFRA,57,49,40,515.0,20600.0
2021030205009032,NIFRA,8,44,10,515.0,5150.0
2021030205009031,NIFRA,8,21,40,515.0,20600.0
2021030205009029,NIFRA,54,21,10,515.0,5150.0
2021030205009028,NIFRA,54,58,60,515.0,30900.0
2021030205009027,NIFRA,54,14,30,515.0,15450.0
2021030205009026,NIFRA,25,10,50,514.0,25700.0
2021030205009038,NIFRA,6,21,40,515.0,20600.0
2021030205009037,NIFRA,16,21,10,515.0,5150.0
2021030205009036,NIFRA,16,56,50,515.0,25750.0
2021030205009035,NIFRA,16,44,40,515.0,20600.0
2021030205009034,NIFRA,32,47,10,514.0,5140.0
2021030205009033,NIFRA,25,47,50,514.0,25700.0
2021030205009044,NIFRA,40,14,50,515.0,25750.0
2021030205009043,NIFRA,40,11,60,515.0,30900.0
2021030205009042,NIFRA,40,11,50,515.0,25750.0
2021030205009041,NIFRA,40,11,20,515.0,10300.0
2021030205009040,NIFRA,6,11,30,515.0,15450.0
2021030205009039,NIFRA,6,38,30,515.0,15450.0
2021030205009050,NIFRA,32,57,40,514.0,20560.0
2021030205009049,NIFRA,40,57,10,515.0,5150.0
2021030205009048,NIFRA,40,11,50,515.0,25750.0
2021030205009047,NIFRA,40,34,60,515.0,30900.0
2021030205009046,NIFRA,40,11,60,515.0,30900.0
2021030205009045,NIFRA,40,42,10,515.0,5150.0
2021030205009057,NIFRA,38,57,50,516.0,25800.0
2021030205009056,NIFRA,22,47,50,515.0,25750.0
2021030205009055,NIFRA,22,57,10,515.0,5150.0
2021030205009054,NIFRA,8,57,50,515.0,25750.0
2021030205009053,NIFRA,8,34,50,515.0,25750.0
2021030205009051,NIFRA,32,36,50,514.0,25700.0
2021030205009063,NIFRA,29,54,45,516.0,23220.0
2021030205009062,NIFRA,13,36,60,515.0,30900.0
2021030205009061,NIFRA,13,4,50,515.0,25750.0
2021030205009060,NIFRA,22,4,10,515.0,5150.0
2021030205009059,NIFRA,22,51,30,515.0,15450.0
2021030205009058,NIFRA,38,54,15,516.0,7740.0
2021030205009070,NIFRA,13,57,50,515.0,25750.0
2021030205009069,NIFRA,13,41,50,515.0,25750.0
2021030205009068,NIFRA,13,7,60,515.0,30900.0
2021030205009067,NIFRA,37,22,900,516.0,464400.0
2021030205009065,NIFRA,13,46,50,515.0,25750.0
2021030205009064,NIFRA,29,58,50,516.0,25800.0
2021030205009076,NIFRA,35,54,20,516.0,10320.0
2021030205009075,NIFRA,35,58,60,516.0,30960.0
2021030205009074,NIFRA,35,52,50,516.0,25800.0
2021030205009073,NIFRA,35,58,20,516.0,10320.0
2021030205009072,NIFRA,35,22,700,516.0,361200.0
2021030205009071,NIFRA,13,28,50,515.0,25750.0
2021030205009082,NIFRA,26,17,40,517.0,20680.0
2021030205009081,NIFRA,26,58,20,517.0,10340.0
2021030205009080,NIFRA,7,7,5,510.0,2550.0
2021030205009079,NIFRA,29,5,60,516.0,30960.0
2021030205009078,NIFRA,13,46,10,515.0,5150.0
2021030205009077,NIFRA,13,54,40,515.0,20600.0
2021030205009088,NIFRA,39,47,60,516.0,30960.0
2021030205009087,NIFRA,21,10,5,516.0,2580.0
2021030205009086,NIFRA,57,10,15,516.0,7740.0
2021030205009085,NIFRA,29,10,30,516.0,15480.0
2021030205009084,NIFRA,29,35,50,516.0,25800.0
2021030205009083,NIFRA,29,6,60,516.0,30960.0
2021030205009095,NIFRA,28,26,50,516.0,25800.0
2021030205009093,NIFRA,53,46,30,517.0,15510.0
2021030205009092,NIFRA,53,6,50,517.0,25850.0
2021030205009091,NIFRA,53,17,20,517.0,10340.0
2021030205009090,NIFRA,28,7,20,516.0,10320.0
2021030205009089,NIFRA,39,7,40,516.0,20640.0
2021030205009102,NIFRA,34,45,40,517.0,20680.0
2021030205009101,NIFRA,34,57,50,517.0,25850.0
2021030205009100,NIFRA,34,47,50,517.0,25850.0
2021030205009099,NIFRA,34,16,60,517.0,31020.0
2021030205009098,NIFRA,34,59,10,517.0,5170.0
2021030205009097,NIFRA,34,46,20,517.0,10340.0
2021030205009108,NIFRA,34,7,60,518.0,31080.0
2021030205009107,NIFRA,34,7,50,518.0,25900.0
2021030205009106,NIFRA,34,16,50,518.0,25900.0
2021030205009105,NIFRA,34,40,50,517.0,25850.0
2021030205009104,NIFRA,34,41,50,517.0,25850.0
2021030205009103,NIFRA,34,8,600,517.0,310200.0
2021030205009114,NIFRA,34,46,60,517.0,31020.0
2021030205009113,NIFRA,28,57,50,516.0,25800.0
2021030205009112,NIFRA,34,1,260,518.0,134680.0
2021030205009111,NIFRA,34,1,600,518.0,310800.0
2021030205009110,NIFRA,34,42,20,518.0,10360.0
2021030205009109,NIFRA,34,22,30,518.0,15540.0
2021030205009121,NIFRA,6,8,30,516.0,15480.0
2021030205009120,NIFRA,42,8,30,516.0,15480.0
2021030205009119,NIFRA,42,1,20,518.0,10360.0
2021030205009118,NIFRA,28,38,60,516.0,30960.0
2021030205009117,NIFRA,28,38,20,516.0,10320.0
2021030205009116,NIFRA,34,38,40,517.0,20680.0
2021030205009115,PLI,45,49,10,769.0,7690.0
2021030205009096,PLI,39,38,10,766.0,7660.0
2021030205009094,PLI,45,10,10,766.0,7660.0
2021030205009066,PLI,34,28,10,766.0,7660.0
2021030205009052,PLI,43,28,10,765.0,7650.0
2021030205009030,PLI,43,38,10,765.0,7650.0
2021030205008667,PLI,39,22,10,765.0,7650.0
2021030205008655,PLI,17,56,10,763.0,7630.0
2021030205008637,PLI,17,38,10,763.0,7630.0
2021030205008633,PLI,17,39,10,763.0,7630.0
2021030205008768,PLI,32,33,10,763.0,7630.0
2021030205008762,PLI,11,38,10,764.0,7640.0
2021030205008714,PLI,11,49,10,764.0,7640.0
2021030205008704,PLI,32,35,10,763.0,7630.0
2021030205008701,PLI,17,49,10,763.0,7630.0
2021030205008679,PLI,17,53,10,763.0,7630.0
2021030205008842,PLI,25,47,10,763.0,7630.0
2021030205008841,PLI,25,10,10,763.0,7630.0
2021030205008796,PLI,25,38,10,763.0,7630.0
2021030205008795,PLI,25,3,10,763.0,7630.0
2021030205008782,PLI,25,47,10,763.0,7630.0
2021030205008777,PLI,32,41,30,763.0,22890.0
2021030205008871,PLI,43,42,10,765.0,7650.0
2021030205008869,PLI,43,17,10,765.0,7650.0
2021030205008868,PLI,43,3,10,765.0,7650.0
2021030205008862,PLI,43,42,10,765.0,7650.0
2021030205008849,PLI,25,40,10,763.0,7630.0
2021030205008848,PLI,25,3,10,763.0,7630.0
2021030205008914,PLI,45,10,10,768.0,7680.0
2021030205008905,PLI,43,46,40,765.0,30600.0
2021030205008900,PLI,43,17,10,765.0,7650.0
2021030205008898,PLI,43,52,10,765.0,7650.0
2021030205008890,PLI,43,38,10,765.0,7650.0
2021030205008875,PLI,43,38,10,765.0,7650.0
2021030205009012,PLI,43,25,10,765.0,7650.0
2021030205008987,PLI,43,42,10,765.0,7650.0
2021030205008926,PLI,43,3,10,765.0,7650.0
2021030205008925,PLI,43,17,10,765.0,7650.0
2021030205008917,PLI,43,47,10,765.0,7650.0
2021030205008915,PLI,43,50,10,765.0,7650.0
2021030205008147,CGH,48,17,10,500.0,5000.0
2021030205008627,NIFRA,57,22,45,510.0,22950.0
2021030205008626,NIFRA,48,22,15,510.0,7650.0
2021030205008625,NIFRA,48,18,35,510.0,17850.0
2021030205008624,NIFRA,57,18,10,510.0,5100.0
2021030205008623,NIFRA,29,18,15,510.0,7650.0
2021030205008622,NIFRA,54,42,10,512.0,5120.0
2021030205008128,NIFRA,47,56,40,513.0,20520.0
2021030205008134,NIFRA,47,45,10,513.0,5130.0
2021030205008133,NIFRA,47,57,50,513.0,25650.0
2021030205008132,NIFRA,47,4,30,513.0,15390.0
2021030205008131,NIFRA,47,49,50,513.0,25650.0
2021030205008130,NIFRA,47,57,50,513.0,25650.0
2021030205008129,NIFRA,47,52,50,513.0,25650.0
2021030205008140,NIFRA,41,10,50,513.0,25650.0
2021030205008139,NIFRA,41,16,10,513.0,5130.0
2021030205008138,NIFRA,13,16,20,513.0,10260.0
2021030205008137,NIFRA,1,16,50,513.0,25650.0
2021030205008136,NIFRA,47,16,20,513.0,10260.0
2021030205008135,NIFRA,47,46,100,513.0,51300.0
2021030205008150,NIFRA,14,39,40,513.0,20520.0
2021030205008149,NIFRA,14,53,60,513.0,30780.0
2021030205008145,NIFRA,49,1,50,513.0,25650.0
2021030205008144,NIFRA,14,19,50,512.0,25600.0
2021030205008142,NIFRA,14,14,50,512.0,25600.0
2021030205008141,NIFRA,41,17,60,513.0,30780.0
2021030205008156,NIFRA,58,53,10,512.0,5120.0
2021030205008155,NIFRA,50,53,50,512.0,25600.0
2021030205008154,NIFRA,48,53,500,512.0,256000.0
2021030205008153,NIFRA,58,53,50,512.0,25600.0
2021030205008152,NIFRA,53,53,100,512.0,51200.0
2021030205008151,NIFRA,14,53,200,512.0,102400.0
2021030205008162,NIFRA,17,39,20,513.0,10260.0
2021030205008161,NIFRA,17,14,50,513.0,25650.0
2021030205008160,NIFRA,32,14,40,512.0,20480.0
2021030205008159,NIFRA,32,14,10,512.0,5120.0
2021030205008158,NIFRA,32,53,40,512.0,20480.0
2021030205008157,NIFRA,42,53,50,512.0,25600.0
2021030205008172,NIFRA,38,55,30,512.0,15360.0
2021030205008168,NIFRA,8,55,30,512.0,15360.0
2021030205008166,NIFRA,8,49,20,512.0,10240.0
2021030205008165,NIFRA,17,59,10,514.0,5140.0
2021030205008164,NIFRA,17,41,60,514.0,30840.0
2021030205008163,NIFRA,17,14,60,513.0,30780.0
2021030205008178,NIFRA,51,17,50,511.0,25550.0
2021030205008177,NIFRA,41,17,40,513.0,20520.0
2021030205008176,NIFRA,41,40,30,513.0,15390.0
2021030205008175,NIFRA,41,10,50,513.0,25650.0
2021030205008174,NIFRA,38,40,20,513.0,10260.0
2021030205008173,NIFRA,38,1,10,513.0,5130.0
2021030205008187,NIFRA,40,49,10,513.0,5130.0
2021030205008186,NIFRA,40,49,50,513.0,25650.0
2021030205008185,NIFRA,40,21,60,513.0,30780.0
2021030205008184,NIFRA,40,17,20,513.0,10260.0
2021030205008183,NIFRA,40,10,50,513.0,25650.0
2021030205008179,NIFRA,47,14,50,511.0,25550.0
2021030205008193,NIFRA,17,52,50,511.0,25550.0
2021030205008192,NIFRA,58,52,200,511.0,102200.0
2021030205008191,NIFRA,22,52,250,511.0,127750.0
2021030205008190,NIFRA,47,52,50,511.0,25550.0
2021030205008189,NIFRA,48,52,50,512.0,25600.0
2021030205008188,NIFRA,40,52,310,513.0,159030.0
2021030205008199,NIFRA,45,52,12,511.0,6132.0
2021030205008198,NIFRA,45,52,50,511.0,25550.0
2021030205008197,NIFRA,41,52,10,511.0,5110.0
2021030205008196,NIFRA,22,52,100,511.0,51100.0
2021030205008195,NIFRA,34,52,500,511.0,255500.0
2021030205008194,NIFRA,59,52,50,511.0,25550.0
2021030205008206,NIFRA,56,42,10,512.0,5120.0
2021030205008204,NIFRA,38,35,30,513.0,15390.0
2021030205008203,NIFRA,38,45,60,513.0,30780.0
2021030205008202,NIFRA,38,17,60,513.0,30780.0
2021030205008201,NIFRA,38,38,50,513.0,25650.0
2021030205008200,NIFRA,39,52,168,511.0,85848.0
2021030205008212,NIFRA,48,42,50,512.0,25600.0
2021030205008211,NIFRA,48,49,50,512.0,25600.0
2021030205008210,NIFRA,39,17,50,511.0,25550.0
2021030205008209,NIFRA,39,14,20,511.0,10220.0
2021030205008208,NIFRA,22,14,30,512.0,15360.0
2021030205008207,NIFRA,11,42,40,512.0,20480.0
2021030205008232,NIFRA,28,10,50,513.0,25650.0
2021030205008231,NIFRA,35,35,10,513.0,5130.0
2021030205008230,NIFRA,39,14,50,511.0,25550.0
2021030205008229,NIFRA,39,45,60,511.0,30660.0
2021030205008214,NIFRA,48,49,50,512.0,25600.0
2021030205008213,NIFRA,48,39,50,512.0,25600.0
2021030205008238,NIFRA,42,14,50,512.0,25600.0
2021030205008237,NIFRA,39,49,50,511.0,25550.0
2021030205008236,NIFRA,34,16,60,512.0,30720.0
2021030205008235,NIFRA,32,35,18,513.0,9234.0
2021030205008234,NIFRA,32,35,20,513.0,10260.0
2021030205008233,NIFRA,39,17,50,511.0,25550.0
2021030205008244,NIFRA,39,14,50,511.0,25550.0
2021030205008243,NIFRA,39,49,40,511.0,20440.0
2021030205008242,NIFRA,48,29,50,512.0,25600.0
2021030205008241,NIFRA,39,49,50,511.0,25550.0
2021030205008240,NIFRA,57,44,50,512.0,25600.0
2021030205008239,NIFRA,11,45,30,513.0,15390.0
2021030205008252,NIFRA,39,14,50,511.0,25550.0
2021030205008251,NIFRA,39,16,20,511.0,10220.0
2021030205008250,NIFRA,44,16,30,512.0,15360.0
2021030205008247,NIFRA,44,49,50,512.0,25600.0
2021030205008246,NIFRA,44,5,60,512.0,30720.0
2021030205008245,NIFRA,44,19,50,512.0,25600.0
2021030205008258,NIFRA,58,53,10,512.0,5120.0
2021030205008257,NIFRA,58,32,50,512.0,25600.0
2021030205008256,NIFRA,58,4,20,512.0,10240.0
2021030205008255,NIFRA,39,56,60,511.0,30660.0
2021030205008254,NIFRA,4,4,30,512.0,15360.0
2021030205008253,NIFRA,54,4,10,512.0,5120.0
2021030205008265,NIFRA,43,58,50,512.0,25600.0
2021030205008264,NIFRA,43,49,50,512.0,25600.0
2021030205008263,NIFRA,43,45,60,512.0,30720.0
2021030205008262,NIFRA,43,44,50,512.0,25600.0
2021030205008261,NIFRA,43,53,40,512.0,20480.0
2021030205008260,NIFRA,39,16,50,511.0,25550.0
2021030205008271,NIFRA,7,13,60,513.0,30780.0
2021030205008270,NIFRA,7,10,60,513.0,30780.0
2021030205008269,NIFRA,7,44,50,513.0,25650.0
2021030205008268,NIFRA,7,44,60,513.0,30780.0
2021030205008267,NIFRA,7,44,60,513.0,30780.0
2021030205008266,NIFRA,43,16,50,512.0,25600.0
2021030205008277,NIFRA,7,35,50,513.0,25650.0
2021030205008276,NIFRA,7,1,50,513.0,25650.0
2021030205008275,NIFRA,7,44,60,513.0,30780.0
2021030205008274,NIFRA,7,35,50,513.0,25650.0
2021030205008273,NIFRA,7,35,25,513.0,12825.0
2021030205008272,NIFRA,7,45,20,513.0,10260.0
2021030205008284,NIFRA,43,45,60,512.0,30720.0
2021030205008282,NIFRA,7,18,15,513.0,7695.0
2021030205008281,NIFRA,7,53,30,513.0,15390.0
2021030205008280,NIFRA,7,40,50,513.0,25650.0
2021030205008279,NIFRA,7,35,50,513.0,25650.0
2021030205008278,NIFRA,7,1,110,513.0,56430.0
2021030205008290,NIFRA,39,45,60,511.0,30660.0
2021030205008289,NIFRA,39,10,40,511.0,20440.0
2021030205008288,NIFRA,35,10,20,512.0,10240.0
2021030205008287,NIFRA,43,49,50,512.0,25600.0
2021030205008286,NIFRA,43,45,50,512.0,25600.0
2021030205008285,NIFRA,43,44,40,512.0,20480.0
2021030205008296,NIFRA,7,35,50,513.0,25650.0
2021030205008295,NIFRA,7,18,45,513.0,23085.0
2021030205008294,NIFRA,7,32,50,513.0,25650.0
2021030205008293,NIFRA,7,10,60,513.0,30780.0
2021030205008292,NIFRA,7,10,50,513.0,25650.0
2021030205008291,NIFRA,39,14,50,511.0,25550.0
2021030205008302,NIFRA,7,35,60,513.0,30780.0
2021030205008301,NIFRA,7,29,10,513.0,5130.0
2021030205008300,NIFRA,7,35,50,513.0,25650.0
2021030205008299,NIFRA,7,28,50,513.0,25650.0
2021030205008298,NIFRA,7,41,50,513.0,25650.0
2021030205008297,NIFRA,7,36,50,513.0,25650.0
2021030205008308,NIFRA,7,21,60,513.0,30780.0
2021030205008307,NIFRA,7,36,50,513.0,25650.0
2021030205008306,NIFRA,7,52,50,513.0,25650.0
2021030205008305,NIFRA,7,41,50,513.0,25650.0
2021030205008304,NIFRA,7,59,50,513.0,25650.0
2021030205008303,NIFRA,7,43,60,513.0,30780.0
2021030205008314,NIFRA,39,14,50,511.0,25550.0
2021030205008313,NIFRA,45,35,10,513.0,5130.0
2021030205008312,NIFRA,45,45,50,513.0,25650.0
2021030205008311,NIFRA,39,10,50,511.0,25550.0
2021030205008310,NIFRA,39,49,50,511.0,25550.0
2021030205008309,NIFRA,39,32,60,511.0,30660.0
2021030205008321,NIFRA,47,53,150,512.0,76800.0
2021030205008320,NIFRA,47,39,50,512.0,25600.0
2021030205008319,NIFRA,39,48,400,511.0,204400.0
2021030205008318,NIFRA,22,48,100,512.0,51200.0
2021030205008316,NIFRA,39,16,50,511.0,25550.0
2021030205008315,NIFRA,39,32,50,511.0,25550.0
2021030205008327,NIFRA,39,16,10,511.0,5110.0
2021030205008326,NIFRA,21,14,50,512.0,25600.0
2021030205008325,NIFRA,20,43,20,513.0,10260.0
2021030205008324,NIFRA,20,35,40,513.0,20520.0
2021030205008323,NIFRA,20,45,20,513.0,10260.0
2021030205008322,NIFRA,14,53,50,512.0,25600.0
2021030205008334,NIFRA,39,34,60,511.0,30660.0
2021030205008333,NIFRA,39,21,50,511.0,25550.0
2021030205008332,NIFRA,50,57,20,513.0,10260.0
2021030205008331,NIFRA,50,43,30,513.0,15390.0
2021030205008330,NIFRA,39,19,50,511.0,25550.0
2021030205008329,NIFRA,32,57,50,512.0,25600.0
2021030205008343,NIFRA,13,14,50,512.0,25600.0
2021030205008341,NIFRA,19,57,100,513.0,51300.0
2021030205008339,NIFRA,20,57,20,513.0,10260.0
2021030205008338,NIFRA,13,58,60,512.0,30720.0
2021030205008337,NIFRA,14,57,50,513.0,25650.0
2021030205008336,NIFRA,13,45,50,512.0,25600.0
2021030205008352,NIFRA,7,14,50,512.0,25600.0
2021030205008351,NIFRA,7,34,60,512.0,30720.0
2021030205008350,NIFRA,7,57,30,512.0,15360.0
2021030205008349,NIFRA,13,57,20,512.0,10240.0
2021030205008348,NIFRA,13,41,50,512.0,25600.0
2021030205008346,NIFRA,13,56,60,512.0,30720.0
2021030205008358,NIFRA,52,57,40,513.0,20520.0
2021030205008357,NIFRA,52,13,60,513.0,30780.0
2021030205008356,NIFRA,7,39,415,512.0,212480.0
2021030205008355,NIFRA,7,19,50,512.0,25600.0
2021030205008354,NIFRA,7,56,60,512.0,30720.0
2021030205008353,NIFRA,7,49,50,512.0,25600.0
2021030205008365,NIFRA,14,14,15,512.0,7680.0
2021030205008364,NIFRA,14,57,50,512.0,25600.0
2021030205008363,NIFRA,7,14,35,512.0,17920.0
2021030205008361,NIFRA,7,34,50,512.0,25600.0
2021030205008360,NIFRA,7,58,50,512.0,25600.0
2021030205008359,NIFRA,7,18,50,512.0,25600.0
2021030205008374,NIFRA,39,41,50,511.0,25550.0
2021030205008371,NIFRA,42,57,50,513.0,25650.0
2021030205008369,NIFRA,39,19,60,511.0,30660.0
2021030205008368,NIFRA,39,44,60,511.0,30660.0
2021030205008367,NIFRA,39,56,25,511.0,12775.0
2021030205008366,NIFRA,14,56,35,512.0,17920.0
2021030205008381,NIFRA,38,58,40,512.0,20480.0
2021030205008380,NIFRA,38,45,60,513.0,30780.0
2021030205008379,NIFRA,39,29,57,511.0,29127.0
2021030205008378,NIFRA,38,57,50,512.0,25600.0
2021030205008377,NIFRA,21,44,50,513.0,25650.0
2021030205008375,NIFRA,39,1,50,511.0,25550.0
2021030205008387,NIFRA,21,50,30,512.0,15360.0
2021030205008386,NIFRA,21,32,50,512.0,25600.0
2021030205008385,NIFRA,21,18,20,512.0,10240.0
2021030205008384,NIFRA,20,1,50,511.0,25550.0
2021030205008383,NIFRA,19,18,30,512.0,15360.0
2021030205008382,NIFRA,19,58,20,512.0,10240.0
2021030205008394,NIFRA,34,48,70,512.0,35840.0
2021030205008393,NIFRA,34,45,30,512.0,15360.0
2021030205008391,NIFRA,56,45,30,512.0,15360.0
2021030205008390,NIFRA,56,50,10,512.0,5120.0
2021030205008389,NIFRA,35,14,50,511.0,25550.0
2021030205008388,NIFRA,20,38,50,511.0,25550.0
2021030205008401,NIFRA,35,40,60,511.0,30660.0
2021030205008400,NIFRA,35,44,60,511.0,30660.0
2021030205008399,NIFRA,35,18,50,511.0,25550.0
2021030205008397,NIFRA,26,48,170,512.0,87040.0
2021030205008396,NIFRA,35,32,50,511.0,25550.0
2021030205008395,NIFRA,45,48,50,512.0,25600.0
2021030205008408,NIFRA,35,49,50,511.0,25550.0
2021030205008407,NIFRA,35,14,50,511.0,25550.0
2021030205008406,NIFRA,35,33,20,511.0,10220.0
2021030205008405,NIFRA,35,57,50,511.0,25550.0
2021030205008404,NIFRA,52,48,10,512.0,5120.0
2021030205008403,NIFRA,35,14,50,511.0,25550.0
2021030205008414,NIFRA,21,17,10,512.0,5120.0
2021030205008413,NIFRA,20,14,50,511.0,25550.0
2021030205008412,NIFRA,20,56,10,511.0,5110.0
2021030205008411,NIFRA,19,56,20,511.0,10220.0
2021030205008410,NIFRA,17,56,10,511.0,5110.0
2021030205008409,NIFRA,35,56,10,511.0,5110.0
2021030205008420,NIFRA,11,52,50,511.0,25550.0
2021030205008419,NIFRA,3,58,60,512.0,30720.0
2021030205008418,NIFRA,11,57,20,511.0,10220.0
2021030205008417,NIFRA,41,57,30,511.0,15330.0
2021030205008416,NIFRA,19,8,20,511.0,10220.0
2021030205008415,NIFRA,20,8,40,511.0,20440.0
2021030205008427,NIFRA,11,38,50,511.0,25550.0
2021030205008426,NIFRA,11,38,50,511.0,25550.0
2021030205008425,NIFRA,11,49,60,511.0,30660.0
2021030205008424,NIFRA,34,45,10,512.0,5120.0
2021030205008423,NIFRA,34,17,40,512.0,20480.0
2021030205008421,NIFRA,11,8,50,511.0,25550.0
2021030205008434,NIFRA,11,57,50,511.0,25550.0
2021030205008432,NIFRA,11,14,50,511.0,25550.0
2021030205008431,NIFRA,21,48,20,512.0,10240.0
2021030205008430,NIFRA,52,48,130,512.0,66560.0
2021030205008429,NIFRA,42,48,60,512.0,30720.0
2021030205008428,NIFRA,42,45,50,512.0,25600.0
2021030205008441,NIFRA,11,39,10,511.0,5110.0
2021030205008440,NIFRA,13,39,40,512.0,20480.0
2021030205008439,NIFRA,13,53,60,512.0,30720.0
2021030205008438,NIFRA,13,22,50,512.0,25600.0
2021030205008437,NIFRA,48,22,10,512.0,5120.0
2021030205008436,NIFRA,48,48,90,512.0,46080.0
2021030205008447,NIFRA,11,45,20,511.0,10220.0
2021030205008446,NIFRA,40,45,40,512.0,20480.0
2021030205008445,NIFRA,40,52,20,512.0,10240.0
2021030205008444,NIFRA,40,20,50,512.0,25600.0
2021030205008443,NIFRA,40,1,60,512.0,30720.0
2021030205008442,NIFRA,33,44,50,513.0,25650.0
2021030205008455,NIFRA,49,8,10,511.0,5110.0
2021030205008454,NIFRA,38,8,40,511.0,20440.0
2021030205008453,NIFRA,38,38,50,511.0,25550.0
2021030205008452,NIFRA,38,14,10,511.0,5110.0
2021030205008451,NIFRA,11,14,40,511.0,20440.0
2021030205008449,NIFRA,11,57,50,511.0,25550.0
2021030205008471,NIFRA,43,36,55,512.0,28160.0
2021030205008470,NIFRA,59,36,"5,000",513.0,2565000.0
2021030205008468,NIFRA,21,29,50,511.0,25550.0
2021030205008466,NIFRA,21,41,50,511.0,25550.0
2021030205008457,NIFRA,21,29,10,511.0,5110.0
2021030205008456,NIFRA,49,29,40,511.0,20440.0
2021030205008477,NIFRA,34,36,20,511.0,10220.0
2021030205008476,NIFRA,38,36,50,511.0,25550.0
2021030205008475,NIFRA,42,36,30,511.0,15330.0
2021030205008474,NIFRA,41,36,200,511.0,102200.0
2021030205008473,NIFRA,53,36,100,511.0,51100.0
2021030205008472,NIFRA,21,36,190,511.0,97090.0
2021030205008483,NIFRA,21,36,70,511.0,35770.0
2021030205008482,NIFRA,51,36,100,511.0,51100.0
2021030205008481,NIFRA,29,36,50,511.0,25550.0
2021030205008480,NIFRA,59,36,200,511.0,102200.0
2021030205008479,NIFRA,42,36,100,511.0,51100.0
2021030205008478,NIFRA,21,36,100,511.0,51100.0
2021030205008489,NIFRA,8,36,40,511.0,20440.0
2021030205008488,NIFRA,50,36,100,511.0,51100.0
2021030205008487,NIFRA,49,36,50,511.0,25550.0
2021030205008486,NIFRA,3,36,10,511.0,5110.0
2021030205008485,NIFRA,22,36,25,511.0,12775.0
2021030205008484,NIFRA,13,36,100,511.0,51100.0
2021030205008495,NIFRA,22,36,10,511.0,5110.0
2021030205008494,NIFRA,39,36,200,511.0,102200.0
2021030205008493,NIFRA,49,36,300,511.0,153300.0
2021030205008492,NIFRA,59,36,96,511.0,49056.0
2021030205008491,NIFRA,11,36,100,511.0,51100.0
2021030205008490,NIFRA,57,36,200,511.0,102200.0
2021030205008501,NIFRA,8,36,300,511.0,153300.0
2021030205008500,NIFRA,38,36,100,511.0,51100.0
2021030205008499,NIFRA,48,36,40,511.0,20440.0
2021030205008498,NIFRA,1,36,500,511.0,255500.0
2021030205008497,NIFRA,52,36,10,511.0,5110.0
2021030205008496,NIFRA,32,36,100,511.0,51100.0
2021030205008507,NIFRA,26,36,200,510.0,102000.0
2021030205008506,NIFRA,57,36,100,510.0,51000.0
2021030205008505,NIFRA,25,36,200,511.0,102200.0
2021030205008504,NIFRA,49,36,10,511.0,5110.0
2021030205008503,NIFRA,32,36,50,511.0,25550.0
2021030205008502,NIFRA,19,36,50,511.0,25550.0
2021030205008513,NIFRA,39,36,50,510.0,25500.0
2021030205008512,NIFRA,13,36,78,510.0,39780.0
2021030205008511,NIFRA,13,36,10,510.0,5100.0
2021030205008510,NIFRA,17,36,100,510.0,51000.0
2021030205008509,NIFRA,25,36,"1,000",510.0,510000.0
2021030205008508,NIFRA,22,36,200,510.0,102000.0
2021030205008519,NIFRA,26,36,50,510.0,25500.0
2021030205008518,NIFRA,5,36,20,510.0,10200.0
2021030205008517,NIFRA,14,36,100,510.0,51000.0
2021030205008516,NIFRA,11,36,50,510.0,25500.0
2021030205008515,NIFRA,58,36,100,510.0,51000.0
2021030205008514,NIFRA,11,36,100,510.0,51000.0
2021030205008525,NIFRA,37,36,10,510.0,5100.0
2021030205008524,NIFRA,34,36,100,510.0,51000.0
2021030205008523,NIFRA,36,36,500,510.0,255000.0
2021030205008522,NIFRA,28,36,60,510.0,30600.0
2021030205008521,NIFRA,34,36,50,510.0,25500.0
2021030205008520,NIFRA,14,36,300,510.0,153000.0
2021030205008531,NIFRA,48,36,90,510.0,45900.0
2021030205008530,NIFRA,11,36,100,510.0,51000.0
2021030205008529,NIFRA,25,36,100,510.0,51000.0
2021030205008528,NIFRA,50,36,20,510.0,10200.0
2021030205008527,NIFRA,17,36,100,510.0,51000.0
2021030205008526,NIFRA,1,36,50,510.0,25500.0
2021030205008537,NIFRA,21,36,50,510.0,25500.0
2021030205008536,NIFRA,11,36,100,510.0,51000.0
2021030205008535,NIFRA,18,36,50,510.0,25500.0
2021030205008534,NIFRA,33,36,200,510.0,102000.0
2021030205008533,NIFRA,26,36,50,510.0,25500.0
2021030205008532,NIFRA,13,36,30,510.0,15300.0
2021030205008543,NIFRA,35,36,20,510.0,10200.0
2021030205008542,NIFRA,22,36,20,510.0,10200.0
2021030205008541,NIFRA,55,36,100,510.0,51000.0
2021030205008540,NIFRA,56,36,10,510.0,5100.0
2021030205008539,NIFRA,59,36,100,510.0,51000.0
2021030205008538,NIFRA,50,36,100,510.0,51000.0
2021030205008549,NIFRA,38,36,20,510.0,10200.0
2021030205008548,NIFRA,11,36,10,510.0,5100.0
2021030205008547,NIFRA,34,36,200,510.0,102000.0
2021030205008546,NIFRA,34,36,500,510.0,255000.0
2021030205008545,NIFRA,42,36,50,510.0,25500.0
2021030205008544,NIFRA,17,36,10,510.0,5100.0
2021030205008555,NIFRA,14,36,50,510.0,25500.0
2021030205008554,NIFRA,52,36,100,510.0,51000.0
2021030205008553,NIFRA,29,36,500,510.0,255000.0
2021030205008552,NIFRA,52,36,20,510.0,10200.0
2021030205008551,NIFRA,44,36,100,510.0,51000.0
2021030205008550,NIFRA,13,36,500,510.0,255000.0
2021030205008561,NIFRA,7,36,300,510.0,153000.0
2021030205008560,NIFRA,38,36,200,510.0,102000.0
2021030205008559,NIFRA,51,36,100,510.0,51000.0
2021030205008558,NIFRA,32,36,100,510.0,51000.0
2021030205008557,NIFRA,38,36,150,510.0,76500.0
2021030205008556,NIFRA,22,36,100,510.0,51000.0
2021030205008567,NIFRA,21,36,100,510.0,51000.0
2021030205008566,NIFRA,38,36,50,510.0,25500.0
2021030205008565,NIFRA,11,36,100,510.0,51000.0
2021030205008564,NIFRA,22,36,10,510.0,5100.0
2021030205008563,NIFRA,41,36,50,510.0,25500.0
2021030205008562,NIFRA,45,36,50,510.0,25500.0
2021030205008573,NIFRA,38,36,100,510.0,51000.0
2021030205008572,NIFRA,47,36,200,510.0,102000.0
2021030205008571,NIFRA,10,36,100,510.0,51000.0
2021030205008570,NIFRA,35,36,500,510.0,255000.0
2021030205008569,NIFRA,53,36,100,510.0,51000.0
2021030205008568,NIFRA,5,36,50,510.0,25500.0
2021030205008579,NIFRA,58,36,100,510.0,51000.0
2021030205008578,NIFRA,45,36,10,510.0,5100.0
2021030205008577,NIFRA,32,36,50,510.0,25500.0
2021030205008576,NIFRA,34,36,500,510.0,255000.0
2021030205008575,NIFRA,39,36,60,510.0,30600.0
2021030205008574,NIFRA,29,36,50,510.0,25500.0
2021030205008585,NIFRA,17,36,200,510.0,102000.0
2021030205008584,NIFRA,35,36,50,510.0,25500.0
2021030205008583,NIFRA,21,36,50,510.0,25500.0
2021030205008582,NIFRA,22,36,500,510.0,255000.0
2021030205008581,NIFRA,45,36,10,510.0,5100.0
2021030205008580,NIFRA,34,36,10,510.0,5100.0
2021030205008591,NIFRA,5,36,40,510.0,20400.0
2021030205008590,NIFRA,41,36,10,510.0,5100.0
2021030205008589,NIFRA,57,36,100,510.0,51000.0
2021030205008588,NIFRA,22,36,100,510.0,51000.0
2021030205008587,NIFRA,39,36,20,510.0,10200.0
2021030205008586,NIFRA,58,36,100,510.0,51000.0
2021030205008597,NIFRA,53,36,50,510.0,25500.0
2021030205008596,NIFRA,42,36,20,510.0,10200.0
2021030205008595,NIFRA,17,36,10,510.0,5100.0
2021030205008594,NIFRA,57,36,20,510.0,10200.0
2021030205008593,NIFRA,34,36,100,510.0,51000.0
2021030205008592,NIFRA,53,36,50,510.0,25500.0
2021030205008605,NIFRA,57,57,95,513.0,48735.0
2021030205008604,NIFRA,57,50,50,511.0,25550.0
2021030205008603,NIFRA,57,57,50,511.0,25550.0
2021030205008602,NIFRA,3,22,50,510.0,25500.0
2021030205008600,NIFRA,41,14,50,511.0,25550.0
2021030205008598,NIFRA,3,36,46,510.0,23460.0
2021030205008613,NIFRA,34,33,45,510.0,22950.0
2021030205008612,NIFRA,34,10,15,510.0,7650.0
2021030205008611,NIFRA,49,10,25,510.0,12750.0
2021030205008610,NIFRA,21,10,10,510.0,5100.0
2021030205008609,NIFRA,21,38,40,510.0,20400.0
2021030205008608,NIFRA,58,38,10,510.0,5100.0
2021030205008621,NIFRA,54,17,50,512.0,25600.0
2021030205008619,NIFRA,54,1,60,512.0,30720.0
2021030205008618,NIFRA,54,4,30,512.0,15360.0
2021030205008616,NIFRA,28,57,60,511.0,30660.0
2021030205008615,NIFRA,8,4,20,512.0,10240.0
2021030205008614,NIFRA,29,33,15,510.0,7650.0
2021030205008620,PLI,42,48,10,765.0,7650.0
2021030205008617,PLI,42,26,10,765.0,7650.0
2021030205008607,PLI,42,1,10,765.0,7650.0
2021030205008606,PLI,42,57,10,765.0,7650.0
2021030205008601,PLI,42,38,10,765.0,7650.0
2021030205008599,PLI,17,49,50,770.0,38500.0
2021030205008170,PLI,16,57,70,766.0,53620.0
2021030205008169,PLI,48,57,50,766.0,38300.0
2021030205008167,PLI,11,42,10,766.0,7660.0
2021030205008148,PLI,11,19,10,766.0,7660.0
2021030205008146,PLI,11,48,10,766.0,7660.0
2021030205008143,PLI,11,38,10,766.0,7660.0
2021030205008215,PLI,33,17,348,766.0,266568.0
2021030205008205,PLI,33,49,10,766.0,7660.0
2021030205008182,PLI,33,10,10,766.0,7660.0
2021030205008181,PLI,33,17,10,766.0,7660.0
2021030205008180,PLI,33,14,10,766.0,7660.0
2021030205008171,PLI,33,57,32,766.0,24512.0
2021030205008221,PLI,22,17,500,765.0,382500.0
2021030205008220,PLI,57,17,100,765.0,76500.0
2021030205008219,PLI,57,17,100,765.0,76500.0
2021030205008218,PLI,41,17,50,765.0,38250.0
2021030205008217,PLI,53,17,30,766.0,22980.0
2021030205008216,PLI,41,17,100,766.0,76600.0
2021030205008227,PLI,44,17,250,763.0,190750.0
2021030205008226,PLI,44,17,25,764.0,19100.0
2021030205008225,PLI,11,17,20,764.0,15280.0
2021030205008224,PLI,11,17,20,764.0,15280.0
2021030205008223,PLI,13,17,20,765.0,15300.0
2021030205008222,PLI,26,17,50,765.0,38250.0
2021030205008317,PLI,46,57,10,762.0,7620.0
2021030205008283,PLI,41,5,10,761.0,7610.0
2021030205008259,PLI,41,10,10,761.0,7610.0
2021030205008249,PLI,57,16,10,766.0,7660.0
2021030205008248,PLI,57,10,10,766.0,7660.0
2021030205008228,PLI,16,17,397,763.0,302911.0
2021030205008345,PLI,28,13,10,767.0,7670.0
2021030205008344,PLI,28,58,10,766.0,7660.0
2021030205008342,PLI,41,44,10,761.0,7610.0
2021030205008340,PLI,41,21,10,761.0,7610.0
2021030205008335,PLI,41,21,10,761.0,7610.0
2021030205008328,PLI,46,49,10,762.0,7620.0
2021030205008376,PLI,42,49,10,762.0,7620.0
2021030205008373,PLI,42,44,10,762.0,7620.0
2021030205008372,PLI,48,53,20,764.0,15280.0
2021030205008370,PLI,14,53,30,764.0,22920.0
2021030205008362,PLI,14,32,10,764.0,7640.0
2021030205008347,PLI,14,40,10,764.0,7640.0
2021030205008435,PLI,42,38,10,765.0,7650.0
2021030205008433,PLI,57,59,100,767.0,76700.0
2021030205008422,PLI,42,10,10,765.0,7650.0
2021030205008402,PLI,39,57,10,766.0,7660.0
2021030205008398,PLI,39,40,10,766.0,7660.0
2021030205008392,PLI,52,21,10,765.0,7650.0
2021030205008461,PLI,17,29,10,770.0,7700.0
2021030205008460,PLI,17,46,10,769.0,7690.0
2021030205008459,PLI,17,58,10,767.0,7670.0
2021030205008458,PLI,17,59,50,767.0,38350.0
2021030205008450,PLI,42,22,10,765.0,7650.0
2021030205008448,PLI,42,10,10,765.0,7650.0
2021030205008469,PLI,42,39,50,765.0,38250.0
2021030205008467,PLI,42,38,10,765.0,7650.0
2021030205008465,PLI,42,6,10,765.0,7650.0
2021030205008464,PLI,17,49,50,770.0,38500.0
2021030205008463,PLI,17,58,10,770.0,7700.0
2021030205008462,PLI,17,34,10,770.0,7700.0
2021030205007878,CGH,48,54,10,500.0,5000.0
2021030205008127,NIFRA,13,21,50,512.0,25600.0
2021030205008126,NIFRA,57,56,20,513.0,10260.0
2021030205008125,NIFRA,57,38,60,513.0,30780.0
2021030205008124,NIFRA,11,58,30,513.0,15390.0
2021030205008122,NIFRA,5,58,30,513.0,15390.0
2021030205008121,NIFRA,5,45,10,513.0,5130.0
2021030205007632,NIFRA,28,21,30,515.0,15450.0
2021030205007631,NIFRA,28,38,50,515.0,25750.0
2021030205007630,NIFRA,28,34,50,515.0,25750.0
2021030205007629,NIFRA,28,52,10,515.0,5150.0
2021030205007628,NIFRA,28,21,50,515.0,25750.0
2021030205007642,NIFRA,58,1,40,514.0,20560.0
2021030205007639,NIFRA,34,39,10,513.0,5130.0
2021030205007638,NIFRA,58,39,40,513.0,20520.0
2021030205007637,NIFRA,58,10,10,513.0,5130.0
2021030205007636,NIFRA,47,10,40,513.0,20520.0
2021030205007634,NIFRA,47,29,50,513.0,25650.0
2021030205007648,NIFRA,50,10,50,513.0,25650.0
2021030205007647,NIFRA,50,45,60,513.0,30780.0
2021030205007646,NIFRA,56,26,58,513.0,29754.0
2021030205007645,NIFRA,56,38,12,513.0,6156.0
2021030205007644,NIFRA,1,38,38,513.0,19494.0
2021030205007643,NIFRA,34,50,40,513.0,20520.0
2021030205007654,NIFRA,57,57,50,513.0,25650.0
2021030205007653,NIFRA,57,42,30,513.0,15390.0
2021030205007652,NIFRA,50,42,20,513.0,10260.0
2021030205007651,NIFRA,50,5,10,513.0,5130.0
2021030205007650,NIFRA,50,6,10,513.0,5130.0
2021030205007649,NIFRA,50,43,50,513.0,25650.0
2021030205007661,NIFRA,58,57,10,514.0,5140.0
2021030205007659,NIFRA,41,56,20,515.0,10300.0
2021030205007658,NIFRA,44,56,30,515.0,15450.0
2021030205007657,NIFRA,44,21,20,515.0,10300.0
2021030205007656,NIFRA,58,57,10,514.0,5140.0
2021030205007655,NIFRA,58,1,20,514.0,10280.0
2021030205007668,NIFRA,57,3,50,513.0,25650.0
2021030205007666,NIFRA,57,5,15,513.0,7695.0
2021030205007665,NIFRA,57,58,60,513.0,30780.0
2021030205007664,NIFRA,57,39,50,513.0,25650.0
2021030205007663,NIFRA,57,53,20,513.0,10260.0
2021030205007662,NIFRA,57,57,50,513.0,25650.0
2021030205007674,NIFRA,56,58,50,514.0,25700.0
2021030205007673,NIFRA,57,53,50,513.0,25650.0
2021030205007672,NIFRA,28,50,30,515.0,15450.0
2021030205007671,NIFRA,28,56,10,515.0,5150.0
2021030205007670,NIFRA,28,13,60,515.0,30900.0
2021030205007669,NIFRA,57,43,60,513.0,30780.0
2021030205007681,NIFRA,57,45,50,515.0,25750.0
2021030205007680,NIFRA,57,50,70,515.0,36050.0
2021030205007678,NIFRA,14,13,50,515.0,25750.0
2021030205007677,NIFRA,57,7,50,513.0,25650.0
2021030205007676,NIFRA,56,52,50,514.0,25700.0
2021030205007675,NIFRA,56,56,50,514.0,25700.0
2021030205007688,NIFRA,42,38,50,514.0,25700.0
2021030205007686,NIFRA,42,10,50,514.0,25700.0
2021030205007685,NIFRA,42,13,50,514.0,25700.0
2021030205007684,NIFRA,42,10,60,514.0,30840.0
2021030205007683,NIFRA,57,14,20,515.0,10300.0
2021030205007682,NIFRA,57,58,10,515.0,5150.0
2021030205007697,NIFRA,42,14,30,515.0,15450.0
2021030205007696,NIFRA,42,56,10,514.0,5140.0
2021030205007695,NIFRA,42,43,30,514.0,15420.0
2021030205007694,NIFRA,42,43,20,514.0,10280.0
2021030205007692,NIFRA,42,38,60,514.0,30840.0
2021030205007689,NIFRA,42,36,10,514.0,5140.0
2021030205007703,NIFRA,42,43,10,515.0,5150.0
2021030205007702,NIFRA,42,45,50,515.0,25750.0
2021030205007701,NIFRA,42,44,60,515.0,30900.0
2021030205007700,NIFRA,42,45,50,515.0,25750.0
2021030205007699,NIFRA,42,58,10,515.0,5150.0
2021030205007698,NIFRA,42,35,100,515.0,51500.0
2021030205007711,NIFRA,14,19,50,515.0,25750.0
2021030205007710,NIFRA,57,38,50,513.0,25650.0
2021030205007708,NIFRA,57,48,10,513.0,5130.0
2021030205007707,NIFRA,42,48,50,515.0,25750.0
2021030205007706,NIFRA,42,52,50,515.0,25750.0
2021030205007705,NIFRA,42,34,50,515.0,25750.0
2021030205007719,NIFRA,45,45,60,513.0,30780.0
2021030205007718,NIFRA,45,48,50,513.0,25650.0
2021030205007717,NIFRA,7,58,40,514.0,20560.0
2021030205007714,NIFRA,7,10,60,514.0,30840.0
2021030205007713,NIFRA,45,22,15,513.0,7695.0
2021030205007712,NIFRA,57,22,35,513.0,17955.0
2021030205007726,NIFRA,45,29,50,513.0,25650.0
2021030205007725,NIFRA,45,58,50,513.0,25650.0
2021030205007724,NIFRA,45,10,50,513.0,25650.0
2021030205007723,NIFRA,45,22,50,513.0,25650.0
2021030205007721,NIFRA,45,22,50,513.0,25650.0
2021030205007720,NIFRA,45,36,50,513.0,25650.0
2021030205007733,NIFRA,45,7,60,513.0,30780.0
2021030205007731,NIFRA,20,16,70,515.0,36050.0
2021030205007730,NIFRA,20,1,60,515.0,30900.0
2021030205007729,NIFRA,20,7,60,514.0,30840.0
2021030205007728,NIFRA,20,51,50,514.0,25700.0
2021030205007727,NIFRA,20,58,10,514.0,5140.0
2021030205007740,NIFRA,33,29,55,513.0,28215.0
2021030205007739,NIFRA,33,10,60,513.0,30780.0
2021030205007738,NIFRA,41,44,50,514.0,25700.0
2021030205007736,NIFRA,33,29,50,513.0,25650.0
2021030205007735,NIFRA,33,57,35,513.0,17955.0
2021030205007734,NIFRA,45,57,15,513.0,7695.0
2021030205007749,NIFRA,34,45,50,514.0,25700.0
2021030205007748,NIFRA,34,1,50,514.0,25700.0
2021030205007746,NIFRA,53,16,50,515.0,25750.0
2021030205007743,NIFRA,36,21,50,513.0,25650.0
2021030205007742,NIFRA,36,54,30,513.0,15390.0
2021030205007741,NIFRA,49,54,20,514.0,10280.0
2021030205007761,NIFRA,38,58,50,513.0,25650.0
2021030205007756,NIFRA,38,44,30,513.0,15390.0
2021030205007754,NIFRA,38,34,50,513.0,25650.0
2021030205007752,NIFRA,38,56,30,513.0,15390.0
2021030205007751,NIFRA,36,56,10,513.0,5130.0
2021030205007750,NIFRA,36,45,10,513.0,5130.0
2021030205007767,NIFRA,28,41,20,513.0,10260.0
2021030205007766,NIFRA,38,41,30,513.0,15390.0
2021030205007765,NIFRA,38,48,50,513.0,25650.0
2021030205007764,NIFRA,38,38,50,513.0,25650.0
2021030205007763,NIFRA,38,10,10,513.0,5130.0
2021030205007762,NIFRA,34,10,50,514.0,25700.0
2021030205007774,NIFRA,21,48,50,513.0,25650.0
2021030205007773,NIFRA,21,29,30,513.0,15390.0
2021030205007772,NIFRA,28,29,20,513.0,10260.0
2021030205007770,NIFRA,28,34,60,513.0,30780.0
2021030205007769,NIFRA,28,57,50,513.0,25650.0
2021030205007768,NIFRA,28,16,50,513.0,25650.0
2021030205007783,NIFRA,20,26,500,513.0,256500.0
2021030205007782,NIFRA,8,26,500,513.0,256500.0
2021030205007781,NIFRA,14,42,50,514.0,25700.0
2021030205007780,NIFRA,21,6,10,513.0,5130.0
2021030205007776,NIFRA,21,29,60,513.0,30780.0
2021030205007775,NIFRA,21,45,50,513.0,25650.0
2021030205007789,NIFRA,55,10,50,513.0,25650.0
2021030205007788,NIFRA,55,10,50,513.0,25650.0
2021030205007787,NIFRA,55,26,546,513.0,280098.0
2021030205007786,NIFRA,55,26,100,513.0,51300.0
2021030205007785,NIFRA,21,26,10,513.0,5130.0
2021030205007784,NIFRA,58,26,19,513.0,9747.0
2021030205007796,NIFRA,55,38,50,513.0,25650.0
2021030205007795,NIFRA,45,38,950,514.0,488300.0
2021030205007794,NIFRA,45,7,50,514.0,25700.0
2021030205007792,NIFRA,55,29,60,513.0,30780.0
2021030205007791,NIFRA,55,57,10,513.0,5130.0
2021030205007790,NIFRA,55,45,60,513.0,30780.0
2021030205007802,NIFRA,55,44,50,513.0,25650.0
2021030205007801,NIFRA,14,38,50,514.0,25700.0
2021030205007800,NIFRA,55,45,60,513.0,30780.0
2021030205007799,NIFRA,55,48,50,513.0,25650.0
2021030205007798,NIFRA,55,58,60,513.0,30780.0
2021030205007797,NIFRA,55,38,50,513.0,25650.0
2021030205007809,NIFRA,55,10,50,513.0,25650.0
2021030205007808,NIFRA,42,22,50,514.0,25700.0
2021030205007807,NIFRA,42,38,60,514.0,30840.0
2021030205007806,NIFRA,55,58,10,513.0,5130.0
2021030205007805,NIFRA,55,10,50,513.0,25650.0
2021030205007804,NIFRA,55,45,50,513.0,25650.0
2021030205007818,NIFRA,41,41,20,514.0,10280.0
2021030205007817,NIFRA,41,22,10,514.0,5140.0
2021030205007816,NIFRA,55,45,60,513.0,30780.0
2021030205007815,NIFRA,55,45,10,513.0,5130.0
2021030205007814,NIFRA,55,59,50,513.0,25650.0
2021030205007811,NIFRA,55,42,60,513.0,30780.0
2021030205007828,NIFRA,55,58,50,513.0,25650.0
2021030205007827,NIFRA,55,45,50,513.0,25650.0
2021030205007826,NIFRA,55,45,60,513.0,30780.0
2021030205007825,NIFRA,55,42,50,513.0,25650.0
2021030205007824,NIFRA,55,58,50,513.0,25650.0
2021030205007823,NIFRA,55,26,60,513.0,30780.0
2021030205007843,NIFRA,55,58,60,513.0,30780.0
2021030205007842,NIFRA,55,53,20,513.0,10260.0
2021030205007841,NIFRA,55,45,50,513.0,25650.0
2021030205007831,NIFRA,55,26,50,513.0,25650.0
2021030205007830,NIFRA,14,16,45,515.0,23175.0
2021030205007829,NIFRA,14,41,40,514.0,20560.0
2021030205007849,NIFRA,51,10,10,513.0,5130.0
2021030205007848,NIFRA,44,10,50,513.0,25650.0
2021030205007847,NIFRA,4,58,11,513.0,5643.0
2021030205007846,NIFRA,41,58,25,513.0,12825.0
2021030205007845,NIFRA,55,58,14,513.0,7182.0
2021030205007844,NIFRA,55,36,50,513.0,25650.0
2021030205007855,NIFRA,14,58,50,513.0,25650.0
2021030205007854,NIFRA,14,21,30,513.0,15390.0
2021030205007853,NIFRA,51,21,20,513.0,10260.0
2021030205007852,NIFRA,51,45,10,513.0,5130.0
2021030205007851,NIFRA,14,16,80,515.0,41200.0
2021030205007850,NIFRA,51,26,60,513.0,30780.0
2021030205007862,NIFRA,6,41,30,513.0,15390.0
2021030205007861,NIFRA,51,41,20,513.0,10260.0
2021030205007860,NIFRA,51,1,100,513.0,51300.0
2021030205007859,NIFRA,51,10,50,513.0,25650.0
2021030205007858,NIFRA,51,22,30,513.0,15390.0
2021030205007857,NIFRA,14,22,20,513.0,10260.0
2021030205007868,NIFRA,6,38,50,513.0,25650.0
2021030205007867,NIFRA,6,45,10,513.0,5130.0
2021030205007866,NIFRA,6,40,50,513.0,25650.0
2021030205007865,NIFRA,6,58,50,513.0,25650.0
2021030205007864,NIFRA,6,45,50,513.0,25650.0
