Transact. No.,Symbol,Buyer,Seller,Quantity,Rate,Amount
2021030905008545,CGH,48,4,10,731.0,7310.0
2021030905008537,CGH,48,6,10,731.0,7310.0
2021030905008465,CGH,48,38,10,731.0,7310.0
2021030905008447,CGH,48,42,10,731.0,7310.0
2021030905008364,CGH,48,6,10,731.0,7310.0
2021030905008345,CGH,48,6,10,731.0,7310.0
2021030905008327,CGH,48,42,10,731.0,7310.0
2021030905008297,CGH,48,38,10,731.0,7310.0
2021030905008653,NIFRA,41,42,40,532.0,21280.0
2021030905008652,NIFRA,41,35,20,532.0,10640.0
2021030905008651,NIFRA,35,35,20,532.0,10640.0
2021030905008650,NIFRA,42,50,10,533.0,5330.0
2021030905008649,NIFRA,6,58,5,532.0,2660.0
2021030905008648,NIFRA,6,21,20,532.0,10640.0
2021030905008161,NIFRA,34,34,10,532.0,5320.0
2021030905008160,NIFRA,34,45,50,532.0,26600.0
2021030905008157,NIFRA,53,16,5,531.0,2655.0
2021030905008156,NIFRA,53,22,50,531.0,26550.0
2021030905008168,NIFRA,32,7,860,531.0,456660.0
2021030905008167,NIFRA,32,43,30,531.0,15930.0
2021030905008166,NIFRA,32,53,60,531.0,31860.0
2021030905008165,NIFRA,32,42,10,531.0,5310.0
2021030905008163,NIFRA,32,36,40,531.0,21240.0
2021030905008162,NIFRA,34,36,40,532.0,21280.0
2021030905008178,NIFRA,45,42,60,530.0,31800.0
2021030905008175,NIFRA,45,6,60,530.0,31800.0
2021030905008174,NIFRA,45,20,60,530.0,31800.0
2021030905008173,NIFRA,45,57,50,530.0,26500.0
2021030905008170,NIFRA,21,7,10,531.0,5310.0
2021030905008169,NIFRA,6,7,50,531.0,26550.0
2021030905008185,NIFRA,1,7,100,531.0,53100.0
2021030905008184,NIFRA,45,58,50,530.0,26500.0
2021030905008183,NIFRA,55,7,500,531.0,265500.0
2021030905008181,NIFRA,45,45,50,530.0,26500.0
2021030905008180,NIFRA,45,28,50,530.0,26500.0
2021030905008179,NIFRA,45,21,50,530.0,26500.0
2021030905008192,NIFRA,45,33,60,530.0,31800.0
2021030905008191,NIFRA,45,20,60,530.0,31800.0
2021030905008190,NIFRA,45,44,60,530.0,31800.0
2021030905008189,NIFRA,45,47,60,530.0,31800.0
2021030905008187,NIFRA,45,28,60,530.0,31800.0
2021030905008186,NIFRA,45,7,50,530.0,26500.0
2021030905008198,NIFRA,8,7,50,531.0,26550.0
2021030905008197,NIFRA,56,7,50,531.0,26550.0
2021030905008196,NIFRA,45,33,100,530.0,53000.0
2021030905008195,NIFRA,45,58,30,530.0,15900.0
2021030905008194,NIFRA,45,42,50,530.0,26500.0
2021030905008193,NIFRA,45,45,50,530.0,26500.0
2021030905008204,NIFRA,45,54,60,530.0,31800.0
2021030905008203,NIFRA,45,49,50,530.0,26500.0
2021030905008202,NIFRA,45,44,50,530.0,26500.0
2021030905008201,NIFRA,45,58,50,530.0,26500.0
2021030905008200,NIFRA,45,34,10,530.0,5300.0
2021030905008199,NIFRA,45,57,50,530.0,26500.0
2021030905008211,NIFRA,6,58,50,530.0,26500.0
2021030905008210,NIFRA,7,58,43,530.0,22790.0
2021030905008209,NIFRA,29,47,50,530.0,26500.0
2021030905008208,NIFRA,7,20,60,530.0,31800.0
2021030905008206,NIFRA,7,6,397,530.0,210410.0
2021030905008205,NIFRA,45,6,103,530.0,54590.0
2021030905008217,NIFRA,6,28,43,530.0,22790.0
2021030905008216,NIFRA,6,58,20,530.0,10600.0
2021030905008215,NIFRA,6,58,237,530.0,125610.0
2021030905008214,NIFRA,38,58,100,530.0,53000.0
2021030905008213,NIFRA,7,58,50,530.0,26500.0
2021030905008212,NIFRA,32,58,20,530.0,10600.0
2021030905008223,NIFRA,47,44,60,530.0,31800.0
2021030905008222,NIFRA,47,1,32,530.0,16960.0
2021030905008221,NIFRA,26,1,50,530.0,26500.0
2021030905008220,NIFRA,19,1,50,530.0,26500.0
2021030905008219,NIFRA,26,1,43,530.0,22790.0
2021030905008218,NIFRA,26,28,17,530.0,9010.0
2021030905008230,NIFRA,42,51,50,530.0,26500.0
2021030905008228,NIFRA,42,44,60,530.0,31800.0
2021030905008227,NIFRA,42,58,60,530.0,31800.0
2021030905008226,NIFRA,42,51,152,530.0,80560.0
2021030905008225,NIFRA,10,51,50,530.0,26500.0
2021030905008224,NIFRA,47,51,158,530.0,83740.0
2021030905008236,NIFRA,47,47,18,530.0,9540.0
2021030905008235,NIFRA,47,38,50,530.0,26500.0
2021030905008234,NIFRA,47,48,60,530.0,31800.0
2021030905008233,NIFRA,47,57,22,530.0,11660.0
2021030905008232,NIFRA,42,57,28,530.0,14840.0
2021030905008231,NIFRA,42,56,50,530.0,26500.0
2021030905008242,NIFRA,45,59,20,530.0,10600.0
2021030905008241,NIFRA,6,59,148,530.0,78440.0
2021030905008240,NIFRA,6,44,60,530.0,31800.0
2021030905008239,NIFRA,6,7,150,531.0,79650.0
2021030905008238,NIFRA,6,4,60,530.0,31800.0
2021030905008237,NIFRA,6,47,32,530.0,16960.0
2021030905008248,NIFRA,39,59,50,530.0,26500.0
2021030905008247,NIFRA,48,59,90,530.0,47700.0
2021030905008246,NIFRA,44,59,120,530.0,63600.0
2021030905008245,NIFRA,17,59,10,530.0,5300.0
2021030905008244,NIFRA,22,59,300,530.0,159000.0
2021030905008243,NIFRA,29,59,50,530.0,26500.0
2021030905008254,NIFRA,34,34,12,530.0,6360.0
2021030905008253,NIFRA,16,34,48,530.0,25440.0
2021030905008252,NIFRA,16,59,52,530.0,27560.0
2021030905008251,NIFRA,21,59,10,530.0,5300.0
2021030905008250,NIFRA,59,59,100,530.0,53000.0
2021030905008249,NIFRA,6,59,100,530.0,53000.0
2021030905008260,NIFRA,34,44,60,530.0,31800.0
2021030905008259,NIFRA,34,14,10,530.0,5300.0
2021030905008258,NIFRA,28,7,500,531.0,265500.0
2021030905008257,NIFRA,34,4,10,530.0,5300.0
2021030905008256,NIFRA,34,57,50,530.0,26500.0
2021030905008255,NIFRA,34,58,20,530.0,10600.0
2021030905008266,NIFRA,45,42,10,531.0,5310.0
2021030905008265,NIFRA,45,7,120,531.0,63720.0
2021030905008264,NIFRA,34,33,50,530.0,26500.0
2021030905008263,NIFRA,34,46,50,530.0,26500.0
2021030905008262,NIFRA,34,20,50,530.0,26500.0
2021030905008261,NIFRA,34,21,60,530.0,31800.0
2021030905008272,NIFRA,45,36,40,531.0,21240.0
2021030905008271,NIFRA,45,11,50,531.0,26550.0
2021030905008270,NIFRA,45,51,10,531.0,5310.0
2021030905008269,NIFRA,45,22,20,531.0,10620.0
2021030905008268,NIFRA,45,49,"2,000",531.0,1062000.0
2021030905008267,NIFRA,45,49,60,531.0,31860.0
2021030905008279,NIFRA,11,22,50,532.0,26600.0
2021030905008278,NIFRA,45,38,300,531.0,159300.0
2021030905008276,NIFRA,45,40,50,531.0,26550.0
2021030905008275,NIFRA,45,46,20,531.0,10620.0
2021030905008274,NIFRA,45,11,60,531.0,31860.0
2021030905008273,NIFRA,45,55,50,531.0,26550.0
2021030905008286,NIFRA,45,17,60,531.0,31860.0
2021030905008285,NIFRA,45,42,60,531.0,31860.0
2021030905008283,NIFRA,45,42,50,531.0,26550.0
2021030905008282,NIFRA,11,57,40,532.0,21280.0
2021030905008281,NIFRA,11,52,50,532.0,26600.0
2021030905008280,NIFRA,11,36,10,532.0,5320.0
2021030905008294,NIFRA,45,56,60,531.0,31860.0
2021030905008292,NIFRA,45,28,50,531.0,26550.0
2021030905008291,NIFRA,45,34,50,531.0,26550.0
2021030905008290,NIFRA,45,40,10,531.0,5310.0
2021030905008289,NIFRA,45,38,70,531.0,37170.0
2021030905008288,NIFRA,45,41,15,531.0,7965.0
2021030905008301,NIFRA,37,34,50,532.0,26600.0
2021030905008300,NIFRA,37,45,60,532.0,31920.0
2021030905008299,NIFRA,37,7,10,532.0,5320.0
2021030905008298,NIFRA,49,57,10,532.0,5320.0
2021030905008296,NIFRA,45,38,50,531.0,26550.0
2021030905008295,NIFRA,45,17,60,531.0,31860.0
2021030905008307,NIFRA,37,11,30,532.0,15960.0
2021030905008306,NIFRA,37,58,50,532.0,26600.0
2021030905008305,NIFRA,37,11,50,532.0,26600.0
2021030905008304,NIFRA,37,35,105,532.0,55860.0
2021030905008303,NIFRA,37,22,50,532.0,26600.0
2021030905008302,NIFRA,37,22,50,532.0,26600.0
2021030905008313,NIFRA,51,26,50,532.0,26600.0
2021030905008312,NIFRA,51,26,80,532.0,42560.0
2021030905008311,NIFRA,51,21,15,532.0,7980.0
2021030905008310,NIFRA,45,58,60,531.0,31860.0
2021030905008309,NIFRA,45,56,60,531.0,31860.0
2021030905008308,NIFRA,37,21,45,532.0,23940.0
2021030905008320,NIFRA,28,33,50,532.0,26600.0
2021030905008319,NIFRA,45,56,50,531.0,26550.0
2021030905008318,NIFRA,51,11,40,532.0,21280.0
2021030905008317,NIFRA,51,17,60,532.0,31920.0
2021030905008315,NIFRA,51,53,50,532.0,26600.0
2021030905008314,NIFRA,51,56,200,532.0,106400.0
2021030905008329,NIFRA,48,51,50,533.0,26650.0
2021030905008328,NIFRA,8,28,60,532.0,31920.0
2021030905008324,NIFRA,8,56,50,532.0,26600.0
2021030905008323,NIFRA,45,44,50,531.0,26550.0
2021030905008322,NIFRA,45,38,60,531.0,31860.0
2021030905008321,NIFRA,28,51,50,533.0,26650.0
2021030905008335,NIFRA,8,59,30,532.0,15960.0
2021030905008334,NIFRA,8,19,50,532.0,26600.0
2021030905008333,NIFRA,38,44,50,533.0,26650.0
2021030905008332,NIFRA,38,42,50,533.0,26650.0
2021030905008331,NIFRA,38,51,30,533.0,15990.0
2021030905008330,NIFRA,8,44,60,532.0,31920.0
2021030905008341,NIFRA,51,32,20,532.0,10640.0
2021030905008340,NIFRA,8,32,30,532.0,15960.0
2021030905008339,NIFRA,8,11,50,532.0,26600.0
2021030905008338,NIFRA,8,22,50,532.0,26600.0
2021030905008337,NIFRA,8,42,60,532.0,31920.0
2021030905008336,NIFRA,8,56,60,532.0,31920.0
2021030905008348,NIFRA,45,17,20,531.0,10620.0
2021030905008347,NIFRA,51,17,30,532.0,15960.0
2021030905008346,NIFRA,51,38,140,532.0,74480.0
2021030905008344,NIFRA,51,52,50,532.0,26600.0
2021030905008343,NIFRA,51,38,10,532.0,5320.0
2021030905008342,NIFRA,41,38,50,532.0,26600.0
2021030905008355,NIFRA,25,48,20,532.0,10640.0
2021030905008354,NIFRA,25,26,60,532.0,31920.0
2021030905008353,NIFRA,25,16,30,532.0,15960.0
2021030905008352,NIFRA,25,58,50,532.0,26600.0
2021030905008351,NIFRA,25,26,40,532.0,21280.0
2021030905008350,NIFRA,57,26,20,532.0,10640.0
2021030905008362,NIFRA,1,21,50,532.0,26600.0
2021030905008361,NIFRA,1,44,50,532.0,26600.0
2021030905008360,NIFRA,45,7,10,531.0,5310.0
2021030905008359,NIFRA,45,57,40,531.0,21240.0
2021030905008358,NIFRA,50,57,20,532.0,10640.0
2021030905008356,NIFRA,50,48,30,532.0,15960.0
2021030905008369,NIFRA,44,11,200,532.0,106400.0
2021030905008368,NIFRA,45,38,30,531.0,15930.0
2021030905008367,NIFRA,1,38,30,532.0,15960.0
2021030905008366,NIFRA,1,56,60,532.0,31920.0
2021030905008365,NIFRA,1,52,50,532.0,26600.0
2021030905008363,NIFRA,1,58,60,532.0,31920.0
2021030905008376,NIFRA,45,41,60,531.0,31860.0
2021030905008375,NIFRA,45,46,20,531.0,10620.0
2021030905008374,NIFRA,45,42,50,531.0,26550.0
2021030905008372,NIFRA,45,17,60,531.0,31860.0
2021030905008371,NIFRA,45,44,60,531.0,31860.0
2021030905008370,NIFRA,45,20,60,531.0,31860.0
2021030905008382,NIFRA,45,38,50,531.0,26550.0
2021030905008381,NIFRA,45,44,50,531.0,26550.0
2021030905008380,NIFRA,47,7,30,532.0,15960.0
2021030905008379,NIFRA,45,48,10,531.0,5310.0
2021030905008378,NIFRA,45,57,40,531.0,21240.0
2021030905008377,NIFRA,34,11,100,532.0,53200.0
2021030905008389,NIFRA,47,59,10,532.0,5320.0
2021030905008388,NIFRA,47,51,60,532.0,31920.0
2021030905008387,NIFRA,47,26,50,532.0,26600.0
2021030905008386,NIFRA,47,52,50,532.0,26600.0
2021030905008385,NIFRA,19,52,10,532.0,5320.0
2021030905008383,NIFRA,42,7,20,532.0,10640.0
2021030905008398,NIFRA,47,28,20,532.0,10640.0
2021030905008397,NIFRA,47,41,30,532.0,15960.0
2021030905008396,NIFRA,47,21,50,532.0,26600.0
2021030905008395,NIFRA,47,29,50,532.0,26600.0
2021030905008392,NIFRA,47,1,50,532.0,26600.0
2021030905008391,NIFRA,47,58,30,532.0,15960.0
2021030905008404,NIFRA,6,42,25,532.0,13300.0
2021030905008403,NIFRA,6,39,95,532.0,50540.0
2021030905008402,NIFRA,6,33,60,532.0,31920.0
2021030905008401,NIFRA,6,55,50,532.0,26600.0
2021030905008400,NIFRA,6,34,30,532.0,15960.0
2021030905008399,NIFRA,6,28,40,532.0,21280.0
2021030905008410,NIFRA,20,6,60,533.0,31980.0
2021030905008409,NIFRA,20,6,60,533.0,31980.0
2021030905008408,NIFRA,20,46,30,533.0,15990.0
2021030905008407,NIFRA,20,55,275,533.0,146575.0
2021030905008406,NIFRA,20,38,50,533.0,26650.0
2021030905008405,NIFRA,45,42,35,531.0,18585.0
2021030905008417,NIFRA,41,38,40,532.0,21280.0
2021030905008416,NIFRA,41,35,60,532.0,31920.0
2021030905008415,NIFRA,41,45,50,532.0,26600.0
2021030905008414,NIFRA,41,41,50,532.0,26600.0
2021030905008413,NIFRA,45,40,60,531.0,31860.0
2021030905008411,NIFRA,20,6,25,533.0,13325.0
2021030905008437,NIFRA,37,58,15,532.0,7980.0
2021030905008436,NIFRA,37,51,50,532.0,26600.0
2021030905008435,NIFRA,37,7,50,532.0,26600.0
2021030905008420,NIFRA,45,42,50,531.0,26550.0
2021030905008419,NIFRA,45,17,50,531.0,26550.0
2021030905008418,NIFRA,45,38,10,531.0,5310.0
2021030905008444,NIFRA,45,38,50,531.0,26550.0
2021030905008443,NIFRA,45,45,20,531.0,10620.0
2021030905008441,NIFRA,37,59,35,532.0,18620.0
2021030905008440,NIFRA,37,45,50,532.0,26600.0
2021030905008439,NIFRA,37,44,50,532.0,26600.0
2021030905008438,NIFRA,37,25,50,532.0,26600.0
2021030905008453,NIFRA,58,59,20,532.0,10640.0
2021030905008452,NIFRA,45,40,50,531.0,26550.0
2021030905008451,NIFRA,45,10,50,531.0,26550.0
2021030905008450,NIFRA,45,47,60,531.0,31860.0
2021030905008448,NIFRA,45,46,50,531.0,26550.0
2021030905008445,NIFRA,45,45,50,531.0,26550.0
2021030905008460,NIFRA,45,38,60,531.0,31860.0
2021030905008459,NIFRA,45,58,60,531.0,31860.0
2021030905008458,NIFRA,45,1,50,531.0,26550.0
2021030905008457,NIFRA,45,40,50,531.0,26550.0
2021030905008455,NIFRA,45,45,50,531.0,26550.0
2021030905008454,NIFRA,45,21,30,531.0,15930.0
2021030905008467,NIFRA,45,17,250,531.0,132750.0
2021030905008466,NIFRA,45,58,50,531.0,26550.0
2021030905008464,NIFRA,45,4,50,531.0,26550.0
2021030905008463,NIFRA,45,33,50,531.0,26550.0
2021030905008462,NIFRA,45,42,50,531.0,26550.0
2021030905008461,NIFRA,45,57,50,531.0,26550.0
2021030905008474,NIFRA,45,57,60,531.0,31860.0
2021030905008472,NIFRA,45,36,650,531.0,345150.0
2021030905008471,NIFRA,49,59,90,532.0,47880.0
2021030905008470,NIFRA,45,38,50,531.0,26550.0
2021030905008469,NIFRA,45,4,50,531.0,26550.0
2021030905008468,NIFRA,45,45,50,531.0,26550.0
2021030905008482,NIFRA,58,59,10,532.0,5320.0
2021030905008480,NIFRA,45,35,50,531.0,26550.0
2021030905008479,NIFRA,3,59,100,532.0,53200.0
2021030905008478,NIFRA,45,26,50,531.0,26550.0
2021030905008476,NIFRA,45,58,50,531.0,26550.0
2021030905008475,NIFRA,45,45,60,531.0,31860.0
2021030905008489,NIFRA,55,59,10,532.0,5320.0
2021030905008487,NIFRA,45,34,50,531.0,26550.0
2021030905008486,NIFRA,6,59,10,532.0,5320.0
2021030905008485,NIFRA,45,52,50,531.0,26550.0
2021030905008484,NIFRA,45,59,100,532.0,53200.0
2021030905008483,NIFRA,45,4,"5,000",531.0,2655000.0
2021030905008496,NIFRA,34,58,25,532.0,13300.0
2021030905008495,NIFRA,34,59,75,532.0,39900.0
2021030905008494,NIFRA,45,47,40,531.0,21240.0
2021030905008492,NIFRA,34,59,50,532.0,26600.0
2021030905008491,NIFRA,45,1,50,531.0,26550.0
2021030905008490,NIFRA,45,21,60,531.0,31860.0
2021030905008502,NIFRA,38,58,455,532.0,242060.0
2021030905008501,NIFRA,38,58,60,532.0,31920.0
2021030905008500,NIFRA,51,17,5,532.0,2660.0
2021030905008499,NIFRA,33,17,55,532.0,29260.0
2021030905008498,NIFRA,33,40,60,532.0,31920.0
2021030905008497,NIFRA,33,58,25,532.0,13300.0
2021030905008513,NIFRA,45,49,50,531.0,26550.0
2021030905008512,NIFRA,45,26,50,531.0,26550.0
2021030905008511,NIFRA,45,42,50,531.0,26550.0
2021030905008510,NIFRA,45,6,50,531.0,26550.0
2021030905008508,NIFRA,45,44,60,531.0,31860.0
2021030905008503,NIFRA,50,58,500,532.0,266000.0
2021030905008520,NIFRA,44,19,70,532.0,37240.0
2021030905008519,NIFRA,44,50,100,532.0,53200.0
2021030905008518,NIFRA,44,45,50,532.0,26600.0
2021030905008517,NIFRA,44,44,50,532.0,26600.0
2021030905008515,NIFRA,45,33,60,531.0,31860.0
2021030905008514,NIFRA,21,58,500,532.0,266000.0
2021030905008527,NIFRA,45,47,50,531.0,26550.0
2021030905008525,NIFRA,44,6,500,532.0,266000.0
2021030905008524,NIFRA,44,50,50,532.0,26600.0
2021030905008523,NIFRA,44,38,100,532.0,53200.0
2021030905008522,NIFRA,44,40,50,532.0,26600.0
2021030905008521,NIFRA,44,58,30,532.0,15960.0
2021030905008533,NIFRA,41,47,20,532.0,10640.0
2021030905008532,NIFRA,41,50,21,532.0,11172.0
2021030905008531,NIFRA,50,50,29,532.0,15428.0
2021030905008530,NIFRA,50,53,20,532.0,10640.0
2021030905008529,NIFRA,50,35,391,532.0,208012.0
2021030905008528,NIFRA,50,58,60,532.0,31920.0
2021030905008540,NIFRA,45,21,275,531.0,146025.0
2021030905008539,NIFRA,41,21,25,532.0,13300.0
2021030905008538,NIFRA,41,21,25,532.0,13300.0
2021030905008536,NIFRA,45,49,50,531.0,26550.0
2021030905008535,NIFRA,45,25,60,531.0,31860.0
2021030905008534,NIFRA,41,49,59,532.0,31388.0
2021030905008549,NIFRA,45,38,60,531.0,31860.0
2021030905008548,NIFRA,25,48,279,532.0,148428.0
2021030905008547,NIFRA,45,51,60,531.0,31860.0
2021030905008546,NIFRA,45,4,50,531.0,26550.0
2021030905008544,NIFRA,34,48,128,532.0,68096.0
2021030905008541,NIFRA,45,49,"1,000",531.0,531000.0
2021030905008555,NIFRA,47,59,47,532.0,25004.0
2021030905008554,NIFRA,47,47,60,532.0,31920.0
2021030905008553,NIFRA,47,21,50,532.0,26600.0
2021030905008552,NIFRA,47,48,43,532.0,22876.0
2021030905008551,NIFRA,45,17,40,531.0,21240.0
2021030905008550,NIFRA,41,48,100,532.0,53200.0
2021030905008562,NIFRA,45,57,50,531.0,26550.0
2021030905008561,NIFRA,45,26,50,531.0,26550.0
2021030905008560,NIFRA,47,59,100,532.0,53200.0
2021030905008559,NIFRA,49,59,40,532.0,21280.0
2021030905008557,NIFRA,45,32,60,531.0,31860.0
2021030905008556,NIFRA,45,22,50,531.0,26550.0
2021030905008568,NIFRA,22,59,200,532.0,106400.0
2021030905008567,NIFRA,45,33,595,531.0,315945.0
2021030905008566,NIFRA,45,17,160,531.0,84960.0
2021030905008565,NIFRA,45,7,20,531.0,10620.0
2021030905008564,NIFRA,21,59,100,532.0,53200.0
2021030905008563,NIFRA,45,4,"2,000",531.0,1062000.0
2021030905008574,NIFRA,45,28,50,531.0,26550.0
2021030905008573,NIFRA,45,55,50,531.0,26550.0
2021030905008572,NIFRA,45,55,50,531.0,26550.0
2021030905008571,NIFRA,22,59,50,532.0,26600.0
2021030905008570,NIFRA,45,4,50,531.0,26550.0
2021030905008569,NIFRA,45,56,50,531.0,26550.0
2021030905008581,NIFRA,51,58,50,532.0,26600.0
2021030905008580,NIFRA,51,49,50,532.0,26600.0
2021030905008579,NIFRA,51,55,50,532.0,26600.0
2021030905008578,NIFRA,51,42,50,532.0,26600.0
2021030905008577,NIFRA,51,59,463,532.0,246316.0
2021030905008575,NIFRA,45,58,50,531.0,26550.0
2021030905008587,NIFRA,45,4,"2,000",531.0,1062000.0
2021030905008586,NIFRA,42,19,210,532.0,111720.0
2021030905008585,NIFRA,45,33,60,531.0,31860.0
2021030905008584,NIFRA,51,19,140,532.0,74480.0
2021030905008583,NIFRA,51,59,50,532.0,26600.0
2021030905008582,NIFRA,51,6,60,532.0,31920.0
2021030905008593,NIFRA,45,50,50,531.0,26550.0
2021030905008592,NIFRA,34,50,125,533.0,66625.0
2021030905008591,NIFRA,34,6,25,533.0,13325.0
2021030905008590,NIFRA,34,19,150,532.0,79800.0
2021030905008589,NIFRA,45,14,50,531.0,26550.0
2021030905008588,NIFRA,45,48,60,531.0,31860.0
2021030905008599,NIFRA,52,38,50,532.0,26600.0
2021030905008598,NIFRA,45,49,50,531.0,26550.0
2021030905008597,NIFRA,19,49,10,532.0,5320.0
2021030905008596,NIFRA,19,42,40,532.0,21280.0
2021030905008595,NIFRA,19,4,50,532.0,26600.0
2021030905008594,NIFRA,45,54,500,531.0,265500.0
2021030905008608,NIFRA,47,52,20,532.0,10640.0
2021030905008607,NIFRA,59,52,30,532.0,15960.0
2021030905008606,NIFRA,16,50,350,533.0,186550.0
2021030905008602,NIFRA,59,3,20,532.0,10640.0
2021030905008601,NIFRA,52,3,30,532.0,15960.0
2021030905008600,NIFRA,52,58,10,532.0,5320.0
2021030905008614,NIFRA,6,36,60,532.0,31920.0
2021030905008613,NIFRA,10,36,70,532.0,37240.0
2021030905008612,NIFRA,10,4,50,532.0,26600.0
2021030905008611,NIFRA,10,52,30,532.0,15960.0
2021030905008610,NIFRA,47,52,30,532.0,15960.0
2021030905008609,NIFRA,47,38,100,532.0,53200.0
2021030905008620,NIFRA,16,38,50,532.0,26600.0
2021030905008619,NIFRA,16,58,30,532.0,15960.0
2021030905008618,NIFRA,29,58,20,532.0,10640.0
2021030905008617,NIFRA,29,14,10,532.0,5320.0
2021030905008616,NIFRA,29,26,10,532.0,5320.0
2021030905008615,NIFRA,6,26,40,532.0,21280.0
2021030905008626,NIFRA,32,51,40,532.0,21280.0
2021030905008625,NIFRA,4,51,30,532.0,15960.0
2021030905008624,NIFRA,4,59,30,532.0,15960.0
2021030905008623,NIFRA,58,59,10,532.0,5320.0
2021030905008622,NIFRA,16,59,10,532.0,5320.0
2021030905008621,NIFRA,16,47,10,532.0,5320.0
2021030905008633,NIFRA,34,39,30,532.0,15960.0
2021030905008632,NIFRA,46,39,30,532.0,15960.0
2021030905008631,NIFRA,46,28,50,532.0,26600.0
2021030905008630,NIFRA,58,51,90,532.0,47880.0
2021030905008628,NIFRA,47,51,100,532.0,53200.0
2021030905008627,NIFRA,57,51,100,532.0,53200.0
2021030905008639,NIFRA,39,34,50,532.0,26600.0
2021030905008638,NIFRA,39,25,200,532.0,106400.0
2021030905008637,NIFRA,45,26,60,531.0,31860.0
2021030905008636,NIFRA,45,40,50,531.0,26550.0
2021030905008635,NIFRA,34,40,10,532.0,5320.0
2021030905008634,NIFRA,34,42,10,532.0,5320.0
2021030905008647,NIFRA,14,21,30,532.0,15960.0
2021030905008644,NIFRA,14,49,50,532.0,26600.0
2021030905008643,NIFRA,14,58,50,532.0,26600.0
2021030905008642,NIFRA,14,58,50,532.0,26600.0
2021030905008641,NIFRA,14,39,20,532.0,10640.0
2021030905008640,NIFRA,39,39,80,532.0,42560.0
2021030905008655,PLI,21,22,10,752.0,7520.0
2021030905008654,PLI,21,29,10,752.0,7520.0
2021030905008646,PLI,21,58,10,752.0,7520.0
2021030905008645,PLI,21,25,120,752.0,90240.0
2021030905008629,PLI,14,26,10,751.0,7510.0
2021030905008605,PLI,32,25,80,752.0,60160.0
2021030905008159,PLI,58,42,10,747.0,7470.0
2021030905008158,PLI,43,57,10,747.0,7470.0
2021030905008182,PLI,50,6,10,747.0,7470.0
2021030905008177,PLI,50,20,10,747.0,7470.0
2021030905008176,PLI,50,51,10,747.0,7470.0
2021030905008172,PLI,50,6,10,748.0,7480.0
2021030905008171,PLI,50,4,10,747.0,7470.0
2021030905008164,PLI,50,56,10,747.0,7470.0
2021030905008287,PLI,33,44,10,748.0,7480.0
2021030905008284,PLI,33,1,50,748.0,37400.0
2021030905008277,PLI,33,34,10,748.0,7480.0
2021030905008229,PLI,6,20,10,747.0,7470.0
2021030905008207,PLI,28,39,10,747.0,7470.0
2021030905008188,PLI,28,35,10,747.0,7470.0
2021030905008357,PLI,33,11,10,749.0,7490.0
2021030905008349,PLI,33,28,10,749.0,7490.0
2021030905008326,PLI,42,59,10,750.0,7500.0
2021030905008325,PLI,42,16,10,750.0,7500.0
2021030905008316,PLI,33,44,10,749.0,7490.0
2021030905008293,PLI,33,34,10,749.0,7490.0
2021030905008412,PLI,55,1,10,748.0,7480.0
2021030905008394,PLI,21,44,10,749.0,7490.0
2021030905008393,PLI,21,48,10,749.0,7490.0
2021030905008390,PLI,33,17,10,749.0,7490.0
2021030905008384,PLI,33,20,10,749.0,7490.0
2021030905008373,PLI,33,52,10,749.0,7490.0
2021030905008426,PLI,41,59,10,750.0,7500.0
2021030905008425,PLI,41,16,10,750.0,7500.0
2021030905008424,PLI,41,6,10,750.0,7500.0
2021030905008423,PLI,41,35,10,750.0,7500.0
2021030905008422,PLI,41,54,10,750.0,7500.0
2021030905008421,PLI,41,11,10,749.0,7490.0
2021030905008432,PLI,41,34,10,750.0,7500.0
2021030905008431,PLI,41,20,25,750.0,18750.0
2021030905008430,PLI,41,46,10,750.0,7500.0
2021030905008429,PLI,41,8,10,750.0,7500.0
2021030905008428,PLI,41,38,10,750.0,7500.0
2021030905008427,PLI,41,21,10,750.0,7500.0
2021030905008456,PLI,55,57,10,748.0,7480.0
2021030905008449,PLI,55,55,10,748.0,7480.0
2021030905008446,PLI,55,44,10,748.0,7480.0
2021030905008442,PLI,55,17,10,748.0,7480.0
2021030905008434,PLI,41,35,10,750.0,7500.0
2021030905008433,PLI,41,52,10,750.0,7500.0
2021030905008504,PLI,33,56,10,750.0,7500.0
2021030905008493,PLI,43,37,10,749.0,7490.0
2021030905008488,PLI,43,43,10,749.0,7490.0
2021030905008481,PLI,55,38,10,748.0,7480.0
2021030905008477,PLI,55,4,10,748.0,7480.0
2021030905008473,PLI,55,45,10,748.0,7480.0
2021030905008526,PLI,33,26,10,750.0,7500.0
2021030905008516,PLI,33,45,10,750.0,7500.0
2021030905008509,PLI,33,22,10,750.0,7500.0
2021030905008507,PLI,33,21,10,750.0,7500.0
2021030905008506,PLI,33,38,10,750.0,7500.0
2021030905008505,PLI,33,47,10,750.0,7500.0
2021030905008604,PLI,32,58,10,752.0,7520.0
2021030905008603,PLI,32,40,10,752.0,7520.0
2021030905008576,PLI,14,4,10,751.0,7510.0
2021030905008558,PLI,14,38,10,751.0,7510.0
2021030905008543,PLI,33,57,10,750.0,7500.0
2021030905008542,PLI,33,28,10,750.0,7500.0
2021030905008155,NIFRA,53,11,20,531.0,10620.0
2021030905008154,NIFRA,53,39,345,531.0,183195.0
2021030905008153,NIFRA,53,40,60,531.0,31860.0
2021030905008151,NIFRA,53,45,50,531.0,26550.0
2021030905008150,NIFRA,53,42,50,531.0,26550.0
2021030905008149,NIFRA,53,55,50,531.0,26550.0
2021030905007661,NIFRA,34,26,50,531.0,26550.0
2021030905007660,NIFRA,34,45,50,531.0,26550.0
2021030905007659,NIFRA,21,28,55,531.0,29205.0
2021030905007657,NIFRA,21,18,60,531.0,31860.0
2021030905007656,NIFRA,21,52,50,531.0,26550.0
2021030905007670,NIFRA,34,11,60,531.0,31860.0
2021030905007669,NIFRA,34,14,25,531.0,13275.0
2021030905007667,NIFRA,34,45,50,531.0,26550.0
2021030905007665,NIFRA,34,46,50,531.0,26550.0
2021030905007664,NIFRA,34,48,50,531.0,26550.0
2021030905007663,NIFRA,34,42,50,531.0,26550.0
2021030905007677,NIFRA,58,35,130,531.0,69030.0
2021030905007676,NIFRA,41,35,150,531.0,79650.0
2021030905007675,NIFRA,34,35,355,531.0,188505.0
2021030905007674,NIFRA,39,35,240,531.0,127440.0
2021030905007672,NIFRA,34,36,60,531.0,31860.0
2021030905007671,NIFRA,34,45,50,531.0,26550.0
2021030905007684,NIFRA,57,45,50,531.0,26550.0
2021030905007683,NIFRA,57,28,50,531.0,26550.0
2021030905007682,NIFRA,57,46,10,531.0,5310.0
2021030905007680,NIFRA,57,40,60,531.0,31860.0
2021030905007679,NIFRA,57,46,50,531.0,26550.0
2021030905007678,NIFRA,57,35,125,531.0,66375.0
2021030905007691,NIFRA,54,21,50,531.0,26550.0
2021030905007690,NIFRA,54,7,380,531.0,201780.0
2021030905007689,NIFRA,41,7,25,531.0,13275.0
2021030905007688,NIFRA,57,7,95,531.0,50445.0
2021030905007686,NIFRA,57,42,10,531.0,5310.0
2021030905007685,NIFRA,57,11,50,531.0,26550.0
2021030905007701,NIFRA,52,18,40,531.0,21240.0
2021030905007699,NIFRA,51,18,10,531.0,5310.0
2021030905007698,NIFRA,51,16,30,531.0,15930.0
2021030905007697,NIFRA,51,32,60,531.0,31860.0
2021030905007693,NIFRA,54,16,20,531.0,10620.0
2021030905007692,NIFRA,54,46,50,531.0,26550.0
2021030905007707,NIFRA,21,18,60,531.0,31860.0
2021030905007706,NIFRA,21,21,40,531.0,21240.0
2021030905007705,NIFRA,21,11,50,531.0,26550.0
2021030905007704,NIFRA,21,26,60,531.0,31860.0
2021030905007703,NIFRA,21,42,30,531.0,15930.0
2021030905007702,NIFRA,52,42,20,531.0,10620.0
2021030905007714,NIFRA,48,45,40,531.0,21240.0
2021030905007713,NIFRA,21,45,60,531.0,31860.0
2021030905007712,NIFRA,21,56,50,531.0,26550.0
2021030905007710,NIFRA,21,38,50,531.0,26550.0
2021030905007709,NIFRA,21,46,50,531.0,26550.0
2021030905007708,NIFRA,21,48,50,531.0,26550.0
2021030905007721,NIFRA,37,45,50,531.0,26550.0
2021030905007720,NIFRA,37,45,50,531.0,26550.0
2021030905007718,NIFRA,48,48,60,531.0,31860.0
2021030905007717,NIFRA,48,46,50,531.0,26550.0
2021030905007716,NIFRA,48,53,300,531.0,159300.0
2021030905007715,NIFRA,48,45,50,531.0,26550.0
2021030905007727,NIFRA,37,48,50,531.0,26550.0
2021030905007726,NIFRA,37,41,60,531.0,31860.0
2021030905007725,NIFRA,37,46,50,531.0,26550.0
2021030905007724,NIFRA,37,38,60,531.0,31860.0
2021030905007723,NIFRA,37,3,60,531.0,31860.0
2021030905007722,NIFRA,37,46,50,531.0,26550.0
2021030905007736,NIFRA,42,46,30,531.0,15930.0
2021030905007735,NIFRA,42,48,50,531.0,26550.0
2021030905007734,NIFRA,56,46,25,531.0,13275.0
2021030905007731,NIFRA,45,38,60,530.0,31800.0
2021030905007729,NIFRA,37,46,20,531.0,10620.0
2021030905007728,NIFRA,37,34,50,531.0,26550.0
2021030905007743,NIFRA,42,46,30,531.0,15930.0
2021030905007742,NIFRA,26,46,20,531.0,10620.0
2021030905007741,NIFRA,26,7,10,531.0,5310.0
2021030905007740,NIFRA,26,11,50,531.0,26550.0
2021030905007739,NIFRA,26,46,20,531.0,10620.0
2021030905007737,NIFRA,45,34,50,530.0,26500.0
2021030905007749,NIFRA,42,38,60,531.0,31860.0
2021030905007748,NIFRA,42,10,60,531.0,31860.0
2021030905007747,NIFRA,42,21,50,531.0,26550.0
2021030905007746,NIFRA,42,51,50,531.0,26550.0
2021030905007745,NIFRA,42,11,50,531.0,26550.0
2021030905007744,NIFRA,42,20,50,531.0,26550.0
2021030905007755,NIFRA,58,56,10,531.0,5310.0
2021030905007754,NIFRA,45,38,50,530.0,26500.0
2021030905007753,NIFRA,45,40,40,530.0,21200.0
2021030905007752,NIFRA,33,47,50,531.0,26550.0
2021030905007751,NIFRA,33,50,50,531.0,26550.0
2021030905007750,NIFRA,38,36,20,531.0,10620.0
2021030905007762,NIFRA,42,44,50,531.0,26550.0
2021030905007761,NIFRA,42,1,50,531.0,26550.0
2021030905007760,NIFRA,42,11,50,531.0,26550.0
2021030905007759,NIFRA,42,56,50,531.0,26550.0
2021030905007758,NIFRA,45,41,60,530.0,31800.0
2021030905007757,NIFRA,45,21,50,530.0,26500.0
2021030905007768,NIFRA,42,45,50,531.0,26550.0
2021030905007767,NIFRA,42,47,60,531.0,31860.0
2021030905007766,NIFRA,42,10,60,531.0,31860.0
2021030905007765,NIFRA,42,34,50,531.0,26550.0
2021030905007764,NIFRA,42,58,10,531.0,5310.0
2021030905007763,NIFRA,42,46,50,531.0,26550.0
2021030905007774,NIFRA,42,57,200,531.0,106200.0
2021030905007773,NIFRA,42,11,60,531.0,31860.0
2021030905007772,NIFRA,42,56,15,531.0,7965.0
2021030905007771,NIFRA,42,56,50,531.0,26550.0
2021030905007770,NIFRA,42,46,50,531.0,26550.0
2021030905007769,NIFRA,42,11,60,531.0,31860.0
2021030905007780,NIFRA,45,10,60,531.0,31860.0
2021030905007779,NIFRA,45,47,15,531.0,7965.0
2021030905007778,NIFRA,45,21,60,530.0,31800.0
2021030905007777,NIFRA,45,20,10,530.0,5300.0
2021030905007776,NIFRA,42,47,35,531.0,18585.0
2021030905007775,NIFRA,42,19,50,531.0,26550.0
2021030905007786,NIFRA,45,48,50,531.0,26550.0
2021030905007785,NIFRA,45,35,40,531.0,21240.0
2021030905007784,NIFRA,45,21,50,531.0,26550.0
2021030905007783,NIFRA,45,45,50,531.0,26550.0
2021030905007782,NIFRA,45,33,60,531.0,31860.0
2021030905007781,NIFRA,45,38,10,531.0,5310.0
2021030905007795,NIFRA,58,20,28,531.0,14868.0
2021030905007794,NIFRA,58,38,10,531.0,5310.0
2021030905007793,NIFRA,19,38,50,531.0,26550.0
2021030905007792,NIFRA,45,21,45,531.0,23895.0
2021030905007790,NIFRA,45,56,60,531.0,31860.0
2021030905007787,NIFRA,45,26,60,531.0,31860.0
2021030905007801,NIFRA,46,58,50,531.0,26550.0
2021030905007800,NIFRA,46,36,50,531.0,26550.0
2021030905007799,NIFRA,46,32,50,531.0,26550.0
2021030905007798,NIFRA,45,21,50,530.0,26500.0
2021030905007797,NIFRA,45,20,12,530.0,6360.0
2021030905007796,NIFRA,55,20,20,531.0,10620.0
2021030905007809,NIFRA,44,45,320,531.0,169920.0
2021030905007808,NIFRA,46,45,180,531.0,95580.0
2021030905007807,NIFRA,46,45,60,531.0,31860.0
2021030905007805,NIFRA,46,51,20,531.0,10620.0
2021030905007804,NIFRA,46,48,60,531.0,31860.0
2021030905007803,NIFRA,46,28,30,531.0,15930.0
2021030905007818,NIFRA,44,8,60,531.0,31860.0
2021030905007816,NIFRA,44,21,60,531.0,31860.0
2021030905007815,NIFRA,44,38,60,531.0,31860.0
2021030905007814,NIFRA,44,21,60,531.0,31860.0
2021030905007813,NIFRA,44,11,60,531.0,31860.0
2021030905007811,NIFRA,44,13,60,531.0,31860.0
2021030905007825,NIFRA,44,58,50,531.0,26550.0
2021030905007824,NIFRA,44,21,50,531.0,26550.0
2021030905007823,NIFRA,44,11,50,531.0,26550.0
2021030905007822,NIFRA,44,56,50,531.0,26550.0
2021030905007821,NIFRA,44,46,50,531.0,26550.0
2021030905007819,NIFRA,44,40,40,531.0,21240.0
2021030905007831,NIFRA,44,40,40,531.0,21240.0
2021030905007830,NIFRA,44,21,50,531.0,26550.0
2021030905007829,NIFRA,44,56,50,531.0,26550.0
2021030905007828,NIFRA,44,45,50,531.0,26550.0
2021030905007827,NIFRA,44,48,20,531.0,10620.0
2021030905007826,NIFRA,44,48,30,531.0,15930.0
2021030905007837,NIFRA,44,58,30,531.0,15930.0
2021030905007836,NIFRA,44,11,50,531.0,26550.0
2021030905007835,NIFRA,44,35,50,531.0,26550.0
2021030905007834,NIFRA,44,48,50,531.0,26550.0
2021030905007833,NIFRA,44,1,60,531.0,31860.0
2021030905007832,NIFRA,44,57,50,531.0,26550.0
2021030905007843,NIFRA,58,52,10,531.0,5310.0
2021030905007842,NIFRA,8,52,25,531.0,13275.0
2021030905007841,NIFRA,8,11,50,531.0,26550.0
2021030905007840,NIFRA,8,45,60,531.0,31860.0
2021030905007839,NIFRA,8,38,50,531.0,26550.0
2021030905007838,NIFRA,8,58,15,531.0,7965.0
2021030905007851,NIFRA,42,28,60,531.0,31860.0
2021030905007850,NIFRA,42,1,50,531.0,26550.0
2021030905007848,NIFRA,42,21,50,531.0,26550.0
2021030905007846,NIFRA,42,51,60,531.0,31860.0
2021030905007845,NIFRA,42,3,60,531.0,31860.0
2021030905007844,NIFRA,42,52,15,531.0,7965.0
2021030905007857,NIFRA,29,58,15,531.0,7965.0
2021030905007856,NIFRA,45,38,10,530.0,5300.0
2021030905007855,NIFRA,42,58,35,531.0,18585.0
2021030905007854,NIFRA,42,3,60,531.0,31860.0
2021030905007853,NIFRA,42,48,60,531.0,31860.0
2021030905007852,NIFRA,42,45,50,531.0,26550.0
2021030905007863,NIFRA,45,10,50,530.0,26500.0
2021030905007862,NIFRA,18,14,75,531.0,39825.0
2021030905007861,NIFRA,45,45,60,530.0,31800.0
2021030905007860,NIFRA,13,14,15,531.0,7965.0
2021030905007859,NIFRA,45,20,50,530.0,26500.0
2021030905007858,NIFRA,29,46,60,531.0,31860.0
2021030905007871,NIFRA,45,21,50,530.0,26500.0
2021030905007870,NIFRA,45,54,10,530.0,5300.0
2021030905007869,NIFRA,45,38,50,530.0,26500.0
2021030905007868,NIFRA,45,54,50,530.0,26500.0
2021030905007865,NIFRA,55,21,60,531.0,31860.0
2021030905007864,NIFRA,55,42,40,531.0,21240.0
2021030905007877,NIFRA,45,38,50,530.0,26500.0
2021030905007876,NIFRA,45,38,50,530.0,26500.0
2021030905007875,NIFRA,45,55,60,530.0,31800.0
2021030905007874,NIFRA,45,10,50,530.0,26500.0
2021030905007873,NIFRA,45,48,60,530.0,31800.0
2021030905007872,NIFRA,45,6,50,530.0,26500.0
2021030905007893,NIFRA,56,6,10,531.0,5310.0
2021030905007892,NIFRA,56,34,80,531.0,42480.0
2021030905007891,NIFRA,56,46,60,531.0,31860.0
2021030905007890,NIFRA,56,21,50,531.0,26550.0
2021030905007889,NIFRA,45,48,60,530.0,31800.0
2021030905007888,NIFRA,45,21,50,530.0,26500.0
2021030905007900,NIFRA,45,40,60,530.0,31800.0
2021030905007898,NIFRA,45,52,10,530.0,5300.0
2021030905007897,NIFRA,45,6,60,530.0,31800.0
2021030905007896,NIFRA,45,28,50,530.0,26500.0
2021030905007895,NIFRA,45,18,60,530.0,31800.0
2021030905007894,NIFRA,45,55,50,530.0,26500.0
2021030905007907,NIFRA,45,54,20,530.0,10600.0
2021030905007906,NIFRA,46,6,30,531.0,15930.0
2021030905007905,NIFRA,45,18,50,530.0,26500.0
2021030905007904,NIFRA,45,50,50,530.0,26500.0
2021030905007902,NIFRA,45,48,50,530.0,26500.0
2021030905007901,NIFRA,45,6,50,530.0,26500.0
2021030905007922,NIFRA,5,6,10,531.0,5310.0
2021030905007920,NIFRA,45,48,50,530.0,26500.0
2021030905007919,NIFRA,45,17,20,530.0,10600.0
2021030905007918,NIFRA,45,42,40,530.0,21200.0
2021030905007917,NIFRA,45,34,60,530.0,31800.0
2021030905007908,NIFRA,45,57,60,530.0,31800.0
2021030905007929,NIFRA,45,52,50,530.0,26500.0
2021030905007928,NIFRA,45,18,60,530.0,31800.0
2021030905007927,NIFRA,45,51,40,530.0,21200.0
2021030905007925,NIFRA,45,38,60,530.0,31800.0
2021030905007924,NIFRA,5,6,30,531.0,15930.0
2021030905007923,NIFRA,5,54,60,531.0,31860.0
2021030905007936,NIFRA,34,10,50,531.0,26550.0
2021030905007935,NIFRA,34,6,30,531.0,15930.0
2021030905007933,NIFRA,45,41,50,530.0,26500.0
2021030905007932,NIFRA,45,38,60,530.0,31800.0
2021030905007931,NIFRA,45,17,20,530.0,10600.0
2021030905007930,NIFRA,45,5,20,530.0,10600.0
2021030905007945,NIFRA,45,52,60,530.0,31800.0
2021030905007944,NIFRA,45,49,20,530.0,10600.0
2021030905007943,NIFRA,45,4,40,530.0,21200.0
2021030905007939,NIFRA,45,45,20,530.0,10600.0
2021030905007938,NIFRA,45,57,50,530.0,26500.0
2021030905007937,NIFRA,34,54,20,531.0,10620.0
2021030905007952,NIFRA,45,36,50,530.0,26500.0
2021030905007950,NIFRA,50,10,10,531.0,5310.0
2021030905007949,NIFRA,50,54,40,531.0,21240.0
2021030905007948,NIFRA,45,18,60,530.0,31800.0
2021030905007947,NIFRA,45,28,50,530.0,26500.0
2021030905007946,NIFRA,45,38,50,530.0,26500.0
2021030905007959,NIFRA,45,52,50,530.0,26500.0
2021030905007958,NIFRA,45,58,50,530.0,26500.0
2021030905007956,NIFRA,45,38,50,530.0,26500.0
2021030905007955,NIFRA,45,41,50,530.0,26500.0
2021030905007954,NIFRA,45,49,50,530.0,26500.0
2021030905007953,NIFRA,45,45,20,530.0,10600.0
2021030905007966,NIFRA,58,58,10,531.0,5310.0
2021030905007965,NIFRA,57,58,50,531.0,26550.0
2021030905007964,NIFRA,57,10,50,531.0,26550.0
2021030905007963,NIFRA,45,59,250,530.0,132500.0
2021030905007961,NIFRA,45,49,60,530.0,31800.0
2021030905007960,NIFRA,45,18,50,530.0,26500.0
2021030905007973,NIFRA,45,49,60,530.0,31800.0
2021030905007972,NIFRA,45,18,50,530.0,26500.0
2021030905007971,NIFRA,45,48,60,530.0,31800.0
2021030905007969,NIFRA,45,8,50,530.0,26500.0
2021030905007968,NIFRA,58,57,130,531.0,69030.0
2021030905007967,NIFRA,58,45,60,531.0,31860.0
2021030905007982,NIFRA,45,58,60,530.0,31800.0
2021030905007981,NIFRA,45,49,60,530.0,31800.0
2021030905007979,NIFRA,45,40,60,530.0,31800.0
2021030905007976,NIFRA,45,17,980,530.0,519400.0
2021030905007975,NIFRA,45,28,60,530.0,31800.0
2021030905007974,NIFRA,45,36,60,530.0,31800.0
2021030905007988,NIFRA,45,21,50,530.0,26500.0
2021030905007987,NIFRA,45,52,50,530.0,26500.0
2021030905007986,NIFRA,45,53,100,530.0,53000.0
2021030905007985,NIFRA,45,46,60,530.0,31800.0
2021030905007984,NIFRA,45,48,50,530.0,26500.0
2021030905007983,NIFRA,45,45,60,530.0,31800.0
2021030905007994,NIFRA,21,39,60,531.0,31860.0
2021030905007993,NIFRA,21,51,60,531.0,31860.0
2021030905007992,NIFRA,21,58,50,531.0,26550.0
2021030905007991,NIFRA,21,33,50,531.0,26550.0
2021030905007990,NIFRA,21,6,50,531.0,26550.0
2021030905007989,NIFRA,21,57,70,531.0,37170.0
2021030905008002,NIFRA,44,41,900,531.0,477900.0
2021030905007999,NIFRA,45,52,10,530.0,5300.0
2021030905007998,NIFRA,21,52,40,531.0,21240.0
2021030905007997,NIFRA,21,47,10,531.0,5310.0
2021030905007996,NIFRA,21,1,60,531.0,31860.0
2021030905007995,NIFRA,21,6,50,531.0,26550.0
2021030905008009,NIFRA,45,49,20,530.0,10600.0
2021030905008008,NIFRA,45,28,50,530.0,26500.0
2021030905008006,NIFRA,45,47,60,530.0,31800.0
2021030905008005,NIFRA,44,54,30,531.0,15930.0
2021030905008004,NIFRA,44,48,60,531.0,31860.0
2021030905008003,NIFRA,44,51,10,531.0,5310.0
2021030905008016,NIFRA,45,6,50,531.0,26550.0
2021030905008014,NIFRA,45,54,370,531.0,196470.0
2021030905008013,NIFRA,42,54,100,531.0,53100.0
2021030905008012,NIFRA,45,32,50,530.0,26500.0
2021030905008011,NIFRA,45,35,10,530.0,5300.0
2021030905008010,NIFRA,45,1,50,530.0,26500.0
2021030905008024,NIFRA,45,34,60,531.0,31860.0
2021030905008023,NIFRA,45,42,60,531.0,31860.0
2021030905008021,NIFRA,45,58,50,531.0,26550.0
2021030905008019,NIFRA,45,19,50,531.0,26550.0
2021030905008018,NIFRA,45,58,50,531.0,26550.0
2021030905008017,NIFRA,45,28,60,531.0,31860.0
2021030905008030,NIFRA,58,44,60,532.0,31920.0
2021030905008029,NIFRA,58,58,60,532.0,31920.0
2021030905008028,NIFRA,45,19,50,531.0,26550.0
2021030905008027,NIFRA,45,39,50,531.0,26550.0
2021030905008026,NIFRA,45,47,50,531.0,26550.0
2021030905008025,NIFRA,45,42,50,531.0,26550.0
2021030905008037,NIFRA,45,47,50,531.0,26550.0
2021030905008036,NIFRA,45,17,50,531.0,26550.0
2021030905008035,NIFRA,45,36,50,531.0,26550.0
2021030905008034,NIFRA,45,33,60,531.0,31860.0
2021030905008033,NIFRA,45,56,60,531.0,31860.0
2021030905008031,NIFRA,58,26,80,532.0,42560.0
2021030905008045,NIFRA,45,39,60,531.0,31860.0
2021030905008043,NIFRA,45,57,50,531.0,26550.0
2021030905008041,NIFRA,45,5,60,531.0,31860.0
2021030905008040,NIFRA,45,32,50,531.0,26550.0
2021030905008039,NIFRA,45,49,40,531.0,21240.0
2021030905008038,NIFRA,45,19,60,531.0,31860.0
2021030905008051,NIFRA,45,17,50,531.0,26550.0
2021030905008050,NIFRA,45,48,60,531.0,31860.0
2021030905008049,NIFRA,45,52,50,531.0,26550.0
2021030905008048,NIFRA,45,40,60,531.0,31860.0
2021030905008047,NIFRA,45,32,50,531.0,26550.0
2021030905008046,NIFRA,45,35,10,531.0,5310.0
2021030905008057,NIFRA,37,58,20,532.0,10640.0
2021030905008056,NIFRA,37,51,10,532.0,5320.0
2021030905008055,NIFRA,37,26,20,532.0,10640.0
2021030905008054,NIFRA,45,20,50,531.0,26550.0
2021030905008053,NIFRA,45,47,50,531.0,26550.0
2021030905008052,NIFRA,45,50,10,531.0,5310.0
2021030905008063,NIFRA,49,54,10,532.0,5320.0
2021030905008062,NIFRA,49,58,50,532.0,26600.0
2021030905008061,NIFRA,49,58,40,532.0,21280.0
2021030905008060,NIFRA,49,58,50,532.0,26600.0
2021030905008059,NIFRA,49,58,50,532.0,26600.0
2021030905008058,NIFRA,45,45,50,531.0,26550.0
2021030905008070,NIFRA,45,52,50,531.0,26550.0
2021030905008069,NIFRA,45,46,60,531.0,31860.0
2021030905008068,NIFRA,45,49,200,531.0,106200.0
2021030905008067,NIFRA,45,58,50,531.0,26550.0
2021030905008066,NIFRA,45,47,60,531.0,31860.0
2021030905008064,NIFRA,45,49,60,531.0,31860.0
2021030905008077,NIFRA,18,54,350,532.0,186200.0
2021030905008076,NIFRA,45,52,60,531.0,31860.0
2021030905008074,NIFRA,45,20,50,531.0,26550.0
2021030905008073,NIFRA,45,39,50,531.0,26550.0
2021030905008072,NIFRA,45,50,50,531.0,26550.0
2021030905008071,NIFRA,45,36,30,531.0,15930.0
2021030905008083,NIFRA,18,38,50,532.0,26600.0
2021030905008082,NIFRA,18,58,60,532.0,31920.0
2021030905008081,NIFRA,18,58,200,532.0,106400.0
2021030905008080,NIFRA,18,58,60,532.0,31920.0
2021030905008079,NIFRA,18,48,50,532.0,26600.0
2021030905008078,NIFRA,18,58,60,532.0,31920.0
2021030905008089,NIFRA,18,22,11,532.0,5852.0
2021030905008088,NIFRA,18,34,50,532.0,26600.0
2021030905008087,NIFRA,18,58,60,532.0,31920.0
2021030905008086,NIFRA,18,58,50,532.0,26600.0
2021030905008085,NIFRA,18,51,60,532.0,31920.0
2021030905008084,NIFRA,18,58,50,532.0,26600.0
2021030905008095,NIFRA,18,52,50,532.0,26600.0
2021030905008094,NIFRA,18,33,60,532.0,31920.0
2021030905008093,NIFRA,18,4,50,532.0,26600.0
2021030905008092,NIFRA,18,1,60,532.0,31920.0
2021030905008091,NIFRA,18,34,50,532.0,26600.0
2021030905008090,NIFRA,18,35,50,532.0,26600.0
2021030905008101,NIFRA,18,21,40,532.0,21280.0
2021030905008100,NIFRA,18,58,60,532.0,31920.0
2021030905008099,NIFRA,18,21,10,532.0,5320.0
2021030905008098,NIFRA,18,48,50,532.0,26600.0
2021030905008097,NIFRA,18,58,60,532.0,31920.0
2021030905008096,NIFRA,18,51,10,532.0,5320.0
2021030905008110,NIFRA,18,45,50,532.0,26600.0
2021030905008109,NIFRA,18,39,60,532.0,31920.0
2021030905008106,NIFRA,18,58,50,532.0,26600.0
2021030905008104,NIFRA,18,21,50,532.0,26600.0
2021030905008103,NIFRA,18,50,50,532.0,26600.0
2021030905008102,NIFRA,42,51,30,533.0,15990.0
2021030905008117,NIFRA,57,39,50,532.0,26600.0
2021030905008116,NIFRA,57,52,60,532.0,31920.0
2021030905008115,NIFRA,57,51,250,532.0,133000.0
2021030905008114,NIFRA,57,50,50,532.0,26600.0
2021030905008113,NIFRA,57,40,31,532.0,16492.0
2021030905008112,NIFRA,18,40,29,532.0,15428.0
2021030905008124,NIFRA,49,7,500,531.0,265500.0
2021030905008123,NIFRA,34,7,500,531.0,265500.0
2021030905008122,NIFRA,45,7,"7,240",531.0,3844440.0
2021030905008121,NIFRA,45,7,280,532.0,148960.0
2021030905008120,NIFRA,45,53,60,531.0,31860.0
2021030905008118,NIFRA,57,52,50,532.0,26600.0
2021030905008132,NIFRA,49,40,40,531.0,21240.0
2021030905008131,NIFRA,49,28,50,531.0,26550.0
2021030905008130,NIFRA,49,36,30,531.0,15930.0
2021030905008129,NIFRA,49,7,80,531.0,42480.0
2021030905008128,NIFRA,45,45,50,530.0,26500.0
2021030905008125,NIFRA,42,7,400,531.0,212400.0
2021030905008141,NIFRA,53,57,50,531.0,26550.0
2021030905008140,NIFRA,53,57,50,531.0,26550.0
2021030905008139,NIFRA,53,58,50,531.0,26550.0
2021030905008137,NIFRA,54,41,10,532.0,5320.0
2021030905008136,NIFRA,53,11,10,531.0,5310.0
2021030905008135,NIFRA,53,40,10,531.0,5310.0
2021030905008147,NIFRA,53,42,50,531.0,26550.0
2021030905008146,NIFRA,53,46,50,531.0,26550.0
2021030905008145,NIFRA,53,28,50,531.0,26550.0
2021030905008144,NIFRA,53,43,50,531.0,26550.0
2021030905008143,NIFRA,41,34,10,532.0,5320.0
2021030905008142,NIFRA,41,41,40,532.0,21280.0
2021030905008152,PLI,43,58,10,747.0,7470.0
2021030905008148,PLI,50,22,10,748.0,7480.0
2021030905008138,PLI,50,52,10,748.0,7480.0
2021030905008134,PLI,50,40,10,748.0,7480.0
2021030905008133,PLI,50,45,10,748.0,7480.0
2021030905008127,PLI,43,22,10,747.0,7470.0
2021030905007666,PLI,36,8,10,747.0,7470.0
2021030905007662,PLI,36,48,10,747.0,7470.0
2021030905007658,PLI,36,20,10,747.0,7470.0
2021030905007695,PLI,13,28,10,748.0,7480.0
2021030905007694,PLI,52,45,10,747.0,7470.0
2021030905007687,PLI,5,35,10,747.0,7470.0
2021030905007681,PLI,5,38,10,747.0,7470.0
2021030905007673,PLI,36,26,10,747.0,7470.0
2021030905007668,PLI,36,35,10,747.0,7470.0
2021030905007732,PLI,55,20,10,747.0,7470.0
2021030905007730,PLI,20,45,10,747.0,7470.0
2021030905007719,PLI,20,16,10,747.0,7470.0
2021030905007711,PLI,52,40,10,747.0,7470.0
2021030905007700,PLI,52,35,10,747.0,7470.0
2021030905007696,PLI,13,21,10,750.0,7500.0
2021030905007791,PLI,22,57,10,747.0,7470.0
2021030905007789,PLI,22,10,10,747.0,7470.0
2021030905007788,PLI,22,1,10,747.0,7470.0
2021030905007756,PLI,55,45,10,747.0,7470.0
2021030905007738,PLI,20,51,10,747.0,7470.0
2021030905007733,PLI,55,58,10,749.0,7490.0
2021030905007820,PLI,22,47,10,747.0,7470.0
2021030905007817,PLI,22,48,10,747.0,7470.0
2021030905007812,PLI,22,43,15,747.0,11205.0
2021030905007810,PLI,22,38,10,747.0,7470.0
2021030905007806,PLI,22,18,10,747.0,7470.0
2021030905007802,PLI,22,47,10,747.0,7470.0
2021030905007879,PLI,35,54,10,747.0,7470.0
2021030905007878,PLI,35,48,10,747.0,7470.0
2021030905007867,PLI,4,17,10,746.0,7460.0
2021030905007866,PLI,42,28,10,747.0,7470.0
2021030905007849,PLI,48,45,10,747.0,7470.0
2021030905007847,PLI,20,48,10,747.0,7470.0
2021030905007885,PLI,35,18,10,747.0,7470.0
2021030905007884,PLI,35,58,10,747.0,7470.0
2021030905007883,PLI,35,18,10,747.0,7470.0
2021030905007882,PLI,35,58,10,747.0,7470.0
2021030905007881,PLI,35,18,10,747.0,7470.0
2021030905007880,PLI,35,58,10,747.0,7470.0
2021030905007910,PLI,29,58,10,747.0,7470.0
2021030905007909,PLI,29,58,10,747.0,7470.0
2021030905007903,PLI,4,57,10,746.0,7460.0
2021030905007899,PLI,4,47,10,746.0,7460.0
2021030905007887,PLI,35,19,10,747.0,7470.0
2021030905007886,PLI,35,48,10,747.0,7470.0
2021030905007916,PLI,29,34,10,748.0,7480.0
2021030905007915,PLI,29,5,10,748.0,7480.0
2021030905007914,PLI,29,58,10,748.0,7480.0
2021030905007913,PLI,29,58,10,747.0,7470.0
2021030905007912,PLI,29,6,10,747.0,7470.0
2021030905007911,PLI,29,28,10,747.0,7470.0
2021030905007942,PLI,42,42,10,747.0,7470.0
2021030905007941,PLI,17,38,10,747.0,7470.0
2021030905007940,PLI,17,52,10,747.0,7470.0
2021030905007934,PLI,17,38,10,747.0,7470.0
2021030905007926,PLI,29,53,10,748.0,7480.0
2021030905007921,PLI,29,58,10,748.0,7480.0
2021030905007978,PLI,42,28,10,747.0,7470.0
2021030905007977,PLI,42,1,10,747.0,7470.0
2021030905007970,PLI,42,40,10,747.0,7470.0
2021030905007962,PLI,58,48,10,748.0,7480.0
2021030905007957,PLI,58,45,10,748.0,7480.0
2021030905007951,PLI,42,58,10,747.0,7470.0
2021030905008020,PLI,43,28,10,747.0,7470.0
2021030905008015,PLI,42,32,10,747.0,7470.0
2021030905008007,PLI,42,39,10,747.0,7470.0
2021030905008001,PLI,42,6,10,747.0,7470.0
2021030905008000,PLI,42,57,10,747.0,7470.0
2021030905007980,PLI,42,5,10,747.0,7470.0
2021030905008075,PLI,43,20,10,747.0,7470.0
2021030905008065,PLI,43,20,10,747.0,7470.0
2021030905008044,PLI,43,17,10,747.0,7470.0
2021030905008042,PLI,43,42,10,747.0,7470.0
2021030905008032,PLI,43,39,10,747.0,7470.0
2021030905008022,PLI,43,39,10,747.0,7470.0
2021030905008126,PLI,35,21,10,748.0,7480.0
2021030905008119,PLI,56,58,10,748.0,7480.0
2021030905008111,PLI,56,16,10,748.0,7480.0
2021030905008108,PLI,56,40,10,748.0,7480.0
2021030905008107,PLI,56,58,10,748.0,7480.0
2021030905008105,PLI,56,40,10,748.0,7480.0
2021030905007447,CGH,48,58,10,731.0,7310.0
2021030905007371,CGH,48,38,10,731.0,7310.0
2021030905007344,CGH,48,40,10,731.0,7310.0
2021030905007655,NIFRA,21,46,50,531.0,26550.0
2021030905007654,NIFRA,21,46,50,531.0,26550.0
2021030905007653,NIFRA,21,42,50,531.0,26550.0
2021030905007652,NIFRA,21,20,60,531.0,31860.0
2021030905007651,NIFRA,21,18,40,531.0,21240.0
2021030905007650,NIFRA,48,18,10,531.0,5310.0
2021030905007156,NIFRA,57,42,60,531.0,31860.0
2021030905007172,NIFRA,57,38,10,531.0,5310.0
2021030905007171,NIFRA,44,38,40,532.0,21280.0
2021030905007170,NIFRA,44,6,60,532.0,31920.0
2021030905007169,NIFRA,57,8,50,531.0,26550.0
2021030905007158,NIFRA,57,21,50,531.0,26550.0
2021030905007157,NIFRA,57,41,50,531.0,26550.0
2021030905007178,NIFRA,52,11,30,531.0,15930.0
2021030905007177,NIFRA,52,21,50,531.0,26550.0
2021030905007176,NIFRA,52,38,20,531.0,10620.0
2021030905007175,NIFRA,16,38,40,531.0,21240.0
2021030905007174,NIFRA,57,16,45,531.0,23895.0
2021030905007173,NIFRA,57,21,60,531.0,31860.0
2021030905007185,NIFRA,50,21,50,531.0,26550.0
2021030905007184,NIFRA,50,46,10,531.0,5310.0
2021030905007182,NIFRA,14,10,40,533.0,21320.0
2021030905007181,NIFRA,50,52,50,531.0,26550.0
2021030905007180,NIFRA,50,38,50,531.0,26550.0
2021030905007179,NIFRA,50,11,20,531.0,10620.0
2021030905007191,NIFRA,50,5,40,531.0,21240.0
2021030905007190,NIFRA,50,38,50,531.0,26550.0
2021030905007189,NIFRA,50,41,60,531.0,31860.0
2021030905007188,NIFRA,50,38,60,531.0,31860.0
2021030905007187,NIFRA,50,21,50,531.0,26550.0
2021030905007186,NIFRA,50,42,60,531.0,31860.0
2021030905007201,NIFRA,6,58,30,531.0,15930.0
2021030905007200,NIFRA,17,58,30,531.0,15930.0
2021030905007199,NIFRA,17,38,50,531.0,26550.0
2021030905007198,NIFRA,17,29,20,531.0,10620.0
2021030905007196,NIFRA,17,21,50,531.0,26550.0
2021030905007192,NIFRA,48,5,10,531.0,5310.0
2021030905007209,NIFRA,43,18,50,531.0,26550.0
2021030905007208,NIFRA,43,38,50,531.0,26550.0
2021030905007205,NIFRA,6,21,50,531.0,26550.0
2021030905007204,NIFRA,14,32,50,532.0,26600.0
2021030905007203,NIFRA,6,16,60,531.0,31860.0
2021030905007202,NIFRA,6,21,60,531.0,31860.0
2021030905007215,NIFRA,25,36,15,532.0,7980.0
2021030905007214,NIFRA,41,54,50,531.0,26550.0
2021030905007213,NIFRA,5,54,10,531.0,5310.0
2021030905007212,NIFRA,5,21,10,531.0,5310.0
2021030905007211,NIFRA,8,21,40,531.0,21240.0
2021030905007210,NIFRA,8,18,10,531.0,5310.0
2021030905007221,NIFRA,1,38,50,531.0,26550.0
2021030905007220,NIFRA,1,21,50,531.0,26550.0
2021030905007219,NIFRA,1,21,10,531.0,5310.0
2021030905007218,NIFRA,41,21,40,531.0,21240.0
2021030905007217,NIFRA,41,6,60,531.0,31860.0
2021030905007216,NIFRA,25,46,10,532.0,5320.0
2021030905007227,NIFRA,38,42,85,531.0,45135.0
2021030905007226,NIFRA,6,54,50,531.0,26550.0
2021030905007225,NIFRA,6,21,50,531.0,26550.0
2021030905007224,NIFRA,6,41,20,531.0,10620.0
2021030905007223,NIFRA,1,41,40,531.0,21240.0
2021030905007222,NIFRA,1,32,50,531.0,26550.0
2021030905007238,NIFRA,53,21,30,531.0,15930.0
2021030905007237,NIFRA,6,21,20,531.0,10620.0
2021030905007236,NIFRA,6,38,60,531.0,31860.0
2021030905007230,NIFRA,35,35,10,532.0,5320.0
2021030905007229,NIFRA,35,42,50,532.0,26600.0
2021030905007228,NIFRA,35,46,40,532.0,21280.0
2021030905007244,NIFRA,5,58,15,531.0,7965.0
2021030905007243,NIFRA,5,45,40,531.0,21240.0
2021030905007242,NIFRA,53,45,10,531.0,5310.0
2021030905007241,NIFRA,53,53,50,531.0,26550.0
2021030905007240,NIFRA,53,38,50,531.0,26550.0
2021030905007239,NIFRA,53,13,40,531.0,21240.0
2021030905007250,NIFRA,45,16,50,531.0,26550.0
2021030905007249,NIFRA,45,21,25,530.0,13250.0
2021030905007248,NIFRA,53,21,25,531.0,13275.0
2021030905007247,NIFRA,53,21,50,531.0,26550.0
2021030905007246,NIFRA,53,54,60,531.0,31860.0
2021030905007245,NIFRA,53,58,45,531.0,23895.0
2021030905007256,NIFRA,45,38,60,531.0,31860.0
2021030905007255,NIFRA,45,21,60,531.0,31860.0
2021030905007254,NIFRA,45,18,60,531.0,31860.0
2021030905007253,NIFRA,45,21,50,531.0,26550.0
2021030905007252,NIFRA,45,58,50,531.0,26550.0
2021030905007251,NIFRA,45,21,50,531.0,26550.0
2021030905007263,NIFRA,45,19,50,531.0,26550.0
2021030905007262,NIFRA,45,49,50,531.0,26550.0
2021030905007261,NIFRA,45,33,50,531.0,26550.0
2021030905007260,NIFRA,45,38,50,531.0,26550.0
2021030905007258,NIFRA,45,44,50,531.0,26550.0
2021030905007257,NIFRA,45,54,60,531.0,31860.0
2021030905007270,NIFRA,45,45,50,531.0,26550.0
2021030905007269,NIFRA,45,58,60,531.0,31860.0
2021030905007268,NIFRA,45,18,60,531.0,31860.0
2021030905007267,NIFRA,45,21,50,531.0,26550.0
2021030905007265,NIFRA,45,56,50,531.0,26550.0
2021030905007264,NIFRA,45,58,60,531.0,31860.0
2021030905007276,NIFRA,45,53,40,531.0,21240.0
2021030905007275,NIFRA,45,49,50,531.0,26550.0
2021030905007274,NIFRA,45,38,50,531.0,26550.0
2021030905007273,NIFRA,45,54,60,531.0,31860.0
2021030905007272,NIFRA,45,8,60,531.0,31860.0
2021030905007271,NIFRA,45,21,50,531.0,26550.0
2021030905007282,NIFRA,45,41,50,531.0,26550.0
2021030905007281,NIFRA,53,58,40,532.0,21280.0
2021030905007280,NIFRA,53,38,50,532.0,26600.0
2021030905007279,NIFRA,53,58,50,532.0,26600.0
2021030905007278,NIFRA,53,35,40,532.0,21280.0
2021030905007277,NIFRA,45,44,50,531.0,26550.0
2021030905007289,NIFRA,45,8,60,531.0,31860.0
2021030905007288,NIFRA,45,47,50,531.0,26550.0
2021030905007287,NIFRA,45,14,60,531.0,31860.0
2021030905007286,NIFRA,45,21,60,531.0,31860.0
2021030905007284,NIFRA,45,8,50,531.0,26550.0
2021030905007283,NIFRA,45,19,60,531.0,31860.0
2021030905007295,NIFRA,14,58,10,532.0,5320.0
2021030905007294,NIFRA,14,21,60,532.0,31920.0
2021030905007293,NIFRA,14,56,50,532.0,26600.0
2021030905007292,NIFRA,14,43,10,532.0,5320.0
2021030905007291,NIFRA,14,22,50,532.0,26600.0
2021030905007290,NIFRA,14,58,10,532.0,5320.0
2021030905007302,NIFRA,14,32,60,532.0,31920.0
2021030905007301,NIFRA,11,8,30,533.0,15990.0
2021030905007300,NIFRA,11,10,70,533.0,37310.0
2021030905007298,NIFRA,14,33,60,532.0,31920.0
2021030905007297,NIFRA,14,21,50,532.0,26600.0
2021030905007296,NIFRA,14,38,60,532.0,31920.0
2021030905007308,NIFRA,46,49,50,532.0,26600.0
2021030905007307,NIFRA,46,21,60,532.0,31920.0
2021030905007306,NIFRA,46,8,60,532.0,31920.0
2021030905007305,NIFRA,46,8,20,532.0,10640.0
2021030905007304,NIFRA,14,8,30,532.0,15960.0
2021030905007303,NIFRA,14,11,50,532.0,26600.0
2021030905007314,NIFRA,53,38,10,532.0,5320.0
2021030905007313,NIFRA,53,21,60,532.0,31920.0
2021030905007312,NIFRA,53,38,60,532.0,31920.0
2021030905007311,NIFRA,53,20,50,532.0,26600.0
2021030905007310,NIFRA,46,20,50,532.0,26600.0
2021030905007309,NIFRA,46,56,60,532.0,31920.0
2021030905007320,NIFRA,41,56,50,532.0,26600.0
2021030905007319,NIFRA,41,21,50,532.0,26600.0
2021030905007318,NIFRA,41,54,50,532.0,26600.0
2021030905007317,NIFRA,45,8,60,531.0,31860.0
2021030905007316,NIFRA,42,21,5,532.0,2660.0
2021030905007315,NIFRA,45,38,40,531.0,21240.0
2021030905007326,NIFRA,45,21,50,531.0,26550.0
2021030905007325,NIFRA,45,22,60,531.0,31860.0
2021030905007324,NIFRA,45,38,50,531.0,26550.0
2021030905007323,NIFRA,45,56,60,531.0,31860.0
2021030905007322,NIFRA,45,21,60,531.0,31860.0
2021030905007321,NIFRA,41,21,50,532.0,26600.0
2021030905007333,NIFRA,45,21,60,531.0,31860.0
2021030905007332,NIFRA,45,56,60,531.0,31860.0
2021030905007330,NIFRA,45,38,50,531.0,26550.0
2021030905007329,NIFRA,45,38,50,531.0,26550.0
2021030905007328,NIFRA,45,41,50,531.0,26550.0
2021030905007327,NIFRA,45,46,10,531.0,5310.0
2021030905007339,NIFRA,59,6,60,532.0,31920.0
2021030905007338,NIFRA,59,38,60,532.0,31920.0
2021030905007337,NIFRA,59,33,50,532.0,26600.0
2021030905007336,NIFRA,14,38,5,533.0,2665.0
2021030905007335,NIFRA,45,40,50,531.0,26550.0
2021030905007334,NIFRA,45,8,50,531.0,26550.0
2021030905007346,NIFRA,44,21,10,532.0,5320.0
2021030905007345,NIFRA,44,33,50,532.0,26600.0
2021030905007343,NIFRA,44,3,60,532.0,31920.0
2021030905007342,NIFRA,44,10,50,532.0,26600.0
2021030905007341,NIFRA,44,26,60,532.0,31920.0
2021030905007340,NIFRA,45,45,50,531.0,26550.0
2021030905007352,NIFRA,45,21,50,531.0,26550.0
2021030905007351,NIFRA,44,14,50,532.0,26600.0
2021030905007350,NIFRA,44,21,60,532.0,31920.0
2021030905007349,NIFRA,44,21,50,532.0,26600.0
2021030905007348,NIFRA,44,41,60,532.0,31920.0
2021030905007347,NIFRA,44,38,50,532.0,26600.0
2021030905007358,NIFRA,45,5,60,531.0,31860.0
2021030905007357,NIFRA,45,43,50,531.0,26550.0
2021030905007356,NIFRA,45,40,50,531.0,26550.0
2021030905007355,NIFRA,45,38,60,531.0,31860.0
2021030905007354,NIFRA,45,21,50,531.0,26550.0
2021030905007353,NIFRA,45,10,50,531.0,26550.0
2021030905007365,NIFRA,45,25,10,531.0,5310.0
2021030905007364,NIFRA,45,56,60,531.0,31860.0
2021030905007363,NIFRA,45,38,60,531.0,31860.0
2021030905007362,NIFRA,45,40,50,531.0,26550.0
2021030905007360,NIFRA,45,45,60,531.0,31860.0
2021030905007359,NIFRA,45,21,50,531.0,26550.0
2021030905007372,NIFRA,59,33,40,532.0,21280.0
2021030905007370,NIFRA,45,26,50,531.0,26550.0
2021030905007369,NIFRA,5,33,10,532.0,5320.0
2021030905007368,NIFRA,5,56,50,532.0,26600.0
2021030905007367,NIFRA,45,21,50,531.0,26550.0
2021030905007366,NIFRA,45,40,50,531.0,26550.0
2021030905007378,NIFRA,10,8,20,533.0,10660.0
2021030905007377,NIFRA,10,6,40,532.0,21280.0
2021030905007376,NIFRA,59,6,10,532.0,5320.0
2021030905007375,NIFRA,59,58,50,532.0,26600.0
2021030905007374,NIFRA,59,35,50,532.0,26600.0
2021030905007373,NIFRA,59,19,50,532.0,26600.0
2021030905007384,NIFRA,10,57,40,533.0,21320.0
2021030905007383,NIFRA,10,19,50,533.0,26650.0
2021030905007382,NIFRA,10,11,50,533.0,26650.0
2021030905007381,NIFRA,10,6,50,533.0,26650.0
2021030905007380,NIFRA,10,32,60,533.0,31980.0
2021030905007379,NIFRA,10,43,30,533.0,15990.0
2021030905007390,NIFRA,45,21,50,531.0,26550.0
2021030905007389,NIFRA,45,40,50,531.0,26550.0
2021030905007388,NIFRA,10,22,10,533.0,5330.0
2021030905007387,NIFRA,10,16,50,533.0,26650.0
2021030905007386,NIFRA,10,57,50,533.0,26650.0
2021030905007385,NIFRA,10,21,50,533.0,26650.0
2021030905007396,NIFRA,59,45,200,533.0,106600.0
2021030905007395,NIFRA,59,32,50,533.0,26650.0
2021030905007394,NIFRA,59,21,60,533.0,31980.0
2021030905007393,NIFRA,59,22,190,533.0,101270.0
2021030905007392,NIFRA,45,40,50,532.0,26600.0
2021030905007391,NIFRA,45,56,50,531.0,26550.0
2021030905007402,NIFRA,48,56,50,532.0,26600.0
2021030905007401,NIFRA,45,38,60,531.0,31860.0
2021030905007400,NIFRA,45,20,10,531.0,5310.0
2021030905007399,NIFRA,45,20,40,532.0,21280.0
2021030905007398,NIFRA,45,21,50,532.0,26600.0
2021030905007397,NIFRA,45,45,60,532.0,31920.0
2021030905007408,NIFRA,45,56,60,531.0,31860.0
2021030905007407,NIFRA,45,48,60,531.0,31860.0
2021030905007406,NIFRA,45,43,50,531.0,26550.0
2021030905007405,NIFRA,45,58,60,531.0,31860.0
2021030905007404,NIFRA,45,58,100,531.0,53100.0
2021030905007403,NIFRA,48,21,50,532.0,26600.0
2021030905007433,NIFRA,45,21,50,531.0,26550.0
2021030905007432,NIFRA,45,48,50,531.0,26550.0
2021030905007430,NIFRA,45,39,50,531.0,26550.0
2021030905007429,NIFRA,45,40,50,531.0,26550.0
2021030905007410,NIFRA,45,21,50,531.0,26550.0
2021030905007409,NIFRA,45,46,50,531.0,26550.0
2021030905007440,NIFRA,45,16,60,531.0,31860.0
2021030905007439,NIFRA,45,8,50,531.0,26550.0
2021030905007437,NIFRA,45,38,50,531.0,26550.0
2021030905007436,NIFRA,45,56,60,531.0,31860.0
2021030905007435,NIFRA,59,18,50,532.0,26600.0
2021030905007434,NIFRA,59,8,60,532.0,31920.0
2021030905007448,NIFRA,45,56,60,531.0,31860.0
2021030905007446,NIFRA,45,48,60,531.0,31860.0
2021030905007445,NIFRA,45,39,50,531.0,26550.0
2021030905007443,NIFRA,45,21,60,531.0,31860.0
2021030905007442,NIFRA,45,21,50,531.0,26550.0
2021030905007441,NIFRA,45,58,50,531.0,26550.0
2021030905007455,NIFRA,58,42,20,532.0,10640.0
2021030905007454,NIFRA,51,8,50,531.0,26550.0
2021030905007453,NIFRA,45,45,50,531.0,26550.0
2021030905007452,NIFRA,45,21,60,531.0,31860.0
2021030905007450,NIFRA,45,8,50,531.0,26550.0
2021030905007449,NIFRA,45,21,50,531.0,26550.0
2021030905007478,NIFRA,50,8,50,531.0,26550.0
2021030905007477,NIFRA,50,56,60,531.0,31860.0
2021030905007476,NIFRA,50,40,40,531.0,21240.0
2021030905007475,NIFRA,21,40,10,531.0,5310.0
2021030905007457,NIFRA,1,49,20,531.0,10620.0
2021030905007456,NIFRA,51,13,10,531.0,5310.0
2021030905007485,NIFRA,59,42,10,532.0,5320.0
2021030905007484,NIFRA,50,38,60,531.0,31860.0
2021030905007482,NIFRA,50,59,20,531.0,10620.0
2021030905007481,NIFRA,50,26,50,531.0,26550.0
2021030905007480,NIFRA,50,21,50,531.0,26550.0
2021030905007479,NIFRA,50,49,10,531.0,5310.0
2021030905007492,NIFRA,50,56,60,531.0,31860.0
2021030905007491,NIFRA,50,7,60,531.0,31860.0
2021030905007490,NIFRA,50,21,60,531.0,31860.0
2021030905007489,NIFRA,50,8,50,531.0,26550.0
2021030905007487,NIFRA,50,40,50,531.0,26550.0
2021030905007486,NIFRA,59,21,10,532.0,5320.0
2021030905007498,NIFRA,55,53,100,532.0,53200.0
2021030905007497,NIFRA,55,51,50,532.0,26600.0
2021030905007496,NIFRA,55,56,10,532.0,5320.0
2021030905007495,NIFRA,55,1,50,532.0,26600.0
2021030905007494,NIFRA,55,21,40,532.0,21280.0
2021030905007493,NIFRA,50,43,10,531.0,5310.0
2021030905007504,NIFRA,1,58,40,532.0,21280.0
2021030905007503,NIFRA,1,45,50,532.0,26600.0
2021030905007502,NIFRA,1,53,50,532.0,26600.0
2021030905007501,NIFRA,50,21,50,531.0,26550.0
2021030905007500,NIFRA,50,8,50,531.0,26550.0
2021030905007499,NIFRA,50,38,50,531.0,26550.0
2021030905007510,NIFRA,50,40,50,531.0,26550.0
2021030905007509,NIFRA,50,45,30,531.0,15930.0
2021030905007508,NIFRA,36,45,20,532.0,10640.0
2021030905007507,NIFRA,36,45,40,532.0,21280.0
2021030905007506,NIFRA,1,45,10,532.0,5320.0
2021030905007505,NIFRA,1,20,50,532.0,26600.0
2021030905007516,NIFRA,52,57,50,531.0,26550.0
2021030905007515,NIFRA,52,16,50,531.0,26550.0
2021030905007514,NIFRA,52,50,30,531.0,15930.0
2021030905007513,NIFRA,50,50,30,531.0,15930.0
2021030905007512,NIFRA,50,38,60,531.0,31860.0
2021030905007511,NIFRA,50,47,50,531.0,26550.0
2021030905007522,NIFRA,52,45,50,531.0,26550.0
2021030905007521,NIFRA,52,57,50,531.0,26550.0
2021030905007520,NIFRA,52,38,60,531.0,31860.0
2021030905007519,NIFRA,52,34,50,531.0,26550.0
2021030905007518,NIFRA,52,21,60,531.0,31860.0
2021030905007517,NIFRA,52,58,60,531.0,31860.0
2021030905007529,NIFRA,20,6,50,533.0,26650.0
2021030905007528,NIFRA,20,45,360,533.0,191880.0
2021030905007526,NIFRA,49,21,50,532.0,26600.0
2021030905007525,NIFRA,49,45,50,532.0,26600.0
2021030905007524,NIFRA,49,38,50,532.0,26600.0
2021030905007523,NIFRA,49,13,60,532.0,31920.0
2021030905007535,NIFRA,6,58,30,532.0,15960.0
2021030905007534,NIFRA,6,8,10,532.0,5320.0
2021030905007533,NIFRA,49,8,40,532.0,21280.0
2021030905007532,NIFRA,49,45,50,532.0,26600.0
2021030905007531,NIFRA,20,37,30,533.0,15990.0
2021030905007530,NIFRA,20,58,60,533.0,31980.0
2021030905007542,NIFRA,10,38,50,531.0,26550.0
2021030905007540,NIFRA,10,48,50,531.0,26550.0
2021030905007539,NIFRA,10,21,10,531.0,5310.0
2021030905007538,NIFRA,58,21,30,531.0,15930.0
2021030905007537,NIFRA,52,21,10,531.0,5310.0
2021030905007536,NIFRA,52,58,30,531.0,15930.0
2021030905007548,NIFRA,55,45,160,532.0,85120.0
2021030905007547,NIFRA,55,45,50,532.0,26600.0
2021030905007546,NIFRA,55,38,50,532.0,26600.0
2021030905007545,NIFRA,10,21,60,531.0,31860.0
2021030905007544,NIFRA,10,57,50,531.0,26550.0
2021030905007543,NIFRA,10,49,50,531.0,26550.0
2021030905007554,NIFRA,37,38,10,531.0,5310.0
2021030905007553,NIFRA,10,38,20,531.0,10620.0
2021030905007552,NIFRA,10,46,60,531.0,31860.0
2021030905007551,NIFRA,10,38,50,531.0,26550.0
2021030905007550,NIFRA,55,36,10,533.0,5330.0
2021030905007549,NIFRA,55,37,20,533.0,10660.0
2021030905007562,NIFRA,17,8,50,532.0,26600.0
2021030905007560,NIFRA,17,14,605,532.0,321860.0
2021030905007559,NIFRA,17,46,10,532.0,5320.0
2021030905007558,NIFRA,17,45,50,532.0,26600.0
2021030905007556,NIFRA,39,45,50,531.0,26550.0
2021030905007555,NIFRA,39,38,20,531.0,10620.0
2021030905007570,NIFRA,17,56,50,532.0,26600.0
2021030905007569,NIFRA,17,45,50,532.0,26600.0
2021030905007568,NIFRA,17,5,10,532.0,5320.0
2021030905007566,NIFRA,17,14,50,532.0,26600.0
2021030905007565,NIFRA,17,18,50,532.0,26600.0
2021030905007564,NIFRA,17,21,60,532.0,31920.0
2021030905007577,NIFRA,17,3,50,532.0,26600.0
2021030905007576,NIFRA,17,21,50,532.0,26600.0
2021030905007575,NIFRA,17,21,50,532.0,26600.0
2021030905007574,NIFRA,17,21,50,532.0,26600.0
2021030905007573,NIFRA,17,58,200,532.0,106400.0
2021030905007572,NIFRA,17,8,50,532.0,26600.0
2021030905007584,NIFRA,17,34,10,532.0,5320.0
2021030905007582,NIFRA,17,45,50,532.0,26600.0
2021030905007581,NIFRA,17,18,60,532.0,31920.0
2021030905007580,NIFRA,17,38,50,532.0,26600.0
2021030905007579,NIFRA,17,56,60,532.0,31920.0
2021030905007578,NIFRA,17,38,50,532.0,26600.0
2021030905007590,NIFRA,17,10,25,532.0,13300.0
2021030905007589,NIFRA,17,57,50,532.0,26600.0
2021030905007588,NIFRA,17,45,50,532.0,26600.0
2021030905007587,NIFRA,17,7,50,532.0,26600.0
2021030905007586,NIFRA,17,3,60,532.0,31920.0
2021030905007585,NIFRA,17,45,50,532.0,26600.0
2021030905007596,NIFRA,44,58,50,532.0,26600.0
2021030905007595,NIFRA,44,32,60,532.0,31920.0
2021030905007594,NIFRA,44,10,25,532.0,13300.0
2021030905007593,NIFRA,35,10,200,532.0,106400.0
2021030905007592,NIFRA,57,10,100,532.0,53200.0
2021030905007591,NIFRA,57,10,50,532.0,26600.0
2021030905007602,NIFRA,10,3,60,532.0,31920.0
2021030905007601,NIFRA,10,33,50,532.0,26600.0
2021030905007600,NIFRA,10,45,50,532.0,26600.0
2021030905007599,NIFRA,44,58,15,533.0,7995.0
2021030905007598,NIFRA,44,58,50,533.0,26650.0
2021030905007597,NIFRA,44,42,200,533.0,106600.0
2021030905007610,NIFRA,10,58,60,532.0,31920.0
2021030905007609,NIFRA,10,50,50,532.0,26600.0
2021030905007608,NIFRA,10,45,50,532.0,26600.0
2021030905007607,NIFRA,10,46,50,532.0,26600.0
2021030905007606,NIFRA,10,18,50,532.0,26600.0
2021030905007605,NIFRA,10,34,60,532.0,31920.0
2021030905007616,NIFRA,55,56,60,532.0,31920.0
2021030905007615,NIFRA,42,50,"1,000",532.0,532000.0
2021030905007614,NIFRA,55,28,60,532.0,31920.0
2021030905007613,NIFRA,55,38,60,532.0,31920.0
2021030905007612,NIFRA,55,52,30,532.0,15960.0
2021030905007611,NIFRA,10,52,20,532.0,10640.0
2021030905007622,NIFRA,13,46,50,532.0,26600.0
2021030905007621,NIFRA,13,36,50,532.0,26600.0
2021030905007620,NIFRA,13,18,20,532.0,10640.0
2021030905007619,NIFRA,55,18,40,532.0,21280.0
2021030905007618,NIFRA,55,58,50,532.0,26600.0
2021030905007617,NIFRA,55,44,100,532.0,53200.0
2021030905007629,NIFRA,39,45,10,531.0,5310.0
2021030905007628,NIFRA,39,42,20,531.0,10620.0
2021030905007627,NIFRA,37,42,30,532.0,15960.0
2021030905007626,NIFRA,37,3,20,532.0,10640.0
2021030905007625,NIFRA,13,3,30,532.0,15960.0
2021030905007623,NIFRA,13,58,50,532.0,26600.0
2021030905007635,NIFRA,48,56,50,531.0,26550.0
2021030905007634,NIFRA,58,46,10,532.0,5320.0
2021030905007633,NIFRA,58,18,10,532.0,5320.0
2021030905007632,NIFRA,35,18,40,532.0,21280.0
2021030905007631,NIFRA,35,58,60,532.0,31920.0
2021030905007630,NIFRA,48,45,50,531.0,26550.0
2021030905007642,NIFRA,7,45,10,531.0,5310.0
2021030905007641,NIFRA,49,45,10,531.0,5310.0
2021030905007640,NIFRA,48,45,30,531.0,15930.0
2021030905007639,NIFRA,48,3,60,531.0,31860.0
2021030905007638,NIFRA,48,22,50,531.0,26550.0
2021030905007637,NIFRA,48,33,60,531.0,31860.0
2021030905007649,NIFRA,48,42,60,531.0,31860.0
2021030905007648,NIFRA,48,51,30,531.0,15930.0
2021030905007647,NIFRA,7,51,20,531.0,10620.0
2021030905007645,NIFRA,7,58,20,531.0,10620.0
2021030905007644,NIFRA,42,21,60,532.0,31920.0
2021030905007643,NIFRA,42,46,40,532.0,21280.0
2021030905007646,PLI,36,56,10,747.0,7470.0
2021030905007636,PLI,33,45,10,748.0,7480.0
2021030905007624,PLI,33,42,10,748.0,7480.0
2021030905007604,PLI,36,36,10,747.0,7470.0
2021030905007603,PLI,36,32,10,747.0,7470.0
2021030905007583,PLI,36,58,10,747.0,7470.0
2021030905007162,PLI,54,50,10,747.0,7470.0
2021030905007161,PLI,54,51,10,747.0,7470.0
2021030905007160,PLI,54,51,10,747.0,7470.0
2021030905007159,PLI,54,19,10,747.0,7470.0
2021030905007168,PLI,54,58,10,747.0,7470.0
2021030905007167,PLI,54,40,10,747.0,7470.0
2021030905007166,PLI,54,42,10,747.0,7470.0
2021030905007165,PLI,54,48,10,747.0,7470.0
2021030905007164,PLI,54,50,10,747.0,7470.0
2021030905007163,PLI,54,50,10,747.0,7470.0
2021030905007206,PLI,4,21,10,746.0,7460.0
2021030905007197,PLI,4,38,10,746.0,7460.0
2021030905007195,PLI,48,49,10,747.0,7470.0
2021030905007194,PLI,48,35,10,747.0,7470.0
2021030905007193,PLI,48,41,10,747.0,7470.0
2021030905007183,PLI,4,17,10,746.0,7460.0
2021030905007235,PLI,51,6,10,747.0,7470.0
2021030905007234,PLI,51,49,10,747.0,7470.0
2021030905007233,PLI,51,39,10,747.0,7470.0
2021030905007232,PLI,51,47,110,747.0,82170.0
2021030905007231,PLI,51,21,10,746.0,7460.0
2021030905007207,PLI,4,44,10,746.0,7460.0
2021030905007361,PLI,4,21,10,746.0,7460.0
2021030905007331,PLI,4,21,10,746.0,7460.0
2021030905007299,PLI,4,21,10,746.0,7460.0
2021030905007285,PLI,4,22,10,746.0,7460.0
2021030905007266,PLI,4,21,10,746.0,7460.0
2021030905007259,PLI,4,21,10,746.0,7460.0
2021030905007416,PLI,36,54,10,747.0,7470.0
2021030905007415,PLI,36,58,10,747.0,7470.0
2021030905007414,PLI,36,33,10,747.0,7470.0
2021030905007413,PLI,36,25,10,747.0,7470.0
2021030905007412,PLI,36,22,10,747.0,7470.0
2021030905007411,PLI,36,41,10,747.0,7470.0
2021030905007422,PLI,36,29,10,747.0,7470.0
2021030905007421,PLI,36,33,10,747.0,7470.0
2021030905007420,PLI,36,48,10,747.0,7470.0
2021030905007419,PLI,36,33,10,747.0,7470.0
2021030905007418,PLI,36,19,10,747.0,7470.0
2021030905007417,PLI,36,8,10,747.0,7470.0
2021030905007428,PLI,36,20,10,747.0,7470.0
2021030905007427,PLI,36,45,10,747.0,7470.0
2021030905007426,PLI,36,22,10,747.0,7470.0
2021030905007425,PLI,36,45,10,747.0,7470.0
2021030905007424,PLI,36,33,10,747.0,7470.0
2021030905007423,PLI,36,57,10,747.0,7470.0
2021030905007459,PLI,33,42,10,748.0,7480.0
2021030905007458,PLI,33,21,10,748.0,7480.0
2021030905007451,PLI,36,49,10,747.0,7470.0
2021030905007444,PLI,36,34,100,747.0,74700.0
2021030905007438,PLI,36,1,10,747.0,7470.0
2021030905007431,PLI,36,58,10,747.0,7470.0
2021030905007465,PLI,33,35,10,750.0,7500.0
2021030905007464,PLI,33,56,10,750.0,7500.0
2021030905007463,PLI,33,13,10,750.0,7500.0
2021030905007462,PLI,33,21,10,750.0,7500.0
2021030905007461,PLI,33,25,10,748.0,7480.0
2021030905007460,PLI,33,22,10,748.0,7480.0
2021030905007471,PLI,33,47,10,750.0,7500.0
2021030905007470,PLI,33,10,10,750.0,7500.0
2021030905007469,PLI,33,42,10,750.0,7500.0
2021030905007468,PLI,33,57,10,750.0,7500.0
2021030905007467,PLI,33,21,10,750.0,7500.0
2021030905007466,PLI,33,56,10,750.0,7500.0
2021030905007527,PLI,36,58,10,747.0,7470.0
2021030905007488,PLI,36,39,10,747.0,7470.0
2021030905007483,PLI,36,22,10,747.0,7470.0
2021030905007474,PLI,36,45,10,747.0,7470.0
2021030905007473,PLI,33,32,10,750.0,7500.0
2021030905007472,PLI,33,42,10,750.0,7500.0
2021030905007571,PLI,36,42,10,747.0,7470.0
2021030905007567,PLI,36,49,10,747.0,7470.0
2021030905007563,PLI,36,45,10,747.0,7470.0
2021030905007561,PLI,36,28,10,747.0,7470.0
2021030905007557,PLI,36,48,10,747.0,7470.0
2021030905007541,PLI,36,45,10,747.0,7470.0
2021030905007146,CGH,48,58,10,731.0,7310.0
2021030905007132,CGH,48,58,10,731.0,7310.0
2021030905007041,CGH,48,38,10,731.0,7310.0
2021030905006998,CGH,48,53,10,731.0,7310.0
2021030905006871,CGH,48,39,10,731.0,7310.0
2021030905006852,CGH,48,44,10,731.0,7310.0
2021030905006800,CGH,48,39,10,731.0,7310.0
2021030905006749,CGH,48,56,10,731.0,7310.0
2021030905006671,CGH,48,34,10,731.0,7310.0
2021030905007155,NIFRA,57,58,50,531.0,26550.0
2021030905007154,NIFRA,57,49,50,531.0,26550.0
2021030905007152,NIFRA,57,42,50,531.0,26550.0
2021030905007151,NIFRA,57,17,25,531.0,13275.0
2021030905007150,NIFRA,53,17,15,531.0,7965.0
2021030905007149,NIFRA,53,56,10,531.0,5310.0
2021030905006660,NIFRA,49,52,50,529.0,26450.0
2021030905006659,NIFRA,49,48,20,529.0,10580.0
2021030905006658,NIFRA,49,48,50,529.0,26450.0
2021030905006657,NIFRA,49,49,60,529.0,31740.0
2021030905006656,NIFRA,49,21,60,529.0,31740.0
2021030905006668,NIFRA,42,10,20,530.0,10600.0
2021030905006667,NIFRA,42,58,60,530.0,31800.0
2021030905006666,NIFRA,42,49,50,530.0,26500.0
2021030905006665,NIFRA,42,45,25,530.0,13250.0
2021030905006663,NIFRA,49,36,50,529.0,26450.0
2021030905006661,NIFRA,49,52,50,529.0,26450.0
2021030905006679,NIFRA,49,48,50,529.0,26450.0
2021030905006678,NIFRA,49,14,50,529.0,26450.0
2021030905006676,NIFRA,49,38,40,529.0,21160.0
2021030905006672,NIFRA,49,41,20,529.0,10580.0
2021030905006670,NIFRA,36,10,5,530.0,2650.0
2021030905006669,NIFRA,42,10,45,530.0,23850.0
2021030905006686,NIFRA,49,45,50,530.0,26500.0
2021030905006685,NIFRA,49,57,50,530.0,26500.0
2021030905006683,NIFRA,49,16,50,529.0,26450.0
2021030905006682,NIFRA,49,14,50,529.0,26450.0
2021030905006681,NIFRA,49,38,50,529.0,26450.0
2021030905006680,NIFRA,49,14,50,529.0,26450.0
2021030905006694,NIFRA,1,38,40,530.0,21200.0
2021030905006693,NIFRA,49,19,25,531.0,13275.0
2021030905006692,NIFRA,49,58,30,531.0,15930.0
2021030905006691,NIFRA,1,8,60,530.0,31800.0
2021030905006690,NIFRA,1,4,50,530.0,26500.0
2021030905006689,NIFRA,52,16,10,530.0,5300.0
2021030905006700,NIFRA,40,59,20,530.0,10600.0
2021030905006699,NIFRA,5,59,40,530.0,21200.0
2021030905006698,NIFRA,5,14,20,530.0,10600.0
2021030905006697,NIFRA,1,14,40,530.0,21200.0
2021030905006696,NIFRA,1,38,60,530.0,31800.0
2021030905006695,NIFRA,1,45,50,530.0,26500.0
2021030905006708,NIFRA,40,4,50,530.0,26500.0
2021030905006707,NIFRA,40,48,50,530.0,26500.0
2021030905006705,NIFRA,40,42,50,530.0,26500.0
2021030905006704,NIFRA,40,38,60,530.0,31800.0
2021030905006703,NIFRA,40,6,50,530.0,26500.0
2021030905006702,NIFRA,40,52,50,530.0,26500.0
2021030905006714,NIFRA,40,58,60,530.0,31800.0
2021030905006713,NIFRA,45,49,15,531.0,7965.0
2021030905006712,NIFRA,45,58,50,531.0,26550.0
2021030905006711,NIFRA,45,19,15,531.0,7965.0
2021030905006710,NIFRA,40,38,50,530.0,26500.0
2021030905006709,NIFRA,40,38,50,530.0,26500.0
2021030905006720,NIFRA,58,49,10,531.0,5310.0
2021030905006719,NIFRA,17,58,30,530.0,15900.0
2021030905006718,NIFRA,34,58,10,530.0,5300.0
2021030905006717,NIFRA,34,58,40,530.0,21200.0
2021030905006716,NIFRA,40,58,10,530.0,5300.0
2021030905006715,NIFRA,13,49,10,531.0,5310.0
2021030905006726,NIFRA,17,56,50,530.0,26500.0
2021030905006725,NIFRA,45,49,35,531.0,18585.0
2021030905006724,NIFRA,45,58,50,531.0,26550.0
2021030905006723,NIFRA,45,49,15,531.0,7965.0
2021030905006722,NIFRA,17,41,60,530.0,31800.0
2021030905006721,NIFRA,17,58,50,530.0,26500.0
2021030905006733,NIFRA,17,38,50,530.0,26500.0
2021030905006731,NIFRA,17,45,50,530.0,26500.0
2021030905006730,NIFRA,17,56,50,530.0,26500.0
2021030905006729,NIFRA,17,16,60,530.0,31800.0
2021030905006728,NIFRA,17,38,50,530.0,26500.0
2021030905006727,NIFRA,17,14,50,530.0,26500.0
2021030905006739,NIFRA,17,14,30,530.0,15900.0
2021030905006738,NIFRA,17,36,60,530.0,31800.0
2021030905006737,NIFRA,17,57,50,530.0,26500.0
2021030905006736,NIFRA,17,56,50,530.0,26500.0
2021030905006735,NIFRA,17,28,60,530.0,31800.0
2021030905006734,NIFRA,17,16,50,530.0,26500.0
2021030905006746,NIFRA,1,59,60,530.0,31800.0
2021030905006745,NIFRA,26,38,50,530.0,26500.0
2021030905006744,NIFRA,26,38,50,530.0,26500.0
2021030905006742,NIFRA,26,38,40,530.0,21200.0
2021030905006741,NIFRA,26,59,60,530.0,31800.0
2021030905006740,NIFRA,26,14,20,530.0,10600.0
2021030905006753,NIFRA,1,14,50,530.0,26500.0
2021030905006752,NIFRA,1,16,50,530.0,26500.0
2021030905006751,NIFRA,1,21,60,530.0,31800.0
2021030905006750,NIFRA,1,56,10,530.0,5300.0
2021030905006748,NIFRA,1,39,50,530.0,26500.0
2021030905006747,NIFRA,1,21,50,530.0,26500.0
2021030905006765,NIFRA,51,36,60,530.0,31800.0
2021030905006763,NIFRA,51,57,40,530.0,21200.0
2021030905006762,NIFRA,1,57,10,530.0,5300.0
2021030905006757,NIFRA,1,36,60,530.0,31800.0
2021030905006755,NIFRA,1,42,50,530.0,26500.0
2021030905006754,NIFRA,1,58,50,530.0,26500.0
2021030905006774,NIFRA,32,16,60,530.0,31800.0
2021030905006773,NIFRA,32,42,60,530.0,31800.0
2021030905006771,NIFRA,32,59,50,530.0,26500.0
2021030905006768,NIFRA,32,14,20,530.0,10600.0
2021030905006767,NIFRA,21,14,20,530.0,10600.0
2021030905006766,NIFRA,51,14,10,530.0,5300.0
2021030905006783,NIFRA,32,57,40,530.0,21200.0
2021030905006782,NIFRA,32,16,50,530.0,26500.0
2021030905006778,NIFRA,32,46,60,530.0,31800.0
2021030905006777,NIFRA,32,21,50,530.0,26500.0
2021030905006776,NIFRA,32,58,50,530.0,26500.0
2021030905006775,NIFRA,32,59,60,530.0,31800.0
2021030905006790,NIFRA,37,49,20,530.0,10600.0
2021030905006789,NIFRA,37,49,50,530.0,26500.0
2021030905006788,NIFRA,37,38,50,530.0,26500.0
2021030905006787,NIFRA,37,45,10,530.0,5300.0
2021030905006786,NIFRA,41,45,40,530.0,21200.0
2021030905006784,NIFRA,41,57,10,530.0,5300.0
2021030905006805,NIFRA,49,42,50,529.0,26450.0
2021030905006804,NIFRA,49,49,50,529.0,26450.0
2021030905006802,NIFRA,49,21,50,529.0,26450.0
2021030905006801,NIFRA,49,14,50,529.0,26450.0
2021030905006797,NIFRA,42,16,50,530.0,26500.0
2021030905006793,NIFRA,37,6,60,530.0,31800.0
2021030905006811,NIFRA,49,35,50,529.0,26450.0
2021030905006810,NIFRA,49,21,50,529.0,26450.0
2021030905006809,NIFRA,45,57,40,530.0,21200.0
2021030905006808,NIFRA,45,45,50,530.0,26500.0
2021030905006807,NIFRA,45,16,10,530.0,5300.0
2021030905006806,NIFRA,49,38,50,529.0,26450.0
2021030905006819,NIFRA,26,58,50,530.0,26500.0
2021030905006818,NIFRA,49,21,60,529.0,31740.0
2021030905006817,NIFRA,49,21,50,529.0,26450.0
2021030905006816,NIFRA,49,16,60,529.0,31740.0
2021030905006815,NIFRA,49,8,30,529.0,15870.0
2021030905006814,NIFRA,49,49,50,529.0,26450.0
2021030905006825,NIFRA,26,57,50,530.0,26500.0
2021030905006824,NIFRA,26,45,50,530.0,26500.0
2021030905006823,NIFRA,26,57,50,530.0,26500.0
2021030905006822,NIFRA,26,57,20,530.0,10600.0
2021030905006821,NIFRA,26,21,60,530.0,31800.0
2021030905006820,NIFRA,26,49,60,530.0,31800.0
2021030905006832,NIFRA,49,21,50,529.0,26450.0
2021030905006831,NIFRA,19,58,25,530.0,13250.0
2021030905006830,NIFRA,19,52,50,530.0,26500.0
2021030905006829,NIFRA,19,38,15,530.0,7950.0
2021030905006828,NIFRA,34,45,50,530.0,26500.0
2021030905006826,NIFRA,49,59,50,529.0,26450.0
2021030905006840,NIFRA,49,17,60,529.0,31740.0
2021030905006839,NIFRA,49,58,50,529.0,26450.0
2021030905006838,NIFRA,38,45,25,530.0,13250.0
2021030905006837,NIFRA,38,58,25,530.0,13250.0
2021030905006836,NIFRA,49,59,60,529.0,31740.0
2021030905006834,NIFRA,49,17,50,529.0,26450.0
2021030905006848,NIFRA,49,3,50,529.0,26450.0
2021030905006846,NIFRA,33,38,55,530.0,29150.0
2021030905006844,NIFRA,33,21,50,530.0,26500.0
2021030905006843,NIFRA,33,38,10,530.0,5300.0
2021030905006842,NIFRA,33,45,60,530.0,31800.0
2021030905006841,NIFRA,33,45,25,530.0,13250.0
2021030905006856,NIFRA,51,38,100,530.0,53000.0
2021030905006855,NIFRA,51,32,50,530.0,26500.0
2021030905006854,NIFRA,51,58,50,530.0,26500.0
2021030905006853,NIFRA,49,32,50,529.0,26450.0
2021030905006851,NIFRA,49,38,50,529.0,26450.0
2021030905006850,NIFRA,49,49,60,529.0,31740.0
2021030905006863,NIFRA,21,56,25,530.0,13250.0
2021030905006862,NIFRA,21,3,50,530.0,26500.0
2021030905006861,NIFRA,21,45,50,530.0,26500.0
2021030905006860,NIFRA,21,49,15,530.0,7950.0
2021030905006858,NIFRA,49,52,60,529.0,31740.0
2021030905006857,NIFRA,49,38,100,529.0,52900.0
2021030905006872,NIFRA,49,58,50,529.0,26450.0
2021030905006869,NIFRA,25,45,20,530.0,10600.0
2021030905006868,NIFRA,25,38,60,530.0,31800.0
2021030905006867,NIFRA,25,26,120,530.0,63600.0
2021030905006866,NIFRA,57,26,80,530.0,42400.0
2021030905006864,NIFRA,57,56,35,530.0,18550.0
2021030905006879,NIFRA,49,36,50,529.0,26450.0
2021030905006877,NIFRA,49,34,60,529.0,31740.0
2021030905006876,NIFRA,49,21,50,529.0,26450.0
2021030905006875,NIFRA,26,44,10,530.0,5300.0
2021030905006874,NIFRA,26,45,40,530.0,21200.0
2021030905006873,NIFRA,26,7,550,530.0,291500.0
2021030905006888,NIFRA,49,56,50,529.0,26450.0
2021030905006887,NIFRA,49,57,50,529.0,26450.0
2021030905006886,NIFRA,49,5,50,529.0,26450.0
2021030905006885,NIFRA,49,38,50,529.0,26450.0
2021030905006883,NIFRA,49,49,50,529.0,26450.0
2021030905006880,NIFRA,49,39,50,529.0,26450.0
2021030905006896,NIFRA,49,14,50,529.0,26450.0
2021030905006895,NIFRA,49,38,60,529.0,31740.0
2021030905006894,NIFRA,49,41,245,529.0,129605.0
2021030905006893,NIFRA,49,21,50,529.0,26450.0
2021030905006891,NIFRA,49,21,50,529.0,26450.0
2021030905006890,NIFRA,49,49,60,529.0,31740.0
2021030905006902,NIFRA,29,45,60,530.0,31800.0
2021030905006901,NIFRA,29,58,50,530.0,26500.0
2021030905006900,NIFRA,29,14,60,530.0,31800.0
2021030905006899,NIFRA,29,6,50,530.0,26500.0
2021030905006898,NIFRA,29,44,40,530.0,21200.0
2021030905006897,NIFRA,49,49,60,529.0,31740.0
2021030905006909,NIFRA,49,3,200,529.0,105800.0
2021030905006907,NIFRA,49,38,60,529.0,31740.0
2021030905006906,NIFRA,49,58,60,529.0,31740.0
2021030905006905,NIFRA,36,49,10,530.0,5300.0
2021030905006904,NIFRA,49,21,60,529.0,31740.0
2021030905006903,NIFRA,29,49,40,530.0,21200.0
2021030905006915,NIFRA,41,49,50,530.0,26500.0
2021030905006914,NIFRA,41,45,50,530.0,26500.0
2021030905006913,NIFRA,41,14,50,530.0,26500.0
2021030905006912,NIFRA,41,14,50,530.0,26500.0
2021030905006911,NIFRA,49,49,60,529.0,31740.0
2021030905006910,NIFRA,49,21,60,529.0,31740.0
2021030905006921,NIFRA,38,38,60,530.0,31800.0
2021030905006920,NIFRA,49,14,10,529.0,5290.0
2021030905006919,NIFRA,49,41,120,529.0,63480.0
2021030905006918,NIFRA,41,41,10,530.0,5300.0
2021030905006917,NIFRA,41,20,200,530.0,106000.0
2021030905006916,NIFRA,41,6,90,530.0,47700.0
2021030905006927,NIFRA,38,32,50,530.0,26500.0
2021030905006926,NIFRA,42,45,40,532.0,21280.0
2021030905006925,NIFRA,42,49,50,531.0,26550.0
2021030905006924,NIFRA,42,6,50,531.0,26550.0
2021030905006923,NIFRA,42,42,50,531.0,26550.0
2021030905006922,NIFRA,42,58,10,531.0,5310.0
2021030905006934,NIFRA,49,21,50,529.0,26450.0
2021030905006933,NIFRA,49,34,30,529.0,15870.0
2021030905006932,NIFRA,58,34,20,530.0,10600.0
2021030905006931,NIFRA,58,39,50,530.0,26500.0
2021030905006929,NIFRA,38,52,50,530.0,26500.0
2021030905006928,NIFRA,38,38,40,530.0,21200.0
2021030905006942,NIFRA,45,14,60,530.0,31800.0
2021030905006940,NIFRA,45,14,10,530.0,5300.0
2021030905006939,NIFRA,45,7,10,530.0,5300.0
2021030905006938,NIFRA,49,49,50,529.0,26450.0
2021030905006937,NIFRA,49,38,50,529.0,26450.0
2021030905006936,NIFRA,49,49,50,529.0,26450.0
2021030905006950,NIFRA,45,6,50,530.0,26500.0
2021030905006948,NIFRA,45,49,50,530.0,26500.0
2021030905006947,NIFRA,45,5,60,530.0,31800.0
2021030905006946,NIFRA,45,56,50,530.0,26500.0
2021030905006945,NIFRA,45,21,60,530.0,31800.0
2021030905006944,NIFRA,45,11,50,530.0,26500.0
2021030905006960,NIFRA,45,38,60,530.0,31800.0
2021030905006959,NIFRA,45,49,50,530.0,26500.0
2021030905006958,NIFRA,45,14,10,530.0,5300.0
2021030905006957,NIFRA,45,36,60,530.0,31800.0
2021030905006956,NIFRA,45,17,60,530.0,31800.0
2021030905006952,NIFRA,45,14,60,530.0,31800.0
2021030905006968,NIFRA,45,49,50,530.0,26500.0
2021030905006967,NIFRA,45,42,50,530.0,26500.0
2021030905006965,NIFRA,45,49,60,530.0,31800.0
2021030905006964,NIFRA,45,21,60,530.0,31800.0
2021030905006962,NIFRA,45,49,60,530.0,31800.0
2021030905006961,NIFRA,45,38,50,530.0,26500.0
2021030905006976,NIFRA,45,49,50,530.0,26500.0
2021030905006975,NIFRA,45,14,50,530.0,26500.0
2021030905006973,NIFRA,45,49,50,530.0,26500.0
2021030905006972,NIFRA,45,21,60,530.0,31800.0
2021030905006971,NIFRA,45,14,60,530.0,31800.0
2021030905006969,NIFRA,45,49,50,530.0,26500.0
2021030905006983,NIFRA,45,21,50,530.0,26500.0
2021030905006982,NIFRA,45,49,50,530.0,26500.0
2021030905006981,NIFRA,45,38,60,530.0,31800.0
2021030905006980,NIFRA,45,14,60,530.0,31800.0
2021030905006979,NIFRA,45,56,60,530.0,31800.0
2021030905006977,NIFRA,45,5,50,530.0,26500.0
2021030905006991,NIFRA,45,52,60,530.0,31800.0
2021030905006990,NIFRA,45,21,50,530.0,26500.0
2021030905006989,NIFRA,45,14,60,530.0,31800.0
2021030905006988,NIFRA,45,49,50,530.0,26500.0
2021030905006986,NIFRA,16,11,50,531.0,26550.0
2021030905006985,NIFRA,16,41,50,531.0,26550.0
2021030905006997,NIFRA,45,22,30,530.0,15900.0
2021030905006996,NIFRA,45,21,50,530.0,26500.0
2021030905006995,NIFRA,45,49,195,530.0,103350.0
2021030905006994,NIFRA,45,32,50,530.0,26500.0
2021030905006993,NIFRA,45,51,20,530.0,10600.0
2021030905006992,NIFRA,45,38,60,530.0,31800.0
2021030905007004,NIFRA,45,45,60,530.0,31800.0
2021030905007003,NIFRA,48,14,50,531.0,26550.0
2021030905007002,NIFRA,45,58,50,530.0,26500.0
2021030905007001,NIFRA,45,5,50,530.0,26500.0
2021030905007000,NIFRA,45,52,25,530.0,13250.0
2021030905006999,NIFRA,17,52,25,531.0,13275.0
2021030905007010,NIFRA,40,41,60,532.0,31920.0
2021030905007009,NIFRA,40,58,50,532.0,26600.0
2021030905007008,NIFRA,40,45,10,532.0,5320.0
2021030905007007,NIFRA,40,14,10,531.0,5310.0
2021030905007006,NIFRA,45,38,50,530.0,26500.0
2021030905007005,NIFRA,45,21,60,530.0,31800.0
2021030905007016,NIFRA,40,56,50,532.0,26600.0
2021030905007015,NIFRA,40,58,40,532.0,21280.0
2021030905007014,NIFRA,40,58,50,532.0,26600.0
2021030905007013,NIFRA,40,58,10,532.0,5320.0
2021030905007012,NIFRA,40,58,60,532.0,31920.0
2021030905007011,NIFRA,40,48,50,532.0,26600.0
2021030905007022,NIFRA,45,36,50,530.0,26500.0
2021030905007021,NIFRA,45,17,50,531.0,26550.0
2021030905007020,NIFRA,45,54,50,530.0,26500.0
2021030905007019,NIFRA,40,58,10,532.0,5320.0
2021030905007018,NIFRA,40,7,60,532.0,31920.0
2021030905007017,NIFRA,40,58,40,532.0,21280.0
2021030905007028,NIFRA,49,21,30,531.0,15930.0
2021030905007027,NIFRA,49,58,50,531.0,26550.0
2021030905007026,NIFRA,49,43,20,531.0,10620.0
2021030905007025,NIFRA,58,43,40,531.0,21240.0
2021030905007024,NIFRA,45,57,50,530.0,26500.0
2021030905007023,NIFRA,45,21,60,530.0,31800.0
2021030905007036,NIFRA,34,17,60,531.0,31860.0
2021030905007035,NIFRA,34,45,50,531.0,26550.0
2021030905007032,NIFRA,39,17,60,531.0,31860.0
2021030905007031,NIFRA,39,21,50,531.0,26550.0
2021030905007030,NIFRA,39,25,50,531.0,26550.0
2021030905007029,NIFRA,45,21,20,530.0,10600.0
2021030905007045,NIFRA,45,10,200,530.0,106000.0
2021030905007044,NIFRA,42,32,15,531.0,7965.0
2021030905007043,NIFRA,42,21,35,531.0,18585.0
2021030905007040,NIFRA,22,21,50,531.0,26550.0
2021030905007038,NIFRA,41,21,25,531.0,13275.0
2021030905007037,NIFRA,34,21,390,531.0,207090.0
2021030905007051,NIFRA,39,21,20,531.0,10620.0
2021030905007050,NIFRA,39,28,60,531.0,31860.0
2021030905007049,NIFRA,39,42,20,531.0,10620.0
2021030905007048,NIFRA,39,32,35,531.0,18585.0
2021030905007047,NIFRA,39,49,60,531.0,31860.0
2021030905007046,NIFRA,45,21,60,530.0,31800.0
2021030905007057,NIFRA,14,7,50,532.0,26600.0
2021030905007056,NIFRA,14,7,50,532.0,26600.0
2021030905007055,NIFRA,14,7,60,532.0,31920.0
2021030905007054,NIFRA,39,49,50,531.0,26550.0
2021030905007053,NIFRA,39,7,40,531.0,21240.0
2021030905007052,NIFRA,39,34,30,531.0,15930.0
2021030905007064,NIFRA,39,45,50,531.0,26550.0
2021030905007063,NIFRA,39,45,90,531.0,47790.0
2021030905007061,NIFRA,14,58,25,532.0,13300.0
2021030905007060,NIFRA,14,6,235,532.0,125020.0
2021030905007059,NIFRA,14,7,50,532.0,26600.0
2021030905007058,NIFRA,14,58,30,532.0,15960.0
2021030905007071,NIFRA,51,57,20,532.0,10640.0
2021030905007070,NIFRA,51,57,50,532.0,26600.0
2021030905007069,NIFRA,51,45,60,532.0,31920.0
2021030905007068,NIFRA,51,46,20,532.0,10640.0
2021030905007067,NIFRA,51,58,25,532.0,13300.0
2021030905007066,NIFRA,39,21,60,531.0,31860.0
2021030905007079,NIFRA,51,11,55,532.0,29260.0
2021030905007076,NIFRA,51,57,50,532.0,26600.0
2021030905007075,NIFRA,51,38,60,532.0,31920.0
2021030905007074,NIFRA,51,53,60,532.0,31920.0
2021030905007073,NIFRA,51,44,50,532.0,26600.0
2021030905007072,NIFRA,51,58,50,532.0,26600.0
2021030905007087,NIFRA,5,6,60,533.0,31980.0
2021030905007086,NIFRA,6,21,60,532.0,31920.0
2021030905007084,NIFRA,45,58,50,532.0,26600.0
2021030905007082,NIFRA,45,49,50,532.0,26600.0
2021030905007081,NIFRA,39,45,40,531.0,21240.0
2021030905007080,NIFRA,52,11,5,532.0,2660.0
2021030905007094,NIFRA,14,58,40,532.0,21280.0
2021030905007093,NIFRA,58,57,50,532.0,26600.0
2021030905007092,NIFRA,14,21,10,532.0,5320.0
2021030905007091,NIFRA,6,21,40,532.0,21280.0
2021030905007089,NIFRA,5,21,40,533.0,21320.0
2021030905007088,NIFRA,5,49,50,533.0,26650.0
2021030905007103,NIFRA,39,21,60,531.0,31860.0
2021030905007101,NIFRA,39,8,10,531.0,5310.0
2021030905007100,NIFRA,39,8,60,531.0,31860.0
2021030905007098,NIFRA,39,45,60,531.0,31860.0
2021030905007096,NIFRA,39,49,50,531.0,26550.0
2021030905007095,NIFRA,39,58,10,531.0,5310.0
2021030905007110,NIFRA,39,49,20,531.0,10620.0
2021030905007108,NIFRA,39,33,40,531.0,21240.0
2021030905007107,NIFRA,46,58,40,532.0,21280.0
2021030905007106,NIFRA,46,32,60,532.0,31920.0
2021030905007105,NIFRA,39,45,50,531.0,26550.0
2021030905007104,NIFRA,39,38,50,531.0,26550.0
2021030905007116,NIFRA,51,8,25,531.0,13275.0
2021030905007115,NIFRA,39,8,35,531.0,18585.0
2021030905007114,NIFRA,22,44,10,533.0,5330.0
2021030905007113,NIFRA,22,22,10,533.0,5330.0
2021030905007112,NIFRA,22,21,20,533.0,10660.0
2021030905007111,NIFRA,22,58,10,532.0,5320.0
2021030905007122,NIFRA,51,58,60,531.0,31860.0
2021030905007121,NIFRA,51,18,50,531.0,26550.0
2021030905007120,NIFRA,51,1,50,531.0,26550.0
2021030905007119,NIFRA,51,42,10,531.0,5310.0
2021030905007118,NIFRA,51,46,60,531.0,31860.0
2021030905007117,NIFRA,51,32,50,531.0,26550.0
2021030905007128,NIFRA,58,57,10,532.0,5320.0
2021030905007127,NIFRA,53,57,25,531.0,13275.0
2021030905007126,NIFRA,51,57,35,531.0,18585.0
2021030905007125,NIFRA,51,8,60,531.0,31860.0
2021030905007124,NIFRA,51,21,50,531.0,26550.0
2021030905007123,NIFRA,51,38,50,531.0,26550.0
2021030905007135,NIFRA,58,58,60,533.0,31980.0
2021030905007134,NIFRA,58,44,40,533.0,21320.0
2021030905007133,NIFRA,58,57,40,532.0,21280.0
2021030905007131,NIFRA,53,50,50,531.0,26550.0
2021030905007130,NIFRA,53,58,50,531.0,26550.0
2021030905007129,NIFRA,53,38,50,531.0,26550.0
2021030905007141,NIFRA,58,49,50,533.0,26650.0
2021030905007140,NIFRA,58,8,50,533.0,26650.0
2021030905007139,NIFRA,58,39,50,533.0,26650.0
2021030905007138,NIFRA,58,49,50,533.0,26650.0
2021030905007137,NIFRA,58,45,10,533.0,5330.0
2021030905007136,NIFRA,58,49,50,533.0,26650.0
2021030905007148,NIFRA,38,10,390,533.0,207870.0
2021030905007147,NIFRA,38,18,60,533.0,31980.0
2021030905007145,NIFRA,38,49,50,533.0,26650.0
2021030905007144,NIFRA,53,58,700,531.0,371700.0
2021030905007143,NIFRA,53,38,50,531.0,26550.0
2021030905007142,NIFRA,53,57,50,531.0,26550.0
2021030905007153,PLI,4,52,10,746.0,7460.0
2021030905007109,PLI,4,21,10,746.0,7460.0
2021030905007102,PLI,4,49,10,746.0,7460.0
2021030905007099,PLI,4,21,10,746.0,7460.0
2021030905007097,PLI,4,38,10,746.0,7460.0
2021030905007090,PLI,4,21,10,746.0,7460.0
2021030905006677,PLI,51,8,10,745.0,7450.0
2021030905006675,PLI,51,38,10,745.0,7450.0
2021030905006674,PLI,51,48,10,745.0,7450.0
2021030905006673,PLI,51,41,10,745.0,7450.0
2021030905006664,PLI,51,52,10,745.0,7450.0
2021030905006662,PLI,49,21,10,745.0,7450.0
2021030905006732,PLI,45,42,10,746.0,7460.0
2021030905006706,PLI,45,46,10,746.0,7460.0
2021030905006701,PLI,45,41,10,746.0,7460.0
2021030905006688,PLI,48,48,10,749.0,7490.0
2021030905006687,PLI,48,58,10,749.0,7490.0
2021030905006684,PLI,45,8,10,746.0,7460.0
2021030905006761,PLI,59,22,10,747.0,7470.0
2021030905006760,PLI,45,6,10,746.0,7460.0
2021030905006759,PLI,45,21,10,746.0,7460.0
2021030905006758,PLI,45,14,10,746.0,7460.0
2021030905006756,PLI,45,59,10,746.0,7460.0
2021030905006743,PLI,45,14,10,746.0,7460.0
2021030905006780,PLI,39,39,10,746.0,7460.0
2021030905006779,PLI,39,47,10,746.0,7460.0
2021030905006772,PLI,39,21,10,746.0,7460.0
2021030905006770,PLI,39,52,40,746.0,29840.0
2021030905006769,PLI,37,38,10,746.0,7460.0
2021030905006764,PLI,45,36,10,746.0,7460.0
2021030905006795,PLI,48,36,10,746.0,7460.0
2021030905006794,PLI,48,36,10,746.0,7460.0
2021030905006792,PLI,48,42,10,746.0,7460.0
2021030905006791,PLI,39,21,10,746.0,7460.0
2021030905006785,PLI,39,21,10,746.0,7460.0
2021030905006781,PLI,39,21,10,746.0,7460.0
2021030905006813,PLI,19,21,10,746.0,7460.0
2021030905006812,PLI,22,59,10,746.0,7460.0
2021030905006803,PLI,22,21,10,746.0,7460.0
2021030905006799,PLI,22,21,10,746.0,7460.0
2021030905006798,PLI,48,21,10,746.0,7460.0
2021030905006796,PLI,48,39,10,746.0,7460.0
2021030905006849,PLI,57,22,10,747.0,7470.0
2021030905006847,PLI,57,21,10,747.0,7470.0
2021030905006845,PLI,57,49,10,747.0,7470.0
2021030905006835,PLI,8,21,10,746.0,7460.0
2021030905006833,PLI,8,34,10,746.0,7460.0
2021030905006827,PLI,8,4,10,746.0,7460.0
2021030905006882,PLI,57,21,10,747.0,7470.0
2021030905006881,PLI,57,38,10,747.0,7470.0
2021030905006878,PLI,57,58,10,747.0,7470.0
2021030905006870,PLI,57,16,10,747.0,7470.0
2021030905006865,PLI,57,38,10,747.0,7470.0
2021030905006859,PLI,57,4,10,747.0,7470.0
2021030905006935,PLI,33,16,10,747.0,7470.0
2021030905006930,PLI,33,21,10,747.0,7470.0
2021030905006908,PLI,52,49,10,748.0,7480.0
2021030905006892,PLI,52,16,10,747.0,7470.0
2021030905006889,PLI,52,21,10,747.0,7470.0
2021030905006884,PLI,57,51,10,747.0,7470.0
2021030905006954,PLI,33,16,10,747.0,7470.0
2021030905006953,PLI,33,4,10,747.0,7470.0
2021030905006951,PLI,33,51,10,747.0,7470.0
2021030905006949,PLI,33,21,10,747.0,7470.0
2021030905006943,PLI,33,4,10,747.0,7470.0
2021030905006941,PLI,33,21,10,747.0,7470.0
2021030905006978,PLI,36,5,10,748.0,7480.0
2021030905006974,PLI,36,21,10,748.0,7480.0
2021030905006970,PLI,36,16,10,748.0,7480.0
2021030905006966,PLI,36,32,10,748.0,7480.0
2021030905006963,PLI,33,51,10,747.0,7470.0
2021030905006955,PLI,33,21,10,747.0,7470.0
2021030905007042,PLI,44,28,10,746.0,7460.0
2021030905007039,PLI,58,38,10,746.0,7460.0
2021030905007034,PLI,58,21,10,746.0,7460.0
2021030905007033,PLI,29,51,90,747.0,67230.0
2021030905006987,PLI,36,16,10,748.0,7480.0
2021030905006984,PLI,36,11,10,748.0,7480.0
2021030905007085,PLI,4,21,10,746.0,7460.0
2021030905007083,PLI,4,21,10,746.0,7460.0
2021030905007078,PLI,4,21,10,746.0,7460.0
2021030905007077,PLI,4,21,10,746.0,7460.0
2021030905007065,PLI,44,21,10,746.0,7460.0
2021030905007062,PLI,44,22,10,746.0,7460.0
2021030905006607,CGH,48,58,10,731.0,7310.0
2021030905006206,CGH,48,4,10,731.0,7310.0
2021030905006655,NIFRA,49,38,60,529.0,31740.0
2021030905006654,NIFRA,22,45,35,530.0,18550.0
2021030905006653,NIFRA,22,28,50,530.0,26500.0
2021030905006652,NIFRA,22,57,15,530.0,7950.0
2021030905006651,NIFRA,49,14,60,529.0,31740.0
2021030905006647,NIFRA,49,21,60,529.0,31740.0
2021030905006158,NIFRA,37,55,60,531.0,31860.0
2021030905006157,NIFRA,6,58,40,530.0,21200.0
2021030905006156,NIFRA,58,58,10,530.0,5300.0
2021030905006164,NIFRA,6,47,10,530.0,5300.0
2021030905006163,NIFRA,37,58,20,531.0,10620.0
2021030905006162,NIFRA,37,49,50,531.0,26550.0
2021030905006161,NIFRA,37,55,60,531.0,31860.0
2021030905006160,NIFRA,37,55,50,531.0,26550.0
2021030905006159,NIFRA,37,55,60,531.0,31860.0
2021030905006170,NIFRA,11,47,10,530.0,5300.0
2021030905006169,NIFRA,45,5,50,529.0,26450.0
2021030905006168,NIFRA,45,19,50,529.0,26450.0
2021030905006167,NIFRA,45,4,50,529.0,26450.0
2021030905006166,NIFRA,45,46,60,529.0,31740.0
2021030905006165,NIFRA,45,45,60,529.0,31740.0
2021030905006176,NIFRA,56,46,10,530.0,5300.0
2021030905006175,NIFRA,56,47,30,530.0,15900.0
2021030905006174,NIFRA,45,48,50,529.0,26450.0
2021030905006173,NIFRA,45,55,30,529.0,15870.0
2021030905006172,NIFRA,45,38,50,529.0,26450.0
2021030905006171,NIFRA,45,58,50,529.0,26450.0
2021030905006182,NIFRA,45,45,50,529.0,26450.0
2021030905006181,NIFRA,38,58,20,531.0,10620.0
2021030905006180,NIFRA,38,6,50,530.0,26500.0
2021030905006179,NIFRA,38,21,50,530.0,26500.0
2021030905006178,NIFRA,38,42,50,530.0,26500.0
2021030905006177,NIFRA,38,46,30,530.0,15900.0
2021030905006188,NIFRA,44,38,50,530.0,26500.0
2021030905006187,NIFRA,58,58,10,531.0,5310.0
2021030905006186,NIFRA,58,58,10,531.0,5310.0
2021030905006185,NIFRA,44,53,60,530.0,31800.0
2021030905006184,NIFRA,44,4,50,530.0,26500.0
2021030905006183,NIFRA,44,21,50,530.0,26500.0
2021030905006194,NIFRA,1,4,50,530.0,26500.0
2021030905006193,NIFRA,1,59,50,530.0,26500.0
2021030905006192,NIFRA,1,6,50,530.0,26500.0
2021030905006191,NIFRA,1,40,60,530.0,31800.0
2021030905006190,NIFRA,1,19,40,530.0,21200.0
2021030905006189,NIFRA,44,19,10,530.0,5300.0
2021030905006201,NIFRA,32,57,50,530.0,26500.0
2021030905006199,NIFRA,45,7,50,530.0,26500.0
2021030905006198,NIFRA,45,38,60,530.0,31800.0
2021030905006197,NIFRA,45,5,50,530.0,26500.0
2021030905006196,NIFRA,45,47,40,530.0,21200.0
2021030905006195,NIFRA,1,47,10,530.0,5300.0
2021030905006209,NIFRA,55,49,30,530.0,15900.0
2021030905006208,NIFRA,55,42,20,530.0,10600.0
2021030905006207,NIFRA,45,42,30,530.0,15900.0
2021030905006204,NIFRA,45,21,20,530.0,10600.0
2021030905006203,NIFRA,32,21,30,530.0,15900.0
2021030905006202,NIFRA,32,36,50,530.0,26500.0
2021030905006217,NIFRA,7,19,60,530.0,31800.0
2021030905006214,NIFRA,45,58,50,529.0,26450.0
2021030905006213,NIFRA,47,58,10,530.0,5300.0
2021030905006212,NIFRA,47,16,60,530.0,31800.0
2021030905006211,NIFRA,47,21,10,530.0,5300.0
2021030905006210,NIFRA,47,49,20,530.0,10600.0
2021030905006223,NIFRA,45,21,50,529.0,26450.0
2021030905006222,NIFRA,45,6,60,529.0,31740.0
2021030905006221,NIFRA,45,45,60,529.0,31740.0
2021030905006220,NIFRA,45,4,50,529.0,26450.0
2021030905006219,NIFRA,6,58,40,531.0,21240.0
2021030905006218,NIFRA,6,58,10,531.0,5310.0
2021030905006229,NIFRA,42,58,10,531.0,5310.0
2021030905006228,NIFRA,20,56,50,530.0,26500.0
2021030905006227,NIFRA,20,21,60,530.0,31800.0
2021030905006226,NIFRA,20,6,50,530.0,26500.0
2021030905006225,NIFRA,45,38,60,529.0,31740.0
2021030905006224,NIFRA,45,4,50,529.0,26450.0
2021030905006236,NIFRA,20,35,40,530.0,21200.0
2021030905006235,NIFRA,20,5,50,530.0,26500.0
2021030905006233,NIFRA,20,58,50,530.0,26500.0
2021030905006232,NIFRA,20,4,50,530.0,26500.0
2021030905006231,NIFRA,20,58,60,530.0,31800.0
2021030905006230,NIFRA,42,22,40,531.0,21240.0
2021030905006244,NIFRA,45,5,50,529.0,26450.0
2021030905006243,NIFRA,45,54,50,529.0,26450.0
2021030905006242,NIFRA,45,58,50,529.0,26450.0
2021030905006241,NIFRA,45,53,120,529.0,63480.0
2021030905006239,NIFRA,20,38,40,530.0,21200.0
2021030905006237,NIFRA,20,8,50,530.0,26500.0
2021030905006250,NIFRA,22,39,50,529.0,26450.0
2021030905006249,NIFRA,22,59,29,529.0,15341.0
2021030905006248,NIFRA,45,59,21,529.0,11109.0
2021030905006247,NIFRA,17,16,40,530.0,21200.0
2021030905006246,NIFRA,17,38,10,530.0,5300.0
2021030905006245,NIFRA,45,58,50,529.0,26450.0
2021030905006259,NIFRA,13,14,15,529.0,7935.0
2021030905006258,NIFRA,22,14,741,529.0,391989.0
2021030905006257,NIFRA,22,21,60,529.0,31740.0
2021030905006256,NIFRA,22,21,20,529.0,10580.0
2021030905006254,NIFRA,22,58,50,529.0,26450.0
2021030905006251,NIFRA,22,45,50,529.0,26450.0
2021030905006265,NIFRA,57,14,"1,000",529.0,529000.0
2021030905006264,NIFRA,58,14,100,529.0,52900.0
2021030905006263,NIFRA,38,14,500,529.0,264500.0
2021030905006262,NIFRA,58,14,50,529.0,26450.0
2021030905006261,NIFRA,55,14,100,529.0,52900.0
2021030905006260,NIFRA,26,14,200,529.0,105800.0
2021030905006271,NIFRA,43,14,100,529.0,52900.0
2021030905006270,NIFRA,33,14,300,529.0,158700.0
2021030905006269,NIFRA,8,14,50,529.0,26450.0
2021030905006268,NIFRA,56,14,100,529.0,52900.0
2021030905006267,NIFRA,7,14,10,529.0,5290.0
2021030905006266,NIFRA,49,14,500,529.0,264500.0
2021030905006277,NIFRA,37,14,500,529.0,264500.0
2021030905006276,NIFRA,21,14,20,529.0,10580.0
2021030905006275,NIFRA,42,14,100,529.0,52900.0
2021030905006274,NIFRA,25,14,22,529.0,11638.0
2021030905006273,NIFRA,11,14,100,529.0,52900.0
2021030905006272,NIFRA,36,14,300,529.0,158700.0
2021030905006283,NIFRA,41,14,50,529.0,26450.0
2021030905006282,NIFRA,29,14,100,529.0,52900.0
2021030905006281,NIFRA,8,14,100,529.0,52900.0
2021030905006280,NIFRA,10,14,50,529.0,26450.0
2021030905006279,NIFRA,38,14,50,529.0,26450.0
2021030905006278,NIFRA,17,14,250,529.0,132250.0
2021030905006289,NIFRA,34,7,20,528.0,10560.0
2021030905006288,NIFRA,45,14,10,529.0,5290.0
2021030905006287,NIFRA,16,41,50,528.0,26400.0
2021030905006286,NIFRA,37,14,50,529.0,26450.0
2021030905006285,NIFRA,39,14,800,529.0,423200.0
2021030905006284,NIFRA,59,14,300,529.0,158700.0
2021030905006296,NIFRA,38,14,70,529.0,37030.0
2021030905006294,NIFRA,51,59,50,528.0,26400.0
2021030905006293,NIFRA,51,42,60,528.0,31680.0
2021030905006292,NIFRA,51,38,50,528.0,26400.0
2021030905006291,NIFRA,51,16,50,528.0,26400.0
2021030905006290,NIFRA,51,7,30,528.0,15840.0
2021030905006305,NIFRA,45,14,80,529.0,42320.0
2021030905006302,NIFRA,51,38,50,528.0,26400.0
2021030905006301,NIFRA,51,45,50,528.0,26400.0
2021030905006300,NIFRA,51,43,60,528.0,31680.0
2021030905006298,NIFRA,51,17,40,528.0,21120.0
2021030905006297,NIFRA,28,14,400,529.0,211600.0
2021030905006313,NIFRA,28,43,10,528.0,5280.0
2021030905006312,NIFRA,16,43,50,528.0,26400.0
2021030905006311,NIFRA,34,14,50,529.0,26450.0
2021030905006310,NIFRA,49,14,50,529.0,26450.0
2021030905006309,NIFRA,51,14,50,528.0,26400.0
2021030905006308,NIFRA,51,58,10,528.0,5280.0
2021030905006319,NIFRA,35,42,60,529.0,31740.0
2021030905006318,NIFRA,35,54,50,529.0,26450.0
2021030905006317,NIFRA,35,14,282,529.0,149178.0
2021030905006316,NIFRA,53,21,10,528.0,5280.0
2021030905006315,NIFRA,28,21,40,528.0,21120.0
2021030905006314,NIFRA,28,38,50,528.0,26400.0
2021030905006325,NIFRA,35,29,50,529.0,26450.0
2021030905006324,NIFRA,35,45,50,529.0,26450.0
2021030905006323,NIFRA,35,39,50,529.0,26450.0
2021030905006322,NIFRA,35,54,50,529.0,26450.0
2021030905006321,NIFRA,35,58,50,529.0,26450.0
2021030905006320,NIFRA,35,6,60,529.0,31740.0
2021030905006331,NIFRA,35,29,40,529.0,21160.0
2021030905006330,NIFRA,35,45,50,529.0,26450.0
2021030905006329,NIFRA,35,39,60,529.0,31740.0
2021030905006328,NIFRA,35,21,50,529.0,26450.0
2021030905006327,NIFRA,35,39,60,529.0,31740.0
2021030905006326,NIFRA,35,45,60,529.0,31740.0
2021030905006338,NIFRA,34,50,272,529.0,143888.0
2021030905006337,NIFRA,35,50,268,529.0,141772.0
2021030905006335,NIFRA,35,41,50,529.0,26450.0
2021030905006334,NIFRA,35,45,60,529.0,31740.0
2021030905006333,NIFRA,35,8,50,529.0,26450.0
2021030905006332,NIFRA,35,14,50,529.0,26450.0
2021030905006345,NIFRA,17,19,50,530.0,26500.0
2021030905006344,NIFRA,17,16,10,530.0,5300.0
2021030905006343,NIFRA,34,21,50,529.0,26450.0
2021030905006342,NIFRA,34,45,60,529.0,31740.0
2021030905006341,NIFRA,34,7,60,529.0,31740.0
2021030905006339,NIFRA,34,38,60,529.0,31740.0
2021030905006353,NIFRA,54,58,60,530.0,31800.0
2021030905006352,NIFRA,34,45,50,529.0,26450.0
2021030905006350,NIFRA,34,58,60,529.0,31740.0
2021030905006349,NIFRA,34,21,50,529.0,26450.0
2021030905006348,NIFRA,34,46,50,529.0,26450.0
2021030905006346,NIFRA,17,51,40,530.0,21200.0
2021030905006360,NIFRA,54,55,50,530.0,26500.0
2021030905006358,NIFRA,54,17,50,530.0,26500.0
2021030905006357,NIFRA,54,43,50,530.0,26500.0
2021030905006356,NIFRA,54,35,50,530.0,26500.0
2021030905006355,NIFRA,54,13,50,530.0,26500.0
2021030905006354,NIFRA,54,41,60,530.0,31800.0
2021030905006366,NIFRA,45,48,50,530.0,26500.0
2021030905006365,NIFRA,45,49,50,530.0,26500.0
2021030905006364,NIFRA,45,38,30,530.0,15900.0
2021030905006363,NIFRA,54,38,20,530.0,10600.0
2021030905006362,NIFRA,54,49,60,530.0,31800.0
2021030905006361,NIFRA,54,59,50,530.0,26500.0
2021030905006372,NIFRA,34,21,50,529.0,26450.0
2021030905006371,NIFRA,34,58,60,529.0,31740.0
2021030905006370,NIFRA,51,45,20,530.0,10600.0
2021030905006369,NIFRA,51,56,10,530.0,5300.0
