Transact. No.,Symbol,Buyer,Seller,Quantity,Rate,Amount
2021030105017141,NIFRA,35,34,100,529.0,52900.0
2021030105017140,NIFRA,13,36,100,528.0,52800.0
2021030105017139,NIFRA,13,33,60,528.0,31680.0
2021030105017138,NIFRA,13,16,60,528.0,31680.0
2021030105017137,NIFRA,13,10,50,528.0,26400.0
2021030105017136,NIFRA,13,1,50,528.0,26400.0
2021030105016646,NIFRA,42,10,20,525.0,10500.0
2021030105016645,NIFRA,38,46,46,525.0,24150.0
2021030105016644,NIFRA,38,35,10,525.0,5250.0
2021030105016643,NIFRA,49,14,320,527.0,168640.0
2021030105016642,NIFRA,49,32,60,527.0,31620.0
2021030105016652,NIFRA,19,46,50,527.0,26350.0
2021030105016651,NIFRA,19,49,50,527.0,26350.0
2021030105016650,NIFRA,19,48,50,527.0,26350.0
2021030105016649,NIFRA,19,51,10,527.0,5270.0
2021030105016648,NIFRA,19,14,122,527.0,64294.0
2021030105016647,NIFRA,25,10,30,525.0,15750.0
2021030105016660,NIFRA,19,49,22,527.0,11594.0
2021030105016659,NIFRA,51,47,50,526.0,26300.0
2021030105016656,NIFRA,19,39,50,527.0,26350.0
2021030105016655,NIFRA,19,52,36,527.0,18972.0
2021030105016654,NIFRA,19,35,60,527.0,31620.0
2021030105016653,NIFRA,19,21,50,527.0,26350.0
2021030105016666,NIFRA,35,35,10,525.0,5250.0
2021030105016665,NIFRA,32,28,25,526.0,13150.0
2021030105016664,NIFRA,32,41,20,526.0,10520.0
2021030105016663,NIFRA,35,36,40,525.0,21000.0
2021030105016662,NIFRA,25,36,20,525.0,10500.0
2021030105016661,NIFRA,21,41,40,526.0,21040.0
2021030105016675,NIFRA,26,29,30,525.0,15750.0
2021030105016674,NIFRA,26,46,60,525.0,31500.0
2021030105016673,NIFRA,26,45,10,525.0,5250.0
2021030105016672,NIFRA,19,45,40,525.0,21000.0
2021030105016671,NIFRA,19,10,60,525.0,31500.0
2021030105016670,NIFRA,35,59,50,525.0,26250.0
2021030105016682,NIFRA,7,7,30,525.0,15750.0
2021030105016681,NIFRA,42,7,10,525.0,5250.0
2021030105016680,NIFRA,22,7,10,525.0,5250.0
2021030105016678,NIFRA,6,51,30,525.0,15750.0
2021030105016677,NIFRA,57,51,20,525.0,10500.0
2021030105016676,NIFRA,57,29,20,525.0,10500.0
2021030105016688,NIFRA,32,10,50,525.0,26250.0
2021030105016687,NIFRA,7,10,10,525.0,5250.0
2021030105016686,NIFRA,7,59,50,525.0,26250.0
2021030105016685,NIFRA,7,35,10,525.0,5250.0
2021030105016684,NIFRA,7,36,50,525.0,26250.0
2021030105016683,NIFRA,7,56,50,525.0,26250.0
2021030105016694,NIFRA,42,57,20,526.0,10520.0
2021030105016693,NIFRA,42,47,60,526.0,31560.0
2021030105016692,NIFRA,42,32,60,526.0,31560.0
2021030105016691,NIFRA,42,58,60,526.0,31560.0
2021030105016690,NIFRA,49,43,50,524.0,26200.0
2021030105016689,NIFRA,6,43,10,524.0,5240.0
2021030105016700,NIFRA,58,37,2,520.0,1040.0
2021030105016699,NIFRA,49,7,50,524.0,26200.0
2021030105016698,NIFRA,49,32,50,524.0,26200.0
2021030105016697,NIFRA,53,59,32,527.0,16864.0
2021030105016696,NIFRA,53,49,38,527.0,20026.0
2021030105016695,NIFRA,53,57,30,526.0,15780.0
2021030105016706,NIFRA,58,46,35,526.0,18410.0
2021030105016705,NIFRA,49,55,60,524.0,31440.0
2021030105016704,NIFRA,49,1,50,524.0,26200.0
2021030105016703,NIFRA,49,42,50,524.0,26200.0
2021030105016702,NIFRA,49,35,10,524.0,5240.0
2021030105016701,NIFRA,49,36,50,524.0,26200.0
2021030105016712,NIFRA,29,13,10,524.0,5240.0
2021030105016711,NIFRA,45,59,45,527.0,23715.0
2021030105016710,NIFRA,45,46,15,526.0,7890.0
2021030105016709,NIFRA,45,56,50,525.0,26250.0
2021030105016708,NIFRA,29,7,40,524.0,20960.0
2021030105016707,NIFRA,49,7,10,524.0,5240.0
2021030105016718,NIFRA,50,17,50,524.0,26200.0
2021030105016717,NIFRA,50,1,50,524.0,26200.0
2021030105016716,NIFRA,50,1,10,524.0,5240.0
2021030105016715,NIFRA,29,1,10,524.0,5240.0
2021030105016714,NIFRA,33,1,40,526.0,21040.0
2021030105016713,NIFRA,29,13,40,524.0,20960.0
2021030105016725,NIFRA,47,49,60,526.0,31560.0
2021030105016724,NIFRA,47,1,50,526.0,26300.0
2021030105016723,NIFRA,47,36,50,526.0,26300.0
2021030105016722,NIFRA,47,7,50,526.0,26300.0
2021030105016721,NIFRA,47,57,10,526.0,5260.0
2021030105016720,NIFRA,50,16,50,524.0,26200.0
2021030105016732,NIFRA,47,36,10,526.0,5260.0
2021030105016731,NIFRA,47,56,50,526.0,26300.0
2021030105016730,NIFRA,47,7,60,526.0,31560.0
2021030105016728,NIFRA,47,14,50,526.0,26300.0
2021030105016727,NIFRA,47,55,50,526.0,26300.0
2021030105016726,NIFRA,47,45,60,526.0,31560.0
2021030105016738,NIFRA,42,51,50,525.0,26250.0
2021030105016737,NIFRA,56,21,50,526.0,26300.0
2021030105016736,NIFRA,42,58,40,525.0,21000.0
2021030105016735,NIFRA,38,58,10,525.0,5250.0
2021030105016734,NIFRA,28,58,10,525.0,5250.0
2021030105016733,NIFRA,28,36,40,525.0,21000.0
2021030105016747,NIFRA,39,7,50,525.0,26250.0
2021030105016744,NIFRA,39,7,50,525.0,26250.0
2021030105016743,NIFRA,39,45,50,525.0,26250.0
2021030105016742,NIFRA,29,59,60,525.0,31500.0
2021030105016741,NIFRA,29,17,40,525.0,21000.0
2021030105016740,NIFRA,42,17,10,525.0,5250.0
2021030105016755,NIFRA,8,25,100,526.0,52600.0
2021030105016754,NIFRA,8,19,50,525.0,26250.0
2021030105016753,NIFRA,41,20,60,524.0,31440.0
2021030105016751,NIFRA,41,1,20,524.0,10480.0
2021030105016750,NIFRA,50,1,30,524.0,15720.0
2021030105016748,NIFRA,50,45,60,524.0,31440.0
2021030105016761,NIFRA,21,7,50,524.0,26200.0
2021030105016760,NIFRA,21,56,30,524.0,15720.0
2021030105016759,NIFRA,41,56,20,524.0,10480.0
2021030105016758,NIFRA,22,3,10,525.0,5250.0
2021030105016757,NIFRA,8,1,50,526.0,26300.0
2021030105016756,NIFRA,8,16,50,526.0,26300.0
2021030105016767,NIFRA,26,59,50,525.0,26250.0
2021030105016766,NIFRA,21,7,40,524.0,20960.0
2021030105016765,NIFRA,39,7,10,525.0,5250.0
2021030105016764,NIFRA,36,6,20,525.0,10500.0
2021030105016763,NIFRA,36,3,30,525.0,15750.0
2021030105016762,NIFRA,11,3,10,525.0,5250.0
2021030105016776,NIFRA,53,59,10,525.0,5250.0
2021030105016773,NIFRA,21,1,50,524.0,26200.0
2021030105016772,NIFRA,25,25,5,525.0,2625.0
2021030105016771,NIFRA,21,10,50,524.0,26200.0
2021030105016770,NIFRA,21,16,60,524.0,31440.0
2021030105016768,NIFRA,21,49,20,524.0,10480.0
2021030105016783,NIFRA,47,59,23,527.0,12121.0
2021030105016782,NIFRA,57,48,20,525.0,10500.0
2021030105016781,NIFRA,14,48,30,526.0,15780.0
2021030105016780,NIFRA,14,16,60,526.0,31560.0
2021030105016779,NIFRA,14,59,60,526.0,31560.0
2021030105016778,NIFRA,57,4,50,526.0,26300.0
2021030105016789,NIFRA,57,7,50,526.0,26300.0
2021030105016788,NIFRA,57,7,50,526.0,26300.0
2021030105016787,NIFRA,47,16,467,527.0,246109.0
2021030105016786,NIFRA,47,46,33,527.0,17391.0
2021030105016785,NIFRA,47,46,27,527.0,14229.0
2021030105016784,NIFRA,47,21,50,527.0,26350.0
2021030105016798,NIFRA,47,37,50,527.0,26350.0
2021030105016797,NIFRA,47,19,50,527.0,26350.0
2021030105016796,NIFRA,47,47,50,527.0,26350.0
2021030105016795,NIFRA,47,7,260,527.0,137020.0
2021030105016794,NIFRA,47,16,33,527.0,17391.0
2021030105016791,NIFRA,57,10,60,526.0,31560.0
2021030105016804,NIFRA,21,10,30,526.0,15780.0
2021030105016803,NIFRA,57,10,20,526.0,10520.0
2021030105016802,NIFRA,35,6,37,527.0,19499.0
2021030105016801,NIFRA,35,49,13,527.0,6851.0
2021030105016800,NIFRA,47,49,37,527.0,19499.0
2021030105016799,NIFRA,47,46,20,527.0,10540.0
2021030105016812,NIFRA,25,17,12,526.0,6312.0
2021030105016811,NIFRA,58,17,10,526.0,5260.0
2021030105016809,NIFRA,58,1,50,526.0,26300.0
2021030105016808,NIFRA,58,13,50,526.0,26300.0
2021030105016807,NIFRA,58,44,40,526.0,21040.0
2021030105016806,NIFRA,21,44,20,526.0,10520.0
2021030105016820,NIFRA,57,7,50,526.0,26300.0
2021030105016819,NIFRA,57,7,60,526.0,31560.0
2021030105016818,NIFRA,57,20,40,526.0,21040.0
2021030105016817,NIFRA,57,20,10,526.0,5260.0
2021030105016816,NIFRA,58,10,50,525.0,26250.0
2021030105016813,NIFRA,58,17,28,525.0,14700.0
2021030105016826,NIFRA,7,10,60,525.0,31500.0
2021030105016825,NIFRA,7,1,50,525.0,26250.0
2021030105016824,NIFRA,7,7,50,525.0,26250.0
2021030105016823,NIFRA,7,56,38,525.0,19950.0
2021030105016822,NIFRA,58,56,22,525.0,11550.0
2021030105016821,NIFRA,57,6,150,527.0,79050.0
2021030105016832,NIFRA,51,7,40,525.0,21000.0
2021030105016831,NIFRA,51,59,50,525.0,26250.0
2021030105016830,NIFRA,22,4,100,526.0,52600.0
2021030105016829,NIFRA,51,35,50,525.0,26250.0
2021030105016828,NIFRA,51,58,60,525.0,31500.0
2021030105016827,NIFRA,51,33,100,525.0,52500.0
2021030105016839,NIFRA,3,1,60,525.0,31500.0
2021030105016838,NIFRA,6,4,50,526.0,26300.0
2021030105016837,NIFRA,41,7,20,525.0,10500.0
2021030105016836,NIFRA,1,7,40,525.0,21000.0
2021030105016835,NIFRA,1,46,50,525.0,26250.0
2021030105016833,NIFRA,1,7,10,525.0,5250.0
2021030105016845,NIFRA,17,17,20,525.0,10500.0
2021030105016844,NIFRA,57,17,40,525.0,21000.0
2021030105016843,NIFRA,57,59,50,525.0,26250.0
2021030105016842,NIFRA,21,4,777,526.0,408702.0
2021030105016841,NIFRA,57,10,10,525.0,5250.0
2021030105016840,NIFRA,3,10,40,525.0,21000.0
2021030105016851,NIFRA,41,58,60,526.0,31560.0
2021030105016850,NIFRA,41,55,10,526.0,5260.0
2021030105016849,NIFRA,41,4,23,526.0,12098.0
2021030105016848,NIFRA,26,4,50,526.0,26300.0
2021030105016847,NIFRA,35,57,30,525.0,15750.0
2021030105016846,NIFRA,17,57,20,525.0,10500.0
2021030105016857,NIFRA,13,59,50,525.0,26250.0
2021030105016856,NIFRA,35,38,70,525.0,36750.0
2021030105016855,NIFRA,41,38,147,526.0,77322.0
2021030105016854,NIFRA,41,7,50,526.0,26300.0
2021030105016853,NIFRA,35,6,200,527.0,105400.0
2021030105016852,NIFRA,41,25,60,526.0,31560.0
2021030105016863,NIFRA,34,7,40,525.0,21000.0
2021030105016862,NIFRA,21,7,10,525.0,5250.0
2021030105016861,NIFRA,21,53,10,525.0,5250.0
2021030105016860,NIFRA,22,6,60,527.0,31620.0
2021030105016859,NIFRA,53,17,10,525.0,5250.0
2021030105016858,NIFRA,13,17,50,525.0,26250.0
2021030105016869,NIFRA,40,4,10,526.0,5260.0
2021030105016868,NIFRA,19,4,100,526.0,52600.0
2021030105016867,NIFRA,8,4,400,526.0,210400.0
2021030105016866,NIFRA,46,4,130,526.0,68380.0
2021030105016865,NIFRA,46,40,60,525.0,31500.0
2021030105016864,NIFRA,34,6,460,527.0,242420.0
2021030105016877,NIFRA,21,1,50,524.0,26200.0
2021030105016875,NIFRA,29,25,20,525.0,10500.0
2021030105016874,NIFRA,29,45,20,525.0,10500.0
2021030105016873,NIFRA,29,1,60,525.0,31500.0
2021030105016872,NIFRA,21,33,60,524.0,31440.0
2021030105016870,NIFRA,21,10,60,524.0,31440.0
2021030105016883,NIFRA,42,53,10,524.0,5240.0
2021030105016882,NIFRA,21,53,30,524.0,15720.0
2021030105016881,NIFRA,6,49,20,525.0,10500.0
2021030105016880,NIFRA,6,16,20,525.0,10500.0
2021030105016879,NIFRA,29,16,40,525.0,21000.0
2021030105016878,NIFRA,29,25,10,525.0,5250.0
2021030105016889,NIFRA,17,10,50,525.0,26250.0
2021030105016888,NIFRA,17,7,50,525.0,26250.0
2021030105016887,NIFRA,17,58,60,525.0,31500.0
2021030105016886,NIFRA,17,22,60,525.0,31500.0
2021030105016885,NIFRA,17,49,30,525.0,15750.0
2021030105016884,NIFRA,13,53,10,524.0,5240.0
2021030105016895,NIFRA,17,4,40,525.0,21000.0
2021030105016894,NIFRA,58,54,2,515.0,1030.0
2021030105016893,NIFRA,17,49,50,525.0,26250.0
2021030105016892,NIFRA,17,1,60,525.0,31500.0
2021030105016891,NIFRA,17,36,50,525.0,26250.0
2021030105016890,NIFRA,17,7,50,525.0,26250.0
2021030105016904,NIFRA,11,5,50,525.0,26250.0
2021030105016903,NIFRA,11,4,10,525.0,5250.0
2021030105016902,NIFRA,13,42,50,524.0,26200.0
2021030105016901,NIFRA,29,4,10,525.0,5250.0
2021030105016898,NIFRA,13,10,50,524.0,26200.0
2021030105016897,NIFRA,13,57,50,524.0,26200.0
2021030105016910,NIFRA,34,48,50,525.0,26250.0
2021030105016909,NIFRA,56,47,50,526.0,26300.0
2021030105016908,NIFRA,19,37,20,526.0,10520.0
2021030105016907,NIFRA,19,58,30,526.0,15780.0
2021030105016906,NIFRA,11,58,30,526.0,15780.0
2021030105016905,NIFRA,11,4,360,526.0,189360.0
2021030105016916,NIFRA,8,58,60,526.0,31560.0
2021030105016915,NIFRA,8,36,200,526.0,105200.0
2021030105016914,NIFRA,8,37,30,526.0,15780.0
2021030105016913,NIFRA,13,7,30,524.0,15720.0
2021030105016912,NIFRA,17,7,20,525.0,10500.0
2021030105016911,NIFRA,13,42,50,524.0,26200.0
2021030105016922,NIFRA,25,10,60,526.0,31560.0
2021030105016921,NIFRA,25,28,50,526.0,26300.0
2021030105016920,NIFRA,25,7,17,525.0,8925.0
2021030105016919,NIFRA,58,7,23,525.0,12075.0
2021030105016918,NIFRA,8,7,10,526.0,5260.0
2021030105016917,NIFRA,8,47,60,526.0,31560.0
2021030105016928,NIFRA,42,58,20,527.0,10540.0
2021030105016927,NIFRA,42,43,50,527.0,26350.0
2021030105016926,NIFRA,42,17,50,527.0,26350.0
2021030105016925,NIFRA,42,51,250,527.0,131750.0
2021030105016924,NIFRA,42,6,93,527.0,49011.0
2021030105016923,NIFRA,25,1,50,526.0,26300.0
2021030105016934,NIFRA,42,36,100,527.0,52700.0
2021030105016933,NIFRA,42,49,60,527.0,31620.0
2021030105016932,NIFRA,42,55,40,527.0,21080.0
2021030105016931,NIFRA,42,48,50,527.0,26350.0
2021030105016930,NIFRA,42,22,20,527.0,10540.0
2021030105016929,NIFRA,42,46,50,527.0,26350.0
2021030105016940,NIFRA,47,32,23,525.0,12075.0
2021030105016939,NIFRA,57,36,50,526.0,26300.0
2021030105016938,NIFRA,57,7,50,526.0,26300.0
2021030105016937,NIFRA,47,16,37,525.0,19425.0
2021030105016936,NIFRA,25,16,23,526.0,12098.0
2021030105016935,NIFRA,42,4,117,527.0,61659.0
2021030105016947,NIFRA,45,28,50,526.0,26300.0
2021030105016946,NIFRA,45,48,50,526.0,26300.0
2021030105016944,NIFRA,45,36,10,526.0,5260.0
2021030105016943,NIFRA,32,10,37,525.0,19425.0
2021030105016942,NIFRA,57,10,13,525.0,6825.0
2021030105016941,NIFRA,57,32,37,525.0,19425.0
2021030105016953,NIFRA,47,54,100,526.0,52600.0
2021030105016952,NIFRA,45,54,130,526.0,68380.0
2021030105016951,NIFRA,39,4,20,527.0,10540.0
2021030105016950,NIFRA,45,38,50,526.0,26300.0
2021030105016949,NIFRA,45,10,60,526.0,31560.0
2021030105016948,NIFRA,45,7,50,526.0,26300.0
2021030105016962,NIFRA,41,18,60,526.0,31560.0
2021030105016960,NIFRA,45,54,47,525.0,24675.0
2021030105016957,NIFRA,17,54,10,525.0,5250.0
2021030105016956,NIFRA,19,54,50,525.0,26250.0
2021030105016955,NIFRA,22,54,400,525.0,210000.0
2021030105016954,NIFRA,32,54,263,525.0,138075.0
2021030105016970,NIFRA,54,33,54,526.0,28404.0
2021030105016969,NIFRA,41,33,220,526.0,115720.0
2021030105016968,NIFRA,41,56,50,526.0,26300.0
2021030105016967,NIFRA,41,57,260,526.0,136760.0
2021030105016965,NIFRA,41,10,50,526.0,26300.0
2021030105016963,NIFRA,41,40,60,526.0,31560.0
2021030105016979,NIFRA,4,58,20,526.0,10520.0
2021030105016978,NIFRA,45,36,50,525.0,26250.0
2021030105016977,NIFRA,49,58,34,526.0,17884.0
2021030105016976,NIFRA,49,10,16,526.0,8416.0
2021030105016972,NIFRA,47,10,34,526.0,17884.0
2021030105016971,NIFRA,47,33,16,526.0,8416.0
2021030105016986,NIFRA,54,34,500,525.0,262500.0
2021030105016985,NIFRA,45,34,348,525.0,182700.0
2021030105016984,NIFRA,38,3,30,526.0,15780.0
2021030105016983,NIFRA,38,1,20,526.0,10520.0
2021030105016982,NIFRA,45,10,60,525.0,31500.0
2021030105016981,NIFRA,14,1,30,526.0,15780.0
2021030105016992,NIFRA,34,7,50,526.0,26300.0
2021030105016991,NIFRA,34,3,30,526.0,15780.0
2021030105016990,NIFRA,7,58,2,525.0,1050.0
2021030105016989,NIFRA,14,58,48,525.0,25200.0
2021030105016988,NIFRA,14,34,52,525.0,27300.0
2021030105016987,NIFRA,29,34,100,525.0,52500.0
2021030105016998,NIFRA,42,44,40,526.0,21040.0
2021030105016997,NIFRA,34,4,470,527.0,247690.0
2021030105016996,NIFRA,34,7,30,525.0,15750.0
2021030105016995,NIFRA,34,7,20,526.0,10520.0
2021030105016994,NIFRA,34,38,50,526.0,26300.0
2021030105016993,NIFRA,34,25,50,526.0,26300.0
2021030105017004,NIFRA,25,4,150,527.0,79050.0
2021030105017003,NIFRA,49,33,40,526.0,21040.0
2021030105017002,NIFRA,38,33,10,526.0,5260.0
2021030105017001,NIFRA,38,45,20,526.0,10520.0
2021030105017000,NIFRA,38,44,20,525.0,10500.0
2021030105016999,NIFRA,13,10,50,524.0,26200.0
2021030105017011,NIFRA,34,33,50,525.0,26250.0
2021030105017010,NIFRA,52,33,100,525.0,52500.0
2021030105017009,NIFRA,5,33,200,525.0,105000.0
2021030105017008,NIFRA,1,7,10,526.0,5260.0
2021030105017007,NIFRA,1,49,40,526.0,21040.0
2021030105017005,NIFRA,49,49,10,526.0,5260.0
2021030105017017,NIFRA,19,50,418,525.0,219450.0
2021030105017016,NIFRA,42,50,582,525.0,305550.0
2021030105017015,NIFRA,42,33,318,525.0,166950.0
2021030105017014,NIFRA,13,36,10,524.0,5240.0
2021030105017013,NIFRA,6,33,250,525.0,131250.0
2021030105017012,NIFRA,49,33,10,525.0,5250.0
2021030105017023,NIFRA,19,37,50,525.0,26250.0
2021030105017022,NIFRA,1,56,120,526.0,63120.0
2021030105017021,NIFRA,1,58,30,526.0,15780.0
2021030105017020,NIFRA,39,58,20,526.0,10520.0
2021030105017019,NIFRA,39,14,60,526.0,31560.0
2021030105017018,NIFRA,39,7,50,526.0,26300.0
2021030105017029,NIFRA,34,38,50,525.0,26250.0
2021030105017028,NIFRA,34,26,50,525.0,26250.0
2021030105017027,NIFRA,16,56,50,526.0,26300.0
2021030105017026,NIFRA,34,7,50,525.0,26250.0
2021030105017025,NIFRA,34,40,18,525.0,9450.0
2021030105017024,NIFRA,19,40,32,525.0,16800.0
2021030105017036,NIFRA,47,33,32,525.0,16800.0
2021030105017034,NIFRA,29,56,200,526.0,105200.0
2021030105017033,NIFRA,55,56,100,526.0,52600.0
2021030105017032,NIFRA,29,51,6,523.0,3138.0
2021030105017031,NIFRA,47,13,118,525.0,61950.0
2021030105017030,NIFRA,34,13,32,525.0,16800.0
2021030105017044,NIFRA,45,56,130,526.0,68380.0
2021030105017042,NIFRA,52,38,50,525.0,26250.0
2021030105017041,NIFRA,52,7,50,525.0,26250.0
2021030105017039,NIFRA,52,38,18,525.0,9450.0
2021030105017038,NIFRA,51,38,32,525.0,16800.0
2021030105017037,NIFRA,51,33,18,525.0,9450.0
2021030105017050,NIFRA,49,57,84,525.0,44100.0
2021030105017049,NIFRA,49,33,106,525.0,55650.0
2021030105017048,NIFRA,6,33,500,525.0,262500.0
2021030105017047,NIFRA,52,33,322,525.0,169050.0
2021030105017046,NIFRA,52,56,60,525.0,31500.0
2021030105017045,NIFRA,45,58,120,526.0,63120.0
2021030105017056,NIFRA,49,17,50,525.0,26250.0
2021030105017055,NIFRA,54,34,50,526.0,26300.0
2021030105017054,NIFRA,45,34,170,526.0,89420.0
2021030105017053,NIFRA,45,48,50,526.0,26300.0
2021030105017052,NIFRA,45,58,20,526.0,10520.0
2021030105017051,NIFRA,49,57,416,525.0,218400.0
2021030105017062,NIFRA,14,26,50,525.0,26250.0
2021030105017061,NIFRA,14,36,56,525.0,29400.0
2021030105017060,NIFRA,45,36,44,525.0,23100.0
2021030105017059,NIFRA,45,25,16,525.0,8400.0
2021030105017058,NIFRA,49,25,34,525.0,17850.0
2021030105017057,NIFRA,45,33,40,525.0,21000.0
2021030105017068,NIFRA,14,16,50,525.0,26250.0
2021030105017067,NIFRA,57,34,140,526.0,73640.0
2021030105017066,NIFRA,14,58,50,525.0,26250.0
2021030105017065,NIFRA,51,34,50,526.0,26300.0
2021030105017064,NIFRA,14,8,50,525.0,26250.0
2021030105017063,NIFRA,14,52,50,525.0,26250.0
2021030105017075,NIFRA,41,57,10,526.0,5260.0
2021030105017074,NIFRA,41,34,90,526.0,47340.0
2021030105017072,NIFRA,4,34,500,526.0,263000.0
2021030105017071,NIFRA,14,48,50,525.0,26250.0
2021030105017070,NIFRA,14,48,50,525.0,26250.0
2021030105017069,NIFRA,14,11,25,525.0,13125.0
2021030105017081,NIFRA,41,41,130,526.0,68380.0
2021030105017080,NIFRA,41,17,50,526.0,26300.0
2021030105017079,NIFRA,41,11,50,526.0,26300.0
2021030105017078,NIFRA,41,52,60,526.0,31560.0
2021030105017077,NIFRA,41,49,60,526.0,31560.0
2021030105017076,NIFRA,41,42,50,526.0,26300.0
2021030105017087,NIFRA,43,4,90,527.0,47430.0
2021030105017086,NIFRA,7,59,30,525.0,15750.0
2021030105017085,NIFRA,7,5,10,525.0,5250.0
2021030105017084,NIFRA,54,5,50,525.0,26250.0
2021030105017083,NIFRA,54,45,50,525.0,26250.0
2021030105017082,NIFRA,14,41,69,525.0,36225.0
2021030105017093,NIFRA,11,4,100,527.0,52700.0
2021030105017092,NIFRA,34,37,30,526.0,15780.0
2021030105017091,NIFRA,41,37,30,526.0,15780.0
2021030105017090,NIFRA,41,7,50,526.0,26300.0
2021030105017089,NIFRA,41,16,50,526.0,26300.0
2021030105017088,NIFRA,41,33,50,526.0,26300.0
2021030105017099,NIFRA,13,4,53,527.0,27931.0
2021030105017098,NIFRA,35,47,60,526.0,31560.0
2021030105017097,NIFRA,35,34,200,526.0,105200.0
2021030105017096,NIFRA,35,14,180,526.0,94680.0
2021030105017095,NIFRA,34,14,20,526.0,10520.0
2021030105017094,NIFRA,34,45,50,526.0,26300.0
2021030105017105,NIFRA,13,48,50,527.0,26350.0
2021030105017104,NIFRA,13,38,50,527.0,26350.0
2021030105017103,NIFRA,13,4,"1,000",527.0,527000.0
2021030105017102,NIFRA,13,32,60,527.0,31620.0
2021030105017101,NIFRA,13,34,60,527.0,31620.0
2021030105017100,NIFRA,13,38,100,527.0,52700.0
2021030105017111,NIFRA,13,38,50,527.0,26350.0
2021030105017110,NIFRA,13,34,50,527.0,26350.0
2021030105017109,NIFRA,13,13,50,527.0,26350.0
2021030105017108,NIFRA,13,49,50,527.0,26350.0
2021030105017107,NIFRA,13,17,60,527.0,31620.0
2021030105017106,NIFRA,13,34,60,527.0,31620.0
2021030105017117,NIFRA,13,46,50,527.0,26350.0
2021030105017116,NIFRA,13,46,10,527.0,5270.0
2021030105017115,NIFRA,13,3,50,527.0,26350.0
2021030105017114,NIFRA,13,41,10,527.0,5270.0
2021030105017113,NIFRA,13,38,50,527.0,26350.0
2021030105017112,NIFRA,13,44,40,527.0,21080.0
2021030105017123,NIFRA,13,46,400,528.0,211200.0
2021030105017122,NIFRA,13,16,50,528.0,26400.0
2021030105017121,NIFRA,13,7,187,528.0,98736.0
2021030105017120,NIFRA,58,7,13,528.0,6864.0
2021030105017119,NIFRA,58,38,37,528.0,19536.0
2021030105017118,NIFRA,13,59,40,527.0,21080.0
2021030105017129,NIFRA,13,46,60,528.0,31680.0
2021030105017128,NIFRA,13,4,50,528.0,26400.0
2021030105017127,NIFRA,13,34,50,528.0,26400.0
2021030105017126,NIFRA,13,46,50,528.0,26400.0
2021030105017125,NIFRA,13,43,50,528.0,26400.0
2021030105017124,NIFRA,13,45,60,528.0,31680.0
2021030105017135,NIFRA,13,33,50,528.0,26400.0
2021030105017134,NIFRA,13,21,50,528.0,26400.0
2021030105017133,NIFRA,13,17,50,528.0,26400.0
2021030105017132,NIFRA,13,55,60,528.0,31680.0
2021030105017131,NIFRA,13,55,60,528.0,31680.0
2021030105017130,NIFRA,13,51,50,528.0,26400.0
2021030105017073,PLI,36,10,10,791.0,7910.0
2021030105017043,PLI,54,49,10,790.0,7900.0
2021030105017040,PLI,4,59,10,790.0,7900.0
2021030105017035,PLI,4,57,10,790.0,7900.0
2021030105017006,PLI,4,49,10,790.0,7900.0
2021030105016980,PLI,51,57,10,790.0,7900.0
2021030105016667,PLI,20,14,10,789.0,7890.0
2021030105016658,PLI,20,20,10,789.0,7890.0
2021030105016657,PLI,20,38,10,789.0,7890.0
2021030105016739,PLI,20,38,10,789.0,7890.0
2021030105016729,PLI,20,59,10,789.0,7890.0
2021030105016719,PLI,20,10,10,789.0,7890.0
2021030105016679,PLI,46,22,20,790.0,15800.0
2021030105016669,PLI,11,22,40,790.0,31600.0
2021030105016668,PLI,20,45,10,789.0,7890.0
2021030105016774,PLI,20,36,10,789.0,7890.0
2021030105016769,PLI,20,21,10,789.0,7890.0
2021030105016752,PLI,20,16,10,789.0,7890.0
2021030105016749,PLI,20,21,10,789.0,7890.0
2021030105016746,PLI,20,14,10,789.0,7890.0
2021030105016745,PLI,20,38,10,789.0,7890.0
2021030105016805,PLI,20,16,10,789.0,7890.0
2021030105016793,PLI,39,43,10,790.0,7900.0
2021030105016792,PLI,39,22,85,790.0,67150.0
2021030105016790,PLI,20,41,10,789.0,7890.0
2021030105016777,PLI,20,3,10,789.0,7890.0
2021030105016775,PLI,20,38,10,789.0,7890.0
2021030105016876,PLI,20,52,40,789.0,31560.0
2021030105016871,PLI,20,38,10,789.0,7890.0
2021030105016834,PLI,20,38,10,789.0,7890.0
2021030105016815,PLI,20,38,10,789.0,7890.0
2021030105016814,PLI,44,38,10,790.0,7900.0
2021030105016810,PLI,20,48,10,789.0,7890.0
2021030105016959,PLI,20,37,10,789.0,7890.0
2021030105016958,PLI,34,26,50,790.0,39500.0
2021030105016945,PLI,32,26,30,790.0,23700.0
2021030105016900,PLI,44,26,50,790.0,39500.0
2021030105016899,PLI,44,34,10,790.0,7900.0
2021030105016896,PLI,20,1,10,789.0,7890.0
2021030105016975,PLI,51,48,10,790.0,7900.0
2021030105016974,PLI,51,32,10,790.0,7900.0
2021030105016973,PLI,51,26,10,790.0,7900.0
2021030105016966,PLI,35,26,50,790.0,39500.0
2021030105016964,PLI,17,26,60,790.0,47400.0
2021030105016961,PLI,20,3,10,789.0,7890.0
2021030105016641,NIFRA,49,49,60,526.0,31560.0
2021030105016640,NIFRA,38,35,44,525.0,23100.0
2021030105016639,NIFRA,20,35,16,525.0,8400.0
2021030105016638,NIFRA,36,58,50,526.0,26300.0
2021030105016637,NIFRA,36,14,50,526.0,26300.0
2021030105016636,NIFRA,20,59,50,525.0,26250.0
2021030105016146,NIFRA,59,22,60,528.0,31680.0
2021030105016145,NIFRA,59,41,60,528.0,31680.0
2021030105016143,NIFRA,59,29,50,528.0,26400.0
2021030105016142,NIFRA,59,56,50,528.0,26400.0
2021030105016153,NIFRA,59,56,50,528.0,26400.0
2021030105016152,NIFRA,59,57,60,528.0,31680.0
2021030105016151,NIFRA,59,38,50,528.0,26400.0
2021030105016150,NIFRA,59,57,10,528.0,5280.0
2021030105016148,NIFRA,59,10,60,528.0,31680.0
2021030105016147,NIFRA,59,26,20,528.0,10560.0
2021030105016159,NIFRA,59,14,740,528.0,390720.0
2021030105016158,NIFRA,42,49,38,529.0,20102.0
2021030105016157,NIFRA,42,4,162,529.0,85698.0
2021030105016156,NIFRA,13,4,100,529.0,52900.0
2021030105016155,NIFRA,26,4,100,529.0,52900.0
2021030105016154,NIFRA,59,21,50,528.0,26400.0
2021030105016165,NIFRA,59,55,50,528.0,26400.0
2021030105016164,NIFRA,59,26,60,528.0,31680.0
2021030105016163,NIFRA,59,14,13,528.0,6864.0
2021030105016162,NIFRA,53,21,50,527.0,26350.0
2021030105016161,NIFRA,19,14,195,528.0,102960.0
2021030105016160,NIFRA,58,14,52,528.0,27456.0
2021030105016173,NIFRA,36,25,60,528.0,31680.0
2021030105016172,NIFRA,55,28,10,527.0,5270.0
2021030105016171,NIFRA,22,28,50,527.0,26350.0
2021030105016168,NIFRA,59,49,435,529.0,230115.0
2021030105016167,NIFRA,59,25,50,529.0,26450.0
2021030105016166,NIFRA,59,49,22,529.0,11638.0
2021030105016179,NIFRA,34,51,30,528.0,15840.0
2021030105016178,NIFRA,41,17,20,527.0,10540.0
2021030105016177,NIFRA,55,17,30,527.0,15810.0
2021030105016176,NIFRA,36,51,40,528.0,21120.0
2021030105016175,NIFRA,36,34,40,528.0,21120.0
2021030105016174,NIFRA,36,21,60,528.0,31680.0
2021030105016187,NIFRA,8,51,170,528.0,89760.0
2021030105016186,NIFRA,8,45,60,528.0,31680.0
2021030105016185,NIFRA,41,26,50,527.0,26350.0
2021030105016184,NIFRA,41,28,50,527.0,26350.0
2021030105016181,NIFRA,56,51,10,528.0,5280.0
2021030105016180,NIFRA,41,18,50,527.0,26350.0
2021030105016193,NIFRA,34,14,50,528.0,26400.0
2021030105016192,NIFRA,34,42,20,528.0,10560.0
2021030105016191,NIFRA,34,16,20,528.0,10560.0
2021030105016190,NIFRA,8,16,40,528.0,21120.0
2021030105016189,NIFRA,8,57,50,528.0,26400.0
2021030105016188,NIFRA,8,22,50,528.0,26400.0
2021030105016200,NIFRA,10,20,30,528.0,15840.0
2021030105016198,NIFRA,6,20,20,527.0,10540.0
2021030105016197,NIFRA,41,20,30,527.0,15810.0
2021030105016196,NIFRA,34,51,50,528.0,26400.0
2021030105016195,NIFRA,34,38,60,528.0,31680.0
2021030105016194,NIFRA,34,21,50,528.0,26400.0
2021030105016208,NIFRA,21,26,20,528.0,10560.0
2021030105016207,NIFRA,39,26,40,528.0,21120.0
2021030105016206,NIFRA,39,47,60,528.0,31680.0
2021030105016203,NIFRA,10,46,60,528.0,31680.0
2021030105016202,NIFRA,10,36,50,528.0,26400.0
2021030105016201,NIFRA,10,57,60,528.0,31680.0
2021030105016216,NIFRA,44,29,100,528.0,52800.0
2021030105016215,NIFRA,44,45,40,528.0,21120.0
2021030105016213,NIFRA,6,52,50,527.0,26350.0
2021030105016212,NIFRA,41,45,50,528.0,26400.0
2021030105016211,NIFRA,6,36,50,527.0,26350.0
2021030105016209,NIFRA,21,45,10,528.0,5280.0
2021030105016222,NIFRA,26,26,50,528.0,26400.0
2021030105016221,NIFRA,13,16,50,528.0,26400.0
2021030105016220,NIFRA,44,16,10,528.0,5280.0
2021030105016219,NIFRA,44,45,50,528.0,26400.0
2021030105016218,NIFRA,8,34,435,529.0,230115.0
2021030105016217,NIFRA,8,49,65,529.0,34385.0
2021030105016228,NIFRA,6,36,50,527.0,26350.0
2021030105016227,NIFRA,6,45,50,527.0,26350.0
2021030105016226,NIFRA,21,58,20,528.0,10560.0
2021030105016225,NIFRA,6,57,40,527.0,21080.0
2021030105016224,NIFRA,26,57,40,528.0,21120.0
2021030105016223,NIFRA,42,57,80,528.0,42240.0
2021030105016234,NIFRA,39,13,50,528.0,26400.0
2021030105016233,NIFRA,33,48,40,527.0,21080.0
2021030105016232,NIFRA,11,48,20,527.0,10540.0
2021030105016231,NIFRA,11,21,10,527.0,5270.0
2021030105016230,NIFRA,6,21,40,527.0,21080.0
2021030105016229,NIFRA,49,58,10,528.0,5280.0
2021030105016241,NIFRA,32,19,15,527.0,7905.0
2021030105016240,NIFRA,33,45,50,527.0,26350.0
2021030105016239,NIFRA,33,20,60,527.0,31620.0
2021030105016237,NIFRA,33,26,50,527.0,26350.0
2021030105016236,NIFRA,39,55,20,528.0,10560.0
2021030105016235,NIFRA,39,58,30,528.0,15840.0
2021030105016247,NIFRA,44,26,50,527.0,26350.0
2021030105016246,NIFRA,44,36,50,527.0,26350.0
2021030105016245,NIFRA,25,21,50,527.0,26350.0
2021030105016244,NIFRA,44,34,10,528.0,5280.0
2021030105016243,NIFRA,44,55,40,528.0,21120.0
2021030105016242,NIFRA,25,19,45,527.0,23715.0
2021030105016253,NIFRA,49,50,20,528.0,10560.0
2021030105016252,NIFRA,49,26,50,528.0,26400.0
2021030105016251,NIFRA,49,26,50,528.0,26400.0
2021030105016250,NIFRA,49,57,40,528.0,21120.0
2021030105016249,NIFRA,49,34,40,528.0,21120.0
2021030105016248,NIFRA,44,17,60,527.0,31620.0
2021030105016259,NIFRA,49,45,50,528.0,26400.0
2021030105016258,NIFRA,49,45,50,528.0,26400.0
2021030105016257,NIFRA,49,4,60,528.0,31680.0
2021030105016256,NIFRA,49,38,60,528.0,31680.0
2021030105016255,NIFRA,49,17,50,528.0,26400.0
2021030105016254,NIFRA,49,33,60,528.0,31680.0
2021030105016266,NIFRA,49,51,10,528.0,5280.0
2021030105016265,NIFRA,58,34,100,529.0,52900.0
2021030105016263,NIFRA,49,17,50,528.0,26400.0
2021030105016262,NIFRA,49,42,50,528.0,26400.0
2021030105016261,NIFRA,49,21,60,528.0,31680.0
2021030105016260,NIFRA,49,57,50,528.0,26400.0
2021030105016274,NIFRA,21,26,20,528.0,10560.0
2021030105016273,NIFRA,21,26,40,528.0,21120.0
2021030105016272,NIFRA,21,19,50,528.0,26400.0
2021030105016271,NIFRA,21,13,10,528.0,5280.0
2021030105016269,NIFRA,42,13,40,528.0,21120.0
2021030105016267,NIFRA,49,25,50,528.0,26400.0
2021030105016281,NIFRA,49,16,50,528.0,26400.0
2021030105016280,NIFRA,49,56,50,528.0,26400.0
2021030105016279,NIFRA,49,57,10,528.0,5280.0
2021030105016278,NIFRA,44,21,60,527.0,31620.0
2021030105016276,NIFRA,44,21,50,527.0,26350.0
2021030105016275,NIFRA,21,57,40,528.0,21120.0
2021030105016290,NIFRA,49,34,50,529.0,26450.0
2021030105016289,NIFRA,49,45,60,528.0,31680.0
2021030105016288,NIFRA,49,20,50,528.0,26400.0
2021030105016287,NIFRA,49,19,50,528.0,26400.0
2021030105016283,NIFRA,49,55,50,528.0,26400.0
2021030105016282,NIFRA,49,36,60,528.0,31680.0
2021030105016296,NIFRA,44,42,20,527.0,10540.0
2021030105016295,NIFRA,44,42,10,527.0,5270.0
2021030105016294,NIFRA,44,21,50,527.0,26350.0
2021030105016293,NIFRA,44,52,50,527.0,26350.0
2021030105016292,NIFRA,44,16,50,527.0,26350.0
2021030105016291,NIFRA,49,28,120,528.0,63360.0
2021030105016304,NIFRA,22,28,40,528.0,21120.0
2021030105016303,NIFRA,55,10,10,527.0,5270.0
2021030105016302,NIFRA,58,10,50,527.0,26350.0
2021030105016301,NIFRA,50,21,50,527.0,26350.0
2021030105016299,NIFRA,58,28,10,528.0,5280.0
2021030105016298,NIFRA,44,19,50,527.0,26350.0
2021030105016310,NIFRA,49,17,60,528.0,31680.0
2021030105016309,NIFRA,49,28,230,528.0,121440.0
2021030105016308,NIFRA,55,45,50,527.0,26350.0
2021030105016307,NIFRA,55,32,60,527.0,31620.0
2021030105016306,NIFRA,35,28,100,528.0,52800.0
2021030105016305,NIFRA,55,45,50,527.0,26350.0
2021030105016316,NIFRA,55,29,50,527.0,26350.0
2021030105016315,NIFRA,55,58,50,527.0,26350.0
2021030105016314,NIFRA,49,10,100,528.0,52800.0
2021030105016313,NIFRA,49,55,50,528.0,26400.0
2021030105016312,NIFRA,49,32,60,528.0,31680.0
2021030105016311,NIFRA,49,49,50,528.0,26400.0
2021030105016323,NIFRA,55,36,20,528.0,10560.0
2021030105016322,NIFRA,55,38,50,528.0,26400.0
2021030105016321,NIFRA,55,46,20,528.0,10560.0
2021030105016320,NIFRA,54,46,40,528.0,21120.0
2021030105016319,NIFRA,54,21,50,528.0,26400.0
2021030105016318,NIFRA,54,54,10,528.0,5280.0
2021030105016329,NIFRA,55,3,60,527.0,31620.0
2021030105016328,NIFRA,55,29,50,527.0,26350.0
2021030105016327,NIFRA,42,20,38,528.0,20064.0
2021030105016326,NIFRA,55,45,50,527.0,26350.0
2021030105016325,NIFRA,5,29,60,528.0,31680.0
2021030105016324,NIFRA,5,36,40,528.0,21120.0
2021030105016338,NIFRA,51,36,50,527.0,26350.0
2021030105016335,NIFRA,48,4,38,528.0,20064.0
2021030105016334,NIFRA,48,20,12,528.0,6336.0
2021030105016333,NIFRA,51,45,50,527.0,26350.0
2021030105016331,NIFRA,55,17,20,527.0,10540.0
2021030105016330,NIFRA,55,10,50,527.0,26350.0
2021030105016345,NIFRA,7,4,70,527.0,36890.0
2021030105016344,NIFRA,55,4,500,527.0,263500.0
2021030105016343,NIFRA,26,4,50,528.0,26400.0
2021030105016342,NIFRA,22,4,100,528.0,52800.0
2021030105016340,NIFRA,45,4,50,528.0,26400.0
2021030105016339,NIFRA,21,4,50,528.0,26400.0
2021030105016354,NIFRA,49,10,50,527.0,26350.0
2021030105016352,NIFRA,49,26,50,527.0,26350.0
2021030105016349,NIFRA,49,4,185,527.0,97495.0
2021030105016348,NIFRA,57,4,50,527.0,26350.0
2021030105016347,NIFRA,32,4,100,527.0,52700.0
2021030105016346,NIFRA,43,4,95,527.0,50065.0
2021030105016362,NIFRA,53,48,200,527.0,105400.0
2021030105016361,NIFRA,49,48,15,527.0,7905.0
2021030105016359,NIFRA,48,4,10,528.0,5280.0
2021030105016357,NIFRA,49,17,50,527.0,26350.0
2021030105016356,NIFRA,49,55,50,527.0,26350.0
2021030105016355,NIFRA,49,45,50,527.0,26350.0
2021030105016368,NIFRA,57,1,37,527.0,19499.0
2021030105016367,NIFRA,49,1,58,527.0,30566.0
2021030105016366,NIFRA,38,1,50,527.0,26350.0
2021030105016365,NIFRA,57,1,20,527.0,10540.0
2021030105016364,NIFRA,38,1,35,527.0,18445.0
2021030105016363,NIFRA,38,48,85,527.0,44795.0
2021030105016376,NIFRA,58,21,13,527.0,6851.0
2021030105016375,NIFRA,58,6,37,527.0,19499.0
2021030105016374,NIFRA,57,6,13,527.0,6851.0
2021030105016373,NIFRA,46,4,20,528.0,10560.0
2021030105016371,NIFRA,57,47,50,527.0,26350.0
2021030105016369,NIFRA,57,20,50,527.0,26350.0
2021030105016386,NIFRA,56,56,50,527.0,26350.0
2021030105016385,NIFRA,56,46,50,527.0,26350.0
2021030105016383,NIFRA,56,55,60,527.0,31620.0
2021030105016382,NIFRA,21,4,50,528.0,26400.0
2021030105016378,NIFRA,56,21,17,527.0,8959.0
2021030105016377,NIFRA,55,21,30,527.0,15810.0
2021030105016394,NIFRA,35,53,60,526.0,31560.0
2021030105016393,NIFRA,35,10,10,526.0,5260.0
2021030105016392,NIFRA,55,59,30,527.0,15810.0
2021030105016389,NIFRA,50,57,7,527.0,3689.0
2021030105016388,NIFRA,55,57,30,527.0,15810.0
2021030105016387,NIFRA,56,57,23,527.0,12121.0
2021030105016400,NIFRA,35,20,50,526.0,26300.0
2021030105016399,NIFRA,35,45,60,526.0,31560.0
2021030105016398,NIFRA,35,36,60,526.0,31560.0
2021030105016397,NIFRA,34,39,20,527.0,10540.0
2021030105016396,NIFRA,35,39,180,527.0,94860.0
2021030105016395,NIFRA,35,59,20,527.0,10540.0
2021030105016406,NIFRA,52,34,20,527.0,10540.0
2021030105016405,NIFRA,35,7,60,526.0,31560.0
2021030105016404,NIFRA,28,34,30,527.0,15810.0
2021030105016403,NIFRA,28,21,20,527.0,10540.0
2021030105016402,NIFRA,28,47,50,527.0,26350.0
2021030105016401,NIFRA,35,10,10,526.0,5260.0
2021030105016413,NIFRA,19,48,20,527.0,10540.0
2021030105016412,NIFRA,19,59,50,527.0,26350.0
2021030105016411,NIFRA,19,45,50,527.0,26350.0
2021030105016410,NIFRA,19,58,50,527.0,26350.0
2021030105016408,NIFRA,42,4,50,528.0,26400.0
2021030105016407,NIFRA,52,57,20,527.0,10540.0
2021030105016419,NIFRA,35,32,50,526.0,26300.0
2021030105016418,NIFRA,45,47,10,527.0,5270.0
2021030105016417,NIFRA,45,54,40,527.0,21080.0
2021030105016416,NIFRA,35,35,60,526.0,31560.0
2021030105016415,NIFRA,19,54,20,527.0,10540.0
2021030105016414,NIFRA,19,10,10,527.0,5270.0
2021030105016426,NIFRA,36,11,10,527.0,5270.0
2021030105016425,NIFRA,35,20,50,526.0,26300.0
2021030105016424,NIFRA,43,40,60,527.0,31620.0
2021030105016423,NIFRA,21,48,50,527.0,26350.0
2021030105016422,NIFRA,21,47,50,527.0,26350.0
2021030105016420,NIFRA,35,10,10,526.0,5260.0
2021030105016432,NIFRA,35,32,10,526.0,5260.0
2021030105016431,NIFRA,34,32,40,527.0,21080.0
2021030105016430,NIFRA,34,10,50,527.0,26350.0
2021030105016429,NIFRA,34,38,10,527.0,5270.0
2021030105016428,NIFRA,36,38,40,527.0,21080.0
2021030105016427,NIFRA,36,26,50,527.0,26350.0
2021030105016443,NIFRA,57,4,557,528.0,294096.0
2021030105016442,NIFRA,57,48,50,527.0,26350.0
2021030105016441,NIFRA,35,35,50,526.0,26300.0
2021030105016440,NIFRA,22,20,50,527.0,26350.0
2021030105016439,NIFRA,22,1,50,527.0,26350.0
2021030105016433,NIFRA,57,4,25,528.0,13200.0
2021030105016449,NIFRA,57,5,50,528.0,26400.0
2021030105016448,NIFRA,57,37,60,528.0,31680.0
2021030105016447,NIFRA,57,19,30,528.0,15840.0
2021030105016446,NIFRA,57,34,50,528.0,26400.0
2021030105016445,NIFRA,57,35,50,528.0,26400.0
2021030105016444,NIFRA,57,43,60,528.0,31680.0
2021030105016455,NIFRA,35,44,110,526.0,57860.0
2021030105016454,NIFRA,26,10,40,527.0,21080.0
2021030105016453,NIFRA,26,10,10,527.0,5270.0
2021030105016452,NIFRA,57,38,23,528.0,12144.0
2021030105016451,NIFRA,57,11,20,528.0,10560.0
2021030105016450,NIFRA,57,25,50,528.0,26400.0
2021030105016461,NIFRA,17,44,10,526.0,5260.0
2021030105016460,NIFRA,59,44,"1,000",526.0,526000.0
2021030105016459,NIFRA,25,44,50,526.0,26300.0
2021030105016458,NIFRA,34,44,30,526.0,15780.0
2021030105016457,NIFRA,42,44,35,526.0,18410.0
2021030105016456,NIFRA,35,44,200,526.0,105200.0
2021030105016467,NIFRA,44,44,40,526.0,21040.0
2021030105016466,NIFRA,4,44,20,526.0,10520.0
2021030105016465,NIFRA,52,44,50,526.0,26300.0
2021030105016464,NIFRA,8,44,100,526.0,52600.0
2021030105016463,NIFRA,45,44,10,526.0,5260.0
2021030105016462,NIFRA,14,44,100,526.0,52600.0
2021030105016473,NIFRA,25,44,200,526.0,105200.0
2021030105016472,NIFRA,29,44,50,526.0,26300.0
2021030105016471,NIFRA,58,44,77,526.0,40502.0
2021030105016470,NIFRA,5,44,200,526.0,105200.0
2021030105016469,NIFRA,37,44,150,526.0,78900.0
2021030105016468,NIFRA,29,44,30,526.0,15780.0
2021030105016479,NIFRA,14,44,90,526.0,47340.0
2021030105016478,NIFRA,38,44,20,526.0,10520.0
2021030105016477,NIFRA,33,44,200,526.0,105200.0
2021030105016476,NIFRA,43,44,105,526.0,55230.0
2021030105016475,NIFRA,58,44,30,526.0,15780.0
2021030105016474,NIFRA,29,44,170,526.0,89420.0
2021030105016485,NIFRA,38,44,250,525.0,131250.0
2021030105016484,NIFRA,39,44,20,525.0,10500.0
2021030105016483,NIFRA,48,44,200,525.0,105000.0
2021030105016482,NIFRA,5,44,100,525.0,52500.0
2021030105016481,NIFRA,29,44,"1,224",525.0,642600.0
2021030105016480,NIFRA,22,44,20,526.0,10520.0
2021030105016491,NIFRA,52,44,20,525.0,10500.0
2021030105016490,NIFRA,22,44,50,525.0,26250.0
2021030105016489,NIFRA,35,44,20,525.0,10500.0
2021030105016488,NIFRA,38,44,50,525.0,26250.0
2021030105016487,NIFRA,49,44,50,525.0,26250.0
2021030105016486,NIFRA,32,44,100,525.0,52500.0
2021030105016497,NIFRA,54,44,10,525.0,5250.0
2021030105016496,NIFRA,14,44,30,525.0,15750.0
2021030105016495,NIFRA,49,44,100,525.0,52500.0
2021030105016494,NIFRA,44,44,40,525.0,21000.0
2021030105016493,NIFRA,48,44,500,525.0,262500.0
2021030105016492,NIFRA,58,44,50,525.0,26250.0
2021030105016503,NIFRA,8,44,10,525.0,5250.0
2021030105016502,NIFRA,41,44,40,525.0,21000.0
2021030105016501,NIFRA,50,44,200,525.0,105000.0
2021030105016500,NIFRA,34,44,100,525.0,52500.0
2021030105016499,NIFRA,19,44,10,525.0,5250.0
2021030105016498,NIFRA,45,44,200,525.0,105000.0
2021030105016509,NIFRA,41,44,100,525.0,52500.0
2021030105016508,NIFRA,39,44,50,525.0,26250.0
2021030105016507,NIFRA,10,44,"1,000",525.0,525000.0
2021030105016506,NIFRA,10,44,500,525.0,262500.0
2021030105016505,NIFRA,48,44,100,525.0,52500.0
2021030105016504,NIFRA,59,44,50,525.0,26250.0
2021030105016515,NIFRA,29,44,100,525.0,52500.0
2021030105016514,NIFRA,8,44,100,525.0,52500.0
2021030105016513,NIFRA,58,44,100,525.0,52500.0
2021030105016512,NIFRA,17,44,100,525.0,52500.0
2021030105016511,NIFRA,49,44,100,525.0,52500.0
2021030105016510,NIFRA,38,44,200,525.0,105000.0
2021030105016521,NIFRA,51,44,100,525.0,52500.0
2021030105016520,NIFRA,54,44,100,525.0,52500.0
2021030105016519,NIFRA,19,44,100,525.0,52500.0
2021030105016518,NIFRA,42,44,20,525.0,10500.0
2021030105016517,NIFRA,43,44,40,525.0,21000.0
2021030105016516,NIFRA,49,44,500,525.0,262500.0
2021030105016527,NIFRA,40,44,50,525.0,26250.0
2021030105016526,NIFRA,21,44,30,525.0,15750.0
2021030105016525,NIFRA,55,44,150,525.0,78750.0
2021030105016524,NIFRA,52,44,100,525.0,52500.0
2021030105016523,NIFRA,39,44,100,525.0,52500.0
2021030105016522,NIFRA,48,44,30,525.0,15750.0
2021030105016533,NIFRA,42,44,500,525.0,262500.0
2021030105016532,NIFRA,49,44,200,525.0,105000.0
2021030105016531,NIFRA,58,44,100,525.0,52500.0
2021030105016530,NIFRA,4,44,40,525.0,21000.0
2021030105016529,NIFRA,42,44,40,525.0,21000.0
2021030105016528,NIFRA,39,44,100,525.0,52500.0
2021030105016539,NIFRA,33,44,70,525.0,36750.0
2021030105016538,NIFRA,26,44,200,525.0,105000.0
2021030105016537,NIFRA,47,44,20,525.0,10500.0
2021030105016536,NIFRA,58,44,30,525.0,15750.0
2021030105016535,NIFRA,58,44,500,525.0,262500.0
2021030105016534,NIFRA,19,44,50,525.0,26250.0
2021030105016545,NIFRA,34,44,200,525.0,105000.0
2021030105016544,NIFRA,26,44,100,525.0,52500.0
2021030105016543,NIFRA,36,44,83,525.0,43575.0
2021030105016542,NIFRA,22,44,20,525.0,10500.0
2021030105016541,NIFRA,22,44,100,525.0,52500.0
2021030105016540,NIFRA,46,44,27,525.0,14175.0
2021030105016551,NIFRA,42,44,25,525.0,13125.0
2021030105016550,NIFRA,46,44,50,525.0,26250.0
2021030105016549,NIFRA,58,44,40,525.0,21000.0
2021030105016548,NIFRA,38,44,100,525.0,52500.0
2021030105016547,NIFRA,58,44,30,525.0,15750.0
2021030105016546,NIFRA,11,44,10,525.0,5250.0
2021030105016557,NIFRA,49,56,60,526.0,31560.0
2021030105016556,NIFRA,5,13,40,527.0,21080.0
2021030105016555,NIFRA,5,10,10,527.0,5270.0
2021030105016554,NIFRA,43,10,10,525.0,5250.0
2021030105016553,NIFRA,43,44,24,525.0,12600.0
2021030105016552,NIFRA,41,44,50,525.0,26250.0
2021030105016564,NIFRA,53,1,5,527.0,2635.0
2021030105016563,NIFRA,42,1,25,527.0,13175.0
2021030105016561,NIFRA,55,1,20,527.0,10540.0
2021030105016560,NIFRA,55,13,10,527.0,5270.0
2021030105016559,NIFRA,49,46,50,526.0,26300.0
2021030105016558,NIFRA,49,32,50,526.0,26300.0
2021030105016570,NIFRA,52,38,50,526.0,26300.0
2021030105016569,NIFRA,17,21,10,527.0,5270.0
2021030105016568,NIFRA,17,45,10,527.0,5270.0
2021030105016567,NIFRA,26,45,50,527.0,26350.0
2021030105016566,NIFRA,52,44,10,526.0,5260.0
2021030105016565,NIFRA,49,44,40,526.0,21040.0
2021030105016576,NIFRA,52,35,60,526.0,31560.0
2021030105016575,NIFRA,19,36,10,527.0,5270.0
2021030105016574,NIFRA,19,21,40,527.0,21080.0
2021030105016573,NIFRA,52,10,60,526.0,31560.0
2021030105016572,NIFRA,52,52,60,526.0,31560.0
2021030105016571,NIFRA,52,48,60,526.0,31560.0
2021030105016583,NIFRA,52,58,60,526.0,31560.0
2021030105016582,NIFRA,41,25,100,527.0,52700.0
2021030105016581,NIFRA,58,14,18,527.0,9486.0
2021030105016580,NIFRA,25,36,50,527.0,26350.0
2021030105016579,NIFRA,52,36,50,526.0,26300.0
2021030105016577,NIFRA,52,1,60,526.0,31560.0
2021030105016590,NIFRA,52,35,60,526.0,31560.0
2021030105016589,NIFRA,52,32,50,526.0,26300.0
2021030105016588,NIFRA,52,36,60,526.0,31560.0
2021030105016587,NIFRA,52,39,50,526.0,26300.0
2021030105016586,NIFRA,58,14,50,527.0,26350.0
2021030105016585,NIFRA,52,59,50,526.0,26300.0
2021030105016596,NIFRA,52,35,10,526.0,5260.0
2021030105016595,NIFRA,52,59,50,526.0,26300.0
2021030105016594,NIFRA,52,45,50,526.0,26300.0
2021030105016593,NIFRA,52,1,50,526.0,26300.0
2021030105016592,NIFRA,52,38,50,526.0,26300.0
2021030105016591,NIFRA,43,14,20,527.0,10540.0
2021030105016602,NIFRA,58,14,20,527.0,10540.0
2021030105016601,NIFRA,45,49,50,526.0,26300.0
2021030105016600,NIFRA,45,10,20,526.0,10520.0
2021030105016599,NIFRA,54,10,40,526.0,21040.0
2021030105016598,NIFRA,54,56,10,526.0,5260.0
2021030105016597,NIFRA,52,56,50,526.0,26300.0
2021030105016609,NIFRA,7,36,10,526.0,5260.0
2021030105016608,NIFRA,34,36,30,526.0,15780.0
2021030105016607,NIFRA,34,25,50,526.0,26300.0
2021030105016606,NIFRA,34,59,20,526.0,10520.0
2021030105016605,NIFRA,45,59,30,526.0,15780.0
2021030105016603,NIFRA,45,47,50,526.0,26300.0
2021030105016615,NIFRA,37,38,30,526.0,15780.0
2021030105016614,NIFRA,58,38,20,526.0,10520.0
2021030105016613,NIFRA,58,35,10,526.0,5260.0
2021030105016612,NIFRA,58,39,50,526.0,26300.0
2021030105016611,NIFRA,58,36,20,526.0,10520.0
2021030105016610,NIFRA,43,10,50,525.0,26250.0
2021030105016621,NIFRA,20,59,34,525.0,17850.0
2021030105016620,NIFRA,43,59,16,525.0,8400.0
2021030105016619,NIFRA,16,17,40,526.0,21040.0
2021030105016618,NIFRA,16,49,30,526.0,15780.0
2021030105016617,NIFRA,37,49,20,526.0,10520.0
2021030105016616,NIFRA,37,1,50,526.0,26300.0
2021030105016628,NIFRA,20,56,50,525.0,26250.0
2021030105016626,NIFRA,20,17,40,525.0,21000.0
2021030105016625,NIFRA,34,17,10,526.0,5260.0
2021030105016624,NIFRA,34,17,10,526.0,5260.0
2021030105016623,NIFRA,20,46,50,525.0,26250.0
2021030105016622,NIFRA,20,32,50,525.0,26250.0
2021030105016635,NIFRA,20,11,60,525.0,31500.0
2021030105016634,NIFRA,52,56,50,526.0,26300.0
2021030105016633,NIFRA,52,13,50,526.0,26300.0
2021030105016631,NIFRA,20,20,50,525.0,26250.0
2021030105016630,NIFRA,20,10,50,525.0,26250.0
2021030105016629,NIFRA,20,3,50,525.0,26250.0
2021030105016632,PLI,29,22,50,790.0,39500.0
2021030105016627,PLI,29,45,50,790.0,39500.0
2021030105016604,PLI,20,3,10,789.0,7890.0
2021030105016584,PLI,20,45,10,789.0,7890.0
2021030105016578,PLI,51,53,10,790.0,7900.0
2021030105016562,PLI,44,42,10,790.0,7900.0
2021030105016170,PLI,45,58,10,790.0,7900.0
2021030105016169,PLI,45,10,10,790.0,7900.0
2021030105016149,PLI,42,58,10,790.0,7900.0
2021030105016144,PLI,58,20,10,790.0,7900.0
2021030105016210,PLI,45,45,10,790.0,7900.0
2021030105016205,PLI,45,20,10,790.0,7900.0
2021030105016204,PLI,45,58,10,790.0,7900.0
2021030105016199,PLI,45,10,10,790.0,7900.0
2021030105016183,PLI,45,58,10,790.0,7900.0
2021030105016182,PLI,45,45,10,790.0,7900.0
2021030105016277,PLI,45,10,10,790.0,7900.0
2021030105016270,PLI,45,25,10,790.0,7900.0
2021030105016268,PLI,45,45,10,790.0,7900.0
2021030105016264,PLI,13,6,10,793.0,7930.0
2021030105016238,PLI,45,45,10,790.0,7900.0
2021030105016214,PLI,45,47,10,790.0,7900.0
2021030105016317,PLI,48,25,10,791.0,7910.0
2021030105016300,PLI,48,33,50,791.0,39550.0
2021030105016297,PLI,41,45,10,790.0,7900.0
2021030105016286,PLI,41,50,30,790.0,23700.0
2021030105016285,PLI,21,50,100,790.0,79000.0
2021030105016284,PLI,45,50,70,790.0,55300.0
2021030105016351,PLI,48,52,10,791.0,7910.0
2021030105016350,PLI,48,17,10,791.0,7910.0
2021030105016341,PLI,48,38,10,791.0,7910.0
2021030105016337,PLI,48,55,10,791.0,7910.0
2021030105016336,PLI,48,21,10,791.0,7910.0
2021030105016332,PLI,48,45,10,791.0,7910.0
2021030105016379,PLI,41,45,10,792.0,7920.0
2021030105016372,PLI,48,45,10,791.0,7910.0
2021030105016370,PLI,48,45,10,791.0,7910.0
2021030105016360,PLI,48,57,10,791.0,7910.0
2021030105016358,PLI,48,55,10,791.0,7910.0
2021030105016353,PLI,48,40,20,791.0,15820.0
2021030105016409,PLI,57,20,10,790.0,7900.0
2021030105016391,PLI,57,20,10,790.0,7900.0
2021030105016390,PLI,42,17,10,791.0,7910.0
2021030105016384,PLI,48,49,10,791.0,7910.0
2021030105016381,PLI,48,55,10,791.0,7910.0
2021030105016380,PLI,41,4,50,794.0,39700.0
2021030105016438,PLI,13,52,60,791.0,47460.0
2021030105016437,PLI,13,42,10,791.0,7910.0
2021030105016436,PLI,13,45,10,791.0,7910.0
2021030105016435,PLI,13,59,10,791.0,7910.0
2021030105016434,PLI,13,20,10,790.0,7900.0
2021030105016421,PLI,20,59,10,789.0,7890.0
2021030105016014,CGH,34,52,10,455.0,4550.0
2021030105015790,CGH,34,57,10,455.0,4550.0
2021030105015687,CGH,47,41,1,455.0,455.0
2021030105016141,NIFRA,59,26,50,528.0,26400.0
2021030105016140,NIFRA,59,42,10,528.0,5280.0
2021030105016138,NIFRA,59,38,50,528.0,26400.0
2021030105016137,NIFRA,59,21,50,528.0,26400.0
2021030105016136,NIFRA,59,45,50,528.0,26400.0
2021030105016135,NIFRA,59,41,50,528.0,26400.0
2021030105015646,NIFRA,14,35,50,527.0,26350.0
2021030105015644,NIFRA,14,59,50,527.0,26350.0
2021030105015643,NIFRA,14,20,50,527.0,26350.0
2021030105015654,NIFRA,6,14,50,528.0,26400.0
2021030105015653,NIFRA,6,14,60,528.0,31680.0
2021030105015652,NIFRA,6,14,50,528.0,26400.0
2021030105015651,NIFRA,6,4,50,528.0,26400.0
2021030105015650,NIFRA,14,26,50,527.0,26350.0
2021030105015648,NIFRA,51,4,10,528.0,5280.0
2021030105015660,NIFRA,6,14,50,528.0,26400.0
2021030105015659,NIFRA,6,14,50,528.0,26400.0
2021030105015658,NIFRA,6,6,60,528.0,31680.0
2021030105015657,NIFRA,6,14,60,528.0,31680.0
2021030105015656,NIFRA,6,4,50,528.0,26400.0
2021030105015655,NIFRA,6,56,60,528.0,31680.0
2021030105015667,NIFRA,14,57,20,528.0,10560.0
2021030105015666,NIFRA,14,56,60,527.0,31620.0
2021030105015664,NIFRA,14,59,50,527.0,26350.0
2021030105015663,NIFRA,6,29,60,528.0,31680.0
2021030105015662,NIFRA,6,38,50,528.0,26400.0
2021030105015661,NIFRA,6,49,50,528.0,26400.0
2021030105015676,NIFRA,14,38,50,527.0,26350.0
2021030105015675,NIFRA,14,41,50,527.0,26350.0
2021030105015674,NIFRA,14,56,10,527.0,5270.0
2021030105015673,NIFRA,42,56,20,528.0,10560.0
2021030105015672,NIFRA,17,56,20,528.0,10560.0
2021030105015668,NIFRA,14,57,30,527.0,15810.0
2021030105015683,NIFRA,14,10,60,527.0,31620.0
2021030105015682,NIFRA,14,26,50,527.0,26350.0
2021030105015681,NIFRA,14,38,50,527.0,26350.0
2021030105015680,NIFRA,14,32,60,527.0,31620.0
2021030105015678,NIFRA,14,57,10,527.0,5270.0
2021030105015677,NIFRA,56,14,50,528.0,26400.0
2021030105015690,NIFRA,1,56,60,528.0,31680.0
2021030105015689,NIFRA,1,43,50,528.0,26400.0
2021030105015688,NIFRA,1,59,40,528.0,21120.0
2021030105015686,NIFRA,21,59,10,528.0,5280.0
2021030105015685,NIFRA,21,57,50,528.0,26400.0
2021030105015684,NIFRA,14,56,50,527.0,26350.0
2021030105015697,NIFRA,1,41,60,528.0,31680.0
2021030105015696,NIFRA,1,38,50,528.0,26400.0
2021030105015695,NIFRA,1,38,50,528.0,26400.0
2021030105015694,NIFRA,1,17,60,528.0,31680.0
2021030105015693,NIFRA,1,59,50,528.0,26400.0
2021030105015691,NIFRA,1,14,60,528.0,31680.0
2021030105015706,NIFRA,52,57,60,528.0,31680.0
2021030105015704,NIFRA,52,29,30,528.0,15840.0
2021030105015703,NIFRA,1,29,20,528.0,10560.0
2021030105015701,NIFRA,58,49,90,529.0,47610.0
2021030105015700,NIFRA,58,8,50,529.0,26450.0
2021030105015699,NIFRA,58,48,60,529.0,31740.0
2021030105015713,NIFRA,14,34,60,527.0,31620.0
2021030105015711,NIFRA,25,6,50,528.0,26400.0
2021030105015710,NIFRA,25,34,50,528.0,26400.0
2021030105015709,NIFRA,57,34,10,528.0,5280.0
2021030105015708,NIFRA,52,32,60,528.0,31680.0
2021030105015707,NIFRA,52,56,50,528.0,26400.0
2021030105015719,NIFRA,57,4,25,529.0,13225.0
2021030105015718,NIFRA,58,4,20,529.0,10580.0
2021030105015717,NIFRA,58,49,560,529.0,296240.0
2021030105015716,NIFRA,58,28,10,528.0,5280.0
2021030105015715,NIFRA,58,6,10,528.0,5280.0
2021030105015714,NIFRA,14,39,60,527.0,31620.0
2021030105015726,NIFRA,1,32,50,528.0,26400.0
2021030105015725,NIFRA,14,57,50,527.0,26350.0
2021030105015723,NIFRA,58,4,188,529.0,99452.0
2021030105015722,NIFRA,14,38,60,527.0,31620.0
2021030105015721,NIFRA,14,29,50,527.0,26350.0
2021030105015720,NIFRA,14,38,50,527.0,26350.0
2021030105015732,NIFRA,1,57,50,528.0,26400.0
2021030105015731,NIFRA,1,38,50,528.0,26400.0
2021030105015730,NIFRA,1,56,60,528.0,31680.0
2021030105015729,NIFRA,1,38,60,528.0,31680.0
2021030105015728,NIFRA,1,4,50,528.0,26400.0
2021030105015727,NIFRA,1,59,60,528.0,31680.0
2021030105015740,NIFRA,40,56,40,528.0,21120.0
2021030105015739,NIFRA,1,56,10,528.0,5280.0
2021030105015737,NIFRA,42,4,135,529.0,71415.0
2021030105015735,NIFRA,1,16,60,528.0,31680.0
2021030105015734,NIFRA,1,29,50,528.0,26400.0
2021030105015733,NIFRA,58,4,100,529.0,52900.0
2021030105015749,NIFRA,14,6,50,528.0,26400.0
2021030105015747,NIFRA,14,16,60,528.0,31680.0
2021030105015746,NIFRA,14,56,50,528.0,26400.0
2021030105015744,NIFRA,34,38,50,528.0,26400.0
2021030105015742,NIFRA,34,10,50,528.0,26400.0
2021030105015741,NIFRA,40,10,10,528.0,5280.0
2021030105015755,NIFRA,14,10,50,528.0,26400.0
2021030105015754,NIFRA,14,38,50,528.0,26400.0
2021030105015753,NIFRA,14,32,50,528.0,26400.0
2021030105015752,NIFRA,49,4,100,529.0,52900.0
2021030105015751,NIFRA,58,4,15,529.0,7935.0
2021030105015750,NIFRA,14,59,50,528.0,26400.0
2021030105015761,NIFRA,35,32,50,528.0,26400.0
2021030105015760,NIFRA,56,50,30,528.0,15840.0
2021030105015759,NIFRA,14,50,30,528.0,15840.0
2021030105015758,NIFRA,14,59,60,528.0,31680.0
2021030105015757,NIFRA,14,4,10,529.0,5290.0
2021030105015756,NIFRA,14,41,50,528.0,26400.0
2021030105015767,NIFRA,58,6,50,528.0,26400.0
2021030105015766,NIFRA,14,41,50,527.0,26350.0
2021030105015765,NIFRA,56,6,10,528.0,5280.0
2021030105015764,NIFRA,35,6,40,528.0,21120.0
2021030105015763,NIFRA,35,59,60,528.0,31680.0
2021030105015762,NIFRA,35,32,50,528.0,26400.0
2021030105015773,NIFRA,43,57,50,528.0,26400.0
2021030105015772,NIFRA,43,57,10,528.0,5280.0
2021030105015771,NIFRA,38,57,40,528.0,21120.0
2021030105015770,NIFRA,41,59,50,528.0,26400.0
2021030105015769,NIFRA,41,6,10,528.0,5280.0
2021030105015768,NIFRA,14,38,50,527.0,26350.0
2021030105015781,NIFRA,43,59,60,528.0,31680.0
2021030105015780,NIFRA,42,4,32,529.0,16928.0
2021030105015779,NIFRA,43,59,60,528.0,31680.0
2021030105015778,NIFRA,5,4,90,529.0,47610.0
2021030105015777,NIFRA,21,4,64,529.0,33856.0
2021030105015776,NIFRA,58,4,20,529.0,10580.0
2021030105015787,NIFRA,25,59,60,528.0,31680.0
2021030105015786,NIFRA,49,38,50,528.0,26400.0
2021030105015785,NIFRA,49,29,60,528.0,31680.0
2021030105015784,NIFRA,49,17,60,528.0,31680.0
2021030105015783,NIFRA,49,43,30,528.0,15840.0
2021030105015782,NIFRA,43,43,20,528.0,10560.0
2021030105015794,NIFRA,26,35,30,528.0,15840.0
2021030105015793,NIFRA,26,6,50,528.0,26400.0
2021030105015792,NIFRA,26,16,20,528.0,10560.0
2021030105015791,NIFRA,25,16,80,528.0,42240.0
2021030105015789,NIFRA,25,39,60,528.0,31680.0
2021030105015788,NIFRA,14,4,85,529.0,44965.0
2021030105015801,NIFRA,14,35,60,529.0,31740.0
2021030105015800,NIFRA,14,4,116,529.0,61364.0
2021030105015799,NIFRA,14,52,50,528.0,26400.0
2021030105015798,NIFRA,14,26,30,528.0,15840.0
2021030105015796,NIFRA,58,26,30,528.0,15840.0
2021030105015795,NIFRA,58,35,20,528.0,10560.0
2021030105015807,NIFRA,14,59,60,528.0,31680.0
2021030105015806,NIFRA,14,36,60,528.0,31680.0
2021030105015805,NIFRA,38,55,20,529.0,10580.0
2021030105015804,NIFRA,14,42,50,528.0,26400.0
2021030105015803,NIFRA,14,58,60,528.0,31680.0
2021030105015802,NIFRA,14,55,24,529.0,12696.0
2021030105015814,NIFRA,14,40,39,528.0,20592.0
2021030105015813,NIFRA,1,32,11,529.0,5819.0
2021030105015812,NIFRA,14,16,50,528.0,26400.0
2021030105015810,NIFRA,14,6,50,528.0,26400.0
2021030105015809,NIFRA,14,17,25,528.0,13200.0
2021030105015808,NIFRA,14,34,50,528.0,26400.0
2021030105015820,NIFRA,58,36,20,528.0,10560.0
2021030105015819,NIFRA,26,36,30,528.0,15840.0
2021030105015818,NIFRA,52,36,19,528.0,10032.0
2021030105015817,NIFRA,52,26,60,528.0,31680.0
2021030105015816,NIFRA,52,21,10,528.0,5280.0
2021030105015815,NIFRA,52,40,11,528.0,5808.0
2021030105015826,NIFRA,38,56,60,528.0,31680.0
2021030105015825,NIFRA,59,36,51,527.0,26877.0
2021030105015824,NIFRA,58,36,20,527.0,10540.0
2021030105015823,NIFRA,17,36,50,527.0,26350.0
2021030105015822,NIFRA,54,36,50,528.0,26400.0
2021030105015821,NIFRA,21,36,10,528.0,5280.0
2021030105015834,NIFRA,59,6,50,527.0,26350.0
2021030105015833,NIFRA,59,36,50,527.0,26350.0
2021030105015832,NIFRA,1,39,10,528.0,5280.0
2021030105015831,NIFRA,59,32,60,527.0,31620.0
2021030105015829,NIFRA,58,39,40,528.0,21120.0
2021030105015827,NIFRA,58,34,49,528.0,25872.0
2021030105015841,NIFRA,59,44,50,527.0,26350.0
2021030105015840,NIFRA,55,41,40,528.0,21120.0
2021030105015839,NIFRA,55,16,50,528.0,26400.0
2021030105015838,NIFRA,55,39,10,528.0,5280.0
2021030105015837,NIFRA,59,42,30,527.0,15810.0
2021030105015835,NIFRA,59,36,50,527.0,26350.0
2021030105015847,NIFRA,19,32,39,529.0,20631.0
2021030105015846,NIFRA,59,57,30,527.0,15810.0
2021030105015845,NIFRA,26,57,20,528.0,10560.0
2021030105015844,NIFRA,26,38,30,528.0,15840.0
2021030105015843,NIFRA,26,57,50,528.0,26400.0
2021030105015842,NIFRA,26,41,20,528.0,10560.0
2021030105015853,NIFRA,59,55,10,527.0,5270.0
2021030105015852,NIFRA,11,55,40,528.0,21120.0
2021030105015851,NIFRA,58,4,10,529.0,5290.0
2021030105015850,NIFRA,59,58,50,527.0,26350.0
2021030105015849,NIFRA,59,10,50,527.0,26350.0
2021030105015848,NIFRA,19,4,111,529.0,58719.0
2021030105015859,NIFRA,42,32,50,528.0,26400.0
2021030105015858,NIFRA,42,26,15,528.0,7920.0
2021030105015857,NIFRA,29,26,45,528.0,23760.0
2021030105015856,NIFRA,38,56,50,528.0,26400.0
2021030105015855,NIFRA,59,6,60,527.0,31620.0
2021030105015854,NIFRA,59,44,60,527.0,31620.0
2021030105015866,NIFRA,59,36,50,527.0,26350.0
2021030105015865,NIFRA,41,16,50,528.0,26400.0
2021030105015864,NIFRA,59,11,50,527.0,26350.0
2021030105015862,NIFRA,59,10,50,527.0,26350.0
2021030105015861,NIFRA,59,58,50,527.0,26350.0
2021030105015860,NIFRA,42,4,300,529.0,158700.0
2021030105015873,NIFRA,59,33,20,527.0,10540.0
2021030105015872,NIFRA,28,16,250,528.0,132000.0
2021030105015871,NIFRA,59,38,40,527.0,21080.0
2021030105015869,NIFRA,43,16,35,528.0,18480.0
2021030105015868,NIFRA,59,8,30,527.0,15810.0
2021030105015867,NIFRA,50,16,20,528.0,10560.0
2021030105015881,NIFRA,44,16,15,528.0,7920.0
2021030105015880,NIFRA,59,49,50,527.0,26350.0
2021030105015877,NIFRA,17,16,30,528.0,15840.0
2021030105015876,NIFRA,59,44,60,527.0,31620.0
2021030105015875,NIFRA,59,57,50,527.0,26350.0
2021030105015874,NIFRA,58,16,100,528.0,52800.0
2021030105015887,NIFRA,58,17,25,528.0,13200.0
2021030105015886,NIFRA,59,4,50,527.0,26350.0
2021030105015885,NIFRA,59,16,50,527.0,26350.0
2021030105015884,NIFRA,59,26,60,527.0,31620.0
2021030105015883,NIFRA,59,36,50,527.0,26350.0
2021030105015882,NIFRA,44,17,25,528.0,13200.0
2021030105015895,NIFRA,6,51,5,528.0,2640.0
2021030105015894,NIFRA,7,51,45,528.0,23760.0
2021030105015893,NIFRA,59,5,60,527.0,31620.0
2021030105015891,NIFRA,35,1,300,527.0,158100.0
2021030105015889,NIFRA,59,44,60,527.0,31620.0
2021030105015888,NIFRA,59,40,50,527.0,26350.0
2021030105015901,NIFRA,59,57,19,527.0,10013.0
2021030105015900,NIFRA,16,57,40,528.0,21120.0
2021030105015899,NIFRA,16,58,10,528.0,5280.0
2021030105015898,NIFRA,16,37,60,528.0,31680.0
2021030105015897,NIFRA,16,22,40,528.0,21120.0
2021030105015896,NIFRA,59,57,50,527.0,26350.0
2021030105015909,NIFRA,43,51,60,528.0,31680.0
2021030105015907,NIFRA,51,26,50,527.0,26350.0
2021030105015906,NIFRA,51,14,40,527.0,21080.0
2021030105015904,NIFRA,51,58,50,527.0,26350.0
2021030105015903,NIFRA,51,29,60,527.0,31620.0
2021030105015902,NIFRA,51,57,11,527.0,5797.0
2021030105015917,NIFRA,43,36,60,528.0,31680.0
2021030105015916,NIFRA,43,58,50,528.0,26400.0
2021030105015915,NIFRA,43,47,50,528.0,26400.0
2021030105015914,NIFRA,56,4,300,529.0,158700.0
2021030105015912,NIFRA,43,40,50,528.0,26400.0
2021030105015910,NIFRA,43,57,20,528.0,10560.0
2021030105015923,NIFRA,34,4,50,529.0,26450.0
2021030105015922,NIFRA,34,50,50,529.0,26450.0
2021030105015921,NIFRA,34,14,60,529.0,31740.0
2021030105015920,NIFRA,34,4,169,529.0,89401.0
2021030105015919,NIFRA,43,25,50,528.0,26400.0
2021030105015918,NIFRA,47,4,110,529.0,58190.0
2021030105015934,NIFRA,19,26,10,528.0,5280.0
2021030105015932,NIFRA,19,40,40,528.0,21120.0
2021030105015931,NIFRA,43,40,10,528.0,5280.0
2021030105015930,NIFRA,48,4,50,529.0,26450.0
2021030105015929,NIFRA,43,57,50,528.0,26400.0
2021030105015924,NIFRA,34,4,171,529.0,90459.0
2021030105015940,NIFRA,49,34,12,528.0,6336.0
2021030105015939,NIFRA,42,34,38,528.0,20064.0
2021030105015938,NIFRA,7,36,21,528.0,11088.0
2021030105015937,NIFRA,19,36,20,528.0,10560.0
2021030105015936,NIFRA,19,47,60,528.0,31680.0
2021030105015935,NIFRA,19,51,50,528.0,26400.0
2021030105015949,NIFRA,49,29,28,528.0,14784.0
2021030105015948,NIFRA,49,41,50,528.0,26400.0
2021030105015947,NIFRA,34,4,500,529.0,264500.0
2021030105015946,NIFRA,49,17,60,528.0,31680.0
2021030105015944,NIFRA,11,4,100,529.0,52900.0
2021030105015942,NIFRA,49,40,50,528.0,26400.0
2021030105015955,NIFRA,48,17,10,529.0,5290.0
2021030105015954,NIFRA,48,4,179,529.0,94691.0
2021030105015953,NIFRA,36,39,50,528.0,26400.0
2021030105015952,NIFRA,36,57,50,528.0,26400.0
2021030105015951,NIFRA,36,57,50,528.0,26400.0
2021030105015950,NIFRA,36,29,12,528.0,6336.0
2021030105015961,NIFRA,14,4,100,528.0,52800.0
2021030105015960,NIFRA,47,4,45,528.0,23760.0
2021030105015959,NIFRA,36,4,218,528.0,115104.0
2021030105015958,NIFRA,36,26,60,528.0,31680.0
2021030105015957,NIFRA,36,51,60,528.0,31680.0
2021030105015956,NIFRA,48,4,111,529.0,58719.0
2021030105015968,NIFRA,41,10,60,528.0,31680.0
2021030105015967,NIFRA,41,25,20,528.0,10560.0
2021030105015966,NIFRA,41,26,50,528.0,26400.0
2021030105015965,NIFRA,41,49,50,528.0,26400.0
2021030105015963,NIFRA,41,13,50,528.0,26400.0
2021030105015962,NIFRA,41,4,637,528.0,336336.0
2021030105015974,NIFRA,6,4,50,529.0,26450.0
2021030105015973,NIFRA,34,26,20,528.0,10560.0
2021030105015972,NIFRA,6,29,43,528.0,22704.0
2021030105015971,NIFRA,6,49,17,528.0,8976.0
2021030105015970,NIFRA,41,49,33,528.0,17424.0
2021030105015969,NIFRA,41,47,100,528.0,52800.0
2021030105015982,NIFRA,38,26,20,528.0,10560.0
2021030105015981,NIFRA,33,4,100,529.0,52900.0
2021030105015980,NIFRA,38,47,20,528.0,10560.0
2021030105015979,NIFRA,34,47,30,528.0,15840.0
2021030105015978,NIFRA,34,40,50,528.0,26400.0
2021030105015976,NIFRA,57,43,"1,000",529.0,529000.0
2021030105015989,NIFRA,11,4,27,529.0,14283.0
2021030105015988,NIFRA,58,38,50,528.0,26400.0
2021030105015987,NIFRA,58,4,950,528.0,501600.0
2021030105015986,NIFRA,40,4,50,528.0,26400.0
2021030105015985,NIFRA,58,4,20,529.0,10580.0
2021030105015983,NIFRA,25,26,30,528.0,15840.0
2021030105015995,NIFRA,58,6,50,528.0,26400.0
2021030105015994,NIFRA,58,42,50,528.0,26400.0
2021030105015993,NIFRA,58,13,30,528.0,15840.0
2021030105015992,NIFRA,58,29,60,528.0,31680.0
2021030105015991,NIFRA,58,58,50,528.0,26400.0
2021030105015990,NIFRA,58,51,50,528.0,26400.0
2021030105016001,NIFRA,58,38,50,528.0,26400.0
2021030105016000,NIFRA,58,56,60,528.0,31680.0
2021030105015999,NIFRA,58,6,60,528.0,31680.0
2021030105015998,NIFRA,58,26,50,528.0,26400.0
2021030105015997,NIFRA,58,20,50,528.0,26400.0
2021030105015996,NIFRA,58,36,50,528.0,26400.0
2021030105016007,NIFRA,45,58,15,528.0,7920.0
2021030105016006,NIFRA,45,26,50,528.0,26400.0
2021030105016005,NIFRA,45,55,35,528.0,18480.0
2021030105016004,NIFRA,19,55,100,528.0,52800.0
2021030105016003,NIFRA,58,55,340,528.0,179520.0
2021030105016002,NIFRA,58,55,50,528.0,26400.0
2021030105016018,NIFRA,32,57,10,528.0,5280.0
2021030105016013,NIFRA,49,34,50,528.0,26400.0
2021030105016012,NIFRA,49,32,20,528.0,10560.0
2021030105016010,NIFRA,51,29,35,527.0,18445.0
2021030105016009,NIFRA,39,29,15,528.0,7920.0
2021030105016008,NIFRA,39,58,35,528.0,18480.0
2021030105016025,NIFRA,44,38,16,527.0,8432.0
2021030105016024,NIFRA,26,38,34,527.0,17918.0
2021030105016023,NIFRA,26,26,20,527.0,10540.0
2021030105016022,NIFRA,26,29,46,527.0,24242.0
2021030105016021,NIFRA,51,29,14,527.0,7378.0
2021030105016019,NIFRA,52,57,48,528.0,25344.0
2021030105016033,NIFRA,42,16,35,528.0,18480.0
2021030105016032,NIFRA,52,16,15,528.0,7920.0
2021030105016031,NIFRA,52,59,10,528.0,5280.0
2021030105016028,NIFRA,52,59,50,528.0,26400.0
2021030105016027,NIFRA,52,4,20,529.0,10580.0
2021030105016026,NIFRA,42,4,300,529.0,158700.0
2021030105016040,NIFRA,44,51,34,527.0,17918.0
2021030105016038,NIFRA,44,6,50,527.0,26350.0
2021030105016037,NIFRA,11,36,10,528.0,5280.0
2021030105016036,NIFRA,44,29,50,527.0,26350.0
2021030105016035,NIFRA,44,26,50,527.0,26350.0
2021030105016034,NIFRA,42,36,15,528.0,7920.0
2021030105016046,NIFRA,53,29,60,527.0,31620.0
2021030105016045,NIFRA,53,1,16,527.0,8432.0
2021030105016044,NIFRA,11,1,10,527.0,5270.0
2021030105016043,NIFRA,46,1,34,527.0,17918.0
2021030105016042,NIFRA,46,10,50,527.0,26350.0
2021030105016041,NIFRA,46,51,16,527.0,8432.0
2021030105016052,NIFRA,56,36,375,528.0,198000.0
2021030105016051,NIFRA,53,36,60,527.0,31620.0
2021030105016050,NIFRA,53,29,50,527.0,26350.0
2021030105016049,NIFRA,45,36,100,528.0,52800.0
2021030105016048,NIFRA,45,36,25,528.0,13200.0
2021030105016047,NIFRA,45,36,25,528.0,13200.0
2021030105016059,NIFRA,52,29,25,527.0,13175.0
2021030105016058,NIFRA,53,29,19,527.0,10013.0
2021030105016056,NIFRA,53,49,50,527.0,26350.0
2021030105016055,NIFRA,53,45,50,527.0,26350.0
2021030105016054,NIFRA,53,6,50,527.0,26350.0
2021030105016053,NIFRA,56,41,25,528.0,13200.0
2021030105016066,NIFRA,58,34,36,527.0,18972.0
2021030105016065,NIFRA,53,34,14,527.0,7378.0
2021030105016064,NIFRA,55,41,10,528.0,5280.0
2021030105016063,NIFRA,53,58,50,527.0,26350.0
2021030105016061,NIFRA,53,29,36,527.0,18972.0
2021030105016060,NIFRA,49,29,20,527.0,10540.0
2021030105016073,NIFRA,13,41,25,528.0,13200.0
2021030105016072,NIFRA,58,29,60,527.0,31620.0
2021030105016071,NIFRA,58,38,50,527.0,26350.0
2021030105016069,NIFRA,58,26,60,527.0,31620.0
2021030105016068,NIFRA,58,57,50,527.0,26350.0
2021030105016067,NIFRA,58,49,10,527.0,5270.0
2021030105016079,NIFRA,13,10,60,528.0,31680.0
2021030105016078,NIFRA,13,45,50,528.0,26400.0
2021030105016077,NIFRA,13,10,60,528.0,31680.0
2021030105016076,NIFRA,13,55,50,528.0,26400.0
2021030105016075,NIFRA,13,25,60,528.0,31680.0
2021030105016074,NIFRA,13,43,50,528.0,26400.0
2021030105016085,NIFRA,36,32,50,528.0,26400.0
2021030105016084,NIFRA,36,49,50,528.0,26400.0
2021030105016083,NIFRA,36,59,400,528.0,211200.0
2021030105016082,NIFRA,13,59,60,528.0,31680.0
2021030105016081,NIFRA,13,44,60,528.0,31680.0
2021030105016080,NIFRA,13,57,50,528.0,26400.0
2021030105016093,NIFRA,6,48,60,528.0,31680.0
2021030105016092,NIFRA,6,38,30,528.0,15840.0
2021030105016091,NIFRA,6,21,50,528.0,26400.0
2021030105016090,NIFRA,6,26,50,528.0,26400.0
2021030105016088,NIFRA,6,36,60,528.0,31680.0
2021030105016086,NIFRA,6,32,10,528.0,5280.0
2021030105016100,NIFRA,6,26,20,528.0,10560.0
2021030105016099,NIFRA,6,20,60,528.0,31680.0
2021030105016098,NIFRA,49,4,10,529.0,5290.0
2021030105016097,NIFRA,6,51,50,528.0,26400.0
2021030105016095,NIFRA,6,16,50,528.0,26400.0
2021030105016094,NIFRA,6,29,60,528.0,31680.0
2021030105016109,NIFRA,5,57,60,528.0,31680.0
2021030105016107,NIFRA,5,53,150,528.0,79200.0
2021030105016106,NIFRA,5,56,50,528.0,26400.0
2021030105016103,NIFRA,5,36,20,528.0,10560.0
2021030105016102,NIFRA,16,36,30,528.0,15840.0
2021030105016101,NIFRA,16,26,20,528.0,10560.0
2021030105016115,NIFRA,48,5,21,528.0,11088.0
2021030105016114,NIFRA,5,56,50,528.0,26400.0
2021030105016113,NIFRA,5,57,50,528.0,26400.0
2021030105016112,NIFRA,5,38,50,528.0,26400.0
2021030105016111,NIFRA,5,36,10,528.0,5280.0
2021030105016110,NIFRA,5,39,60,528.0,31680.0
2021030105016122,NIFRA,17,56,25,527.0,13175.0
2021030105016121,NIFRA,26,56,25,527.0,13175.0
2021030105016120,NIFRA,26,21,25,527.0,13175.0
2021030105016119,NIFRA,58,21,25,527.0,13175.0
2021030105016118,NIFRA,58,26,20,527.0,10540.0
2021030105016116,NIFRA,58,5,39,527.0,20553.0
2021030105016128,NIFRA,59,39,170,528.0,89760.0
2021030105016127,NIFRA,53,45,60,527.0,31620.0
2021030105016126,NIFRA,53,20,35,527.0,18445.0
2021030105016125,NIFRA,17,20,15,527.0,7905.0
2021030105016124,NIFRA,42,39,30,528.0,15840.0
2021030105016123,NIFRA,17,32,60,527.0,31620.0
2021030105016134,NIFRA,59,58,50,528.0,26400.0
2021030105016133,NIFRA,59,36,50,528.0,26400.0
2021030105016132,NIFRA,59,44,50,528.0,26400.0
2021030105016131,NIFRA,59,57,60,528.0,31680.0
2021030105016130,NIFRA,59,42,50,528.0,26400.0
2021030105016129,NIFRA,59,45,50,528.0,26400.0
2021030105016139,PLI,58,58,10,790.0,7900.0
2021030105016117,PLI,46,4,20,794.0,15880.0
2021030105016108,PLI,58,36,10,790.0,7900.0
2021030105016105,PLI,48,44,10,792.0,7920.0
2021030105016104,PLI,58,20,10,790.0,7900.0
2021030105016096,PLI,58,21,10,790.0,7900.0
2021030105015645,PLI,29,42,10,792.0,7920.0
2021030105015642,PLI,22,18,10,790.0,7900.0
2021030105015671,PLI,45,26,10,790.0,7900.0
2021030105015670,PLI,45,26,10,790.0,7900.0
2021030105015669,PLI,22,18,10,790.0,7900.0
2021030105015665,PLI,22,35,10,790.0,7900.0
2021030105015649,PLI,22,36,10,790.0,7900.0
2021030105015647,PLI,22,16,10,790.0,7900.0
2021030105015712,PLI,45,56,10,790.0,7900.0
2021030105015705,PLI,45,16,10,790.0,7900.0
2021030105015702,PLI,45,26,10,790.0,7900.0
2021030105015698,PLI,35,39,50,791.0,39550.0
2021030105015692,PLI,45,26,10,790.0,7900.0
2021030105015679,PLI,45,59,10,790.0,7900.0
2021030105015748,PLI,42,38,10,790.0,7900.0
2021030105015745,PLI,42,38,10,790.0,7900.0
2021030105015743,PLI,45,56,10,790.0,7900.0
2021030105015738,PLI,57,39,10,791.0,7910.0
2021030105015736,PLI,45,56,10,790.0,7900.0
2021030105015724,PLI,45,49,10,790.0,7900.0
2021030105015830,PLI,57,56,10,789.0,7890.0
2021030105015828,PLI,57,40,10,789.0,7890.0
2021030105015811,PLI,42,26,10,789.0,7890.0
2021030105015797,PLI,44,6,20,790.0,15800.0
2021030105015775,PLI,42,6,10,790.0,7900.0
2021030105015774,PLI,17,6,20,790.0,15800.0
2021030105015890,PLI,57,10,20,789.0,15780.0
2021030105015879,PLI,11,10,10,790.0,7900.0
2021030105015878,PLI,11,26,10,790.0,7900.0
2021030105015870,PLI,53,39,12,791.0,9492.0
2021030105015863,PLI,57,26,10,789.0,7890.0
2021030105015836,PLI,57,16,10,789.0,7890.0
2021030105015925,PLI,58,26,10,789.0,7890.0
2021030105015913,PLI,57,26,10,789.0,7890.0
2021030105015911,PLI,57,14,10,789.0,7890.0
2021030105015908,PLI,57,54,10,789.0,7890.0
2021030105015905,PLI,57,16,10,789.0,7890.0
2021030105015892,PLI,50,58,10,790.0,7900.0
2021030105015943,PLI,20,16,10,789.0,7890.0
2021030105015941,PLI,20,6,10,789.0,7890.0
2021030105015933,PLI,20,47,10,789.0,7890.0
2021030105015928,PLI,38,4,162,794.0,128628.0
2021030105015927,PLI,38,51,10,792.0,7920.0
2021030105015926,PLI,38,39,28,791.0,22148.0
2021030105016011,PLI,34,10,10,790.0,7900.0
2021030105015984,PLI,20,57,10,789.0,7890.0
2021030105015977,PLI,20,26,10,789.0,7890.0
2021030105015975,PLI,20,26,10,789.0,7890.0
2021030105015964,PLI,20,54,10,789.0,7890.0
2021030105015945,PLI,20,47,10,789.0,7890.0
2021030105016030,PLI,58,42,10,790.0,7900.0
2021030105016029,PLI,58,54,10,790.0,7900.0
2021030105016020,PLI,20,42,10,789.0,7890.0
2021030105016017,PLI,20,25,490,789.0,386610.0
2021030105016016,PLI,34,25,10,790.0,7900.0
2021030105016015,PLI,34,57,10,790.0,7900.0
2021030105016089,PLI,56,34,10,792.0,7920.0
2021030105016087,PLI,56,45,10,792.0,7920.0
2021030105016070,PLI,58,49,10,790.0,7900.0
2021030105016062,PLI,57,55,10,793.0,7930.0
2021030105016057,PLI,58,55,10,790.0,7900.0
2021030105016039,PLI,58,49,10,790.0,7900.0
2021030105015641,NIFRA,14,36,10,527.0,5270.0
2021030105015640,NIFRA,14,51,50,527.0,26350.0
2021030105015639,NIFRA,14,38,240,527.0,126480.0
2021030105015637,NIFRA,14,16,16,527.0,8432.0
2021030105015636,NIFRA,42,16,44,527.0,23188.0
2021030105015635,NIFRA,42,38,50,527.0,26350.0
2021030105015147,NIFRA,57,59,50,528.0,26400.0
2021030105015146,NIFRA,57,47,50,528.0,26400.0
2021030105015145,NIFRA,57,42,40,528.0,21120.0
2021030105015144,NIFRA,57,59,10,528.0,5280.0
2021030105015143,NIFRA,11,59,40,528.0,21120.0
2021030105015142,NIFRA,11,58,10,528.0,5280.0
2021030105015155,NIFRA,57,45,60,528.0,31680.0
2021030105015154,NIFRA,57,41,60,528.0,31680.0
2021030105015152,NIFRA,35,51,50,529.0,26450.0
2021030105015151,NIFRA,57,11,50,528.0,26400.0
2021030105015149,NIFRA,57,21,60,528.0,31680.0
2021030105015148,NIFRA,57,10,50,528.0,26400.0
2021030105015163,NIFRA,55,32,40,528.0,21120.0
2021030105015160,NIFRA,55,45,60,528.0,31680.0
2021030105015159,NIFRA,55,11,60,528.0,31680.0
2021030105015158,NIFRA,55,21,40,528.0,21120.0
2021030105015157,NIFRA,57,21,10,528.0,5280.0
2021030105015156,NIFRA,57,18,60,528.0,31680.0
2021030105015171,NIFRA,49,44,300,530.0,159000.0
2021030105015170,NIFRA,49,14,50,529.0,26450.0
2021030105015169,NIFRA,49,1,100,529.0,52900.0
2021030105015168,NIFRA,49,57,50,529.0,26450.0
2021030105015167,NIFRA,43,36,60,528.0,31680.0
2021030105015164,NIFRA,43,32,10,528.0,5280.0
2021030105015177,NIFRA,1,38,30,527.0,15810.0
2021030105015176,NIFRA,1,21,60,527.0,31620.0
2021030105015175,NIFRA,26,45,40,528.0,21120.0
2021030105015174,NIFRA,41,51,50,529.0,26450.0
2021030105015173,NIFRA,1,38,25,527.0,13175.0
2021030105015172,NIFRA,43,38,25,528.0,13200.0
2021030105015183,NIFRA,1,45,50,527.0,26350.0
2021030105015182,NIFRA,1,59,60,527.0,31620.0
2021030105015181,NIFRA,57,55,50,529.0,26450.0
2021030105015180,NIFRA,57,11,50,528.0,26400.0
2021030105015179,NIFRA,57,45,10,528.0,5280.0
2021030105015178,NIFRA,1,38,50,527.0,26350.0
2021030105015190,NIFRA,42,21,50,527.0,26350.0
2021030105015189,NIFRA,45,36,5,527.0,2635.0
2021030105015188,NIFRA,1,36,45,527.0,23715.0
2021030105015187,NIFRA,1,38,50,527.0,26350.0
2021030105015185,NIFRA,1,38,50,527.0,26350.0
2021030105015184,NIFRA,26,59,60,528.0,31680.0
2021030105015196,NIFRA,43,55,95,527.0,50065.0
2021030105015195,NIFRA,35,55,50,527.0,26350.0
2021030105015194,NIFRA,22,55,35,527.0,18445.0
2021030105015193,NIFRA,48,55,150,527.0,79050.0
2021030105015192,NIFRA,48,18,50,527.0,26350.0
2021030105015191,NIFRA,42,18,10,527.0,5270.0
2021030105015202,NIFRA,3,55,10,527.0,5270.0
2021030105015201,NIFRA,49,55,500,527.0,263500.0
2021030105015200,NIFRA,57,55,250,527.0,131750.0
2021030105015199,NIFRA,57,55,100,527.0,52700.0
2021030105015198,NIFRA,19,55,50,527.0,26350.0
2021030105015197,NIFRA,41,55,50,527.0,26350.0
2021030105015209,NIFRA,58,3,10,526.0,5260.0
2021030105015207,NIFRA,58,38,40,526.0,21040.0
2021030105015206,NIFRA,19,38,10,526.0,5260.0
2021030105015205,NIFRA,19,38,10,526.0,5260.0
2021030105015204,NIFRA,36,38,40,526.0,21040.0
2021030105015203,NIFRA,28,55,50,527.0,26350.0
2021030105015217,NIFRA,42,38,50,526.0,26300.0
2021030105015214,NIFRA,42,38,50,526.0,26300.0
2021030105015213,NIFRA,57,55,20,527.0,10540.0
2021030105015212,NIFRA,45,55,30,527.0,15810.0
2021030105015211,NIFRA,42,3,30,526.0,15780.0
2021030105015210,NIFRA,19,3,20,526.0,10520.0
2021030105015223,NIFRA,52,3,20,526.0,10520.0
2021030105015222,NIFRA,52,38,10,526.0,5260.0
2021030105015221,NIFRA,52,36,50,526.0,26300.0
2021030105015220,NIFRA,52,45,20,526.0,10520.0
2021030105015219,NIFRA,13,45,10,526.0,5260.0
2021030105015218,NIFRA,42,45,20,526.0,10520.0
2021030105015229,NIFRA,26,3,50,526.0,26300.0
2021030105015228,NIFRA,40,55,100,527.0,52700.0
2021030105015227,NIFRA,26,52,50,526.0,26300.0
2021030105015226,NIFRA,26,38,50,526.0,26300.0
2021030105015225,NIFRA,26,3,30,526.0,15780.0
2021030105015224,NIFRA,28,3,10,526.0,5260.0
2021030105015242,NIFRA,26,38,50,526.0,26300.0
2021030105015241,NIFRA,26,35,60,526.0,31560.0
2021030105015240,NIFRA,26,59,60,526.0,31560.0
2021030105015239,NIFRA,26,55,60,526.0,31560.0
2021030105015238,NIFRA,26,17,10,526.0,5260.0
2021030105015230,NIFRA,26,38,50,526.0,26300.0
2021030105015248,NIFRA,56,55,50,527.0,26350.0
2021030105015247,NIFRA,50,10,10,526.0,5260.0
2021030105015246,NIFRA,35,10,40,526.0,21040.0
2021030105015245,NIFRA,35,21,50,526.0,26300.0
2021030105015244,NIFRA,35,44,20,526.0,10520.0
2021030105015243,NIFRA,26,44,30,526.0,15780.0
2021030105015255,NIFRA,57,19,40,527.0,21080.0
2021030105015253,NIFRA,21,19,10,527.0,5270.0
2021030105015252,NIFRA,21,45,50,527.0,26350.0
2021030105015251,NIFRA,21,45,50,527.0,26350.0
2021030105015250,NIFRA,25,38,50,526.0,26300.0
2021030105015249,NIFRA,25,38,50,526.0,26300.0
2021030105015261,NIFRA,57,34,60,527.0,31620.0
2021030105015260,NIFRA,57,45,60,527.0,31620.0
2021030105015259,NIFRA,57,35,60,527.0,31620.0
2021030105015258,NIFRA,57,52,60,527.0,31620.0
2021030105015257,NIFRA,57,45,60,527.0,31620.0
2021030105015256,NIFRA,57,59,50,527.0,26350.0
2021030105015267,NIFRA,40,48,50,529.0,26450.0
2021030105015266,NIFRA,40,29,50,529.0,26450.0
2021030105015265,NIFRA,40,41,60,529.0,31740.0
2021030105015264,NIFRA,57,3,50,527.0,26350.0
2021030105015263,NIFRA,22,55,50,529.0,26450.0
2021030105015262,NIFRA,22,45,50,528.0,26400.0
2021030105015273,NIFRA,40,51,60,530.0,31800.0
2021030105015272,NIFRA,40,16,50,530.0,26500.0
2021030105015271,NIFRA,40,4,20,530.0,10600.0
2021030105015270,NIFRA,40,52,50,530.0,26500.0
2021030105015269,NIFRA,40,51,50,530.0,26500.0
2021030105015268,NIFRA,40,44,93,530.0,49290.0
2021030105015279,NIFRA,42,58,400,530.0,212000.0
2021030105015278,NIFRA,17,38,50,528.0,26400.0
2021030105015277,NIFRA,40,58,257,530.0,136210.0
2021030105015276,NIFRA,40,35,10,530.0,5300.0
2021030105015275,NIFRA,40,29,200,530.0,106000.0
2021030105015274,NIFRA,40,41,50,530.0,26500.0
2021030105015285,NIFRA,57,18,60,527.0,31620.0
2021030105015284,NIFRA,26,21,10,529.0,5290.0
2021030105015283,NIFRA,11,21,200,529.0,105800.0
2021030105015282,NIFRA,17,21,40,529.0,21160.0
2021030105015281,NIFRA,17,8,60,529.0,31740.0
2021030105015280,NIFRA,57,35,50,527.0,26350.0
2021030105015294,NIFRA,57,21,50,527.0,26350.0
2021030105015292,NIFRA,43,47,10,528.0,5280.0
2021030105015290,NIFRA,57,34,50,527.0,26350.0
2021030105015288,NIFRA,57,40,50,527.0,26350.0
2021030105015287,NIFRA,57,10,50,527.0,26350.0
2021030105015286,NIFRA,57,57,50,527.0,26350.0
2021030105015300,NIFRA,55,44,50,527.0,26350.0
2021030105015299,NIFRA,55,38,50,527.0,26350.0
2021030105015298,NIFRA,38,48,50,529.0,26450.0
2021030105015297,NIFRA,38,21,250,529.0,132250.0
2021030105015296,NIFRA,38,47,50,528.0,26400.0
2021030105015295,NIFRA,55,56,50,527.0,26350.0
2021030105015307,NIFRA,41,29,10,529.0,5290.0
2021030105015306,NIFRA,41,51,50,529.0,26450.0
2021030105015305,NIFRA,43,29,40,529.0,21160.0
2021030105015304,NIFRA,43,58,60,529.0,31740.0
2021030105015303,NIFRA,43,58,50,529.0,26450.0
2021030105015302,NIFRA,43,48,50,529.0,26450.0
2021030105015314,NIFRA,57,58,50,529.0,26450.0
2021030105015313,NIFRA,55,56,60,527.0,31620.0
2021030105015312,NIFRA,55,21,50,527.0,26350.0
2021030105015311,NIFRA,55,38,50,527.0,26350.0
2021030105015309,NIFRA,55,35,60,527.0,31620.0
2021030105015308,NIFRA,41,58,40,530.0,21200.0
2021030105015321,NIFRA,55,45,10,527.0,5270.0
2021030105015320,NIFRA,58,45,50,528.0,26400.0
2021030105015319,NIFRA,55,51,30,527.0,15810.0
2021030105015318,NIFRA,57,51,20,529.0,10580.0
2021030105015317,NIFRA,57,38,50,529.0,26450.0
2021030105015315,NIFRA,57,45,40,529.0,21160.0
2021030105015328,NIFRA,58,38,50,528.0,26400.0
2021030105015327,NIFRA,14,58,200,530.0,106000.0
2021030105015326,NIFRA,55,29,50,527.0,26350.0
2021030105015325,NIFRA,55,35,10,527.0,5270.0
2021030105015324,NIFRA,41,35,50,528.0,26400.0
2021030105015323,NIFRA,41,38,50,528.0,26400.0
2021030105015338,NIFRA,57,45,60,528.0,31680.0
2021030105015335,NIFRA,57,26,50,528.0,26400.0
2021030105015334,NIFRA,57,56,50,528.0,26400.0
2021030105015332,NIFRA,57,51,60,528.0,31680.0
2021030105015331,NIFRA,57,38,40,528.0,21120.0
2021030105015330,NIFRA,58,38,10,528.0,5280.0
2021030105015344,NIFRA,57,45,20,528.0,10560.0
2021030105015343,NIFRA,57,32,50,528.0,26400.0
2021030105015342,NIFRA,57,49,50,528.0,26400.0
2021030105015341,NIFRA,57,21,50,528.0,26400.0
2021030105015340,NIFRA,57,34,20,528.0,10560.0
2021030105015339,NIFRA,57,51,50,528.0,26400.0
2021030105015350,NIFRA,36,58,50,529.0,26450.0
2021030105015349,NIFRA,36,48,50,528.0,26400.0
2021030105015348,NIFRA,55,26,10,527.0,5270.0
2021030105015347,NIFRA,22,26,40,528.0,21120.0
2021030105015346,NIFRA,22,45,20,528.0,10560.0
2021030105015345,NIFRA,28,45,20,528.0,10560.0
2021030105015357,NIFRA,35,20,50,527.0,26350.0
2021030105015355,NIFRA,41,29,10,528.0,5280.0
2021030105015354,NIFRA,21,18,50,527.0,26350.0
2021030105015353,NIFRA,55,18,10,527.0,5270.0
2021030105015352,NIFRA,36,35,50,529.0,26450.0
2021030105015351,NIFRA,36,36,50,528.0,26400.0
2021030105015365,NIFRA,44,38,10,527.0,5270.0
2021030105015364,NIFRA,35,38,50,527.0,26350.0
2021030105015362,NIFRA,32,34,20,528.0,10560.0
2021030105015361,NIFRA,32,29,40,528.0,21120.0
2021030105015359,NIFRA,35,54,50,527.0,26350.0
2021030105015358,NIFRA,35,32,50,527.0,26350.0
2021030105015373,NIFRA,45,48,30,528.0,15840.0
2021030105015371,NIFRA,45,40,60,528.0,31680.0
2021030105015370,NIFRA,45,45,60,528.0,31680.0
2021030105015369,NIFRA,45,34,150,528.0,79200.0
2021030105015368,NIFRA,4,34,30,528.0,15840.0
2021030105015366,NIFRA,44,39,10,527.0,5270.0
2021030105015379,NIFRA,25,21,15,528.0,7920.0
2021030105015378,NIFRA,25,45,50,528.0,26400.0
2021030105015377,NIFRA,25,57,50,528.0,26400.0
2021030105015376,NIFRA,25,10,40,528.0,21120.0
2021030105015375,NIFRA,49,10,10,528.0,5280.0
2021030105015374,NIFRA,49,48,20,528.0,10560.0
2021030105015385,NIFRA,25,19,60,528.0,31680.0
2021030105015384,NIFRA,25,14,40,528.0,21120.0
2021030105015383,NIFRA,25,16,50,528.0,26400.0
2021030105015382,NIFRA,25,48,50,528.0,26400.0
2021030105015381,NIFRA,25,18,60,528.0,31680.0
2021030105015380,NIFRA,25,38,60,528.0,31680.0
2021030105015393,NIFRA,25,38,10,528.0,5280.0
2021030105015391,NIFRA,25,36,50,528.0,26400.0
2021030105015390,NIFRA,45,29,40,529.0,21160.0
2021030105015389,NIFRA,45,52,60,529.0,31740.0
2021030105015387,NIFRA,25,17,50,528.0,26400.0
2021030105015386,NIFRA,25,45,50,528.0,26400.0
2021030105015400,NIFRA,21,19,30,528.0,15840.0
2021030105015399,NIFRA,28,48,20,529.0,10580.0
2021030105015398,NIFRA,25,47,60,528.0,31680.0
2021030105015397,NIFRA,25,16,50,528.0,26400.0
2021030105015396,NIFRA,45,48,10,529.0,5290.0
2021030105015395,NIFRA,45,29,10,529.0,5290.0
2021030105015407,NIFRA,3,21,30,528.0,15840.0
2021030105015406,NIFRA,16,21,30,528.0,15840.0
2021030105015405,NIFRA,58,48,20,529.0,10580.0
2021030105015404,NIFRA,52,44,20,528.0,10560.0
2021030105015403,NIFRA,21,44,30,528.0,15840.0
2021030105015401,NIFRA,21,38,50,528.0,26400.0
2021030105015414,NIFRA,42,16,20,528.0,10560.0
2021030105015413,NIFRA,11,16,10,528.0,5280.0
2021030105015412,NIFRA,50,16,20,528.0,10560.0
2021030105015410,NIFRA,50,42,30,528.0,15840.0
2021030105015409,NIFRA,3,42,20,528.0,10560.0
2021030105015408,NIFRA,3,10,50,528.0,26400.0
2021030105015423,NIFRA,21,35,40,529.0,21160.0
2021030105015422,NIFRA,21,51,60,529.0,31740.0
2021030105015421,NIFRA,21,7,60,528.0,31680.0
2021030105015418,NIFRA,21,38,10,528.0,5280.0
2021030105015417,NIFRA,42,38,40,528.0,21120.0
2021030105015416,NIFRA,28,35,10,529.0,5290.0
2021030105015431,NIFRA,16,26,50,527.0,26350.0
2021030105015430,NIFRA,44,26,10,527.0,5270.0
2021030105015428,NIFRA,44,38,50,527.0,26350.0
2021030105015427,NIFRA,44,10,50,527.0,26350.0
2021030105015426,NIFRA,44,45,50,527.0,26350.0
2021030105015425,NIFRA,22,10,20,528.0,10560.0
2021030105015438,NIFRA,16,38,10,527.0,5270.0
2021030105015437,NIFRA,16,18,60,527.0,31620.0
2021030105015436,NIFRA,16,45,50,527.0,26350.0
2021030105015435,NIFRA,16,32,50,527.0,26350.0
2021030105015434,NIFRA,16,21,60,527.0,31620.0
2021030105015433,NIFRA,16,20,60,527.0,31620.0
2021030105015445,NIFRA,3,19,20,528.0,10560.0
2021030105015444,NIFRA,3,19,50,528.0,26400.0
2021030105015443,NIFRA,3,45,60,528.0,31680.0
2021030105015442,NIFRA,3,47,50,528.0,26400.0
2021030105015441,NIFRA,3,10,30,528.0,15840.0
2021030105015439,NIFRA,16,45,50,527.0,26350.0
2021030105015452,NIFRA,16,14,60,527.0,31620.0
2021030105015451,NIFRA,20,45,60,528.0,31680.0
2021030105015450,NIFRA,16,26,50,527.0,26350.0
2021030105015448,NIFRA,16,38,50,527.0,26350.0
2021030105015447,NIFRA,16,43,50,527.0,26350.0
2021030105015446,NIFRA,3,45,190,528.0,100320.0
2021030105015458,NIFRA,16,10,60,527.0,31620.0
2021030105015457,NIFRA,48,45,20,528.0,10560.0
2021030105015456,NIFRA,52,45,50,528.0,26400.0
2021030105015455,NIFRA,52,45,100,528.0,52800.0
2021030105015454,NIFRA,53,45,100,528.0,52800.0
2021030105015453,NIFRA,16,45,50,527.0,26350.0
2021030105015467,NIFRA,16,32,60,527.0,31620.0
2021030105015466,NIFRA,32,45,500,528.0,264000.0
2021030105015463,NIFRA,52,45,70,528.0,36960.0
2021030105015462,NIFRA,16,45,60,527.0,31620.0
2021030105015461,NIFRA,57,45,50,528.0,26400.0
2021030105015459,NIFRA,16,36,60,527.0,31620.0
2021030105015474,NIFRA,25,45,300,528.0,158400.0
2021030105015473,NIFRA,42,36,50,527.0,26350.0
2021030105015472,NIFRA,42,45,40,527.0,21080.0
2021030105015471,NIFRA,16,45,10,527.0,5270.0
2021030105015470,NIFRA,16,45,50,527.0,26350.0
2021030105015469,NIFRA,16,20,50,527.0,26350.0
2021030105015482,NIFRA,42,58,50,527.0,26350.0
2021030105015480,NIFRA,42,38,50,527.0,26350.0
2021030105015479,NIFRA,25,45,30,528.0,15840.0
2021030105015478,NIFRA,25,42,110,528.0,58080.0
2021030105015477,NIFRA,25,45,60,528.0,31680.0
2021030105015475,NIFRA,42,29,50,527.0,26350.0
2021030105015489,NIFRA,42,49,25,527.0,13175.0
2021030105015488,NIFRA,25,56,50,528.0,26400.0
2021030105015487,NIFRA,25,50,60,528.0,31680.0
2021030105015486,NIFRA,25,51,20,528.0,10560.0
2021030105015485,NIFRA,25,45,50,528.0,26400.0
2021030105015484,NIFRA,25,45,20,528.0,10560.0
2021030105015496,NIFRA,21,54,60,527.0,31620.0
2021030105015495,NIFRA,25,56,5,528.0,2640.0
2021030105015494,NIFRA,20,56,55,528.0,29040.0
2021030105015493,NIFRA,20,38,50,528.0,26400.0
2021030105015492,NIFRA,20,52,50,528.0,26400.0
2021030105015490,NIFRA,21,49,25,527.0,13175.0
2021030105015503,NIFRA,53,42,60,527.0,31620.0
2021030105015501,NIFRA,53,6,390,527.0,205530.0
2021030105015500,NIFRA,19,6,50,527.0,26350.0
2021030105015499,NIFRA,42,6,35,527.0,18445.0
2021030105015498,NIFRA,45,6,10,527.0,5270.0
2021030105015497,NIFRA,21,6,15,527.0,7905.0
2021030105015512,NIFRA,42,1,50,529.0,26450.0
2021030105015511,NIFRA,42,29,50,529.0,26450.0
2021030105015510,NIFRA,42,6,100,529.0,52900.0
2021030105015507,NIFRA,26,39,50,528.0,26400.0
2021030105015506,NIFRA,26,58,60,528.0,31680.0
2021030105015505,NIFRA,26,51,50,528.0,26400.0
2021030105015519,NIFRA,42,48,50,529.0,26450.0
2021030105015518,NIFRA,26,45,50,528.0,26400.0
2021030105015517,NIFRA,26,20,50,528.0,26400.0
2021030105015515,NIFRA,26,38,10,528.0,5280.0
2021030105015514,NIFRA,42,48,40,529.0,21160.0
2021030105015513,NIFRA,42,58,60,529.0,31740.0
2021030105015527,NIFRA,42,4,25,528.0,13200.0
2021030105015526,NIFRA,26,4,40,528.0,21120.0
2021030105015525,NIFRA,48,4,10,528.0,5280.0
2021030105015524,NIFRA,26,4,140,528.0,73920.0
2021030105015521,NIFRA,26,4,40,528.0,21120.0
2021030105015520,NIFRA,26,36,50,528.0,26400.0
2021030105015533,NIFRA,36,58,35,527.0,18445.0
2021030105015532,NIFRA,16,58,25,527.0,13175.0
2021030105015531,NIFRA,32,4,50,528.0,26400.0
2021030105015530,NIFRA,16,45,60,527.0,31620.0
2021030105015529,NIFRA,16,38,50,527.0,26350.0
2021030105015528,NIFRA,53,57,50,527.0,26350.0
2021030105015539,NIFRA,22,36,10,527.0,5270.0
2021030105015538,NIFRA,22,53,10,527.0,5270.0
2021030105015537,NIFRA,22,38,60,527.0,31620.0
2021030105015536,NIFRA,22,32,20,527.0,10540.0
2021030105015535,NIFRA,41,32,30,527.0,15810.0
2021030105015534,NIFRA,49,4,10,528.0,5280.0
2021030105015548,NIFRA,50,38,50,527.0,26350.0
2021030105015546,NIFRA,22,4,100,528.0,52800.0
2021030105015545,NIFRA,50,45,60,527.0,31620.0
2021030105015544,NIFRA,40,4,60,528.0,31680.0
2021030105015543,NIFRA,49,4,10,528.0,5280.0
2021030105015540,NIFRA,50,36,40,527.0,21080.0
2021030105015557,NIFRA,21,38,50,527.0,26350.0
2021030105015554,NIFRA,21,42,60,527.0,31620.0
2021030105015553,NIFRA,21,59,50,527.0,26350.0
2021030105015552,NIFRA,21,56,20,527.0,10540.0
2021030105015550,NIFRA,21,45,50,527.0,26350.0
2021030105015549,NIFRA,50,20,50,527.0,26350.0
2021030105015565,NIFRA,21,45,50,527.0,26350.0
2021030105015564,NIFRA,26,4,100,528.0,52800.0
2021030105015561,NIFRA,21,55,50,527.0,26350.0
2021030105015560,NIFRA,21,41,60,527.0,31620.0
2021030105015559,NIFRA,21,42,50,527.0,26350.0
2021030105015558,NIFRA,14,4,20,528.0,10560.0
2021030105015571,NIFRA,37,4,50,528.0,26400.0
2021030105015570,NIFRA,50,59,50,527.0,26350.0
2021030105015569,NIFRA,6,59,10,527.0,5270.0
2021030105015568,NIFRA,6,14,30,527.0,15810.0
2021030105015567,NIFRA,58,14,20,527.0,10540.0
2021030105015566,NIFRA,58,45,10,527.0,5270.0
2021030105015578,NIFRA,42,56,50,528.0,26400.0
2021030105015577,NIFRA,42,59,50,528.0,26400.0
2021030105015576,NIFRA,6,4,95,528.0,50160.0
2021030105015575,NIFRA,58,4,90,528.0,47520.0
2021030105015573,NIFRA,50,38,50,527.0,26350.0
2021030105015572,NIFRA,45,4,200,528.0,105600.0
2021030105015587,NIFRA,50,50,50,527.0,26350.0
2021030105015585,NIFRA,21,22,100,528.0,52800.0
2021030105015584,NIFRA,22,22,50,528.0,26400.0
2021030105015583,NIFRA,50,45,60,527.0,31620.0
2021030105015582,NIFRA,50,59,50,527.0,26350.0
2021030105015581,NIFRA,50,38,60,527.0,31620.0
2021030105015593,NIFRA,50,49,50,527.0,26350.0
2021030105015592,NIFRA,50,57,50,527.0,26350.0
2021030105015591,NIFRA,50,57,50,527.0,26350.0
2021030105015590,NIFRA,39,4,100,528.0,52800.0
2021030105015589,NIFRA,47,4,70,528.0,36960.0
2021030105015588,NIFRA,47,22,30,528.0,15840.0
2021030105015600,NIFRA,50,51,50,527.0,26350.0
2021030105015599,NIFRA,50,10,60,527.0,31620.0
2021030105015598,NIFRA,50,25,50,527.0,26350.0
2021030105015597,NIFRA,50,59,10,527.0,5270.0
2021030105015595,NIFRA,50,38,50,527.0,26350.0
2021030105015594,NIFRA,19,4,10,528.0,5280.0
2021030105015606,NIFRA,50,20,60,527.0,31620.0
2021030105015605,NIFRA,42,4,100,528.0,52800.0
2021030105015604,NIFRA,45,4,50,528.0,26400.0
2021030105015603,NIFRA,50,29,50,527.0,26350.0
2021030105015602,NIFRA,57,4,40,528.0,21120.0
2021030105015601,NIFRA,50,58,60,527.0,31620.0
2021030105015613,NIFRA,43,39,95,527.0,50065.0
2021030105015612,NIFRA,17,39,600,527.0,316200.0
2021030105015611,NIFRA,50,39,"1,030",527.0,542810.0
2021030105015610,NIFRA,58,4,40,528.0,21120.0
2021030105015608,NIFRA,50,59,60,527.0,31620.0
2021030105015607,NIFRA,50,45,50,527.0,26350.0
2021030105015620,NIFRA,53,57,60,527.0,31620.0
2021030105015618,NIFRA,53,38,40,527.0,21080.0
2021030105015617,NIFRA,53,39,255,527.0,134385.0
2021030105015616,NIFRA,16,39,50,527.0,26350.0
2021030105015615,NIFRA,49,39,10,527.0,5270.0
2021030105015614,NIFRA,8,39,60,527.0,31620.0
2021030105015626,NIFRA,36,59,5,527.0,2635.0
2021030105015625,NIFRA,53,59,45,527.0,23715.0
2021030105015624,NIFRA,34,4,50,528.0,26400.0
2021030105015623,NIFRA,53,45,50,527.0,26350.0
2021030105015622,NIFRA,57,4,40,528.0,21120.0
2021030105015621,NIFRA,53,32,50,527.0,26350.0
2021030105015634,NIFRA,41,4,240,528.0,126720.0
2021030105015633,NIFRA,54,38,10,527.0,5270.0
2021030105015632,NIFRA,46,38,40,527.0,21080.0
2021030105015631,NIFRA,46,38,60,527.0,31620.0
2021030105015630,NIFRA,1,4,200,528.0,105600.0
2021030105015629,NIFRA,46,41,50,527.0,26350.0
2021030105015638,PLI,45,6,10,791.0,7910.0
2021030105015628,PLI,58,17,10,791.0,7910.0
2021030105015627,PLI,58,26,10,791.0,7910.0
2021030105015619,PLI,58,26,10,791.0,7910.0
2021030105015609,PLI,58,39,10,791.0,7910.0
2021030105015596,PLI,52,20,10,792.0,7920.0
2021030105015153,PLI,22,58,10,791.0,7910.0
2021030105015150,PLI,41,10,10,792.0,7920.0
2021030105015208,PLI,47,18,10,790.0,7900.0
2021030105015186,PLI,29,32,10,790.0,7900.0
2021030105015166,PLI,29,18,10,790.0,7900.0
2021030105015165,PLI,29,45,10,790.0,7900.0
2021030105015162,PLI,29,10,10,790.0,7900.0
2021030105015161,PLI,29,32,10,790.0,7900.0
2021030105015234,PLI,32,21,10,795.0,7950.0
2021030105015233,PLI,32,5,10,795.0,7950.0
2021030105015232,PLI,32,1,10,792.0,7920.0
2021030105015231,PLI,32,58,10,791.0,7910.0
2021030105015216,PLI,42,52,10,791.0,7910.0
2021030105015215,PLI,42,58,30,791.0,23730.0
2021030105015291,PLI,32,10,10,791.0,7910.0
2021030105015289,PLI,32,18,10,791.0,7910.0
2021030105015254,PLI,32,21,10,791.0,7910.0
2021030105015237,PLI,32,35,10,795.0,7950.0
2021030105015236,PLI,32,58,10,795.0,7950.0
2021030105015235,PLI,32,20,10,795.0,7950.0
2021030105015329,PLI,32,29,10,791.0,7910.0
2021030105015322,PLI,16,21,10,792.0,7920.0
2021030105015316,PLI,16,26,10,792.0,7920.0
2021030105015310,PLI,16,38,10,792.0,7920.0
2021030105015301,PLI,16,52,10,792.0,7920.0
2021030105015293,PLI,16,49,10,792.0,7920.0
2021030105015363,PLI,47,29,10,790.0,7900.0
2021030105015360,PLI,47,20,10,790.0,7900.0
2021030105015356,PLI,47,32,10,790.0,7900.0
2021030105015337,PLI,47,21,10,790.0,7900.0
2021030105015336,PLI,47,38,10,790.0,7900.0
2021030105015333,PLI,32,45,10,791.0,7910.0
2021030105015402,PLI,47,26,10,790.0,7900.0
2021030105015394,PLI,47,36,10,790.0,7900.0
2021030105015392,PLI,47,40,10,790.0,7900.0
2021030105015388,PLI,29,21,10,792.0,7920.0
2021030105015372,PLI,47,45,10,790.0,7900.0
2021030105015367,PLI,47,10,10,790.0,7900.0
2021030105015429,PLI,36,26,10,790.0,7900.0
2021030105015424,PLI,36,25,10,790.0,7900.0
2021030105015420,PLI,36,47,15,790.0,11850.0
2021030105015419,PLI,47,47,10,790.0,7900.0
2021030105015415,PLI,47,40,10,790.0,7900.0
2021030105015411,PLI,47,10,10,790.0,7900.0
2021030105015465,PLI,36,20,10,790.0,7900.0
2021030105015464,PLI,36,45,10,790.0,7900.0
2021030105015460,PLI,36,5,10,790.0,7900.0
2021030105015449,PLI,36,26,10,790.0,7900.0
2021030105015440,PLI,36,32,10,790.0,7900.0
2021030105015432,PLI,29,46,10,792.0,7920.0
2021030105015502,PLI,42,26,10,790.0,7900.0
2021030105015491,PLI,42,18,10,790.0,7900.0
2021030105015483,PLI,34,40,10,790.0,7900.0
2021030105015481,PLI,34,50,10,790.0,7900.0
2021030105015476,PLI,34,26,10,790.0,7900.0
2021030105015468,PLI,34,59,10,790.0,7900.0
2021030105015523,PLI,25,18,10,790.0,7900.0
2021030105015522,PLI,25,45,10,790.0,7900.0
2021030105015516,PLI,25,4,10,790.0,7900.0
2021030105015509,PLI,25,40,10,790.0,7900.0
2021030105015508,PLI,14,59,10,790.0,7900.0
2021030105015504,PLI,14,20,10,790.0,7900.0
2021030105015556,PLI,52,32,10,792.0,7920.0
2021030105015555,PLI,52,45,10,792.0,7920.0
2021030105015551,PLI,52,26,10,792.0,7920.0
2021030105015547,PLI,25,38,10,790.0,7900.0
2021030105015542,PLI,29,49,10,792.0,7920.0
2021030105015541,PLI,29,46,10,792.0,7920.0
2021030105015586,PLI,52,45,10,792.0,7920.0
2021030105015580,PLI,52,26,10,792.0,7920.0
2021030105015579,PLI,52,45,10,792.0,7920.0
2021030105015574,PLI,52,20,10,792.0,7920.0
2021030105015563,PLI,52,53,10,792.0,7920.0
2021030105015562,PLI,52,10,10,792.0,7920.0
2021030105015111,CGH,34,29,10,455.0,4550.0
2021030105015141,NIFRA,11,11,50,528.0,26400.0
2021030105015140,NIFRA,57,44,40,530.0,21200.0
2021030105015139,NIFRA,57,45,50,529.0,26450.0
2021030105015138,NIFRA,57,45,10,529.0,5290.0
2021030105015136,NIFRA,11,45,20,529.0,10580.0
2021030105015135,NIFRA,11,33,50,528.0,26400.0
2021030105014642,NIFRA,21,38,10,528.0,5280.0
2021030105014649,NIFRA,28,44,50,529.0,26450.0
2021030105014648,NIFRA,28,58,50,529.0,26450.0
2021030105014647,NIFRA,28,35,50,529.0,26450.0
2021030105014646,NIFRA,28,36,50,529.0,26450.0
2021030105014645,NIFRA,28,19,50,529.0,26450.0
2021030105014643,NIFRA,21,38,40,528.0,21120.0
2021030105014655,NIFRA,58,36,30,529.0,15870.0
2021030105014654,NIFRA,26,36,20,529.0,10580.0
2021030105014653,NIFRA,28,38,50,529.0,26450.0
2021030105014652,NIFRA,28,44,50,529.0,26450.0
2021030105014651,NIFRA,14,45,20,530.0,10600.0
2021030105014650,NIFRA,28,38,50,529.0,26450.0
2021030105014661,NIFRA,58,39,50,530.0,26500.0
2021030105014660,NIFRA,58,35,50,530.0,26500.0
2021030105014659,NIFRA,58,39,60,530.0,31800.0
2021030105014658,NIFRA,58,51,60,530.0,31800.0
2021030105014657,NIFRA,58,39,50,530.0,26500.0
2021030105014656,NIFRA,58,39,60,530.0,31800.0
2021030105014667,NIFRA,58,39,50,530.0,26500.0
2021030105014666,NIFRA,58,39,50,530.0,26500.0
2021030105014665,NIFRA,58,45,50,530.0,26500.0
2021030105014664,NIFRA,58,17,20,530.0,10600.0
2021030105014663,NIFRA,58,39,60,530.0,31800.0
2021030105014662,NIFRA,58,48,50,530.0,26500.0
2021030105014673,NIFRA,17,39,50,530.0,26500.0
2021030105014672,NIFRA,17,42,50,530.0,26500.0
2021030105014671,NIFRA,38,49,40,529.0,21160.0
2021030105014670,NIFRA,21,36,60,528.0,31680.0
2021030105014669,NIFRA,58,39,60,530.0,31800.0
2021030105014668,NIFRA,58,35,50,530.0,26500.0
2021030105014679,NIFRA,17,22,60,530.0,31800.0
2021030105014678,NIFRA,17,43,50,530.0,26500.0
2021030105014677,NIFRA,17,56,50,530.0,26500.0
2021030105014676,NIFRA,17,21,50,530.0,26500.0
2021030105014675,NIFRA,17,39,60,530.0,31800.0
2021030105014674,NIFRA,17,1,30,530.0,15900.0
2021030105014685,NIFRA,17,42,50,530.0,26500.0
2021030105014684,NIFRA,17,21,50,530.0,26500.0
2021030105014683,NIFRA,17,14,50,530.0,26500.0
2021030105014682,NIFRA,17,11,10,530.0,5300.0
2021030105014681,NIFRA,17,41,20,530.0,10600.0
2021030105014680,NIFRA,17,52,60,530.0,31800.0
2021030105014691,NIFRA,17,32,40,530.0,21200.0
2021030105014690,NIFRA,17,42,20,530.0,10600.0
2021030105014689,NIFRA,17,41,50,530.0,26500.0
2021030105014688,NIFRA,17,42,50,530.0,26500.0
2021030105014687,NIFRA,17,5,10,530.0,5300.0
2021030105014686,NIFRA,17,38,60,530.0,31800.0
2021030105014697,NIFRA,17,13,10,530.0,5300.0
2021030105014696,NIFRA,17,16,50,530.0,26500.0
2021030105014695,NIFRA,17,53,25,530.0,13250.0
2021030105014694,NIFRA,17,32,50,530.0,26500.0
2021030105014693,NIFRA,17,41,30,530.0,15900.0
2021030105014692,NIFRA,17,17,30,530.0,15900.0
2021030105014703,NIFRA,38,54,100,529.0,52900.0
2021030105014702,NIFRA,17,56,55,530.0,29150.0
2021030105014701,NIFRA,17,22,50,530.0,26500.0
2021030105014700,NIFRA,17,55,50,530.0,26500.0
2021030105014699,NIFRA,17,55,60,530.0,31800.0
2021030105014698,NIFRA,17,57,20,530.0,10600.0
2021030105014709,NIFRA,21,38,50,530.0,26500.0
2021030105014708,NIFRA,21,35,60,530.0,31800.0
2021030105014707,NIFRA,38,38,50,529.0,26450.0
2021030105014706,NIFRA,38,36,60,529.0,31740.0
2021030105014705,NIFRA,38,6,100,529.0,52900.0
2021030105014704,NIFRA,38,45,60,529.0,31740.0
2021030105014715,NIFRA,21,3,60,530.0,31800.0
2021030105014714,NIFRA,21,41,50,530.0,26500.0
2021030105014713,NIFRA,21,56,50,530.0,26500.0
2021030105014712,NIFRA,21,41,60,530.0,31800.0
2021030105014711,NIFRA,21,35,50,530.0,26500.0
2021030105014710,NIFRA,21,45,10,530.0,5300.0
2021030105014721,NIFRA,38,44,60,529.0,31740.0
2021030105014720,NIFRA,38,26,60,529.0,31740.0
2021030105014719,NIFRA,38,6,200,529.0,105800.0
2021030105014718,NIFRA,38,1,60,529.0,31740.0
2021030105014717,NIFRA,21,25,45,530.0,23850.0
2021030105014716,NIFRA,21,44,50,530.0,26500.0
2021030105014727,NIFRA,21,38,60,528.0,31680.0
2021030105014726,NIFRA,19,26,20,529.0,10580.0
2021030105014725,NIFRA,6,26,10,529.0,5290.0
2021030105014724,NIFRA,6,58,40,529.0,21160.0
2021030105014723,NIFRA,38,58,10,529.0,5290.0
2021030105014722,NIFRA,38,36,50,529.0,26450.0
2021030105014733,NIFRA,49,3,30,530.0,15900.0
2021030105014732,NIFRA,49,8,20,530.0,10600.0
2021030105014731,NIFRA,13,34,50,529.0,26450.0
2021030105014730,NIFRA,13,38,50,529.0,26450.0
2021030105014729,NIFRA,13,26,10,529.0,5290.0
2021030105014728,NIFRA,49,26,20,529.0,10580.0
2021030105014739,NIFRA,38,35,15,530.0,7950.0
2021030105014738,NIFRA,38,34,10,530.0,5300.0
2021030105014737,NIFRA,38,45,50,530.0,26500.0
2021030105014736,NIFRA,38,44,50,530.0,26500.0
2021030105014735,NIFRA,38,59,50,530.0,26500.0
2021030105014734,NIFRA,38,3,20,530.0,10600.0
2021030105014745,NIFRA,38,40,40,530.0,21200.0
2021030105014744,NIFRA,38,53,50,530.0,26500.0
2021030105014743,NIFRA,38,34,50,530.0,26500.0
2021030105014742,NIFRA,38,34,50,530.0,26500.0
2021030105014741,NIFRA,38,47,60,530.0,31800.0
2021030105014740,NIFRA,38,58,160,530.0,84800.0
2021030105014751,NIFRA,14,43,30,530.0,15900.0
2021030105014750,NIFRA,13,49,50,529.0,26450.0
2021030105014749,NIFRA,13,41,250,529.0,132250.0
2021030105014748,NIFRA,38,43,185,530.0,98050.0
2021030105014747,NIFRA,38,52,60,530.0,31800.0
2021030105014746,NIFRA,38,17,50,530.0,26500.0
2021030105014757,NIFRA,13,41,30,529.0,15870.0
2021030105014756,NIFRA,13,44,50,529.0,26450.0
2021030105014755,NIFRA,13,45,60,529.0,31740.0
2021030105014754,NIFRA,13,48,60,529.0,31740.0
2021030105014753,NIFRA,13,52,50,529.0,26450.0
2021030105014752,NIFRA,13,1,10,529.0,5290.0
2021030105014764,NIFRA,13,56,50,529.0,26450.0
2021030105014763,NIFRA,13,36,40,529.0,21160.0
2021030105014762,NIFRA,29,43,"1,000",530.0,530000.0
2021030105014761,NIFRA,13,36,50,529.0,26450.0
2021030105014759,NIFRA,13,35,50,529.0,26450.0
2021030105014758,NIFRA,13,38,50,529.0,26450.0
2021030105014773,NIFRA,42,16,10,530.0,5300.0
2021030105014772,NIFRA,42,52,35,530.0,18550.0
2021030105014771,NIFRA,41,52,15,530.0,7950.0
2021030105014770,NIFRA,41,17,10,530.0,5300.0
2021030105014769,NIFRA,41,43,15,530.0,7950.0
2021030105014768,NIFRA,54,43,20,530.0,10600.0
2021030105014781,NIFRA,42,44,10,529.0,5290.0
2021030105014780,NIFRA,13,44,40,529.0,21160.0
2021030105014779,NIFRA,20,45,20,530.0,10600.0
2021030105014778,NIFRA,20,16,30,530.0,15900.0
2021030105014776,NIFRA,13,55,50,529.0,26450.0
2021030105014774,NIFRA,1,16,10,530.0,5300.0
2021030105014787,NIFRA,38,44,200,530.0,106000.0
2021030105014786,NIFRA,38,48,50,530.0,26500.0
2021030105014785,NIFRA,38,35,50,530.0,26500.0
2021030105014784,NIFRA,38,36,100,530.0,53000.0
2021030105014783,NIFRA,38,1,50,530.0,26500.0
2021030105014782,NIFRA,38,39,50,530.0,26500.0
2021030105014793,NIFRA,42,35,25,529.0,13225.0
2021030105014792,NIFRA,42,57,10,529.0,5290.0
2021030105014791,NIFRA,38,44,500,530.0,265000.0
2021030105014790,NIFRA,42,56,16,529.0,8464.0
2021030105014789,NIFRA,42,56,34,529.0,17986.0
2021030105014788,NIFRA,42,52,50,529.0,26450.0
2021030105014799,NIFRA,6,38,50,529.0,26450.0
2021030105014798,NIFRA,40,44,200,530.0,106000.0
2021030105014797,NIFRA,6,8,50,529.0,26450.0
2021030105014796,NIFRA,58,19,30,529.0,15870.0
2021030105014795,NIFRA,49,19,10,529.0,5290.0
2021030105014794,NIFRA,42,19,19,529.0,10051.0
2021030105014805,NIFRA,38,34,90,529.0,47610.0
2021030105014804,NIFRA,59,34,100,529.0,52900.0
2021030105014803,NIFRA,57,34,50,529.0,26450.0
2021030105014802,NIFRA,4,34,100,529.0,52900.0
2021030105014801,NIFRA,42,34,80,529.0,42320.0
2021030105014800,NIFRA,42,52,20,529.0,10580.0
2021030105014812,NIFRA,8,32,50,529.0,26450.0
2021030105014810,NIFRA,8,36,50,529.0,26450.0
2021030105014809,NIFRA,34,44,470,530.0,249100.0
2021030105014808,NIFRA,34,55,50,529.0,26450.0
2021030105014807,NIFRA,34,34,480,529.0,253920.0
2021030105014806,NIFRA,14,34,100,529.0,52900.0
2021030105014819,NIFRA,8,44,60,529.0,31740.0
2021030105014818,NIFRA,8,10,60,529.0,31740.0
2021030105014816,NIFRA,8,57,60,529.0,31740.0
2021030105014815,NIFRA,6,44,50,530.0,26500.0
2021030105014814,NIFRA,8,38,60,529.0,31740.0
2021030105014813,NIFRA,8,32,50,529.0,26450.0
2021030105014825,NIFRA,29,35,20,529.0,10580.0
2021030105014824,NIFRA,26,35,20,529.0,10580.0
2021030105014823,NIFRA,17,44,"2,000",530.0,1060000.0
2021030105014822,NIFRA,26,37,40,529.0,21160.0
2021030105014821,NIFRA,8,37,10,529.0,5290.0
2021030105014820,NIFRA,56,44,100,530.0,53000.0
2021030105014831,NIFRA,21,36,50,528.0,26400.0
2021030105014830,NIFRA,21,10,60,528.0,31680.0
2021030105014829,NIFRA,21,16,1,522.0,522.0
2021030105014828,NIFRA,21,35,50,528.0,26400.0
2021030105014827,NIFRA,21,36,30,528.0,15840.0
2021030105014826,NIFRA,21,38,60,528.0,31680.0
2021030105014839,NIFRA,17,45,20,528.0,10560.0
2021030105014838,NIFRA,21,45,40,528.0,21120.0
2021030105014835,NIFRA,58,6,150,529.0,79350.0
2021030105014834,NIFRA,58,38,60,529.0,31740.0
2021030105014833,NIFRA,58,25,20,529.0,10580.0
2021030105014832,NIFRA,58,35,20,529.0,10580.0
2021030105014845,NIFRA,29,42,10,529.0,5290.0
2021030105014844,NIFRA,17,44,50,528.0,26400.0
