Transact. No.,Symbol,Buyer,Seller,Quantity,Rate,Amount
2021031705007507,CGH,14,21,10,1175.0,11750.0
2021031705007500,CGH,14,21,10,1175.0,11750.0
2021031705007492,CGH,14,21,10,1175.0,11750.0
2021031705007486,CGH,14,21,10,1175.0,11750.0
2021031705007485,CGH,14,22,10,1175.0,11750.0
2021031705007417,CGH,14,34,10,1175.0,11750.0
2021031705007252,CGH,14,50,10,1175.0,11750.0
2021031705007521,GLH,36,21,10,360.0,3600.0
2021031705007508,GLH,36,25,10,360.0,3600.0
2021031705007477,GLH,36,21,10,360.0,3600.0
2021031705007473,GLH,36,35,10,360.0,3600.0
2021031705007431,GLH,36,29,10,360.0,3600.0
2021031705007423,GLH,36,29,10,360.0,3600.0
2021031705007418,GLH,36,29,10,360.0,3600.0
2021031705007412,GLH,36,29,10,360.0,3600.0
2021031705007378,GLH,36,52,10,360.0,3600.0
2021031705007293,GLH,36,16,10,360.0,3600.0
2021031705007169,GLH,36,25,10,360.0,3600.0
2021031705007104,GLH,36,41,10,360.0,3600.0
2021031705007588,NIFRA,58,45,35,530.0,18550.0
2021031705007587,NIFRA,58,22,30,530.0,15900.0
2021031705007586,NIFRA,58,56,50,530.0,26500.0
2021031705007585,NIFRA,58,51,50,530.0,26500.0
2021031705007584,NIFRA,58,58,25,530.0,13250.0
2021031705007583,NIFRA,58,57,210,530.0,111300.0
2021031705007089,NIFRA,41,58,20,530.0,10600.0
2021031705007095,NIFRA,42,38,50,530.0,26500.0
2021031705007094,NIFRA,42,46,40,530.0,21200.0
2021031705007093,NIFRA,42,53,50,530.0,26500.0
2021031705007092,NIFRA,42,40,60,530.0,31800.0
2021031705007091,NIFRA,42,16,60,530.0,31800.0
2021031705007090,NIFRA,42,58,30,530.0,15900.0
2021031705007101,NIFRA,42,56,50,530.0,26500.0
2021031705007100,NIFRA,57,34,30,531.0,15930.0
2021031705007099,NIFRA,57,45,50,531.0,26550.0
2021031705007098,NIFRA,58,49,25,531.0,13275.0
2021031705007097,NIFRA,58,14,10,531.0,5310.0
2021031705007096,NIFRA,42,48,50,530.0,26500.0
2021031705007108,NIFRA,42,56,50,530.0,26500.0
2021031705007107,NIFRA,42,40,50,530.0,26500.0
2021031705007106,NIFRA,42,58,60,530.0,31800.0
2021031705007105,NIFRA,42,16,50,530.0,26500.0
2021031705007103,NIFRA,42,59,50,530.0,26500.0
2021031705007102,NIFRA,42,53,10,530.0,5300.0
2021031705007114,NIFRA,34,57,40,530.0,21200.0
2021031705007113,NIFRA,34,16,50,530.0,26500.0
2021031705007112,NIFRA,34,53,20,530.0,10600.0
2021031705007111,NIFRA,42,53,40,530.0,21200.0
2021031705007110,NIFRA,42,41,10,530.0,5300.0
2021031705007109,NIFRA,42,38,50,530.0,26500.0
2021031705007120,NIFRA,34,6,50,530.0,26500.0
2021031705007119,NIFRA,50,58,10,531.0,5310.0
2021031705007118,NIFRA,50,16,50,531.0,26550.0
2021031705007117,NIFRA,50,16,60,531.0,31860.0
2021031705007116,NIFRA,50,41,60,531.0,31860.0
2021031705007115,NIFRA,50,34,20,531.0,10620.0
2021031705007126,NIFRA,56,58,60,531.0,31860.0
2021031705007125,NIFRA,40,14,30,530.0,15900.0
2021031705007124,NIFRA,34,14,30,530.0,15900.0
2021031705007123,NIFRA,34,43,60,530.0,31800.0
2021031705007122,NIFRA,36,58,100,531.0,53100.0
2021031705007121,NIFRA,34,38,50,530.0,26500.0
2021031705007132,NIFRA,40,52,50,530.0,26500.0
2021031705007131,NIFRA,38,58,95,531.0,50445.0
2021031705007130,NIFRA,40,6,50,530.0,26500.0
2021031705007129,NIFRA,40,49,40,530.0,21200.0
2021031705007128,NIFRA,40,56,60,530.0,31800.0
2021031705007127,NIFRA,40,56,50,530.0,26500.0
2021031705007138,NIFRA,40,39,50,530.0,26500.0
2021031705007137,NIFRA,40,36,60,530.0,31800.0
2021031705007136,NIFRA,40,41,50,530.0,26500.0
2021031705007135,NIFRA,40,3,50,530.0,26500.0
2021031705007134,NIFRA,40,38,50,530.0,26500.0
2021031705007133,NIFRA,40,22,30,530.0,15900.0
2021031705007144,NIFRA,40,34,60,530.0,31800.0
2021031705007143,NIFRA,40,47,50,530.0,26500.0
2021031705007142,NIFRA,40,34,10,530.0,5300.0
2021031705007141,NIFRA,40,58,50,530.0,26500.0
2021031705007140,NIFRA,40,26,50,530.0,26500.0
2021031705007139,NIFRA,40,38,60,530.0,31800.0
2021031705007150,NIFRA,40,38,50,530.0,26500.0
2021031705007149,NIFRA,40,41,50,530.0,26500.0
2021031705007148,NIFRA,5,16,15,531.0,7965.0
2021031705007147,NIFRA,5,58,185,531.0,98235.0
2021031705007146,NIFRA,40,44,50,530.0,26500.0
2021031705007145,NIFRA,58,58,50,531.0,26550.0
2021031705007156,NIFRA,42,57,50,530.0,26500.0
2021031705007155,NIFRA,42,11,40,530.0,21200.0
2021031705007154,NIFRA,42,26,60,530.0,31800.0
2021031705007153,NIFRA,42,58,40,530.0,21200.0
2021031705007152,NIFRA,42,44,60,530.0,31800.0
2021031705007151,NIFRA,42,57,70,530.0,37100.0
2021031705007162,NIFRA,42,44,60,530.0,31800.0
2021031705007161,NIFRA,42,58,50,530.0,26500.0
2021031705007160,NIFRA,49,55,465,531.0,246915.0
2021031705007159,NIFRA,49,16,35,531.0,18585.0
2021031705007158,NIFRA,42,58,50,530.0,26500.0
2021031705007157,NIFRA,42,47,30,530.0,15900.0
2021031705007168,NIFRA,42,42,50,530.0,26500.0
2021031705007167,NIFRA,42,59,50,530.0,26500.0
2021031705007166,NIFRA,42,49,60,530.0,31800.0
2021031705007165,NIFRA,20,55,100,531.0,53100.0
2021031705007164,NIFRA,42,14,50,530.0,26500.0
2021031705007163,NIFRA,42,41,50,530.0,26500.0
2021031705007175,NIFRA,42,41,50,530.0,26500.0
2021031705007174,NIFRA,1,55,300,531.0,159300.0
2021031705007173,NIFRA,13,55,500,531.0,265500.0
2021031705007172,NIFRA,42,44,50,530.0,26500.0
2021031705007171,NIFRA,42,26,60,530.0,31800.0
2021031705007170,NIFRA,42,29,60,530.0,31800.0
2021031705007181,NIFRA,53,55,135,531.0,71685.0
2021031705007180,NIFRA,42,14,50,530.0,26500.0
2021031705007179,NIFRA,42,55,50,530.0,26500.0
2021031705007178,NIFRA,58,55,500,531.0,265500.0
2021031705007177,NIFRA,42,38,50,530.0,26500.0
2021031705007176,NIFRA,42,16,60,530.0,31800.0
2021031705007187,NIFRA,42,41,50,530.0,26500.0
2021031705007186,NIFRA,42,13,50,530.0,26500.0
2021031705007185,NIFRA,42,26,50,530.0,26500.0
2021031705007184,NIFRA,42,44,60,530.0,31800.0
2021031705007183,NIFRA,42,25,40,530.0,21200.0
2021031705007182,NIFRA,53,16,60,531.0,31860.0
2021031705007193,NIFRA,56,57,30,531.0,15930.0
2021031705007192,NIFRA,42,58,50,530.0,26500.0
2021031705007191,NIFRA,42,49,10,530.0,5300.0
2021031705007190,NIFRA,42,58,50,530.0,26500.0
2021031705007189,NIFRA,42,57,50,530.0,26500.0
2021031705007188,NIFRA,42,56,60,530.0,31800.0
2021031705007199,NIFRA,49,21,50,531.0,26550.0
2021031705007198,NIFRA,49,57,30,531.0,15930.0
2021031705007197,NIFRA,57,16,30,530.0,15900.0
2021031705007196,NIFRA,42,16,30,530.0,15900.0
2021031705007195,NIFRA,42,14,60,530.0,31800.0
2021031705007194,NIFRA,42,44,30,530.0,15900.0
2021031705007205,NIFRA,59,16,60,531.0,31860.0
2021031705007204,NIFRA,59,16,50,531.0,26550.0
2021031705007203,NIFRA,59,16,30,531.0,15930.0
2021031705007202,NIFRA,57,43,10,530.0,5300.0
2021031705007201,NIFRA,57,38,50,530.0,26500.0
2021031705007200,NIFRA,49,16,20,531.0,10620.0
2021031705007211,NIFRA,38,58,20,530.0,10600.0
2021031705007210,NIFRA,38,14,60,530.0,31800.0
2021031705007209,NIFRA,38,44,20,530.0,10600.0
2021031705007208,NIFRA,35,44,20,530.0,10600.0
2021031705007207,NIFRA,57,44,10,530.0,5300.0
2021031705007206,NIFRA,59,58,260,531.0,138060.0
2021031705007217,NIFRA,57,58,150,531.0,79650.0
2021031705007216,NIFRA,42,41,50,530.0,26500.0
2021031705007215,NIFRA,42,25,10,530.0,5300.0
2021031705007214,NIFRA,49,25,50,530.0,26500.0
2021031705007213,NIFRA,58,58,10,530.0,5300.0
2021031705007212,NIFRA,7,58,20,530.0,10600.0
2021031705007223,NIFRA,43,42,320,531.0,169920.0
2021031705007222,NIFRA,43,43,60,531.0,31860.0
2021031705007221,NIFRA,43,16,50,531.0,26550.0
2021031705007220,NIFRA,43,34,50,531.0,26550.0
2021031705007219,NIFRA,43,58,20,531.0,10620.0
2021031705007218,NIFRA,42,6,60,530.0,31800.0
2021031705007229,NIFRA,26,42,500,531.0,265500.0
2021031705007228,NIFRA,42,36,50,530.0,26500.0
2021031705007227,NIFRA,42,41,50,530.0,26500.0
2021031705007226,NIFRA,42,44,50,530.0,26500.0
2021031705007225,NIFRA,42,35,50,530.0,26500.0
2021031705007224,NIFRA,42,14,50,530.0,26500.0
2021031705007235,NIFRA,42,41,50,530.0,26500.0
2021031705007234,NIFRA,42,7,50,530.0,26500.0
2021031705007233,NIFRA,42,42,50,530.0,26500.0
2021031705007232,NIFRA,42,6,60,530.0,31800.0
2021031705007231,NIFRA,42,56,50,530.0,26500.0
2021031705007230,NIFRA,42,37,10,530.0,5300.0
2021031705007241,NIFRA,42,45,60,530.0,31800.0
2021031705007240,NIFRA,42,55,60,530.0,31800.0
2021031705007239,NIFRA,42,16,50,530.0,26500.0
2021031705007238,NIFRA,56,42,50,531.0,26550.0
2021031705007237,NIFRA,42,6,50,530.0,26500.0
2021031705007236,NIFRA,42,32,60,530.0,31800.0
2021031705007247,NIFRA,40,38,50,530.0,26500.0
2021031705007246,NIFRA,40,41,25,530.0,13250.0
2021031705007245,NIFRA,17,41,25,530.0,13250.0
2021031705007244,NIFRA,40,7,10,530.0,5300.0
2021031705007243,NIFRA,4,7,20,530.0,10600.0
2021031705007242,NIFRA,42,7,20,530.0,10600.0
2021031705007254,NIFRA,43,6,50,530.0,26500.0
2021031705007253,NIFRA,43,7,50,530.0,26500.0
2021031705007251,NIFRA,43,38,15,530.0,7950.0
2021031705007250,NIFRA,40,38,35,530.0,18550.0
2021031705007249,NIFRA,40,41,30,530.0,15900.0
2021031705007248,NIFRA,40,32,50,530.0,26500.0
2021031705007260,NIFRA,51,44,200,530.0,106000.0
2021031705007259,NIFRA,52,44,75,530.0,39750.0
2021031705007258,NIFRA,6,44,"1,100",530.0,583000.0
2021031705007257,NIFRA,52,16,10,530.0,5300.0
2021031705007256,NIFRA,52,41,15,530.0,7950.0
2021031705007255,NIFRA,43,41,35,530.0,18550.0
2021031705007266,NIFRA,43,44,58,530.0,30740.0
2021031705007265,NIFRA,42,44,38,530.0,20140.0
2021031705007264,NIFRA,58,44,50,530.0,26500.0
2021031705007263,NIFRA,47,44,40,530.0,21200.0
2021031705007262,NIFRA,16,44,400,530.0,212000.0
2021031705007261,NIFRA,32,44,900,530.0,477000.0
2021031705007272,NIFRA,36,8,60,529.0,31740.0
2021031705007271,NIFRA,36,7,50,529.0,26450.0
2021031705007270,NIFRA,36,41,50,529.0,26450.0
2021031705007269,NIFRA,34,44,50,530.0,26500.0
2021031705007268,NIFRA,58,44,10,530.0,5300.0
2021031705007267,NIFRA,54,44,20,530.0,10600.0
2021031705007278,NIFRA,35,44,39,530.0,20670.0
2021031705007277,NIFRA,58,44,20,530.0,10600.0
2021031705007276,NIFRA,36,8,50,529.0,26450.0
2021031705007275,NIFRA,36,45,50,529.0,26450.0
2021031705007274,NIFRA,36,16,60,529.0,31740.0
2021031705007273,NIFRA,36,33,180,529.0,95220.0
2021031705007284,NIFRA,36,33,300,530.0,159000.0
2021031705007283,NIFRA,36,32,60,529.0,31740.0
2021031705007282,NIFRA,35,33,811,530.0,429830.0
2021031705007281,NIFRA,35,38,50,530.0,26500.0
2021031705007280,NIFRA,35,57,50,530.0,26500.0
2021031705007279,NIFRA,35,42,50,530.0,26500.0
2021031705007290,NIFRA,14,33,100,530.0,53000.0
2021031705007289,NIFRA,49,16,30,529.0,15870.0
2021031705007288,NIFRA,32,16,50,529.0,26450.0
2021031705007287,NIFRA,1,16,300,529.0,158700.0
2021031705007286,NIFRA,36,16,120,529.0,63480.0
2021031705007285,NIFRA,36,7,50,529.0,26450.0
2021031705007297,NIFRA,19,38,25,529.0,13225.0
2021031705007296,NIFRA,19,41,25,529.0,13225.0
2021031705007295,NIFRA,49,41,25,529.0,13225.0
2021031705007294,NIFRA,45,33,100,530.0,53000.0
2021031705007292,NIFRA,49,56,50,529.0,26450.0
2021031705007291,NIFRA,38,33,40,530.0,21200.0
2021031705007303,NIFRA,3,8,55,529.0,29095.0
2021031705007302,NIFRA,56,33,40,530.0,21200.0
2021031705007301,NIFRA,3,32,45,529.0,23805.0
2021031705007300,NIFRA,47,32,15,529.0,7935.0
2021031705007299,NIFRA,54,33,550,530.0,291500.0
2021031705007298,NIFRA,47,38,15,529.0,7935.0
2021031705007309,NIFRA,49,33,100,530.0,53000.0
2021031705007308,NIFRA,25,41,50,529.0,26450.0
2021031705007307,NIFRA,25,54,50,529.0,26450.0
2021031705007306,NIFRA,54,54,10,529.0,5290.0
2021031705007305,NIFRA,54,47,40,529.0,21160.0
2021031705007304,NIFRA,49,8,5,529.0,2645.0
2021031705007315,NIFRA,13,33,100,530.0,53000.0
2021031705007314,NIFRA,43,33,25,530.0,13250.0
2021031705007313,NIFRA,40,8,60,529.0,31740.0
2021031705007312,NIFRA,40,32,50,529.0,26450.0
2021031705007311,NIFRA,40,34,50,529.0,26450.0
2021031705007310,NIFRA,25,34,50,529.0,26450.0
2021031705007321,NIFRA,13,3,20,529.0,10580.0
2021031705007320,NIFRA,13,32,50,529.0,26450.0
2021031705007319,NIFRA,13,8,60,529.0,31740.0
2021031705007318,NIFRA,13,57,50,529.0,26450.0
2021031705007317,NIFRA,13,8,20,529.0,10580.0
2021031705007316,NIFRA,40,8,40,529.0,21160.0
2021031705007327,NIFRA,42,41,50,529.0,26450.0
2021031705007326,NIFRA,51,33,200,530.0,106000.0
2021031705007325,NIFRA,42,57,50,529.0,26450.0
2021031705007324,NIFRA,43,33,25,530.0,13250.0
2021031705007323,NIFRA,42,3,35,529.0,18515.0
2021031705007322,NIFRA,52,3,445,529.0,235405.0
2021031705007333,NIFRA,16,8,50,529.0,26450.0
2021031705007332,NIFRA,41,8,10,529.0,5290.0
2021031705007331,NIFRA,10,33,50,530.0,26500.0
2021031705007330,NIFRA,41,6,40,529.0,21160.0
2021031705007329,NIFRA,1,6,10,529.0,5290.0
2021031705007328,NIFRA,58,33,30,530.0,15900.0
2021031705007339,NIFRA,49,8,10,529.0,5290.0
2021031705007338,NIFRA,16,8,40,529.0,21160.0
2021031705007337,NIFRA,58,33,20,530.0,10600.0
2021031705007336,NIFRA,16,45,50,529.0,26450.0
2021031705007335,NIFRA,16,16,10,529.0,5290.0
2021031705007334,NIFRA,45,33,200,530.0,106000.0
2021031705007345,NIFRA,10,44,50,530.0,26500.0
2021031705007344,NIFRA,10,45,50,530.0,26500.0
2021031705007343,NIFRA,10,56,50,530.0,26500.0
2021031705007342,NIFRA,10,13,60,530.0,31800.0
2021031705007341,NIFRA,10,35,10,530.0,5300.0
2021031705007340,NIFRA,10,33,309,530.0,163770.0
2021031705007351,NIFRA,49,44,90,529.0,47610.0
2021031705007350,NIFRA,38,44,220,530.0,116600.0
2021031705007349,NIFRA,10,44,961,530.0,509330.0
2021031705007348,NIFRA,10,39,50,530.0,26500.0
2021031705007347,NIFRA,10,50,400,530.0,212000.0
2021031705007346,NIFRA,10,48,60,530.0,31800.0
2021031705007357,NIFRA,55,44,10,529.0,5290.0
2021031705007356,NIFRA,59,44,50,529.0,26450.0
2021031705007355,NIFRA,34,44,40,529.0,21160.0
2021031705007354,NIFRA,35,44,125,529.0,66125.0
2021031705007353,NIFRA,13,44,500,529.0,264500.0
2021031705007352,NIFRA,10,44,100,529.0,52900.0
2021031705007363,NIFRA,36,44,50,529.0,26450.0
2021031705007362,NIFRA,52,44,100,529.0,52900.0
2021031705007361,NIFRA,13,44,300,529.0,158700.0
2021031705007360,NIFRA,3,44,200,529.0,105800.0
2021031705007359,NIFRA,28,44,50,529.0,26450.0
2021031705007358,NIFRA,41,44,700,529.0,370300.0
2021031705007369,NIFRA,57,44,200,529.0,105800.0
2021031705007368,NIFRA,51,44,50,529.0,26450.0
2021031705007367,NIFRA,33,44,60,529.0,31740.0
2021031705007366,NIFRA,29,44,100,529.0,52900.0
2021031705007365,NIFRA,22,44,150,529.0,79350.0
2021031705007364,NIFRA,42,44,"1,000",529.0,529000.0
2021031705007375,NIFRA,58,41,"1,000",529.0,529000.0
2021031705007374,NIFRA,58,41,50,529.0,26450.0
2021031705007373,NIFRA,42,44,75,530.0,39750.0
2021031705007372,NIFRA,58,17,50,529.0,26450.0
2021031705007371,NIFRA,58,44,225,529.0,119025.0
2021031705007370,NIFRA,56,44,100,529.0,52900.0
2021031705007382,NIFRA,35,3,10,529.0,5290.0
2021031705007381,NIFRA,29,3,50,529.0,26450.0
2021031705007380,NIFRA,42,3,83,529.0,43907.0
2021031705007379,NIFRA,58,3,365,529.0,193085.0
2021031705007377,NIFRA,58,36,50,529.0,26450.0
2021031705007376,NIFRA,58,8,60,529.0,31740.0
2021031705007388,NIFRA,47,3,23,529.0,12167.0
2021031705007387,NIFRA,38,3,50,529.0,26450.0
2021031705007386,NIFRA,44,3,20,529.0,10580.0
2021031705007385,NIFRA,42,3,70,529.0,37030.0
2021031705007384,NIFRA,42,3,34,529.0,17986.0
2021031705007383,NIFRA,34,3,95,529.0,50255.0
2021031705007394,NIFRA,51,47,60,529.0,31740.0
2021031705007393,NIFRA,53,41,3,529.0,1587.0
2021031705007392,NIFRA,47,41,47,529.0,24863.0
2021031705007391,NIFRA,47,32,50,529.0,26450.0
2021031705007390,NIFRA,47,34,30,529.0,15870.0
2021031705007389,NIFRA,47,14,50,529.0,26450.0
2021031705007400,NIFRA,3,58,50,529.0,26450.0
2021031705007399,NIFRA,3,8,50,529.0,26450.0
2021031705007398,NIFRA,3,26,300,529.0,158700.0
2021031705007397,NIFRA,47,58,30,529.0,15870.0
2021031705007396,NIFRA,47,8,20,529.0,10580.0
2021031705007395,NIFRA,51,8,30,529.0,15870.0
2021031705007406,NIFRA,47,8,10,529.0,5290.0
2021031705007405,NIFRA,47,58,20,529.0,10580.0
2021031705007404,NIFRA,14,58,30,529.0,15870.0
2021031705007403,NIFRA,14,45,20,529.0,10580.0
2021031705007402,NIFRA,3,45,40,529.0,21160.0
2021031705007401,NIFRA,3,41,60,529.0,31740.0
2021031705007413,NIFRA,11,16,60,529.0,31740.0
2021031705007411,NIFRA,11,11,30,529.0,15870.0
2021031705007410,NIFRA,17,11,50,529.0,26450.0
2021031705007409,NIFRA,41,11,100,529.0,52900.0
2021031705007408,NIFRA,49,11,20,529.0,10580.0
2021031705007407,NIFRA,49,8,40,529.0,21160.0
2021031705007421,NIFRA,38,13,50,529.0,26450.0
2021031705007420,NIFRA,38,44,60,529.0,31740.0
2021031705007419,NIFRA,38,8,50,529.0,26450.0
2021031705007416,NIFRA,38,57,30,529.0,15870.0
2021031705007415,NIFRA,34,57,10,529.0,5290.0
2021031705007414,NIFRA,11,57,10,529.0,5290.0
2021031705007428,NIFRA,53,46,50,529.0,26450.0
2021031705007427,NIFRA,54,44,50,530.0,26500.0
2021031705007426,NIFRA,38,44,100,530.0,53000.0
2021031705007425,NIFRA,38,57,60,529.0,31740.0
2021031705007424,NIFRA,38,8,50,529.0,26450.0
2021031705007422,NIFRA,6,44,30,530.0,15900.0
2021031705007435,NIFRA,16,44,200,530.0,106000.0
2021031705007434,NIFRA,59,45,10,529.0,5290.0
2021031705007433,NIFRA,53,45,50,529.0,26450.0
2021031705007432,NIFRA,41,44,10,530.0,5300.0
2021031705007430,NIFRA,53,46,50,529.0,26450.0
2021031705007429,NIFRA,53,51,50,529.0,26450.0
2021031705007441,NIFRA,59,51,60,529.0,31740.0
2021031705007440,NIFRA,59,44,"1,340",530.0,710200.0
2021031705007439,NIFRA,59,44,200,530.0,106000.0
2021031705007438,NIFRA,6,44,25,530.0,13250.0
2021031705007437,NIFRA,59,14,140,529.0,74060.0
2021031705007436,NIFRA,59,55,60,529.0,31740.0
2021031705007447,NIFRA,34,45,15,529.0,7935.0
2021031705007446,NIFRA,34,55,50,529.0,26450.0
2021031705007445,NIFRA,34,58,50,529.0,26450.0
2021031705007444,NIFRA,59,57,30,529.0,15870.0
2021031705007443,NIFRA,59,57,30,529.0,15870.0
2021031705007442,NIFRA,50,44,50,530.0,26500.0
2021031705007453,NIFRA,34,56,30,529.0,15870.0
2021031705007452,NIFRA,34,25,60,529.0,31740.0
2021031705007451,NIFRA,36,44,300,530.0,159000.0
2021031705007450,NIFRA,34,58,50,529.0,26450.0
2021031705007449,NIFRA,28,44,50,530.0,26500.0
2021031705007448,NIFRA,42,44,10,530.0,5300.0
2021031705007459,NIFRA,38,44,200,530.0,106000.0
2021031705007458,NIFRA,58,45,40,529.0,21160.0
2021031705007457,NIFRA,58,6,125,529.0,66125.0
2021031705007456,NIFRA,34,6,175,529.0,92575.0
2021031705007455,NIFRA,34,7,50,529.0,26450.0
2021031705007454,NIFRA,34,59,20,529.0,10580.0
2021031705007465,NIFRA,58,48,50,529.0,26450.0
2021031705007464,NIFRA,58,46,50,529.0,26450.0
2021031705007463,NIFRA,44,44,100,530.0,53000.0
2021031705007462,NIFRA,58,3,50,529.0,26450.0
2021031705007461,NIFRA,41,44,500,530.0,265000.0
2021031705007460,NIFRA,58,57,50,529.0,26450.0
2021031705007471,NIFRA,58,42,50,529.0,26450.0
2021031705007470,NIFRA,58,44,50,529.0,26450.0
2021031705007469,NIFRA,58,41,50,529.0,26450.0
2021031705007468,NIFRA,58,14,50,529.0,26450.0
2021031705007467,NIFRA,58,45,10,529.0,5290.0
2021031705007466,NIFRA,13,44,10,530.0,5300.0
2021031705007479,NIFRA,33,14,50,529.0,26450.0
2021031705007478,NIFRA,58,14,965,529.0,510485.0
2021031705007476,NIFRA,36,44,400,530.0,212000.0
2021031705007475,NIFRA,58,7,50,529.0,26450.0
2021031705007474,NIFRA,58,48,200,529.0,105800.0
2021031705007472,NIFRA,58,16,10,529.0,5290.0
2021031705007487,NIFRA,33,35,50,529.0,26450.0
2021031705007484,NIFRA,33,45,40,529.0,21160.0
2021031705007483,NIFRA,33,45,50,529.0,26450.0
2021031705007482,NIFRA,33,14,135,529.0,71415.0
2021031705007481,NIFRA,1,14,100,529.0,52900.0
2021031705007480,NIFRA,47,14,20,529.0,10580.0
2021031705007494,NIFRA,33,58,40,529.0,21160.0
2021031705007493,NIFRA,6,44,100,530.0,53000.0
2021031705007491,NIFRA,33,54,50,529.0,26450.0
2021031705007490,NIFRA,33,44,60,529.0,31740.0
2021031705007489,NIFRA,33,46,10,529.0,5290.0
2021031705007488,NIFRA,48,44,20,530.0,10600.0
2021031705007501,NIFRA,33,13,50,529.0,26450.0
2021031705007499,NIFRA,33,19,50,529.0,26450.0
2021031705007498,NIFRA,58,44,500,530.0,265000.0
2021031705007497,NIFRA,44,44,10,530.0,5300.0
2021031705007496,NIFRA,33,16,40,529.0,21160.0
2021031705007495,NIFRA,33,49,30,529.0,15870.0
2021031705007509,NIFRA,33,45,50,529.0,26450.0
2021031705007506,NIFRA,33,22,100,529.0,52900.0
2021031705007505,NIFRA,41,44,40,530.0,21200.0
2021031705007504,NIFRA,45,44,140,530.0,74200.0
2021031705007503,NIFRA,33,44,60,529.0,31740.0
2021031705007502,NIFRA,46,44,66,530.0,34980.0
2021031705007515,NIFRA,52,44,50,530.0,26500.0
2021031705007514,NIFRA,33,41,80,529.0,42320.0
2021031705007513,NIFRA,47,44,10,530.0,5300.0
2021031705007512,NIFRA,33,32,30,529.0,15870.0
2021031705007511,NIFRA,36,44,"2,500",530.0,1325000.0
2021031705007510,NIFRA,33,1,50,529.0,26450.0
2021031705007522,NIFRA,47,44,10,530.0,5300.0
2021031705007520,NIFRA,37,49,30,529.0,15870.0
2021031705007519,NIFRA,37,1,35,529.0,18515.0
2021031705007518,NIFRA,13,1,65,529.0,34385.0
2021031705007517,NIFRA,13,58,35,529.0,18515.0
2021031705007516,NIFRA,33,58,25,529.0,13225.0
2021031705007528,NIFRA,51,44,150,530.0,79500.0
2021031705007527,NIFRA,37,46,50,529.0,26450.0
2021031705007526,NIFRA,36,44,100,530.0,53000.0
2021031705007525,NIFRA,3,44,40,530.0,21200.0
2021031705007524,NIFRA,52,44,140,530.0,74200.0
2021031705007523,NIFRA,37,52,50,529.0,26450.0
2021031705007534,NIFRA,22,1,76,529.0,40204.0
2021031705007533,NIFRA,37,1,100,529.0,52900.0
2021031705007532,NIFRA,37,1,24,529.0,12696.0
2021031705007531,NIFRA,37,58,40,529.0,21160.0
2021031705007530,NIFRA,37,42,50,529.0,26450.0
2021031705007529,NIFRA,10,44,100,530.0,53000.0
2021031705007540,NIFRA,29,42,597,530.0,316410.0
2021031705007539,NIFRA,29,58,60,530.0,31800.0
2021031705007538,NIFRA,29,17,60,530.0,31800.0
2021031705007537,NIFRA,29,58,50,530.0,26500.0
2021031705007536,NIFRA,29,58,40,530.0,21200.0
2021031705007535,NIFRA,29,44,"1,193",530.0,632290.0
2021031705007546,NIFRA,50,42,60,529.0,31740.0
2021031705007545,NIFRA,22,42,60,529.0,31740.0
2021031705007544,NIFRA,29,42,100,530.0,53000.0
2021031705007543,NIFRA,22,16,60,529.0,31740.0
2021031705007542,NIFRA,44,42,100,530.0,53000.0
2021031705007541,NIFRA,41,42,100,530.0,53000.0
2021031705007552,NIFRA,38,45,40,530.0,21200.0
2021031705007551,NIFRA,38,17,60,530.0,31800.0
2021031705007550,NIFRA,38,42,133,530.0,70490.0
2021031705007549,NIFRA,58,21,1,539.0,539.0
2021031705007548,NIFRA,3,42,50,530.0,26500.0
2021031705007547,NIFRA,6,42,50,530.0,26500.0
2021031705007558,NIFRA,58,57,30,530.0,15900.0
2021031705007557,NIFRA,34,6,30,529.0,15870.0
2021031705007556,NIFRA,50,6,20,529.0,10580.0
2021031705007555,NIFRA,38,58,60,530.0,31800.0
2021031705007554,NIFRA,38,57,50,530.0,26500.0
2021031705007553,NIFRA,38,39,50,530.0,26500.0
2021031705007564,NIFRA,34,49,10,529.0,5290.0
2021031705007563,NIFRA,41,52,50,530.0,26500.0
2021031705007562,NIFRA,41,56,30,530.0,15900.0
2021031705007561,NIFRA,41,45,20,530.0,10600.0
2021031705007560,NIFRA,58,45,30,530.0,15900.0
2021031705007559,NIFRA,58,57,20,530.0,10600.0
2021031705007570,NIFRA,58,45,50,530.0,26500.0
2021031705007569,NIFRA,58,59,25,530.0,13250.0
2021031705007568,NIFRA,55,46,100,530.0,53000.0
2021031705007567,NIFRA,55,45,50,530.0,26500.0
2021031705007566,NIFRA,55,52,50,530.0,26500.0
2021031705007565,NIFRA,46,49,40,529.0,21160.0
2021031705007576,NIFRA,58,56,30,530.0,15900.0
2021031705007575,NIFRA,58,16,60,530.0,31800.0
2021031705007574,NIFRA,58,45,50,530.0,26500.0
2021031705007573,NIFRA,58,10,50,530.0,26500.0
2021031705007572,NIFRA,58,32,50,530.0,26500.0
2021031705007571,NIFRA,58,35,50,530.0,26500.0
2021031705007582,NIFRA,58,48,25,530.0,13250.0
2021031705007581,NIFRA,58,34,40,530.0,21200.0
2021031705007580,NIFRA,58,10,50,530.0,26500.0
2021031705007579,NIFRA,58,6,50,530.0,26500.0
2021031705007578,NIFRA,58,7,10,530.0,5300.0
2021031705007577,NIFRA,58,6,60,530.0,31800.0
2021031705006891,CGH,14,6,10,1175.0,11750.0
2021031705006870,CGH,14,51,10,1175.0,11750.0
2021031705006820,CGH,14,58,10,1175.0,11750.0
2021031705006623,CGH,14,41,10,1175.0,11750.0
2021031705006619,CGH,14,3,10,1175.0,11750.0
2021031705006606,CGH,14,42,10,1175.0,11750.0
2021031705006604,CGH,14,22,10,1175.0,11750.0
2021031705007079,GLH,36,58,10,360.0,3600.0
2021031705007050,GLH,36,32,10,360.0,3600.0
2021031705007043,GLH,36,58,10,360.0,3600.0
2021031705007001,GLH,36,21,10,360.0,3600.0
2021031705006995,GLH,36,42,10,360.0,3600.0
2021031705006981,GLH,36,58,10,360.0,3600.0
2021031705006677,GLH,22,1,10,360.0,3600.0
2021031705006648,GLH,22,21,10,360.0,3600.0
2021031705006635,GLH,22,1,10,360.0,3600.0
2021031705006593,GLH,22,49,10,360.0,3600.0
2021031705006798,GLH,3,21,10,360.0,3600.0
2021031705006775,GLH,3,21,10,360.0,3600.0
2021031705006763,GLH,3,38,10,360.0,3600.0
2021031705006761,GLH,3,58,10,360.0,3600.0
2021031705006756,GLH,3,38,10,360.0,3600.0
2021031705006684,GLH,34,1,10,360.0,3600.0
2021031705006952,GLH,36,58,10,360.0,3600.0
2021031705006942,GLH,3,21,10,360.0,3600.0
2021031705006894,GLH,3,33,10,360.0,3600.0
2021031705006868,GLH,3,53,10,360.0,3600.0
2021031705006862,GLH,3,21,10,360.0,3600.0
2021031705006810,GLH,3,35,10,360.0,3600.0
2021031705007088,NIFRA,41,58,50,530.0,26500.0
2021031705007087,NIFRA,41,53,30,530.0,15900.0
2021031705007086,NIFRA,21,53,30,530.0,15900.0
2021031705007085,NIFRA,21,56,50,530.0,26500.0
2021031705007084,NIFRA,21,41,10,530.0,5300.0
2021031705007083,NIFRA,21,35,10,530.0,5300.0
2021031705006591,NIFRA,42,46,10,529.0,5290.0
2021031705006590,NIFRA,42,35,20,529.0,10580.0
2021031705006589,NIFRA,16,38,20,528.0,10560.0
2021031705006598,NIFRA,28,52,40,529.0,21160.0
2021031705006597,NIFRA,48,47,50,528.0,26400.0
2021031705006596,NIFRA,33,21,15,528.0,7920.0
2021031705006595,NIFRA,16,21,45,528.0,23760.0
2021031705006594,NIFRA,48,50,50,528.0,26400.0
2021031705006592,NIFRA,42,52,10,529.0,5290.0
2021031705006605,NIFRA,48,29,10,528.0,5280.0
2021031705006603,NIFRA,48,57,60,528.0,31680.0
2021031705006602,NIFRA,28,52,50,529.0,26450.0
2021031705006601,NIFRA,28,51,60,529.0,31740.0
2021031705006600,NIFRA,28,57,50,529.0,26450.0
2021031705006599,NIFRA,28,58,50,529.0,26450.0
2021031705006612,NIFRA,34,57,50,528.0,26400.0
2021031705006611,NIFRA,34,47,30,528.0,15840.0
2021031705006610,NIFRA,43,47,20,528.0,10560.0
2021031705006609,NIFRA,43,58,60,528.0,31680.0
2021031705006608,NIFRA,43,47,20,528.0,10560.0
2021031705006607,NIFRA,48,47,30,528.0,15840.0
2021031705006618,NIFRA,11,22,50,529.0,26450.0
2021031705006617,NIFRA,11,52,60,529.0,31740.0
2021031705006616,NIFRA,11,58,40,529.0,21160.0
2021031705006615,NIFRA,11,21,50,529.0,26450.0
2021031705006614,NIFRA,11,4,60,529.0,31740.0
2021031705006613,NIFRA,11,57,50,529.0,26450.0
2021031705006626,NIFRA,59,42,28,529.0,14812.0
2021031705006625,NIFRA,6,35,10,529.0,5290.0
2021031705006624,NIFRA,11,35,40,529.0,21160.0
2021031705006622,NIFRA,11,58,50,529.0,26450.0
2021031705006621,NIFRA,11,48,50,529.0,26450.0
2021031705006620,NIFRA,11,42,50,529.0,26450.0
2021031705006632,NIFRA,35,52,50,529.0,26450.0
2021031705006631,NIFRA,35,57,12,529.0,6348.0
2021031705006630,NIFRA,21,57,38,529.0,20102.0
2021031705006629,NIFRA,21,47,12,529.0,6348.0
2021031705006628,NIFRA,34,47,38,529.0,20102.0
2021031705006627,NIFRA,34,42,12,529.0,6348.0
2021031705006639,NIFRA,35,55,60,529.0,31740.0
2021031705006638,NIFRA,35,47,50,529.0,26450.0
2021031705006637,NIFRA,35,57,60,529.0,31740.0
2021031705006636,NIFRA,35,59,50,529.0,26450.0
2021031705006634,NIFRA,35,48,50,529.0,26450.0
2021031705006633,NIFRA,35,51,50,529.0,26450.0
2021031705006645,NIFRA,55,45,60,530.0,31800.0
2021031705006644,NIFRA,55,45,25,530.0,13250.0
2021031705006643,NIFRA,35,21,50,529.0,26450.0
2021031705006642,NIFRA,35,48,60,529.0,31740.0
2021031705006641,NIFRA,21,45,20,530.0,10600.0
2021031705006640,NIFRA,35,52,25,529.0,13225.0
2021031705006652,NIFRA,35,58,30,529.0,15870.0
2021031705006651,NIFRA,35,57,60,529.0,31740.0
2021031705006650,NIFRA,35,52,60,529.0,31740.0
2021031705006649,NIFRA,35,58,50,529.0,26450.0
2021031705006647,NIFRA,35,35,60,529.0,31740.0
2021031705006646,NIFRA,55,45,15,530.0,7950.0
2021031705006658,NIFRA,55,58,50,530.0,26500.0
2021031705006657,NIFRA,55,42,30,530.0,15900.0
2021031705006656,NIFRA,55,42,50,530.0,26500.0
2021031705006655,NIFRA,55,45,35,530.0,18550.0
2021031705006654,NIFRA,35,48,60,529.0,31740.0
2021031705006653,NIFRA,35,58,50,529.0,26450.0
2021031705006664,NIFRA,55,22,50,530.0,26500.0
2021031705006663,NIFRA,55,3,50,530.0,26500.0
2021031705006662,NIFRA,55,56,35,530.0,18550.0
2021031705006661,NIFRA,55,49,50,530.0,26500.0
2021031705006660,NIFRA,55,58,50,530.0,26500.0
2021031705006659,NIFRA,55,43,60,530.0,31800.0
2021031705006670,NIFRA,41,51,50,529.0,26450.0
2021031705006669,NIFRA,41,59,37,529.0,19573.0
2021031705006668,NIFRA,35,59,13,529.0,6877.0
2021031705006667,NIFRA,35,42,50,529.0,26450.0
2021031705006666,NIFRA,35,46,50,529.0,26450.0
2021031705006665,NIFRA,55,58,40,530.0,21200.0
2021031705006676,NIFRA,47,22,50,529.0,26450.0
2021031705006675,NIFRA,47,52,50,529.0,26450.0
2021031705006674,NIFRA,47,3,50,529.0,26450.0
2021031705006673,NIFRA,47,46,50,529.0,26450.0
2021031705006672,NIFRA,47,21,20,529.0,10580.0
2021031705006671,NIFRA,41,48,43,529.0,22747.0
2021031705006683,NIFRA,14,52,50,529.0,26450.0
2021031705006682,NIFRA,14,22,50,529.0,26450.0
2021031705006681,NIFRA,14,22,50,529.0,26450.0
2021031705006680,NIFRA,14,14,20,529.0,10580.0
2021031705006679,NIFRA,47,14,30,529.0,15870.0
2021031705006678,NIFRA,47,34,50,529.0,26450.0
2021031705006690,NIFRA,14,46,50,529.0,26450.0
2021031705006689,NIFRA,14,38,300,529.0,158700.0
2021031705006688,NIFRA,14,36,60,529.0,31740.0
2021031705006687,NIFRA,14,29,60,529.0,31740.0
2021031705006686,NIFRA,29,48,10,530.0,5300.0
2021031705006685,NIFRA,29,58,10,530.0,5300.0
2021031705006696,NIFRA,37,45,220,530.0,116600.0
2021031705006695,NIFRA,37,57,30,530.0,15900.0
2021031705006694,NIFRA,37,48,50,530.0,26500.0
2021031705006693,NIFRA,14,58,60,529.0,31740.0
2021031705006692,NIFRA,14,14,50,529.0,26450.0
2021031705006691,NIFRA,14,14,60,529.0,31740.0
2021031705006702,NIFRA,14,22,130,529.0,68770.0
2021031705006701,NIFRA,21,45,25,530.0,13250.0
2021031705006700,NIFRA,51,45,60,530.0,31800.0
2021031705006699,NIFRA,14,52,50,529.0,26450.0
2021031705006698,NIFRA,4,45,100,530.0,53000.0
2021031705006697,NIFRA,14,39,60,529.0,31740.0
2021031705006708,NIFRA,32,34,50,529.0,26450.0
2021031705006707,NIFRA,32,6,60,529.0,31740.0
2021031705006706,NIFRA,32,22,800,529.0,423200.0
2021031705006705,NIFRA,19,22,50,529.0,26450.0
2021031705006704,NIFRA,16,22,500,529.0,264500.0
2021031705006703,NIFRA,1,22,20,529.0,10580.0
2021031705006714,NIFRA,59,37,60,530.0,31800.0
2021031705006713,NIFRA,59,22,60,530.0,31800.0
2021031705006712,NIFRA,59,32,60,530.0,31800.0
2021031705006711,NIFRA,59,32,50,530.0,26500.0
2021031705006710,NIFRA,59,52,50,530.0,26500.0
2021031705006709,NIFRA,59,45,95,530.0,50350.0
2021031705006720,NIFRA,17,58,50,530.0,26500.0
2021031705006719,NIFRA,17,48,10,530.0,5300.0
2021031705006718,NIFRA,17,22,50,530.0,26500.0
2021031705006717,NIFRA,32,42,60,529.0,31740.0
2021031705006716,NIFRA,59,45,5,530.0,2650.0
2021031705006715,NIFRA,59,37,60,530.0,31800.0
2021031705006726,NIFRA,17,43,60,530.0,31800.0
2021031705006725,NIFRA,17,35,40,530.0,21200.0
2021031705006724,NIFRA,17,38,50,530.0,26500.0
2021031705006723,NIFRA,17,32,50,530.0,26500.0
2021031705006722,NIFRA,17,14,20,530.0,10600.0
2021031705006721,NIFRA,17,6,50,530.0,26500.0
2021031705006732,NIFRA,17,57,50,530.0,26500.0
2021031705006731,NIFRA,17,59,260,530.0,137800.0
2021031705006730,NIFRA,17,34,20,530.0,10600.0
2021031705006729,NIFRA,17,13,50,530.0,26500.0
2021031705006728,NIFRA,17,57,10,530.0,5300.0
2021031705006727,NIFRA,17,52,50,530.0,26500.0
2021031705006738,NIFRA,19,49,10,530.0,5300.0
2021031705006737,NIFRA,19,11,20,530.0,10600.0
2021031705006736,NIFRA,17,11,10,530.0,5300.0
2021031705006735,NIFRA,17,34,60,530.0,31800.0
2021031705006734,NIFRA,17,42,50,530.0,26500.0
2021031705006733,NIFRA,17,49,60,530.0,31800.0
2021031705006744,NIFRA,35,35,10,529.0,5290.0
2021031705006743,NIFRA,32,35,40,529.0,21160.0
2021031705006742,NIFRA,32,21,60,529.0,31740.0
2021031705006741,NIFRA,41,52,30,529.0,15870.0
2021031705006740,NIFRA,32,52,30,529.0,15870.0
2021031705006739,NIFRA,19,58,20,530.0,10600.0
2021031705006750,NIFRA,45,38,10,530.0,5300.0
2021031705006749,NIFRA,32,38,50,530.0,26500.0
2021031705006748,NIFRA,32,42,50,530.0,26500.0
2021031705006747,NIFRA,50,51,10,530.0,5300.0
2021031705006746,NIFRA,50,16,60,530.0,31800.0
2021031705006745,NIFRA,50,58,30,530.0,15900.0
2021031705006757,NIFRA,39,1,40,530.0,21200.0
2021031705006755,NIFRA,35,21,60,529.0,31740.0
2021031705006754,NIFRA,35,35,60,529.0,31740.0
2021031705006753,NIFRA,35,6,50,529.0,26450.0
2021031705006752,NIFRA,35,58,60,529.0,31740.0
2021031705006751,NIFRA,45,1,10,530.0,5300.0
2021031705006765,NIFRA,19,38,100,530.0,53000.0
2021031705006764,NIFRA,19,49,50,530.0,26500.0
2021031705006762,NIFRA,35,55,50,529.0,26450.0
2021031705006760,NIFRA,39,49,10,530.0,5300.0
2021031705006759,NIFRA,39,49,50,530.0,26500.0
2021031705006758,NIFRA,39,38,100,530.0,53000.0
2021031705006771,NIFRA,35,6,50,529.0,26450.0
2021031705006770,NIFRA,35,58,50,529.0,26450.0
2021031705006769,NIFRA,35,21,50,529.0,26450.0
2021031705006768,NIFRA,19,43,250,530.0,132500.0
2021031705006767,NIFRA,19,39,50,530.0,26500.0
2021031705006766,NIFRA,19,54,50,530.0,26500.0
2021031705006778,NIFRA,35,58,50,529.0,26450.0
2021031705006777,NIFRA,35,55,30,529.0,15870.0
2021031705006776,NIFRA,35,49,60,529.0,31740.0
2021031705006774,NIFRA,35,21,50,529.0,26450.0
2021031705006773,NIFRA,35,57,10,529.0,5290.0
2021031705006772,NIFRA,35,49,60,529.0,31740.0
2021031705006784,NIFRA,1,48,40,530.0,21200.0
2021031705006783,NIFRA,1,43,10,530.0,5300.0
2021031705006782,NIFRA,35,10,40,529.0,21160.0
2021031705006781,NIFRA,35,26,50,529.0,26450.0
2021031705006780,NIFRA,35,51,50,529.0,26450.0
2021031705006779,NIFRA,35,38,10,529.0,5290.0
2021031705006790,NIFRA,20,10,40,530.0,21200.0
2021031705006789,NIFRA,20,58,10,530.0,5300.0
2021031705006788,NIFRA,22,58,50,530.0,26500.0
2021031705006787,NIFRA,35,34,50,529.0,26450.0
2021031705006786,NIFRA,49,48,10,530.0,5300.0
2021031705006785,NIFRA,35,34,10,529.0,5290.0
2021031705006796,NIFRA,22,10,20,530.0,10600.0
2021031705006795,NIFRA,53,21,50,529.0,26450.0
2021031705006794,NIFRA,53,14,50,529.0,26450.0
2021031705006793,NIFRA,35,19,40,529.0,21160.0
2021031705006792,NIFRA,44,48,5,529.0,2645.0
2021031705006791,NIFRA,35,6,50,529.0,26450.0
2021031705006803,NIFRA,56,51,60,530.0,31800.0
2021031705006802,NIFRA,56,51,60,530.0,31800.0
2021031705006801,NIFRA,56,43,50,530.0,26500.0
2021031705006800,NIFRA,56,21,60,530.0,31800.0
2021031705006799,NIFRA,56,19,10,530.0,5300.0
2021031705006797,NIFRA,22,19,80,530.0,42400.0
2021031705006809,NIFRA,43,58,50,529.0,26450.0
2021031705006808,NIFRA,43,51,50,529.0,26450.0
2021031705006807,NIFRA,43,1,50,529.0,26450.0
2021031705006806,NIFRA,43,6,50,529.0,26450.0
2021031705006805,NIFRA,43,49,50,529.0,26450.0
2021031705006804,NIFRA,56,16,60,530.0,31800.0
2021031705006816,NIFRA,56,51,60,529.0,31740.0
2021031705006815,NIFRA,56,21,60,529.0,31740.0
2021031705006814,NIFRA,56,56,50,529.0,26450.0
2021031705006813,NIFRA,29,51,20,530.0,10600.0
2021031705006812,NIFRA,20,45,50,530.0,26500.0
2021031705006811,NIFRA,56,34,50,529.0,26450.0
2021031705006823,NIFRA,22,14,60,529.0,31740.0
2021031705006822,NIFRA,22,36,110,529.0,58190.0
2021031705006821,NIFRA,57,36,10,529.0,5290.0
2021031705006819,NIFRA,57,42,30,529.0,15870.0
2021031705006818,NIFRA,56,42,30,529.0,15870.0
2021031705006817,NIFRA,56,42,50,529.0,26450.0
2021031705006829,NIFRA,57,51,50,530.0,26500.0
2021031705006828,NIFRA,57,21,50,530.0,26500.0
2021031705006827,NIFRA,57,22,190,530.0,100700.0
2021031705006826,NIFRA,22,47,50,529.0,26450.0
2021031705006825,NIFRA,51,22,60,530.0,31800.0
2021031705006824,NIFRA,51,51,40,530.0,21200.0
2021031705006835,NIFRA,57,21,100,530.0,53000.0
2021031705006834,NIFRA,57,51,50,530.0,26500.0
2021031705006833,NIFRA,57,41,100,530.0,53000.0
2021031705006832,NIFRA,57,51,60,530.0,31800.0
2021031705006831,NIFRA,57,17,50,530.0,26500.0
2021031705006830,NIFRA,57,45,50,530.0,26500.0
2021031705006841,NIFRA,57,58,40,530.0,21200.0
2021031705006840,NIFRA,57,53,60,530.0,31800.0
2021031705006839,NIFRA,57,58,30,530.0,15900.0
2021031705006838,NIFRA,57,51,50,530.0,26500.0
2021031705006837,NIFRA,57,51,60,530.0,31800.0
2021031705006836,NIFRA,57,51,60,530.0,31800.0
2021031705006847,NIFRA,22,58,60,529.0,31740.0
2021031705006846,NIFRA,10,21,20,530.0,10600.0
2021031705006845,NIFRA,10,58,20,530.0,10600.0
2021031705006844,NIFRA,22,46,60,529.0,31740.0
2021031705006843,NIFRA,22,28,60,529.0,31740.0
2021031705006842,NIFRA,22,14,60,529.0,31740.0
2021031705006853,NIFRA,52,58,60,530.0,31800.0
2021031705006852,NIFRA,52,56,60,530.0,31800.0
2021031705006851,NIFRA,52,58,50,530.0,26500.0
2021031705006850,NIFRA,52,51,30,530.0,15900.0
2021031705006849,NIFRA,49,51,20,530.0,10600.0
2021031705006848,NIFRA,49,21,30,530.0,15900.0
2021031705006859,NIFRA,28,16,10,529.0,5290.0
2021031705006858,NIFRA,22,16,40,529.0,21160.0
2021031705006857,NIFRA,22,55,50,529.0,26450.0
2021031705006856,NIFRA,22,28,50,529.0,26450.0
2021031705006855,NIFRA,52,58,50,530.0,26500.0
2021031705006854,NIFRA,52,56,50,530.0,26500.0
2021031705006866,NIFRA,17,6,40,529.0,21160.0
2021031705006865,NIFRA,28,6,10,529.0,5290.0
2021031705006864,NIFRA,28,49,60,529.0,31740.0
2021031705006863,NIFRA,28,13,60,529.0,31740.0
2021031705006861,NIFRA,37,58,15,530.0,7950.0
2021031705006860,NIFRA,28,16,10,529.0,5290.0
2021031705006874,NIFRA,49,38,45,529.0,23805.0
2021031705006873,NIFRA,48,38,15,529.0,7935.0
2021031705006872,NIFRA,48,16,10,529.0,5290.0
2021031705006871,NIFRA,48,22,10,529.0,5290.0
2021031705006869,NIFRA,38,28,60,529.0,31740.0
2021031705006867,NIFRA,38,13,40,529.0,21160.0
2021031705006880,NIFRA,4,7,5,530.0,2650.0
2021031705006879,NIFRA,4,22,20,530.0,10600.0
2021031705006878,NIFRA,4,58,50,530.0,26500.0
2021031705006877,NIFRA,4,52,25,530.0,13250.0
2021031705006876,NIFRA,26,52,25,530.0,13250.0
2021031705006875,NIFRA,26,58,35,530.0,18550.0
2021031705006886,NIFRA,5,52,10,530.0,5300.0
2021031705006885,NIFRA,5,45,20,530.0,10600.0
2021031705006884,NIFRA,46,45,30,530.0,15900.0
2021031705006883,NIFRA,46,58,50,530.0,26500.0
2021031705006882,NIFRA,16,14,50,529.0,26450.0
2021031705006881,NIFRA,49,16,50,529.0,26450.0
2021031705006893,NIFRA,16,38,50,529.0,26450.0
2021031705006892,NIFRA,16,16,50,529.0,26450.0
2021031705006890,NIFRA,36,56,90,530.0,47700.0
2021031705006889,NIFRA,36,58,60,530.0,31800.0
2021031705006888,NIFRA,36,52,50,530.0,26500.0
2021031705006887,NIFRA,16,25,60,529.0,31740.0
2021031705006900,NIFRA,16,52,60,529.0,31740.0
2021031705006899,NIFRA,16,25,60,529.0,31740.0
2021031705006898,NIFRA,52,56,40,530.0,21200.0
2021031705006897,NIFRA,16,36,50,529.0,26450.0
2021031705006896,NIFRA,16,55,60,529.0,31740.0
2021031705006895,NIFRA,16,50,50,529.0,26450.0
2021031705006906,NIFRA,32,1,40,529.0,21160.0
2021031705006905,NIFRA,16,1,10,529.0,5290.0
2021031705006904,NIFRA,41,56,10,530.0,5300.0
2021031705006903,NIFRA,32,56,50,530.0,26500.0
2021031705006902,NIFRA,45,56,200,530.0,106000.0
2021031705006901,NIFRA,58,56,50,530.0,26500.0
2021031705006912,NIFRA,55,56,10,530.0,5300.0
2021031705006911,NIFRA,51,56,50,530.0,26500.0
2021031705006910,NIFRA,49,7,150,529.0,79350.0
2021031705006909,NIFRA,21,7,200,529.0,105800.0
2021031705006908,NIFRA,40,7,40,529.0,21160.0
2021031705006907,NIFRA,32,7,410,529.0,216890.0
2021031705006918,NIFRA,55,21,50,530.0,26500.0
2021031705006917,NIFRA,55,58,50,530.0,26500.0
2021031705006916,NIFRA,55,36,50,530.0,26500.0
2021031705006915,NIFRA,55,53,10,530.0,5300.0
2021031705006914,NIFRA,55,45,50,530.0,26500.0
2021031705006913,NIFRA,55,45,50,530.0,26500.0
2021031705006924,NIFRA,44,38,10,530.0,5300.0
2021031705006923,NIFRA,55,38,50,530.0,26500.0
2021031705006922,NIFRA,55,45,50,530.0,26500.0
2021031705006921,NIFRA,55,21,50,530.0,26500.0
2021031705006920,NIFRA,55,49,30,530.0,15900.0
2021031705006919,NIFRA,55,58,50,530.0,26500.0
2021031705006930,NIFRA,44,58,50,530.0,26500.0
2021031705006929,NIFRA,44,45,50,530.0,26500.0
2021031705006928,NIFRA,44,58,10,530.0,5300.0
2021031705006927,NIFRA,44,29,50,530.0,26500.0
2021031705006926,NIFRA,44,51,50,530.0,26500.0
2021031705006925,NIFRA,44,22,10,530.0,5300.0
2021031705006936,NIFRA,44,16,60,530.0,31800.0
2021031705006935,NIFRA,44,45,50,530.0,26500.0
2021031705006934,NIFRA,44,21,60,530.0,31800.0
2021031705006933,NIFRA,44,45,500,530.0,265000.0
2021031705006932,NIFRA,44,58,50,530.0,26500.0
2021031705006931,NIFRA,44,16,50,530.0,26500.0
2021031705006943,NIFRA,36,34,150,529.0,79350.0
2021031705006941,NIFRA,36,42,50,529.0,26450.0
2021031705006940,NIFRA,36,45,50,529.0,26450.0
2021031705006939,NIFRA,36,38,60,529.0,31740.0
2021031705006938,NIFRA,36,7,10,529.0,5290.0
2021031705006937,NIFRA,49,7,50,529.0,26450.0
2021031705006949,NIFRA,50,58,50,530.0,26500.0
2021031705006948,NIFRA,50,56,10,530.0,5300.0
2021031705006947,NIFRA,36,14,60,529.0,31740.0
2021031705006946,NIFRA,36,42,60,529.0,31740.0
2021031705006945,NIFRA,36,58,60,529.0,31740.0
2021031705006944,NIFRA,36,38,10,529.0,5290.0
2021031705006956,NIFRA,17,58,20,530.0,10600.0
2021031705006955,NIFRA,17,8,60,530.0,31800.0
2021031705006954,NIFRA,36,52,60,529.0,31740.0
2021031705006953,NIFRA,36,58,50,529.0,26450.0
2021031705006951,NIFRA,50,58,30,530.0,15900.0
2021031705006950,NIFRA,50,56,60,530.0,31800.0
2021031705006962,NIFRA,17,44,50,530.0,26500.0
2021031705006961,NIFRA,17,47,60,530.0,31800.0
2021031705006960,NIFRA,17,45,50,530.0,26500.0
2021031705006959,NIFRA,17,58,50,530.0,26500.0
2021031705006958,NIFRA,17,34,10,530.0,5300.0
2021031705006957,NIFRA,17,45,60,530.0,31800.0
2021031705006968,NIFRA,44,44,200,530.0,106000.0
2021031705006967,NIFRA,44,45,50,530.0,26500.0
2021031705006966,NIFRA,52,29,20,530.0,10600.0
2021031705006965,NIFRA,52,3,20,530.0,10600.0
2021031705006964,NIFRA,36,34,60,529.0,31740.0
2021031705006963,NIFRA,17,3,40,530.0,21200.0
2021031705006974,NIFRA,44,58,60,530.0,31800.0
2021031705006973,NIFRA,44,42,60,530.0,31800.0
2021031705006972,NIFRA,44,16,10,530.0,5300.0
2021031705006971,NIFRA,44,51,30,530.0,15900.0
2021031705006970,NIFRA,44,29,40,530.0,21200.0
2021031705006969,NIFRA,44,45,50,530.0,26500.0
2021031705006980,NIFRA,21,58,50,530.0,26500.0
2021031705006979,NIFRA,21,46,35,530.0,18550.0
2021031705006978,NIFRA,6,53,50,530.0,26500.0
2021031705006977,NIFRA,36,41,40,529.0,21160.0
2021031705006976,NIFRA,36,49,50,529.0,26450.0
2021031705006975,NIFRA,36,29,50,529.0,26450.0
2021031705006987,NIFRA,55,45,50,530.0,26500.0
2021031705006986,NIFRA,55,38,15,530.0,7950.0
2021031705006985,NIFRA,36,36,50,529.0,26450.0
2021031705006984,NIFRA,43,38,35,530.0,18550.0
2021031705006983,NIFRA,43,53,50,530.0,26500.0
2021031705006982,NIFRA,43,46,15,530.0,7950.0
2021031705006993,NIFRA,55,6,205,530.0,108650.0
2021031705006992,NIFRA,55,44,30,530.0,15900.0
2021031705006991,NIFRA,55,41,50,530.0,26500.0
2021031705006990,NIFRA,55,53,50,530.0,26500.0
2021031705006989,NIFRA,55,32,50,530.0,26500.0
2021031705006988,NIFRA,55,46,50,530.0,26500.0
2021031705007000,NIFRA,36,59,50,529.0,26450.0
2021031705006999,NIFRA,45,6,350,530.0,185500.0
2021031705006998,NIFRA,38,6,150,530.0,79500.0
2021031705006997,NIFRA,36,29,50,529.0,26450.0
2021031705006996,NIFRA,49,6,15,530.0,7950.0
2021031705006994,NIFRA,36,58,60,529.0,31740.0
2021031705007007,NIFRA,44,53,40,530.0,21200.0
2021031705007006,NIFRA,44,46,60,530.0,31800.0
2021031705007005,NIFRA,44,10,50,530.0,26500.0
2021031705007004,NIFRA,44,8,20,530.0,10600.0
2021031705007003,NIFRA,44,51,50,530.0,26500.0
2021031705007002,NIFRA,44,6,280,530.0,148400.0
2021031705007013,NIFRA,36,56,50,529.0,26450.0
2021031705007012,NIFRA,58,51,30,530.0,15900.0
2021031705007011,NIFRA,36,40,50,529.0,26450.0
2021031705007010,NIFRA,36,25,60,529.0,31740.0
2021031705007009,NIFRA,52,51,10,530.0,5300.0
2021031705007008,NIFRA,52,53,10,530.0,5300.0
2021031705007019,NIFRA,38,58,60,530.0,31800.0
2021031705007018,NIFRA,38,58,50,530.0,26500.0
2021031705007017,NIFRA,38,58,60,530.0,31800.0
2021031705007016,NIFRA,38,51,10,530.0,5300.0
2021031705007015,NIFRA,36,29,50,529.0,26450.0
2021031705007014,NIFRA,36,58,30,529.0,15870.0
2021031705007025,NIFRA,38,46,60,530.0,31800.0
2021031705007024,NIFRA,38,49,50,530.0,26500.0
2021031705007023,NIFRA,38,58,50,530.0,26500.0
2021031705007022,NIFRA,38,53,10,530.0,5300.0
2021031705007021,NIFRA,38,53,50,530.0,26500.0
2021031705007020,NIFRA,38,46,60,530.0,31800.0
2021031705007031,NIFRA,38,46,60,530.0,31800.0
2021031705007030,NIFRA,38,44,50,530.0,26500.0
2021031705007029,NIFRA,38,14,60,530.0,31800.0
2021031705007028,NIFRA,38,40,50,530.0,26500.0
2021031705007027,NIFRA,38,53,60,530.0,31800.0
2021031705007026,NIFRA,38,16,50,530.0,26500.0
2021031705007037,NIFRA,14,41,60,531.0,31860.0
2021031705007036,NIFRA,14,22,50,531.0,26550.0
2021031705007035,NIFRA,14,45,50,531.0,26550.0
2021031705007034,NIFRA,14,51,60,531.0,31860.0
2021031705007033,NIFRA,14,17,200,531.0,106200.0
2021031705007032,NIFRA,14,44,50,531.0,26550.0
2021031705007044,NIFRA,38,46,10,530.0,5300.0
2021031705007042,NIFRA,38,53,50,530.0,26500.0
2021031705007041,NIFRA,38,29,50,530.0,26500.0
2021031705007040,NIFRA,14,50,450,531.0,238950.0
2021031705007039,NIFRA,14,19,50,531.0,26550.0
2021031705007038,NIFRA,14,42,300,531.0,159300.0
2021031705007051,NIFRA,29,38,10,530.0,5300.0
2021031705007049,NIFRA,29,49,10,530.0,5300.0
2021031705007048,NIFRA,38,49,50,530.0,26500.0
2021031705007047,NIFRA,38,40,50,530.0,26500.0
2021031705007046,NIFRA,38,14,50,530.0,26500.0
2021031705007045,NIFRA,38,58,50,530.0,26500.0
2021031705007057,NIFRA,52,57,10,530.0,5300.0
2021031705007056,NIFRA,52,35,50,530.0,26500.0
2021031705007055,NIFRA,52,53,60,530.0,31800.0
2021031705007054,NIFRA,52,4,50,530.0,26500.0
2021031705007053,NIFRA,35,38,60,530.0,31800.0
2021031705007052,NIFRA,37,38,80,530.0,42400.0
2021031705007063,NIFRA,47,50,50,531.0,26550.0
2021031705007062,NIFRA,52,53,50,530.0,26500.0
2021031705007061,NIFRA,52,46,60,530.0,31800.0
2021031705007060,NIFRA,52,40,60,530.0,31800.0
2021031705007059,NIFRA,52,58,60,530.0,31800.0
2021031705007058,NIFRA,52,54,60,530.0,31800.0
2021031705007069,NIFRA,49,50,500,530.0,265000.0
2021031705007068,NIFRA,49,44,20,530.0,10600.0
2021031705007067,NIFRA,53,44,30,530.0,15900.0
2021031705007066,NIFRA,53,49,50,530.0,26500.0
2021031705007065,NIFRA,53,46,20,530.0,10600.0
2021031705007064,NIFRA,52,46,40,530.0,21200.0
2021031705007075,NIFRA,56,35,10,531.0,5310.0
2021031705007074,NIFRA,56,32,50,530.0,26500.0
2021031705007073,NIFRA,49,54,60,530.0,31800.0
2021031705007072,NIFRA,49,40,50,530.0,26500.0
2021031705007071,NIFRA,49,56,50,530.0,26500.0
2021031705007070,NIFRA,49,58,50,530.0,26500.0
2021031705007082,NIFRA,49,35,50,530.0,26500.0
2021031705007081,NIFRA,49,40,50,530.0,26500.0
2021031705007080,NIFRA,49,56,50,530.0,26500.0
2021031705007078,NIFRA,55,14,10,531.0,5310.0
2021031705007077,NIFRA,49,53,60,530.0,31800.0
2021031705007076,NIFRA,49,56,60,530.0,31800.0
2021031705006557,CGH,14,42,10,1175.0,11750.0
2021031705006521,CGH,14,46,10,1175.0,11750.0
2021031705006492,CGH,14,19,10,1175.0,11750.0
2021031705006481,CGH,14,57,10,1175.0,11750.0
2021031705006431,CGH,14,29,10,1175.0,11750.0
2021031705006409,CGH,14,47,10,1175.0,11750.0
2021031705006196,CGH,14,59,10,1175.0,11750.0
2021031705006309,CGH,14,59,10,1175.0,11750.0
2021031705006254,CGH,14,21,10,1175.0,11750.0
2021031705006237,CGH,14,21,10,1175.0,11750.0
2021031705006235,CGH,14,58,10,1175.0,11750.0
2021031705006225,CGH,14,29,10,1175.0,11750.0
2021031705006207,CGH,14,33,10,1175.0,11750.0
2021031705006400,CGH,14,21,10,1175.0,11750.0
2021031705006396,CGH,14,47,10,1175.0,11750.0
2021031705006395,CGH,14,41,10,1175.0,11750.0
2021031705006391,CGH,14,56,10,1175.0,11750.0
2021031705006331,CGH,14,29,10,1175.0,11750.0
2021031705006326,CGH,14,57,10,1175.0,11750.0
2021031705006587,GLH,8,47,10,360.0,3600.0
2021031705006583,GLH,8,58,10,360.0,3600.0
2021031705006578,GLH,8,42,10,360.0,3600.0
2021031705006577,GLH,8,26,10,360.0,3600.0
2021031705006571,GLH,8,26,10,360.0,3600.0
2021031705006537,GLH,35,35,10,360.0,3600.0
2021031705006158,GLH,35,44,10,360.0,3600.0
2021031705006129,GLH,35,8,10,360.0,3600.0
2021031705006306,GLH,35,57,10,360.0,3600.0
2021031705006271,GLH,35,57,10,360.0,3600.0
2021031705006263,GLH,35,33,10,360.0,3600.0
2021031705006234,GLH,35,57,10,360.0,3600.0
2021031705006213,GLH,35,14,10,360.0,3600.0
2021031705006164,GLH,35,45,10,360.0,3600.0
2021031705006480,GLH,35,35,10,360.0,3600.0
2021031705006476,GLH,35,35,10,360.0,3600.0
2021031705006474,GLH,35,6,10,360.0,3600.0
2021031705006379,GLH,35,21,10,360.0,3600.0
2021031705006374,GLH,35,28,10,360.0,3600.0
2021031705006361,GLH,35,48,10,360.0,3600.0
2021031705006524,GLH,35,35,10,360.0,3600.0
2021031705006514,GLH,35,35,10,360.0,3600.0
2021031705006508,GLH,35,35,10,360.0,3600.0
2021031705006497,GLH,35,35,10,360.0,3600.0
2021031705006490,GLH,35,35,10,360.0,3600.0
2021031705006486,GLH,35,35,10,360.0,3600.0
2021031705006588,NIFRA,38,38,30,528.0,15840.0
2021031705006586,NIFRA,5,35,30,529.0,15870.0
2021031705006585,NIFRA,5,36,20,529.0,10580.0
2021031705006584,NIFRA,5,16,50,529.0,26450.0
2021031705006582,NIFRA,38,58,50,528.0,26400.0
2021031705006581,NIFRA,35,36,30,529.0,15870.0
2021031705006093,NIFRA,18,28,50,528.0,26400.0
2021031705006092,NIFRA,18,39,20,528.0,10560.0
2021031705006091,NIFRA,1,39,70,528.0,36960.0
2021031705006090,NIFRA,1,56,30,528.0,15840.0
2021031705006089,NIFRA,7,56,10,528.0,5280.0
2021031705006099,NIFRA,18,28,50,528.0,26400.0
2021031705006098,NIFRA,18,29,50,528.0,26400.0
2021031705006097,NIFRA,18,58,50,528.0,26400.0
2021031705006096,NIFRA,18,44,40,528.0,21120.0
2021031705006095,NIFRA,42,59,15,529.0,7935.0
2021031705006094,NIFRA,42,41,60,529.0,31740.0
2021031705006105,NIFRA,43,29,49,528.0,25872.0
2021031705006104,NIFRA,43,28,20,528.0,10560.0
2021031705006103,NIFRA,18,28,30,528.0,15840.0
2021031705006102,NIFRA,18,28,50,528.0,26400.0
2021031705006101,NIFRA,18,47,50,528.0,26400.0
2021031705006100,NIFRA,18,58,60,528.0,31680.0
2021031705006111,NIFRA,28,4,30,529.0,15870.0
2021031705006110,NIFRA,28,59,35,529.0,18515.0
2021031705006109,NIFRA,58,50,20,528.0,10560.0
2021031705006108,NIFRA,58,47,50,528.0,26400.0
2021031705006107,NIFRA,58,49,19,528.0,10032.0
2021031705006106,NIFRA,43,49,31,528.0,16368.0
2021031705006117,NIFRA,42,47,39,528.0,20592.0
2021031705006116,NIFRA,58,47,11,528.0,5808.0
2021031705006115,NIFRA,58,32,50,528.0,26400.0
2021031705006114,NIFRA,28,38,95,529.0,50255.0
2021031705006113,NIFRA,28,36,30,529.0,15870.0
2021031705006112,NIFRA,28,42,10,529.0,5290.0
2021031705006123,NIFRA,54,58,50,528.0,26400.0
2021031705006122,NIFRA,54,46,10,528.0,5280.0
2021031705006121,NIFRA,58,46,40,528.0,21120.0
2021031705006120,NIFRA,58,32,10,528.0,5280.0
2021031705006119,NIFRA,43,32,40,528.0,21120.0
2021031705006118,NIFRA,42,47,50,528.0,26400.0
2021031705006130,NIFRA,54,26,10,528.0,5280.0
2021031705006128,NIFRA,54,57,30,528.0,15840.0
2021031705006127,NIFRA,14,38,20,529.0,10580.0
2021031705006126,NIFRA,54,29,50,528.0,26400.0
2021031705006125,NIFRA,41,38,100,529.0,52900.0
2021031705006124,NIFRA,54,28,50,528.0,26400.0
2021031705006136,NIFRA,29,32,20,528.0,10560.0
2021031705006135,NIFRA,45,32,30,528.0,15840.0
2021031705006134,NIFRA,45,8,30,528.0,15840.0
2021031705006133,NIFRA,3,8,20,528.0,10560.0
2021031705006132,NIFRA,58,38,55,529.0,29095.0
2021031705006131,NIFRA,3,26,40,528.0,21120.0
2021031705006142,NIFRA,20,44,20,528.0,10560.0
2021031705006141,NIFRA,28,44,30,528.0,15840.0
2021031705006140,NIFRA,28,58,50,528.0,26400.0
2021031705006139,NIFRA,28,29,20,528.0,10560.0
2021031705006138,NIFRA,29,29,30,528.0,15840.0
2021031705006137,NIFRA,29,32,50,528.0,26400.0
2021031705006148,NIFRA,38,45,100,528.0,52800.0
2021031705006147,NIFRA,50,45,15,528.0,7920.0
2021031705006146,NIFRA,20,45,30,528.0,15840.0
2021031705006145,NIFRA,49,32,5,528.0,2640.0
2021031705006144,NIFRA,49,32,50,528.0,26400.0
2021031705006143,NIFRA,20,47,50,528.0,26400.0
2021031705006154,NIFRA,6,59,40,528.0,21120.0
2021031705006153,NIFRA,6,47,60,528.0,31680.0
2021031705006152,NIFRA,36,45,5,528.0,2640.0
2021031705006151,NIFRA,36,14,60,528.0,31680.0
2021031705006150,NIFRA,17,38,20,529.0,10580.0
2021031705006149,NIFRA,36,45,35,528.0,18480.0
2021031705006161,NIFRA,6,29,50,528.0,26400.0
2021031705006160,NIFRA,6,14,60,528.0,31680.0
2021031705006159,NIFRA,6,57,60,528.0,31680.0
2021031705006157,NIFRA,6,14,60,528.0,31680.0
2021031705006156,NIFRA,6,7,60,528.0,31680.0
2021031705006155,NIFRA,6,36,60,528.0,31680.0
2021031705006168,NIFRA,6,14,60,528.0,31680.0
2021031705006167,NIFRA,6,29,50,528.0,26400.0
2021031705006166,NIFRA,6,33,40,528.0,21120.0
2021031705006165,NIFRA,6,39,60,528.0,31680.0
2021031705006163,NIFRA,6,29,50,528.0,26400.0
2021031705006162,NIFRA,6,36,50,528.0,26400.0
2021031705006174,NIFRA,6,43,30,528.0,15840.0
2021031705006173,NIFRA,6,33,60,528.0,31680.0
2021031705006172,NIFRA,6,47,10,528.0,5280.0
2021031705006171,NIFRA,6,47,50,528.0,26400.0
2021031705006170,NIFRA,34,38,100,529.0,52900.0
2021031705006169,NIFRA,20,38,200,529.0,105800.0
2021031705006180,NIFRA,46,14,20,528.0,10560.0
2021031705006179,NIFRA,34,14,30,528.0,15840.0
2021031705006178,NIFRA,34,32,50,528.0,26400.0
2021031705006177,NIFRA,34,44,60,528.0,31680.0
2021031705006176,NIFRA,34,14,60,528.0,31680.0
2021031705006175,NIFRA,59,43,30,528.0,15840.0
2021031705006186,NIFRA,48,29,40,527.0,21080.0
2021031705006185,NIFRA,19,29,20,528.0,10560.0
2021031705006184,NIFRA,19,45,30,528.0,15840.0
2021031705006183,NIFRA,6,45,10,528.0,5280.0
2021031705006182,NIFRA,41,45,10,528.0,5280.0
2021031705006181,NIFRA,33,38,150,529.0,79350.0
2021031705006192,NIFRA,44,7,60,529.0,31740.0
2021031705006191,NIFRA,44,38,215,529.0,113735.0
2021031705006190,NIFRA,44,49,60,528.0,31680.0
2021031705006189,NIFRA,55,29,40,527.0,21080.0
2021031705006188,NIFRA,48,29,10,527.0,5270.0
2021031705006187,NIFRA,48,29,50,527.0,26350.0
2021031705006199,NIFRA,58,14,50,528.0,26400.0
2021031705006198,NIFRA,58,47,20,528.0,10560.0
2021031705006197,NIFRA,42,47,40,528.0,21120.0
2021031705006195,NIFRA,44,42,50,529.0,26450.0
2021031705006194,NIFRA,44,45,60,529.0,31740.0
2021031705006193,NIFRA,44,16,50,529.0,26450.0
2021031705006205,NIFRA,54,59,40,528.0,21120.0
2021031705006204,NIFRA,55,29,50,527.0,26350.0
2021031705006203,NIFRA,58,22,20,529.0,10580.0
2021031705006202,NIFRA,58,17,50,529.0,26450.0
2021031705006201,NIFRA,58,49,50,528.0,26400.0
2021031705006200,NIFRA,58,43,60,528.0,31680.0
2021031705006212,NIFRA,48,29,50,527.0,26350.0
2021031705006211,NIFRA,48,44,60,527.0,31620.0
2021031705006210,NIFRA,48,29,50,527.0,26350.0
2021031705006209,NIFRA,48,29,40,527.0,21080.0
2021031705006208,NIFRA,55,29,10,527.0,5270.0
2021031705006206,NIFRA,54,58,10,528.0,5280.0
2021031705006219,NIFRA,14,45,50,528.0,26400.0
2021031705006218,NIFRA,14,49,50,528.0,26400.0
2021031705006217,NIFRA,14,34,50,528.0,26400.0
2021031705006216,NIFRA,14,58,40,528.0,21120.0
2021031705006215,NIFRA,57,29,50,527.0,26350.0
2021031705006214,NIFRA,57,29,60,527.0,31620.0
2021031705006226,NIFRA,57,29,50,527.0,26350.0
2021031705006224,NIFRA,14,46,10,528.0,5280.0
2021031705006223,NIFRA,14,7,50,528.0,26400.0
2021031705006222,NIFRA,14,45,50,528.0,26400.0
2021031705006221,NIFRA,14,45,50,528.0,26400.0
2021031705006220,NIFRA,14,34,50,528.0,26400.0
2021031705006232,NIFRA,13,34,60,528.0,31680.0
2021031705006231,NIFRA,22,45,50,528.0,26400.0
2021031705006230,NIFRA,22,46,50,528.0,26400.0
2021031705006229,NIFRA,57,29,50,527.0,26350.0
2021031705006228,NIFRA,14,32,50,528.0,26400.0
2021031705006227,NIFRA,57,38,60,527.0,31620.0
2021031705006241,NIFRA,51,48,60,528.0,31680.0
2021031705006240,NIFRA,37,45,10,528.0,5280.0
2021031705006239,NIFRA,37,32,50,528.0,26400.0
2021031705006238,NIFRA,37,39,60,528.0,31680.0
2021031705006236,NIFRA,57,29,50,527.0,26350.0
2021031705006233,NIFRA,13,45,40,528.0,21120.0
2021031705006247,NIFRA,19,32,50,528.0,26400.0
2021031705006246,NIFRA,19,7,50,528.0,26400.0
2021031705006245,NIFRA,19,57,50,528.0,26400.0
2021031705006244,NIFRA,19,45,370,528.0,195360.0
2021031705006243,NIFRA,51,45,30,528.0,15840.0
2021031705006242,NIFRA,51,56,60,528.0,31680.0
2021031705006253,NIFRA,19,49,60,528.0,31680.0
2021031705006252,NIFRA,19,57,50,528.0,26400.0
2021031705006251,NIFRA,19,56,60,528.0,31680.0
2021031705006250,NIFRA,19,48,40,528.0,21120.0
2021031705006249,NIFRA,19,7,50,528.0,26400.0
2021031705006248,NIFRA,19,25,50,528.0,26400.0
2021031705006260,NIFRA,57,39,60,528.0,31680.0
2021031705006259,NIFRA,57,42,30,528.0,15840.0
2021031705006258,NIFRA,19,42,20,528.0,10560.0
2021031705006257,NIFRA,19,29,50,528.0,26400.0
2021031705006256,NIFRA,19,7,50,528.0,26400.0
2021031705006255,NIFRA,19,34,50,528.0,26400.0
2021031705006267,NIFRA,45,21,200,529.0,105800.0
2021031705006266,NIFRA,45,45,60,529.0,31740.0
2021031705006265,NIFRA,45,22,230,529.0,121670.0
2021031705006264,NIFRA,45,29,50,528.0,26400.0
2021031705006262,NIFRA,45,45,40,528.0,21120.0
2021031705006261,NIFRA,57,45,10,528.0,5280.0
2021031705006274,NIFRA,50,45,50,528.0,26400.0
2021031705006273,NIFRA,55,3,50,529.0,26450.0
2021031705006272,NIFRA,50,34,60,528.0,31680.0
2021031705006270,NIFRA,50,39,50,528.0,26400.0
2021031705006269,NIFRA,45,39,10,528.0,5280.0
2021031705006268,NIFRA,45,3,10,529.0,5290.0
2021031705006280,NIFRA,5,34,10,529.0,5290.0
2021031705006279,NIFRA,5,34,50,529.0,26450.0
2021031705006278,NIFRA,21,52,60,529.0,31740.0
2021031705006277,NIFRA,50,58,50,528.0,26400.0
2021031705006276,NIFRA,50,39,60,528.0,31680.0
2021031705006275,NIFRA,50,28,50,528.0,26400.0
2021031705006286,NIFRA,5,45,60,528.0,31680.0
2021031705006285,NIFRA,5,51,50,528.0,26400.0
2021031705006284,NIFRA,5,29,50,528.0,26400.0
2021031705006283,NIFRA,5,57,50,528.0,26400.0
2021031705006282,NIFRA,5,42,60,528.0,31680.0
2021031705006281,NIFRA,50,34,40,528.0,21120.0
2021031705006292,NIFRA,5,32,10,528.0,5280.0
2021031705006291,NIFRA,5,16,60,528.0,31680.0
2021031705006290,NIFRA,29,49,350,529.0,185150.0
2021031705006289,NIFRA,29,28,50,529.0,26450.0
2021031705006288,NIFRA,5,29,60,528.0,31680.0
2021031705006287,NIFRA,5,39,60,528.0,31680.0
2021031705006298,NIFRA,5,29,50,528.0,26400.0
2021031705006297,NIFRA,5,45,10,528.0,5280.0
2021031705006296,NIFRA,21,45,50,529.0,26450.0
2021031705006295,NIFRA,5,34,50,528.0,26400.0
2021031705006294,NIFRA,55,49,50,529.0,26450.0
2021031705006293,NIFRA,5,29,50,528.0,26400.0
2021031705006304,NIFRA,5,29,50,528.0,26400.0
2021031705006303,NIFRA,5,49,50,528.0,26400.0
2021031705006302,NIFRA,5,28,50,528.0,26400.0
2021031705006301,NIFRA,16,35,50,529.0,26450.0
2021031705006300,NIFRA,5,34,60,528.0,31680.0
2021031705006299,NIFRA,5,20,50,528.0,26400.0
2021031705006312,NIFRA,38,4,40,530.0,21200.0
2021031705006311,NIFRA,5,34,40,528.0,21120.0
2021031705006310,NIFRA,36,34,10,529.0,5290.0
2021031705006308,NIFRA,36,28,20,529.0,10580.0
2021031705006307,NIFRA,53,28,40,529.0,21160.0
2021031705006305,NIFRA,53,35,10,529.0,5290.0
2021031705006318,NIFRA,58,32,42,528.0,22176.0
2021031705006317,NIFRA,38,32,18,528.0,9504.0
2021031705006316,NIFRA,14,20,20,528.0,10560.0
2021031705006315,NIFRA,5,20,40,528.0,21120.0
2021031705006314,NIFRA,5,29,40,528.0,21120.0
2021031705006313,NIFRA,58,29,10,529.0,5290.0
2021031705006324,NIFRA,58,34,60,528.0,31680.0
2021031705006323,NIFRA,16,48,50,529.0,26450.0
2021031705006322,NIFRA,58,56,50,528.0,26400.0
2021031705006321,NIFRA,58,28,50,528.0,26400.0
2021031705006320,NIFRA,58,29,50,528.0,26400.0
2021031705006319,NIFRA,58,13,50,528.0,26400.0
2021031705006332,NIFRA,22,28,40,528.0,21120.0
2021031705006330,NIFRA,22,49,10,528.0,5280.0
2021031705006329,NIFRA,14,49,40,528.0,21120.0
2021031705006328,NIFRA,55,8,30,528.0,15840.0
2021031705006327,NIFRA,58,21,60,528.0,31680.0
2021031705006325,NIFRA,58,16,50,528.0,26400.0
2021031705006338,NIFRA,17,29,10,528.0,5280.0
2021031705006337,NIFRA,13,29,40,529.0,21160.0
2021031705006336,NIFRA,13,16,50,529.0,26450.0
2021031705006335,NIFRA,13,29,50,529.0,26450.0
2021031705006334,NIFRA,13,16,60,529.0,31740.0
2021031705006333,NIFRA,17,28,10,528.0,5280.0
2021031705006344,NIFRA,38,39,20,528.0,10560.0
2021031705006343,NIFRA,25,39,40,529.0,21160.0
2021031705006342,NIFRA,38,29,10,528.0,5280.0
2021031705006341,NIFRA,22,29,50,528.0,26400.0
2021031705006340,NIFRA,22,38,50,528.0,26400.0
2021031705006339,NIFRA,17,45,5,528.0,2640.0
2021031705006350,NIFRA,21,39,60,529.0,31740.0
2021031705006349,NIFRA,21,33,20,529.0,10580.0
2021031705006348,NIFRA,21,37,50,529.0,26450.0
2021031705006347,NIFRA,21,3,60,529.0,31740.0
2021031705006346,NIFRA,21,14,60,529.0,31740.0
2021031705006345,NIFRA,38,38,40,528.0,21120.0
2021031705006356,NIFRA,38,26,130,528.0,68640.0
2021031705006355,NIFRA,21,26,20,529.0,10580.0
2021031705006354,NIFRA,21,39,60,529.0,31740.0
2021031705006353,NIFRA,21,34,60,529.0,31740.0
2021031705006352,NIFRA,21,45,50,529.0,26450.0
2021031705006351,NIFRA,21,32,60,529.0,31740.0
2021031705006363,NIFRA,58,38,25,528.0,13200.0
2021031705006362,NIFRA,58,45,50,528.0,26400.0
2021031705006360,NIFRA,58,59,50,528.0,26400.0
2021031705006359,NIFRA,58,38,50,528.0,26400.0
2021031705006358,NIFRA,58,26,60,528.0,31680.0
2021031705006357,NIFRA,19,26,50,528.0,26400.0
2021031705006369,NIFRA,58,45,60,528.0,31680.0
2021031705006368,NIFRA,58,56,50,528.0,26400.0
2021031705006367,NIFRA,45,59,15,529.0,7935.0
2021031705006366,NIFRA,58,38,50,528.0,26400.0
2021031705006365,NIFRA,58,7,30,528.0,15840.0
2021031705006364,NIFRA,58,45,50,528.0,26400.0
2021031705006376,NIFRA,1,38,60,528.0,31680.0
2021031705006375,NIFRA,1,20,60,528.0,31680.0
2021031705006373,NIFRA,1,55,60,528.0,31680.0
2021031705006372,NIFRA,1,32,50,528.0,26400.0
2021031705006371,NIFRA,1,22,35,528.0,18480.0
2021031705006370,NIFRA,58,22,25,528.0,13200.0
2021031705006383,NIFRA,38,49,50,529.0,26450.0
2021031705006382,NIFRA,38,19,20,529.0,10580.0
2021031705006381,NIFRA,38,45,60,529.0,31740.0
2021031705006380,NIFRA,38,59,45,529.0,23805.0
2021031705006378,NIFRA,1,39,60,528.0,31680.0
2021031705006377,NIFRA,1,49,50,528.0,26400.0
2021031705006389,NIFRA,35,38,50,528.0,26400.0
2021031705006388,NIFRA,35,8,45,528.0,23760.0
2021031705006387,NIFRA,1,8,15,528.0,7920.0
2021031705006386,NIFRA,1,39,60,528.0,31680.0
2021031705006385,NIFRA,1,45,50,528.0,26400.0
2021031705006384,NIFRA,38,49,25,529.0,13225.0
2021031705006398,NIFRA,35,38,50,528.0,26400.0
2021031705006397,NIFRA,35,58,50,528.0,26400.0
2021031705006394,NIFRA,35,39,60,528.0,31680.0
2021031705006393,NIFRA,49,49,10,529.0,5290.0
2021031705006392,NIFRA,35,57,50,528.0,26400.0
2021031705006390,NIFRA,35,32,60,528.0,31680.0
2021031705006405,NIFRA,34,22,50,529.0,26450.0
2021031705006404,NIFRA,34,49,15,529.0,7935.0
2021031705006403,NIFRA,34,22,50,529.0,26450.0
2021031705006402,NIFRA,35,56,50,528.0,26400.0
2021031705006401,NIFRA,35,45,50,528.0,26400.0
2021031705006399,NIFRA,35,49,50,528.0,26400.0
2021031705006412,NIFRA,35,38,10,528.0,5280.0
2021031705006411,NIFRA,35,39,45,528.0,23760.0
2021031705006410,NIFRA,6,39,15,529.0,7935.0
2021031705006408,NIFRA,6,22,25,529.0,13225.0
2021031705006407,NIFRA,34,22,35,529.0,18515.0
2021031705006406,NIFRA,34,35,50,529.0,26450.0
2021031705006418,NIFRA,43,52,50,529.0,26450.0
2021031705006417,NIFRA,43,22,50,529.0,26450.0
2021031705006416,NIFRA,35,22,60,528.0,31680.0
2021031705006415,NIFRA,35,28,50,528.0,26400.0
2021031705006414,NIFRA,35,45,50,528.0,26400.0
2021031705006413,NIFRA,35,22,60,528.0,31680.0
2021031705006424,NIFRA,41,4,500,530.0,265000.0
2021031705006423,NIFRA,57,6,55,529.0,29095.0
2021031705006422,NIFRA,35,22,60,528.0,31680.0
2021031705006421,NIFRA,35,28,60,528.0,31680.0
2021031705006420,NIFRA,35,38,10,528.0,5280.0
2021031705006419,NIFRA,35,57,50,528.0,26400.0
2021031705006430,NIFRA,51,28,20,529.0,10580.0
2021031705006429,NIFRA,51,50,50,529.0,26450.0
2021031705006428,NIFRA,51,22,50,529.0,26450.0
2021031705006427,NIFRA,51,56,50,529.0,26450.0
2021031705006426,NIFRA,51,39,15,529.0,7935.0
2021031705006425,NIFRA,57,39,45,529.0,23805.0
2021031705006437,NIFRA,34,29,50,530.0,26500.0
2021031705006436,NIFRA,34,42,40,530.0,21200.0
2021031705006435,NIFRA,34,57,50,530.0,26500.0
2021031705006434,NIFRA,34,4,195,530.0,103350.0
2021031705006433,NIFRA,34,28,40,529.0,21160.0
2021031705006432,NIFRA,34,8,60,529.0,31740.0
2021031705006443,NIFRA,34,13,50,530.0,26500.0
2021031705006442,NIFRA,34,29,50,530.0,26500.0
2021031705006441,NIFRA,34,42,40,530.0,21200.0
2021031705006440,NIFRA,34,41,50,530.0,26500.0
2021031705006439,NIFRA,34,42,40,530.0,21200.0
2021031705006438,NIFRA,34,25,50,530.0,26500.0
2021031705006449,NIFRA,35,29,30,528.0,15840.0
2021031705006448,NIFRA,34,4,105,530.0,55650.0
2021031705006447,NIFRA,34,45,50,530.0,26500.0
2021031705006446,NIFRA,34,29,50,530.0,26500.0
2021031705006445,NIFRA,34,56,30,530.0,15900.0
2021031705006444,NIFRA,34,52,50,530.0,26500.0
2021031705006455,NIFRA,8,56,20,529.0,10580.0
2021031705006454,NIFRA,57,39,60,528.0,31680.0
2021031705006453,NIFRA,7,4,220,530.0,116600.0
2021031705006452,NIFRA,57,38,50,528.0,26400.0
2021031705006451,NIFRA,57,57,50,528.0,26400.0
2021031705006450,NIFRA,57,29,20,528.0,10560.0
2021031705006461,NIFRA,25,4,50,530.0,26500.0
2021031705006460,NIFRA,17,19,50,529.0,26450.0
2021031705006459,NIFRA,17,57,50,529.0,26450.0
2021031705006458,NIFRA,57,29,60,528.0,31680.0
2021031705006457,NIFRA,57,47,50,528.0,26400.0
2021031705006456,NIFRA,57,56,30,528.0,15840.0
2021031705006467,NIFRA,32,1,110,529.0,58190.0
2021031705006466,NIFRA,32,58,20,529.0,10580.0
2021031705006465,NIFRA,32,39,60,529.0,31740.0
2021031705006464,NIFRA,32,28,10,529.0,5290.0
2021031705006463,NIFRA,17,28,50,529.0,26450.0
2021031705006462,NIFRA,17,35,50,529.0,26450.0
2021031705006473,NIFRA,35,56,20,529.0,10580.0
2021031705006472,NIFRA,35,28,20,529.0,10580.0
2021031705006471,NIFRA,35,28,30,529.0,15870.0
2021031705006470,NIFRA,35,1,10,529.0,5290.0
2021031705006469,NIFRA,35,57,60,528.0,31680.0
2021031705006468,NIFRA,57,29,50,528.0,26400.0
2021031705006483,NIFRA,35,22,60,529.0,31740.0
2021031705006482,NIFRA,35,13,40,529.0,21160.0
2021031705006479,NIFRA,35,19,50,529.0,26450.0
2021031705006478,NIFRA,35,4,60,529.0,31740.0
2021031705006477,NIFRA,35,22,50,529.0,26450.0
2021031705006475,NIFRA,35,35,60,529.0,31740.0
2021031705006491,NIFRA,35,22,50,529.0,26450.0
2021031705006489,NIFRA,35,21,40,529.0,21160.0
2021031705006488,NIFRA,35,13,50,529.0,26450.0
2021031705006487,NIFRA,35,56,50,529.0,26450.0
2021031705006485,NIFRA,35,28,60,529.0,31740.0
2021031705006484,NIFRA,35,57,50,529.0,26450.0
2021031705006499,NIFRA,29,29,50,530.0,26500.0
2021031705006498,NIFRA,29,4,625,530.0,331250.0
2021031705006496,NIFRA,35,28,50,529.0,26450.0
2021031705006495,NIFRA,35,49,50,529.0,26450.0
2021031705006494,NIFRA,35,22,50,529.0,26450.0
2021031705006493,NIFRA,35,57,50,529.0,26450.0
2021031705006505,NIFRA,29,7,45,530.0,23850.0
2021031705006504,NIFRA,29,29,50,530.0,26500.0
2021031705006503,NIFRA,29,58,60,530.0,31800.0
2021031705006502,NIFRA,29,29,60,530.0,31800.0
2021031705006501,NIFRA,29,29,60,530.0,31800.0
2021031705006500,NIFRA,29,29,50,530.0,26500.0
2021031705006512,NIFRA,35,22,30,529.0,15870.0
2021031705006511,NIFRA,6,22,20,529.0,10580.0
2021031705006510,NIFRA,6,28,30,529.0,15870.0
2021031705006509,NIFRA,35,28,30,529.0,15870.0
2021031705006507,NIFRA,35,58,60,529.0,31740.0
2021031705006506,NIFRA,35,19,50,529.0,26450.0
2021031705006519,NIFRA,35,52,60,529.0,31740.0
2021031705006518,NIFRA,35,13,50,529.0,26450.0
2021031705006517,NIFRA,35,28,60,529.0,31740.0
2021031705006516,NIFRA,35,22,50,529.0,26450.0
2021031705006515,NIFRA,35,57,10,529.0,5290.0
2021031705006513,NIFRA,34,7,50,530.0,26500.0
2021031705006527,NIFRA,34,29,50,530.0,26500.0
2021031705006526,NIFRA,34,29,60,530.0,31800.0
2021031705006525,NIFRA,35,43,50,529.0,26450.0
2021031705006523,NIFRA,35,22,50,529.0,26450.0
2021031705006522,NIFRA,35,34,50,529.0,26450.0
2021031705006520,NIFRA,35,51,50,529.0,26450.0
2021031705006533,NIFRA,32,22,30,529.0,15870.0
2021031705006532,NIFRA,32,28,60,529.0,31740.0
2021031705006531,NIFRA,32,47,10,529.0,5290.0
2021031705006530,NIFRA,35,47,40,529.0,21160.0
2021031705006529,NIFRA,34,50,40,530.0,21200.0
2021031705006528,NIFRA,34,53,50,530.0,26500.0
2021031705006540,NIFRA,14,47,60,529.0,31740.0
2021031705006539,NIFRA,14,43,50,529.0,26450.0
2021031705006538,NIFRA,14,22,50,529.0,26450.0
2021031705006536,NIFRA,14,19,50,529.0,26450.0
2021031705006535,NIFRA,14,22,20,529.0,10580.0
2021031705006534,NIFRA,47,22,10,529.0,5290.0
2021031705006546,NIFRA,14,47,60,529.0,31740.0
2021031705006545,NIFRA,45,50,10,530.0,5300.0
2021031705006544,NIFRA,14,38,50,529.0,26450.0
2021031705006543,NIFRA,14,45,500,529.0,264500.0
2021031705006542,NIFRA,14,21,50,529.0,26450.0
2021031705006541,NIFRA,14,28,60,529.0,31740.0
2021031705006552,NIFRA,47,45,15,530.0,7950.0
2021031705006551,NIFRA,47,53,50,530.0,26500.0
2021031705006550,NIFRA,47,44,60,530.0,31800.0
2021031705006549,NIFRA,47,42,60,530.0,31800.0
2021031705006548,NIFRA,47,52,60,529.0,31740.0
2021031705006547,NIFRA,47,28,60,529.0,31740.0
2021031705006559,NIFRA,58,29,30,529.0,15870.0
2021031705006558,NIFRA,34,29,20,529.0,10580.0
2021031705006556,NIFRA,14,58,60,529.0,31740.0
2021031705006555,NIFRA,14,16,50,529.0,26450.0
2021031705006554,NIFRA,14,47,50,529.0,26450.0
2021031705006553,NIFRA,14,49,40,529.0,21160.0
2021031705006565,NIFRA,28,47,20,528.0,10560.0
2021031705006564,NIFRA,57,47,20,528.0,10560.0
2021031705006563,NIFRA,57,58,60,528.0,31680.0
2021031705006562,NIFRA,57,38,50,528.0,26400.0
2021031705006561,NIFRA,58,57,10,529.0,5290.0
2021031705006560,NIFRA,58,28,60,529.0,31740.0
2021031705006572,NIFRA,48,55,40,528.0,21120.0
2021031705006570,NIFRA,48,28,10,528.0,5280.0
2021031705006569,NIFRA,1,28,40,528.0,21120.0
2021031705006568,NIFRA,16,50,30,528.0,15840.0
2021031705006567,NIFRA,16,38,50,528.0,26400.0
2021031705006566,NIFRA,16,47,20,528.0,10560.0
2021031705006580,NIFRA,38,47,20,528.0,10560.0
2021031705006579,NIFRA,25,47,30,528.0,15840.0
2021031705006576,NIFRA,41,47,10,529.0,5290.0
2021031705006575,NIFRA,57,47,40,529.0,21160.0
2021031705006574,NIFRA,57,57,40,529.0,21160.0
2021031705006573,NIFRA,25,55,20,528.0,10560.0
2021031705006069,CGH,14,38,10,1175.0,11750.0
2021031705006048,CGH,14,58,10,1175.0,11750.0
2021031705006044,CGH,14,37,10,1175.0,11750.0
2021031705005925,CGH,14,34,10,1175.0,11750.0
2021031705005863,CGH,14,4,10,1175.0,11750.0
2021031705005844,CGH,14,32,10,1175.0,11750.0
2021031705005790,CGH,14,41,10,1175.0,11750.0
2021031705005784,CGH,14,41,10,1175.0,11750.0
2021031705005759,CGH,14,45,10,1175.0,11750.0
2021031705005640,CGH,14,17,10,1175.0,11750.0
2021031705006068,GLH,35,6,10,360.0,3600.0
2021031705006063,GLH,35,58,10,360.0,3600.0
2021031705006052,GLH,35,34,10,360.0,3600.0
2021031705006045,GLH,35,17,10,360.0,3600.0
2021031705005936,GLH,35,17,10,360.0,3600.0
2021031705005920,GLH,35,17,10,360.0,3600.0
2021031705005677,GLH,35,17,10,360.0,3600.0
2021031705005671,GLH,35,56,10,360.0,3600.0
2021031705005918,GLH,35,57,10,360.0,3600.0
2021031705005860,GLH,35,39,10,360.0,3600.0
2021031705005792,GLH,35,45,10,360.0,3600.0
2021031705005767,GLH,35,17,10,360.0,3600.0
2021031705005734,GLH,35,56,10,360.0,3600.0
2021031705005705,GLH,35,56,10,360.0,3600.0
2021031705006088,NIFRA,41,56,10,528.0,5280.0
2021031705006087,NIFRA,41,29,50,528.0,26400.0
2021031705006086,NIFRA,51,21,10,529.0,5290.0
2021031705006085,NIFRA,51,59,40,529.0,21160.0
2021031705006084,NIFRA,41,56,40,528.0,21120.0
2021031705006083,NIFRA,17,56,10,528.0,5280.0
2021031705005590,NIFRA,55,6,30,530.0,15900.0
2021031705005589,NIFRA,22,6,20,531.0,10620.0
2021031705005596,NIFRA,36,32,50,532.0,26600.0
2021031705005595,NIFRA,36,59,20,531.0,10620.0
2021031705005594,NIFRA,55,58,60,530.0,31800.0
2021031705005593,NIFRA,55,52,50,530.0,26500.0
2021031705005592,NIFRA,55,47,60,530.0,31800.0
2021031705005591,NIFRA,55,38,50,530.0,26500.0
2021031705005602,NIFRA,55,57,50,530.0,26500.0
2021031705005601,NIFRA,55,6,50,530.0,26500.0
2021031705005600,NIFRA,55,43,60,530.0,31800.0
2021031705005599,NIFRA,36,16,20,532.0,10640.0
2021031705005598,NIFRA,36,42,10,532.0,5320.0
2021031705005597,NIFRA,36,16,50,532.0,26600.0
2021031705005608,NIFRA,55,52,20,530.0,10600.0
2021031705005607,NIFRA,55,58,50,530.0,26500.0
2021031705005606,NIFRA,55,47,50,530.0,26500.0
2021031705005605,NIFRA,55,38,40,530.0,21200.0
2021031705005604,NIFRA,25,38,10,531.0,5310.0
2021031705005603,NIFRA,55,58,50,530.0,26500.0
2021031705005614,NIFRA,17,17,50,530.0,26500.0
2021031705005613,NIFRA,4,51,10,531.0,5310.0
2021031705005612,NIFRA,4,58,40,531.0,21240.0
2021031705005611,NIFRA,17,52,10,530.0,5300.0
2021031705005610,NIFRA,47,52,10,530.0,5300.0
2021031705005609,NIFRA,47,52,10,530.0,5300.0
2021031705005620,NIFRA,35,4,30,530.0,15900.0
2021031705005619,NIFRA,35,45,60,530.0,31800.0
2021031705005618,NIFRA,35,29,30,530.0,15900.0
2021031705005617,NIFRA,45,29,30,530.0,15900.0
2021031705005616,NIFRA,45,47,20,530.0,10600.0
2021031705005615,NIFRA,17,47,40,530.0,21200.0
2021031705005626,NIFRA,57,16,20,532.0,10640.0
2021031705005625,NIFRA,34,16,10,532.0,5320.0
2021031705005624,NIFRA,34,51,50,531.0,26550.0
2021031705005623,NIFRA,35,45,10,530.0,5300.0
2021031705005622,NIFRA,35,47,50,530.0,26500.0
2021031705005621,NIFRA,35,58,50,530.0,26500.0
2021031705005632,NIFRA,35,29,40,530.0,21200.0
2021031705005631,NIFRA,35,52,50,530.0,26500.0
2021031705005630,NIFRA,35,47,60,530.0,31800.0
2021031705005629,NIFRA,35,44,60,530.0,31800.0
2021031705005628,NIFRA,35,46,60,530.0,31800.0
2021031705005627,NIFRA,57,21,20,532.0,10640.0
2021031705005638,NIFRA,49,26,50,530.0,26500.0
2021031705005637,NIFRA,44,57,60,530.0,31800.0
2021031705005636,NIFRA,44,57,50,530.0,26500.0
2021031705005635,NIFRA,44,42,50,530.0,26500.0
2021031705005634,NIFRA,28,42,300,531.0,159300.0
2021031705005633,NIFRA,44,29,20,530.0,10600.0
2021031705005645,NIFRA,1,42,500,530.0,265000.0
2021031705005644,NIFRA,51,42,200,530.0,106000.0
2021031705005643,NIFRA,49,42,190,530.0,100700.0
2021031705005642,NIFRA,49,47,50,530.0,26500.0
2021031705005641,NIFRA,49,49,50,530.0,26500.0
2021031705005639,NIFRA,49,29,60,530.0,31800.0
2021031705005651,NIFRA,58,52,50,531.0,26550.0
2021031705005650,NIFRA,58,41,50,531.0,26550.0
2021031705005649,NIFRA,45,42,70,530.0,37100.0
2021031705005648,NIFRA,58,42,100,530.0,53000.0
2021031705005647,NIFRA,35,42,40,530.0,21200.0
2021031705005646,NIFRA,45,42,100,530.0,53000.0
2021031705005657,NIFRA,58,57,40,532.0,21280.0
2021031705005656,NIFRA,58,45,50,532.0,26600.0
2021031705005655,NIFRA,58,16,50,532.0,26600.0
2021031705005654,NIFRA,58,21,30,532.0,15960.0
2021031705005653,NIFRA,58,52,50,531.0,26550.0
2021031705005652,NIFRA,58,36,50,531.0,26550.0
2021031705005663,NIFRA,26,47,60,530.0,31800.0
2021031705005662,NIFRA,26,38,10,530.0,5300.0
2021031705005661,NIFRA,26,59,10,530.0,5300.0
2021031705005660,NIFRA,21,59,10,530.0,5300.0
2021031705005659,NIFRA,21,49,20,530.0,10600.0
2021031705005658,NIFRA,45,49,30,530.0,15900.0
2021031705005669,NIFRA,49,52,60,530.0,31800.0
2021031705005668,NIFRA,49,51,40,530.0,21200.0
2021031705005667,NIFRA,49,51,50,530.0,26500.0
2021031705005666,NIFRA,49,49,30,530.0,15900.0
2021031705005665,NIFRA,26,49,20,530.0,10600.0
2021031705005664,NIFRA,47,58,50,531.0,26550.0
2021031705005676,NIFRA,49,32,50,531.0,26550.0
2021031705005675,NIFRA,49,58,10,531.0,5310.0
2021031705005674,NIFRA,34,49,50,530.0,26500.0
2021031705005673,NIFRA,18,45,20,530.0,10600.0
2021031705005672,NIFRA,36,45,25,530.0,13250.0
2021031705005670,NIFRA,36,47,50,530.0,26500.0
2021031705005683,NIFRA,17,16,50,532.0,26600.0
2021031705005682,NIFRA,17,57,960,532.0,510720.0
2021031705005681,NIFRA,17,51,30,531.0,15930.0
2021031705005680,NIFRA,49,51,20,531.0,10620.0
2021031705005679,NIFRA,49,58,60,531.0,31860.0
2021031705005678,NIFRA,49,36,60,531.0,31860.0
2021031705005689,NIFRA,17,56,50,532.0,26600.0
2021031705005688,NIFRA,17,14,20,532.0,10640.0
2021031705005687,NIFRA,17,49,10,532.0,5320.0
2021031705005686,NIFRA,17,21,50,532.0,26600.0
2021031705005685,NIFRA,17,11,50,532.0,26600.0
2021031705005684,NIFRA,17,41,40,532.0,21280.0
2021031705005695,NIFRA,17,47,60,532.0,31920.0
2021031705005694,NIFRA,17,49,20,532.0,10640.0
2021031705005693,NIFRA,17,45,60,532.0,31920.0
2021031705005692,NIFRA,17,42,50,532.0,26600.0
2021031705005691,NIFRA,17,49,50,532.0,26600.0
2021031705005690,NIFRA,17,50,50,532.0,26600.0
2021031705005701,NIFRA,45,47,15,531.0,7965.0
2021031705005700,NIFRA,17,42,65,532.0,34580.0
2021031705005699,NIFRA,17,58,30,532.0,15960.0
2021031705005698,NIFRA,17,49,50,532.0,26600.0
2021031705005697,NIFRA,17,38,20,532.0,10640.0
2021031705005696,NIFRA,17,21,85,532.0,45220.0
2021031705005708,NIFRA,17,44,50,532.0,26600.0
2021031705005707,NIFRA,17,42,135,532.0,71820.0
2021031705005706,NIFRA,17,13,200,532.0,106400.0
2021031705005704,NIFRA,34,45,5,530.0,2650.0
2021031705005703,NIFRA,34,58,10,530.0,5300.0
2021031705005702,NIFRA,34,47,35,530.0,18550.0
2021031705005714,NIFRA,17,52,50,533.0,26650.0
2021031705005713,NIFRA,17,49,50,533.0,26650.0
2021031705005712,NIFRA,17,49,10,533.0,5330.0
2021031705005711,NIFRA,17,50,60,533.0,31980.0
2021031705005710,NIFRA,17,38,30,533.0,15990.0
2021031705005709,NIFRA,17,39,20,533.0,10660.0
2021031705005720,NIFRA,17,26,200,533.0,106600.0
2021031705005719,NIFRA,17,16,60,533.0,31980.0
2021031705005718,NIFRA,17,16,10,533.0,5330.0
2021031705005717,NIFRA,17,16,50,533.0,26650.0
2021031705005716,NIFRA,17,16,50,533.0,26650.0
2021031705005715,NIFRA,17,58,10,533.0,5330.0
2021031705005726,NIFRA,17,52,60,533.0,31980.0
2021031705005725,NIFRA,17,14,60,533.0,31980.0
2021031705005724,NIFRA,17,34,10,533.0,5330.0
2021031705005723,NIFRA,17,22,10,533.0,5330.0
2021031705005722,NIFRA,17,52,60,533.0,31980.0
2021031705005721,NIFRA,17,58,60,533.0,31980.0
2021031705005732,NIFRA,17,47,45,533.0,23985.0
2021031705005731,NIFRA,17,16,50,533.0,26650.0
2021031705005730,NIFRA,17,51,300,533.0,159900.0
2021031705005729,NIFRA,17,58,50,533.0,26650.0
2021031705005728,NIFRA,17,29,50,533.0,26650.0
2021031705005727,NIFRA,17,58,60,533.0,31980.0
2021031705005739,NIFRA,17,47,50,530.0,26500.0
2021031705005738,NIFRA,17,52,50,530.0,26500.0
2021031705005737,NIFRA,17,51,60,530.0,31800.0
2021031705005736,NIFRA,17,29,60,530.0,31800.0
2021031705005735,NIFRA,3,38,50,529.0,26450.0
2021031705005733,NIFRA,3,36,60,529.0,31740.0
2021031705005745,NIFRA,17,41,50,533.0,26650.0
2021031705005744,NIFRA,17,58,50,533.0,26650.0
2021031705005743,NIFRA,17,45,60,533.0,31980.0
2021031705005742,NIFRA,17,58,60,533.0,31980.0
2021031705005741,NIFRA,17,29,50,530.0,26500.0
2021031705005740,NIFRA,17,51,30,530.0,15900.0
2021031705005751,NIFRA,17,58,50,533.0,26650.0
2021031705005750,NIFRA,17,14,50,533.0,26650.0
2021031705005749,NIFRA,17,1,50,533.0,26650.0
2021031705005748,NIFRA,17,44,50,533.0,26650.0
2021031705005747,NIFRA,17,58,50,533.0,26650.0
2021031705005746,NIFRA,17,58,50,533.0,26650.0
2021031705005757,NIFRA,17,36,15,533.0,7995.0
2021031705005756,NIFRA,17,53,50,533.0,26650.0
2021031705005755,NIFRA,17,57,200,533.0,106600.0
2021031705005754,NIFRA,17,21,60,533.0,31980.0
2021031705005753,NIFRA,17,16,50,533.0,26650.0
2021031705005752,NIFRA,17,48,60,533.0,31980.0
2021031705005764,NIFRA,17,52,60,533.0,31980.0
2021031705005763,NIFRA,17,57,50,533.0,26650.0
2021031705005762,NIFRA,17,32,60,533.0,31980.0
2021031705005761,NIFRA,17,38,50,533.0,26650.0
2021031705005760,NIFRA,17,36,60,533.0,31980.0
2021031705005758,NIFRA,17,45,60,533.0,31980.0
2021031705005771,NIFRA,17,47,25,533.0,13325.0
2021031705005770,NIFRA,17,47,25,533.0,13325.0
2021031705005769,NIFRA,17,41,40,533.0,21320.0
2021031705005768,NIFRA,17,52,50,533.0,26650.0
2021031705005766,NIFRA,17,36,50,533.0,26650.0
2021031705005765,NIFRA,17,41,40,533.0,21320.0
2021031705005777,NIFRA,17,57,50,533.0,26650.0
2021031705005776,NIFRA,17,41,40,533.0,21320.0
2021031705005775,NIFRA,17,57,60,533.0,31980.0
2021031705005774,NIFRA,17,38,50,533.0,26650.0
2021031705005773,NIFRA,17,52,60,533.0,31980.0
2021031705005772,NIFRA,17,36,50,533.0,26650.0
2021031705005783,NIFRA,41,53,15,531.0,7965.0
2021031705005782,NIFRA,17,53,35,533.0,18655.0
2021031705005781,NIFRA,17,57,60,533.0,31980.0
2021031705005780,NIFRA,17,52,60,533.0,31980.0
2021031705005779,NIFRA,17,49,50,533.0,26650.0
2021031705005778,NIFRA,17,13,60,533.0,31980.0
2021031705005791,NIFRA,13,48,20,531.0,10620.0
2021031705005789,NIFRA,13,47,25,531.0,13275.0
2021031705005788,NIFRA,41,47,25,531.0,13275.0
2021031705005787,NIFRA,41,45,50,531.0,26550.0
2021031705005786,NIFRA,41,52,50,531.0,26550.0
2021031705005785,NIFRA,41,45,60,531.0,31860.0
2021031705005798,NIFRA,37,58,50,531.0,26550.0
2021031705005797,NIFRA,37,20,50,531.0,26550.0
2021031705005796,NIFRA,37,52,10,531.0,5310.0
2021031705005795,NIFRA,29,52,50,531.0,26550.0
2021031705005794,NIFRA,13,16,5,531.0,2655.0
2021031705005793,NIFRA,13,57,50,531.0,26550.0
2021031705005804,NIFRA,34,57,10,530.0,5300.0
2021031705005803,NIFRA,44,28,50,530.0,26500.0
2021031705005802,NIFRA,44,58,60,530.0,31800.0
2021031705005801,NIFRA,44,52,50,530.0,26500.0
2021031705005800,NIFRA,44,28,60,530.0,31800.0
2021031705005799,NIFRA,37,39,10,531.0,5310.0
2021031705005810,NIFRA,32,34,10,530.0,5300.0
2021031705005809,NIFRA,51,34,30,530.0,15900.0
2021031705005808,NIFRA,34,34,10,530.0,5300.0
2021031705005807,NIFRA,34,41,50,530.0,26500.0
2021031705005806,NIFRA,16,41,50,531.0,26550.0
2021031705005805,NIFRA,16,39,40,531.0,21240.0
2021031705005816,NIFRA,53,52,10,530.0,5300.0
2021031705005815,NIFRA,57,3,20,530.0,10600.0
2021031705005814,NIFRA,56,3,10,530.0,5300.0
2021031705005813,NIFRA,32,3,30,530.0,15900.0
2021031705005812,NIFRA,32,58,50,530.0,26500.0
2021031705005811,NIFRA,32,38,10,530.0,5300.0
2021031705005822,NIFRA,19,57,50,530.0,26500.0
2021031705005821,NIFRA,19,3,60,530.0,31800.0
2021031705005820,NIFRA,19,58,40,530.0,21200.0
2021031705005819,NIFRA,52,58,10,530.0,5300.0
2021031705005818,NIFRA,22,47,500,530.0,265000.0
2021031705005817,NIFRA,52,52,40,530.0,21200.0
2021031705005828,NIFRA,19,38,15,530.0,7950.0
2021031705005827,NIFRA,19,39,60,530.0,31800.0
2021031705005826,NIFRA,19,45,50,530.0,26500.0
2021031705005825,NIFRA,19,41,40,530.0,21200.0
2021031705005824,NIFRA,19,46,50,530.0,26500.0
2021031705005823,NIFRA,19,28,60,530.0,31800.0
2021031705005834,NIFRA,42,39,60,531.0,31860.0
2021031705005833,NIFRA,42,8,60,531.0,31860.0
2021031705005832,NIFRA,19,59,50,530.0,26500.0
2021031705005831,NIFRA,19,58,60,530.0,31800.0
2021031705005830,NIFRA,19,3,60,530.0,31800.0
2021031705005829,NIFRA,19,42,50,530.0,26500.0
2021031705005840,NIFRA,19,57,50,530.0,26500.0
2021031705005839,NIFRA,19,38,50,530.0,26500.0
2021031705005838,NIFRA,19,52,10,530.0,5300.0
2021031705005837,NIFRA,42,52,40,531.0,21240.0
2021031705005836,NIFRA,42,38,30,531.0,15930.0
2021031705005835,NIFRA,42,47,60,531.0,31860.0
2021031705005847,NIFRA,19,52,10,530.0,5300.0
2021031705005846,NIFRA,14,52,40,530.0,21200.0
2021031705005845,NIFRA,19,58,50,530.0,26500.0
2021031705005843,NIFRA,19,21,60,530.0,31800.0
2021031705005842,NIFRA,19,41,30,530.0,15900.0
2021031705005841,NIFRA,19,39,60,530.0,31800.0
2021031705005853,NIFRA,45,16,50,531.0,26550.0
2021031705005852,NIFRA,49,47,50,530.0,26500.0
2021031705005851,NIFRA,49,42,15,530.0,7950.0
2021031705005850,NIFRA,46,42,35,530.0,18550.0
2021031705005849,NIFRA,46,56,15,530.0,7950.0
2021031705005848,NIFRA,19,56,35,530.0,18550.0
2021031705005859,NIFRA,33,41,20,530.0,10600.0
2021031705005858,NIFRA,33,57,25,530.0,13250.0
2021031705005857,NIFRA,4,57,35,530.0,18550.0
2021031705005856,NIFRA,4,57,50,530.0,26500.0
2021031705005855,NIFRA,4,3,15,530.0,7950.0
2021031705005854,NIFRA,49,3,35,530.0,18550.0
2021031705005867,NIFRA,45,41,60,530.0,31800.0
2021031705005866,NIFRA,45,58,15,530.0,7950.0
2021031705005865,NIFRA,33,58,35,530.0,18550.0
2021031705005864,NIFRA,59,21,50,531.0,26550.0
2021031705005862,NIFRA,33,52,60,530.0,31800.0
2021031705005861,NIFRA,33,44,60,530.0,31800.0
2021031705005873,NIFRA,58,52,50,530.0,26500.0
2021031705005872,NIFRA,58,45,25,530.0,13250.0
2021031705005871,NIFRA,45,45,25,530.0,13250.0
2021031705005870,NIFRA,45,44,10,531.0,5310.0
2021031705005869,NIFRA,45,38,50,530.0,26500.0
2021031705005868,NIFRA,45,57,50,530.0,26500.0
2021031705005879,NIFRA,36,34,30,530.0,15900.0
2021031705005878,NIFRA,36,41,30,530.0,15900.0
2021031705005877,NIFRA,36,58,15,530.0,7950.0
2021031705005876,NIFRA,58,58,15,530.0,7950.0
2021031705005875,NIFRA,58,57,50,530.0,26500.0
2021031705005874,NIFRA,58,21,60,530.0,31800.0
2021031705005885,NIFRA,58,57,50,530.0,26500.0
2021031705005884,NIFRA,58,34,50,530.0,26500.0
2021031705005883,NIFRA,45,52,50,530.0,26500.0
2021031705005882,NIFRA,16,3,30,530.0,15900.0
2021031705005881,NIFRA,16,38,25,530.0,13250.0
2021031705005880,NIFRA,36,38,25,530.0,13250.0
2021031705005891,NIFRA,52,50,40,530.0,21200.0
2021031705005890,NIFRA,21,50,20,530.0,10600.0
2021031705005889,NIFRA,21,41,10,530.0,5300.0
2021031705005888,NIFRA,21,54,10,530.0,5300.0
2021031705005887,NIFRA,58,54,50,530.0,26500.0
2021031705005886,NIFRA,58,39,50,530.0,26500.0
2021031705005897,NIFRA,33,57,20,530.0,10600.0
2021031705005896,NIFRA,33,52,60,530.0,31800.0
2021031705005895,NIFRA,33,13,10,530.0,5300.0
2021031705005894,NIFRA,33,57,60,530.0,31800.0
2021031705005893,NIFRA,52,13,40,530.0,21200.0
2021031705005892,NIFRA,52,58,20,530.0,10600.0
2021031705005903,NIFRA,38,44,50,530.0,26500.0
2021031705005902,NIFRA,38,39,60,530.0,31800.0
2021031705005901,NIFRA,38,58,50,530.0,26500.0
2021031705005900,NIFRA,38,29,40,530.0,21200.0
2021031705005899,NIFRA,17,29,20,530.0,10600.0
2021031705005898,NIFRA,44,57,40,530.0,21200.0
2021031705005909,NIFRA,55,32,50,530.0,26500.0
2021031705005908,NIFRA,55,58,50,530.0,26500.0
2021031705005907,NIFRA,55,52,10,530.0,5300.0
2021031705005906,NIFRA,55,57,60,530.0,31800.0
2021031705005905,NIFRA,7,52,30,530.0,15900.0
2021031705005904,NIFRA,36,52,10,530.0,5300.0
2021031705005915,NIFRA,55,6,60,530.0,31800.0
2021031705005914,NIFRA,55,57,60,530.0,31800.0
2021031705005913,NIFRA,55,28,50,530.0,26500.0
2021031705005912,NIFRA,55,57,50,530.0,26500.0
2021031705005911,NIFRA,55,44,50,530.0,26500.0
2021031705005910,NIFRA,55,7,60,530.0,31800.0
2021031705005923,NIFRA,3,28,50,529.0,26450.0
2021031705005922,NIFRA,3,28,10,529.0,5290.0
2021031705005921,NIFRA,3,39,60,529.0,31740.0
2021031705005919,NIFRA,3,49,10,529.0,5290.0
2021031705005917,NIFRA,3,39,50,529.0,26450.0
2021031705005916,NIFRA,3,57,50,529.0,26450.0
2021031705005930,NIFRA,3,28,50,529.0,26450.0
2021031705005929,NIFRA,3,17,60,529.0,31740.0
2021031705005928,NIFRA,3,17,60,529.0,31740.0
2021031705005927,NIFRA,3,39,60,529.0,31740.0
2021031705005926,NIFRA,3,40,50,529.0,26450.0
2021031705005924,NIFRA,3,45,50,529.0,26450.0
2021031705005937,NIFRA,3,32,50,529.0,26450.0
2021031705005935,NIFRA,3,28,60,529.0,31740.0
2021031705005934,NIFRA,3,44,60,529.0,31740.0
2021031705005933,NIFRA,3,39,50,529.0,26450.0
2021031705005932,NIFRA,55,4,250,530.0,132500.0
2021031705005931,NIFRA,55,29,50,530.0,26500.0
2021031705005943,NIFRA,58,28,60,529.0,31740.0
2021031705005942,NIFRA,58,39,60,529.0,31740.0
2021031705005941,NIFRA,40,4,15,530.0,7950.0
2021031705005940,NIFRA,58,17,50,529.0,26450.0
2021031705005939,NIFRA,58,28,10,529.0,5290.0
2021031705005938,NIFRA,3,28,50,529.0,26450.0
2021031705005949,NIFRA,25,44,40,529.0,21160.0
2021031705005948,NIFRA,59,44,200,529.0,105800.0
2021031705005947,NIFRA,58,44,60,529.0,31740.0
2021031705005946,NIFRA,58,17,50,529.0,26450.0
2021031705005945,NIFRA,58,39,60,529.0,31740.0
2021031705005944,NIFRA,58,45,50,529.0,26450.0
2021031705005955,NIFRA,37,44,100,529.0,52900.0
2021031705005954,NIFRA,34,44,100,529.0,52900.0
2021031705005953,NIFRA,28,44,500,529.0,264500.0
2021031705005952,NIFRA,26,44,100,529.0,52900.0
2021031705005951,NIFRA,50,44,60,529.0,31740.0
2021031705005950,NIFRA,51,44,50,529.0,26450.0
2021031705005961,NIFRA,47,44,90,529.0,47610.0
2021031705005960,NIFRA,58,44,50,529.0,26450.0
2021031705005959,NIFRA,58,44,140,529.0,74060.0
2021031705005958,NIFRA,10,44,40,529.0,21160.0
2021031705005957,NIFRA,42,44,60,529.0,31740.0
2021031705005956,NIFRA,1,44,10,529.0,5290.0
2021031705005967,NIFRA,17,44,200,529.0,105800.0
2021031705005966,NIFRA,26,44,100,529.0,52900.0
2021031705005965,NIFRA,43,44,"1,000",529.0,529000.0
2021031705005964,NIFRA,6,44,40,529.0,21160.0
2021031705005963,NIFRA,18,44,30,529.0,15870.0
2021031705005962,NIFRA,57,44,100,529.0,52900.0
2021031705005973,NIFRA,45,44,10,529.0,5290.0
2021031705005972,NIFRA,49,44,80,529.0,42320.0
2021031705005971,NIFRA,57,44,350,529.0,185150.0
2021031705005970,NIFRA,49,44,100,529.0,52900.0
2021031705005969,NIFRA,57,44,20,529.0,10580.0
2021031705005968,NIFRA,26,44,500,529.0,264500.0
2021031705005979,NIFRA,45,44,10,529.0,5290.0
2021031705005978,NIFRA,50,44,100,529.0,52900.0
2021031705005977,NIFRA,39,44,100,529.0,52900.0
2021031705005976,NIFRA,6,44,37,529.0,19573.0
2021031705005975,NIFRA,35,44,50,529.0,26450.0
2021031705005974,NIFRA,28,44,50,529.0,26450.0
2021031705005985,NIFRA,47,44,100,528.0,52800.0
2021031705005984,NIFRA,49,44,30,528.0,15840.0
2021031705005983,NIFRA,34,44,50,529.0,26450.0
2021031705005982,NIFRA,51,44,75,529.0,39675.0
2021031705005981,NIFRA,58,44,10,529.0,5290.0
2021031705005980,NIFRA,58,44,50,529.0,26450.0
2021031705005991,NIFRA,32,44,40,528.0,21120.0
2021031705005990,NIFRA,32,44,50,528.0,26400.0
2021031705005989,NIFRA,56,44,100,528.0,52800.0
2021031705005988,NIFRA,43,44,"2,000",528.0,1056000.0
2021031705005987,NIFRA,53,44,100,528.0,52800.0
2021031705005986,NIFRA,58,44,40,528.0,21120.0
2021031705005997,NIFRA,41,44,30,528.0,15840.0
2021031705005996,NIFRA,28,44,500,528.0,264000.0
2021031705005995,NIFRA,34,44,20,528.0,10560.0
2021031705005994,NIFRA,48,44,120,528.0,63360.0
2021031705005993,NIFRA,10,44,100,528.0,52800.0
2021031705005992,NIFRA,25,44,100,528.0,52800.0
2021031705006003,NIFRA,42,44,50,528.0,26400.0
2021031705006002,NIFRA,49,44,150,528.0,79200.0
2021031705006001,NIFRA,54,44,100,528.0,52800.0
2021031705006000,NIFRA,19,44,50,528.0,26400.0
2021031705005999,NIFRA,45,44,100,528.0,52800.0
2021031705005998,NIFRA,14,44,100,528.0,52800.0
2021031705006009,NIFRA,58,44,50,528.0,26400.0
2021031705006008,NIFRA,56,44,30,528.0,15840.0
2021031705006007,NIFRA,50,44,100,528.0,52800.0
2021031705006006,NIFRA,36,44,50,528.0,26400.0
2021031705006005,NIFRA,58,44,50,528.0,26400.0
2021031705006004,NIFRA,40,44,500,528.0,264000.0
2021031705006015,NIFRA,38,44,200,528.0,105600.0
2021031705006014,NIFRA,5,44,60,528.0,31680.0
2021031705006013,NIFRA,1,44,10,528.0,5280.0
2021031705006012,NIFRA,39,44,100,528.0,52800.0
2021031705006011,NIFRA,25,44,10,528.0,5280.0
2021031705006010,NIFRA,34,44,110,528.0,58080.0
2021031705006021,NIFRA,36,44,200,528.0,105600.0
2021031705006020,NIFRA,13,44,30,528.0,15840.0
2021031705006019,NIFRA,34,44,50,528.0,26400.0
2021031705006018,NIFRA,34,44,100,528.0,52800.0
2021031705006017,NIFRA,41,44,100,528.0,52800.0
2021031705006016,NIFRA,36,44,500,528.0,264000.0
2021031705006027,NIFRA,42,44,24,528.0,12672.0
2021031705006026,NIFRA,26,44,50,528.0,26400.0
2021031705006025,NIFRA,45,44,11,528.0,5808.0
2021031705006024,NIFRA,29,44,50,528.0,26400.0
2021031705006023,NIFRA,18,44,30,528.0,15840.0
2021031705006022,NIFRA,38,44,100,528.0,52800.0
2021031705006033,NIFRA,43,44,100,528.0,52800.0
2021031705006032,NIFRA,38,44,80,528.0,42240.0
2021031705006031,NIFRA,44,44,57,528.0,30096.0
2021031705006030,NIFRA,52,44,120,528.0,63360.0
2021031705006029,NIFRA,42,44,20,528.0,10560.0
2021031705006028,NIFRA,6,44,80,528.0,42240.0
2021031705006039,NIFRA,48,44,50,528.0,26400.0
2021031705006038,NIFRA,58,44,185,528.0,97680.0
2021031705006037,NIFRA,6,44,80,528.0,42240.0
2021031705006036,NIFRA,6,44,100,528.0,52800.0
2021031705006035,NIFRA,14,44,50,528.0,26400.0
2021031705006034,NIFRA,54,44,10,528.0,5280.0
2021031705006047,NIFRA,57,53,100,528.0,52800.0
2021031705006046,NIFRA,44,46,50,528.0,26400.0
2021031705006043,NIFRA,44,47,50,528.0,26400.0
2021031705006042,NIFRA,44,44,31,528.0,16368.0
2021031705006041,NIFRA,51,44,19,528.0,10032.0
2021031705006040,NIFRA,51,44,11,528.0,5808.0
2021031705006055,NIFRA,50,47,40,528.0,21120.0
2021031705006054,NIFRA,21,21,5,529.0,2645.0
2021031705006053,NIFRA,21,34,50,529.0,26450.0
2021031705006051,NIFRA,21,47,50,529.0,26450.0
2021031705006050,NIFRA,21,1,60,529.0,31740.0
2021031705006049,NIFRA,50,29,60,528.0,31680.0
2021031705006061,NIFRA,45,45,50,529.0,26450.0
2021031705006060,NIFRA,45,6,50,529.0,26450.0
2021031705006059,NIFRA,45,6,40,529.0,21160.0
2021031705006058,NIFRA,17,6,50,528.0,26400.0
2021031705006057,NIFRA,36,6,10,529.0,5290.0
2021031705006056,NIFRA,17,47,20,528.0,10560.0
2021031705006070,NIFRA,5,37,180,529.0,95220.0
2021031705006067,NIFRA,45,37,10,529.0,5290.0
2021031705006066,NIFRA,46,37,100,529.0,52900.0
2021031705006065,NIFRA,21,37,100,529.0,52900.0
2021031705006064,NIFRA,45,37,170,529.0,89930.0
2021031705006062,NIFRA,45,29,60,529.0,31740.0
2021031705006076,NIFRA,5,51,50,529.0,26450.0
2021031705006075,NIFRA,5,41,10,529.0,5290.0
2021031705006074,NIFRA,5,59,50,529.0,26450.0
2021031705006073,NIFRA,5,47,60,529.0,31740.0
2021031705006072,NIFRA,5,32,40,529.0,21160.0
2021031705006071,NIFRA,5,39,10,529.0,5290.0
2021031705006082,NIFRA,17,6,50,528.0,26400.0
2021031705006081,NIFRA,19,59,10,529.0,5290.0
2021031705006080,NIFRA,19,28,40,529.0,21160.0
2021031705006079,NIFRA,17,47,50,528.0,26400.0
2021031705006078,NIFRA,5,28,20,529.0,10580.0
2021031705006077,NIFRA,5,49,50,529.0,26450.0
2021031705005565,CGH,14,17,10,1175.0,11750.0
2021031705005548,CGH,14,58,10,1175.0,11750.0
2021031705005528,CGH,14,6,10,1175.0,11750.0
2021031705005511,CGH,14,19,10,1175.0,11750.0
2021031705005493,CGH,14,57,10,1175.0,11750.0
2021031705005469,CGH,14,57,10,1175.0,11750.0
2021031705005150,CGH,14,16,10,1175.0,11750.0
2021031705005128,CGH,14,52,10,1175.0,11750.0
2021031705005262,CGH,14,41,10,1175.0,11750.0
2021031705005253,CGH,14,47,10,1175.0,11750.0
2021031705005227,CGH,14,19,10,1175.0,11750.0
2021031705005205,CGH,14,51,10,1175.0,11750.0
2021031705005200,CGH,14,45,10,1175.0,11750.0
2021031705005169,CGH,14,59,10,1175.0,11750.0
2021031705005395,CGH,14,21,10,1175.0,11750.0
2021031705005393,CGH,14,33,10,1175.0,11750.0
2021031705005365,CGH,14,8,10,1175.0,11750.0
2021031705005288,CGH,14,14,10,1175.0,11750.0
2021031705005283,CGH,14,41,10,1175.0,11750.0
2021031705005268,CGH,14,58,10,1175.0,11750.0
2021031705005561,GLH,35,57,10,360.0,3600.0
2021031705005558,GLH,35,21,10,360.0,3600.0
2021031705005545,GLH,35,42,10,360.0,3600.0
2021031705005542,GLH,35,21,10,360.0,3600.0
2021031705005515,GLH,35,10,10,360.0,3600.0
2021031705005499,GLH,35,39,10,360.0,3600.0
2021031705005098,GLH,35,56,10,360.0,3600.0
2021031705005097,GLH,35,6,10,360.0,3600.0
2021031705005228,GLH,35,32,10,360.0,3600.0
2021031705005217,GLH,35,29,10,360.0,3600.0
2021031705005206,GLH,35,58,10,360.0,3600.0
2021031705005159,GLH,35,29,10,360.0,3600.0
2021031705005153,GLH,35,18,10,360.0,3600.0
2021031705005147,GLH,35,18,10,360.0,3600.0
2021031705005257,GLH,35,51,10,360.0,3600.0
2021031705005252,GLH,35,36,10,360.0,3600.0
2021031705005250,GLH,35,46,10,360.0,3600.0
2021031705005240,GLH,35,46,10,360.0,3600.0
2021031705005238,GLH,35,34,10,360.0,3600.0
2021031705005235,GLH,35,38,10,360.0,3600.0
2021031705005323,GLH,35,49,10,360.0,3600.0
2021031705005312,GLH,35,16,10,360.0,3600.0
2021031705005310,GLH,35,47,10,360.0,3600.0
2021031705005305,GLH,35,47,10,360.0,3600.0
2021031705005297,GLH,35,47,10,360.0,3600.0
2021031705005293,GLH,35,53,10,360.0,3600.0
2021031705005376,GLH,35,57,10,360.0,3600.0
2021031705005373,GLH,35,49,10,360.0,3600.0
2021031705005366,GLH,35,28,10,360.0,3600.0
2021031705005343,GLH,35,47,10,360.0,3600.0
2021031705005338,GLH,35,21,10,360.0,3600.0
2021031705005337,GLH,35,47,10,360.0,3600.0
2021031705005417,GLH,35,39,10,360.0,3600.0
2021031705005406,GLH,35,28,10,360.0,3600.0
2021031705005402,GLH,35,10,10,360.0,3600.0
2021031705005396,GLH,35,10,10,360.0,3600.0
2021031705005379,GLH,35,46,10,360.0,3600.0
2021031705005377,GLH,35,6,10,360.0,3600.0
2021031705005498,GLH,35,57,10,360.0,3600.0
2021031705005496,GLH,35,57,10,360.0,3600.0
2021031705005478,GLH,35,28,10,360.0,3600.0
2021031705005476,GLH,35,35,10,360.0,3600.0
2021031705005475,GLH,35,57,10,360.0,3600.0
2021031705005461,GLH,35,58,10,360.0,3600.0
2021031705005588,NIFRA,22,58,30,531.0,15930.0
2021031705005587,NIFRA,45,58,30,531.0,15930.0
2021031705005586,NIFRA,45,48,10,531.0,5310.0
2021031705005585,NIFRA,35,48,40,531.0,21240.0
2021031705005584,NIFRA,35,56,50,531.0,26550.0
2021031705005583,NIFRA,35,58,50,531.0,26550.0
2021031705005092,NIFRA,58,14,40,530.0,21200.0
2021031705005091,NIFRA,58,6,10,530.0,5300.0
2021031705005090,NIFRA,58,6,100,530.0,53000.0
2021031705005089,NIFRA,58,16,50,530.0,26500.0
2021031705005100,NIFRA,38,21,10,529.0,5290.0
2021031705005099,NIFRA,49,14,100,530.0,53000.0
2021031705005096,NIFRA,38,42,50,529.0,26450.0
2021031705005095,NIFRA,38,6,20,529.0,10580.0
2021031705005094,NIFRA,26,6,30,529.0,15870.0
2021031705005093,NIFRA,14,14,40,530.0,21200.0
2021031705005106,NIFRA,57,26,50,529.0,26450.0
2021031705005105,NIFRA,34,14,10,530.0,5300.0
2021031705005104,NIFRA,26,14,40,530.0,21200.0
2021031705005103,NIFRA,57,14,50,529.0,26450.0
2021031705005102,NIFRA,57,57,50,529.0,26450.0
2021031705005101,NIFRA,57,21,40,529.0,21160.0
2021031705005112,NIFRA,57,26,50,529.0,26450.0
2021031705005111,NIFRA,57,57,50,529.0,26450.0
2021031705005110,NIFRA,57,6,60,529.0,31740.0
2021031705005109,NIFRA,57,38,60,529.0,31740.0
2021031705005108,NIFRA,57,45,50,529.0,26450.0
2021031705005107,NIFRA,57,42,50,529.0,26450.0
2021031705005118,NIFRA,51,42,50,529.0,26450.0
2021031705005117,NIFRA,51,38,50,529.0,26450.0
2021031705005116,NIFRA,51,35,10,529.0,5290.0
2021031705005115,NIFRA,57,35,40,529.0,21160.0
2021031705005114,NIFRA,57,42,50,529.0,26450.0
2021031705005113,NIFRA,57,42,50,529.0,26450.0
2021031705005124,NIFRA,42,57,50,529.0,26450.0
2021031705005123,NIFRA,42,42,50,529.0,26450.0
2021031705005122,NIFRA,42,55,60,529.0,31740.0
2021031705005121,NIFRA,42,42,60,529.0,31740.0
2021031705005120,NIFRA,42,35,10,529.0,5290.0
2021031705005119,NIFRA,51,35,40,529.0,21160.0
2021031705005131,NIFRA,42,35,10,529.0,5290.0
2021031705005130,NIFRA,45,16,21,530.0,11130.0
2021031705005129,NIFRA,45,14,20,530.0,10600.0
2021031705005127,NIFRA,42,42,50,529.0,26450.0
2021031705005126,NIFRA,42,6,10,529.0,5290.0
2021031705005125,NIFRA,42,38,50,529.0,26450.0
2021031705005137,NIFRA,41,44,20,529.0,10580.0
2021031705005136,NIFRA,41,38,60,529.0,31740.0
2021031705005135,NIFRA,41,25,50,529.0,26450.0
2021031705005134,NIFRA,41,14,10,529.0,5290.0
2021031705005133,NIFRA,41,42,15,529.0,7935.0
2021031705005132,NIFRA,42,42,35,529.0,18515.0
2021031705005143,NIFRA,59,49,50,530.0,26500.0
2021031705005142,NIFRA,59,16,50,530.0,26500.0
2021031705005141,NIFRA,59,16,50,530.0,26500.0
2021031705005140,NIFRA,59,16,60,530.0,31800.0
2021031705005139,NIFRA,59,16,60,530.0,31800.0
2021031705005138,NIFRA,59,16,29,530.0,15370.0
2021031705005151,NIFRA,41,21,32,529.0,16928.0
2021031705005149,NIFRA,59,3,31,530.0,16430.0
2021031705005148,NIFRA,59,42,60,530.0,31800.0
2021031705005146,NIFRA,59,36,510,530.0,270300.0
2021031705005145,NIFRA,59,42,50,530.0,26500.0
2021031705005144,NIFRA,59,38,50,530.0,26500.0
2021031705005158,NIFRA,53,17,50,529.0,26450.0
2021031705005157,NIFRA,53,42,19,529.0,10051.0
2021031705005156,NIFRA,51,42,31,530.0,16430.0
2021031705005155,NIFRA,51,44,50,530.0,26500.0
2021031705005154,NIFRA,51,3,19,530.0,10070.0
2021031705005152,NIFRA,53,21,28,529.0,14812.0
2021031705005165,NIFRA,45,41,20,529.0,10580.0
2021031705005164,NIFRA,38,41,10,529.0,5290.0
2021031705005163,NIFRA,58,41,10,529.0,5290.0
2021031705005162,NIFRA,38,16,30,531.0,15930.0
2021031705005161,NIFRA,38,16,10,531.0,5310.0
2021031705005160,NIFRA,38,57,60,530.0,31800.0
2021031705005172,NIFRA,47,11,50,529.0,26450.0
2021031705005171,NIFRA,47,58,25,529.0,13225.0
2021031705005170,NIFRA,17,58,50,530.0,26500.0
2021031705005168,NIFRA,47,42,50,529.0,26450.0
2021031705005167,NIFRA,47,42,30,529.0,15870.0
2021031705005166,NIFRA,45,42,30,529.0,15870.0
2021031705005178,NIFRA,16,55,50,530.0,26500.0
2021031705005177,NIFRA,16,42,50,530.0,26500.0
2021031705005176,NIFRA,16,42,50,530.0,26500.0
2021031705005175,NIFRA,16,49,60,530.0,31800.0
2021031705005174,NIFRA,16,42,50,530.0,26500.0
2021031705005173,NIFRA,16,45,50,530.0,26500.0
2021031705005184,NIFRA,34,42,10,530.0,5300.0
2021031705005183,NIFRA,41,42,10,530.0,5300.0
2021031705005182,NIFRA,16,42,30,530.0,15900.0
2021031705005181,NIFRA,16,55,50,530.0,26500.0
2021031705005180,NIFRA,16,42,50,530.0,26500.0
2021031705005179,NIFRA,16,1,60,530.0,31800.0
2021031705005190,NIFRA,47,35,60,529.0,31740.0
2021031705005189,NIFRA,47,42,50,529.0,26450.0
2021031705005188,NIFRA,47,55,10,529.0,5290.0
2021031705005187,NIFRA,53,55,40,530.0,21200.0
2021031705005186,NIFRA,53,42,10,530.0,5300.0
2021031705005185,NIFRA,34,42,40,530.0,21200.0
2021031705005196,NIFRA,16,58,50,529.0,26450.0
2021031705005195,NIFRA,16,39,80,529.0,42320.0
2021031705005194,NIFRA,56,39,20,529.0,10580.0
2021031705005193,NIFRA,56,56,10,529.0,5290.0
2021031705005192,NIFRA,56,55,25,529.0,13225.0
2021031705005191,NIFRA,47,55,25,529.0,13225.0
2021031705005203,NIFRA,16,42,50,529.0,26450.0
2021031705005202,NIFRA,58,16,10,530.0,5300.0
2021031705005201,NIFRA,16,42,50,529.0,26450.0
2021031705005199,NIFRA,16,42,50,529.0,26450.0
2021031705005198,NIFRA,49,16,10,530.0,5300.0
2021031705005197,NIFRA,16,42,50,529.0,26450.0
2021031705005211,NIFRA,19,42,40,529.0,21160.0
2021031705005210,NIFRA,16,42,10,529.0,5290.0
2021031705005209,NIFRA,16,29,10,529.0,5290.0
2021031705005208,NIFRA,16,49,50,529.0,26450.0
2021031705005207,NIFRA,16,42,50,529.0,26450.0
2021031705005204,NIFRA,16,42,50,529.0,26450.0
2021031705005218,NIFRA,19,42,50,529.0,26450.0
2021031705005216,NIFRA,19,45,30,529.0,15870.0
2021031705005215,NIFRA,19,42,50,529.0,26450.0
2021031705005214,NIFRA,19,34,10,529.0,5290.0
2021031705005213,NIFRA,49,16,30,530.0,15900.0
