Transact. No.,Symbol,Buyer,Seller,Quantity,Rate,Amount
2021031805008648,CGH,3,58,10,1292.0,12920.0
2021031805008551,CGH,3,58,10,1292.0,12920.0
2021031805008550,CGH,3,29,10,1292.0,12920.0
2021031805008549,CGH,3,4,10,1292.0,12920.0
2021031805008405,CGH,3,29,10,1292.0,12920.0
2021031805008398,CGH,3,21,10,1292.0,12920.0
2021031805008228,CGH,3,29,10,1292.0,12920.0
2021031805008200,CGH,3,25,10,1292.0,12920.0
2021031805008369,CGH,3,49,10,1292.0,12920.0
2021031805008310,CGH,3,1,10,1292.0,12920.0
2021031805008309,CGH,3,6,10,1292.0,12920.0
2021031805008304,CGH,3,1,10,1292.0,12920.0
2021031805008282,CGH,3,34,10,1292.0,12920.0
2021031805008281,CGH,3,42,10,1292.0,12920.0
2021031805008680,GLH,38,35,10,396.0,3960.0
2021031805008588,GLH,38,21,10,396.0,3960.0
2021031805008435,GLH,38,16,10,396.0,3960.0
2021031805008406,GLH,38,58,10,396.0,3960.0
2021031805008279,GLH,38,49,10,396.0,3960.0
2021031805008257,GLH,38,32,10,396.0,3960.0
2021031805008237,GLH,38,39,10,396.0,3960.0
2021031805008227,GLH,38,49,10,396.0,3960.0
2021031805008203,GLH,38,45,10,396.0,3960.0
2021031805008683,NIFRA,16,6,50,525.0,26250.0
2021031805008682,NIFRA,16,58,160,525.0,84000.0
2021031805008681,NIFRA,16,58,40,526.0,21040.0
2021031805008679,NIFRA,59,35,50,527.0,26350.0
2021031805008678,NIFRA,35,35,125,527.0,65875.0
2021031805008677,NIFRA,35,33,25,527.0,13175.0
2021031805008186,NIFRA,56,48,35,528.0,18480.0
2021031805008185,NIFRA,50,58,60,527.0,31620.0
2021031805008184,NIFRA,50,4,50,527.0,26350.0
2021031805008192,NIFRA,58,55,20,527.0,10540.0
2021031805008191,NIFRA,29,55,20,527.0,10540.0
2021031805008190,NIFRA,17,55,500,527.0,263500.0
2021031805008189,NIFRA,49,55,500,527.0,263500.0
2021031805008188,NIFRA,4,55,200,527.0,105400.0
2021031805008187,NIFRA,50,55,720,527.0,379440.0
2021031805008198,NIFRA,57,57,40,527.0,21080.0
2021031805008197,NIFRA,16,57,10,527.0,5270.0
2021031805008196,NIFRA,16,58,50,527.0,26350.0
2021031805008195,NIFRA,16,35,40,527.0,21080.0
2021031805008194,NIFRA,54,35,10,527.0,5270.0
2021031805008193,NIFRA,54,55,40,527.0,21080.0
2021031805008206,NIFRA,41,28,50,527.0,26350.0
2021031805008205,NIFRA,59,28,100,527.0,52700.0
2021031805008204,NIFRA,57,28,10,527.0,5270.0
2021031805008202,NIFRA,57,35,50,527.0,26350.0
2021031805008201,NIFRA,57,11,60,527.0,31620.0
2021031805008199,NIFRA,57,42,40,527.0,21080.0
2021031805008212,NIFRA,45,38,100,527.0,52700.0
2021031805008211,NIFRA,55,38,100,527.0,52700.0
2021031805008210,NIFRA,41,38,80,527.0,42160.0
2021031805008209,NIFRA,41,6,20,527.0,10540.0
2021031805008208,NIFRA,34,38,5,530.0,2650.0
2021031805008207,NIFRA,41,32,50,527.0,26350.0
2021031805008218,NIFRA,7,38,33,527.0,17391.0
2021031805008217,NIFRA,5,38,30,527.0,15810.0
2021031805008216,NIFRA,19,38,10,527.0,5270.0
2021031805008215,NIFRA,48,38,300,527.0,158100.0
2021031805008214,NIFRA,19,38,440,527.0,231880.0
2021031805008213,NIFRA,41,38,30,527.0,15810.0
2021031805008224,NIFRA,17,38,30,527.0,15810.0
2021031805008223,NIFRA,41,38,10,527.0,5270.0
2021031805008222,NIFRA,53,38,200,527.0,105400.0
2021031805008221,NIFRA,38,38,100,527.0,52700.0
2021031805008220,NIFRA,51,38,500,527.0,263500.0
2021031805008219,NIFRA,44,38,30,527.0,15810.0
2021031805008232,NIFRA,42,26,30,527.0,15810.0
2021031805008231,NIFRA,45,26,20,527.0,10540.0
2021031805008230,NIFRA,45,55,10,527.0,5270.0
2021031805008229,NIFRA,11,48,40,528.0,21120.0
2021031805008226,NIFRA,45,18,20,527.0,10540.0
2021031805008225,NIFRA,7,18,40,527.0,21080.0
2021031805008239,NIFRA,6,48,800,528.0,422400.0
2021031805008238,NIFRA,13,42,50,527.0,26350.0
2021031805008236,NIFRA,13,58,50,527.0,26350.0
2021031805008235,NIFRA,42,58,250,527.0,131750.0
2021031805008234,NIFRA,59,58,100,527.0,52700.0
2021031805008233,NIFRA,42,58,10,527.0,5270.0
2021031805008245,NIFRA,45,38,40,528.0,21120.0
2021031805008244,NIFRA,45,21,50,528.0,26400.0
2021031805008243,NIFRA,45,52,60,528.0,31680.0
2021031805008242,NIFRA,45,41,60,528.0,31680.0
2021031805008241,NIFRA,45,57,50,528.0,26400.0
2021031805008240,NIFRA,45,48,610,528.0,322080.0
2021031805008251,NIFRA,57,49,40,528.0,21120.0
2021031805008250,NIFRA,13,49,50,527.0,26350.0
2021031805008249,NIFRA,45,49,20,528.0,10560.0
2021031805008248,NIFRA,45,17,50,528.0,26400.0
2021031805008247,NIFRA,45,42,50,528.0,26400.0
2021031805008246,NIFRA,45,45,10,528.0,5280.0
2021031805008258,NIFRA,34,42,10,528.0,5280.0
2021031805008256,NIFRA,13,1,50,527.0,26350.0
2021031805008255,NIFRA,13,58,60,527.0,31620.0
2021031805008254,NIFRA,21,42,50,528.0,26400.0
2021031805008253,NIFRA,21,45,50,528.0,26400.0
2021031805008252,NIFRA,57,29,60,528.0,31680.0
2021031805008264,NIFRA,46,49,11,528.0,5808.0
2021031805008263,NIFRA,55,11,50,527.0,26350.0
2021031805008262,NIFRA,55,13,10,527.0,5270.0
2021031805008261,NIFRA,13,13,40,527.0,21080.0
2021031805008260,NIFRA,34,17,60,528.0,31680.0
2021031805008259,NIFRA,34,54,30,528.0,15840.0
2021031805008270,NIFRA,8,49,29,528.0,15312.0
2021031805008269,NIFRA,41,22,60,527.0,31620.0
2021031805008268,NIFRA,41,1,400,527.0,210800.0
2021031805008267,NIFRA,54,49,20,528.0,10560.0
2021031805008266,NIFRA,41,36,10,527.0,5270.0
2021031805008265,NIFRA,55,36,40,527.0,21080.0
2021031805008276,NIFRA,41,16,50,527.0,26350.0
2021031805008275,NIFRA,41,57,50,527.0,26350.0
2021031805008274,NIFRA,42,36,50,528.0,26400.0
2021031805008273,NIFRA,41,55,40,527.0,21080.0
2021031805008272,NIFRA,21,36,500,528.0,264000.0
2021031805008271,NIFRA,8,36,171,528.0,90288.0
2021031805008285,NIFRA,34,55,100,527.0,52700.0
2021031805008284,NIFRA,49,55,50,527.0,26350.0
2021031805008283,NIFRA,41,55,280,527.0,147560.0
2021031805008280,NIFRA,41,41,50,527.0,26350.0
2021031805008278,NIFRA,41,32,60,527.0,31620.0
2021031805008277,NIFRA,34,36,50,528.0,26400.0
2021031805008291,NIFRA,34,55,300,527.0,158100.0
2021031805008290,NIFRA,47,55,20,527.0,10540.0
2021031805008289,NIFRA,45,55,50,527.0,26350.0
2021031805008288,NIFRA,34,55,100,527.0,52700.0
2021031805008287,NIFRA,57,55,500,527.0,263500.0
2021031805008286,NIFRA,38,55,150,527.0,79050.0
2021031805008297,NIFRA,44,55,50,527.0,26350.0
2021031805008296,NIFRA,44,55,20,527.0,10540.0
2021031805008295,NIFRA,45,55,100,527.0,52700.0
2021031805008294,NIFRA,38,55,100,527.0,52700.0
2021031805008293,NIFRA,41,55,150,527.0,79050.0
2021031805008292,NIFRA,43,55,100,527.0,52700.0
2021031805008303,NIFRA,35,16,200,527.0,105400.0
2021031805008302,NIFRA,48,16,190,527.0,100130.0
2021031805008301,NIFRA,51,16,340,527.0,179180.0
2021031805008300,NIFRA,51,55,160,527.0,84320.0
2021031805008299,NIFRA,41,55,50,527.0,26350.0
2021031805008298,NIFRA,1,55,37,527.0,19499.0
2021031805008312,NIFRA,34,16,10,527.0,5270.0
2021031805008311,NIFRA,57,16,200,527.0,105400.0
2021031805008308,NIFRA,34,52,20,526.0,10520.0
2021031805008307,NIFRA,10,52,10,526.0,5260.0
2021031805008306,NIFRA,22,16,300,527.0,158100.0
2021031805008305,NIFRA,44,16,20,527.0,10540.0
2021031805008318,NIFRA,50,55,20,526.0,10520.0
2021031805008317,NIFRA,41,55,100,526.0,52600.0
2021031805008316,NIFRA,22,55,10,526.0,5260.0
2021031805008315,NIFRA,21,55,100,526.0,52600.0
2021031805008314,NIFRA,34,55,180,526.0,94680.0
2021031805008313,NIFRA,49,16,50,527.0,26350.0
2021031805008324,NIFRA,35,55,50,526.0,26300.0
2021031805008323,NIFRA,41,55,14,526.0,7364.0
2021031805008322,NIFRA,26,55,50,526.0,26300.0
2021031805008321,NIFRA,52,55,100,526.0,52600.0
2021031805008320,NIFRA,16,55,"1,000",526.0,526000.0
2021031805008319,NIFRA,36,55,50,526.0,26300.0
2021031805008330,NIFRA,10,55,10,526.0,5260.0
2021031805008329,NIFRA,49,55,50,526.0,26300.0
2021031805008328,NIFRA,7,55,10,526.0,5260.0
2021031805008327,NIFRA,52,55,250,526.0,131500.0
2021031805008326,NIFRA,50,55,150,526.0,78900.0
2021031805008325,NIFRA,5,55,120,526.0,63120.0
2021031805008336,NIFRA,59,55,40,526.0,21040.0
2021031805008335,NIFRA,41,55,50,526.0,26300.0
2021031805008334,NIFRA,42,55,100,526.0,52600.0
2021031805008333,NIFRA,42,55,50,526.0,26300.0
2021031805008332,NIFRA,57,55,"1,000",526.0,526000.0
2021031805008331,NIFRA,6,55,50,526.0,26300.0
2021031805008342,NIFRA,29,55,200,526.0,105200.0
2021031805008341,NIFRA,20,55,40,526.0,21040.0
2021031805008340,NIFRA,19,55,100,526.0,52600.0
2021031805008339,NIFRA,53,55,100,526.0,52600.0
2021031805008338,NIFRA,35,55,50,526.0,26300.0
2021031805008337,NIFRA,7,55,100,526.0,52600.0
2021031805008348,NIFRA,47,55,100,526.0,52600.0
2021031805008347,NIFRA,55,55,100,526.0,52600.0
2021031805008346,NIFRA,53,55,200,526.0,105200.0
2021031805008345,NIFRA,51,55,500,526.0,263000.0
2021031805008344,NIFRA,35,55,500,526.0,263000.0
2021031805008343,NIFRA,29,55,200,526.0,105200.0
2021031805008354,NIFRA,29,55,300,526.0,157800.0
2021031805008353,NIFRA,16,55,100,526.0,52600.0
2021031805008352,NIFRA,34,55,50,526.0,26300.0
2021031805008351,NIFRA,49,55,100,526.0,52600.0
2021031805008350,NIFRA,58,55,40,526.0,21040.0
2021031805008349,NIFRA,38,55,100,526.0,52600.0
2021031805008360,NIFRA,58,55,400,526.0,210400.0
2021031805008359,NIFRA,51,55,200,526.0,105200.0
2021031805008358,NIFRA,8,55,50,526.0,26300.0
2021031805008357,NIFRA,57,55,100,526.0,52600.0
2021031805008356,NIFRA,57,55,188,526.0,98888.0
2021031805008355,NIFRA,21,55,30,526.0,15780.0
2021031805008366,NIFRA,59,55,100,526.0,52600.0
2021031805008365,NIFRA,32,55,500,526.0,263000.0
2021031805008364,NIFRA,41,55,300,526.0,157800.0
2021031805008363,NIFRA,57,55,500,526.0,263000.0
2021031805008362,NIFRA,8,55,120,526.0,63120.0
2021031805008361,NIFRA,36,55,42,526.0,22092.0
2021031805008373,NIFRA,55,49,100,526.0,52600.0
2021031805008372,NIFRA,51,49,410,526.0,215660.0
2021031805008371,NIFRA,19,49,100,526.0,52600.0
2021031805008370,NIFRA,1,32,60,526.0,31560.0
2021031805008368,NIFRA,1,55,36,526.0,18936.0
2021031805008367,NIFRA,50,55,"1,000",526.0,526000.0
2021031805008379,NIFRA,8,48,50,526.0,26300.0
2021031805008378,NIFRA,8,16,50,526.0,26300.0
2021031805008377,NIFRA,21,49,150,526.0,78900.0
2021031805008376,NIFRA,49,49,50,526.0,26300.0
2021031805008375,NIFRA,22,49,60,526.0,31560.0
2021031805008374,NIFRA,21,49,30,526.0,15780.0
2021031805008385,NIFRA,29,50,50,526.0,26300.0
2021031805008384,NIFRA,19,50,450,526.0,236700.0
2021031805008383,NIFRA,3,16,50,527.0,26350.0
2021031805008382,NIFRA,50,16,435,527.0,229245.0
2021031805008381,NIFRA,19,48,50,526.0,26300.0
2021031805008380,NIFRA,50,48,100,526.0,52600.0
2021031805008391,NIFRA,47,16,10,527.0,5270.0
2021031805008390,NIFRA,21,50,50,526.0,26300.0
2021031805008389,NIFRA,35,50,500,526.0,263000.0
2021031805008388,NIFRA,42,50,50,526.0,26300.0
2021031805008387,NIFRA,45,50,200,526.0,105200.0
2021031805008386,NIFRA,18,50,500,526.0,263000.0
2021031805008397,NIFRA,46,7,420,526.0,220920.0
2021031805008396,NIFRA,58,7,100,526.0,52600.0
2021031805008395,NIFRA,44,7,480,526.0,252480.0
2021031805008394,NIFRA,44,47,20,526.0,10520.0
2021031805008393,NIFRA,41,47,30,526.0,15780.0
2021031805008392,NIFRA,6,16,50,527.0,26350.0
2021031805008404,NIFRA,26,16,60,526.0,31560.0
2021031805008403,NIFRA,26,29,10,526.0,5260.0
2021031805008402,NIFRA,35,16,665,527.0,350455.0
2021031805008401,NIFRA,26,6,20,526.0,10520.0
2021031805008400,NIFRA,46,6,30,526.0,15780.0
2021031805008399,NIFRA,46,43,50,526.0,26300.0
2021031805008412,NIFRA,54,16,200,527.0,105400.0
2021031805008411,NIFRA,51,16,28,526.0,14728.0
2021031805008410,NIFRA,19,16,32,526.0,16832.0
2021031805008409,NIFRA,19,26,18,526.0,9468.0
2021031805008408,NIFRA,58,26,10,526.0,5260.0
2021031805008407,NIFRA,26,26,10,526.0,5260.0
2021031805008418,NIFRA,51,50,12,526.0,6312.0
2021031805008417,NIFRA,51,43,50,526.0,26300.0
2021031805008416,NIFRA,34,16,30,527.0,15810.0
2021031805008415,NIFRA,56,16,100,527.0,52700.0
2021031805008414,NIFRA,51,29,50,526.0,26300.0
2021031805008413,NIFRA,51,6,60,526.0,31560.0
2021031805008424,NIFRA,47,58,60,526.0,31560.0
2021031805008423,NIFRA,47,32,50,526.0,26300.0
2021031805008422,NIFRA,58,16,40,527.0,21080.0
2021031805008421,NIFRA,47,32,50,526.0,26300.0
2021031805008420,NIFRA,47,52,50,526.0,26300.0
2021031805008419,NIFRA,47,50,48,526.0,25248.0
2021031805008430,NIFRA,51,35,500,526.0,263000.0
2021031805008429,NIFRA,57,35,100,526.0,52600.0
2021031805008428,NIFRA,47,35,192,526.0,100992.0
2021031805008427,NIFRA,38,16,150,527.0,79050.0
2021031805008426,NIFRA,47,21,50,526.0,26300.0
2021031805008425,NIFRA,14,16,10,527.0,5270.0
2021031805008437,NIFRA,6,56,110,526.0,57860.0
2021031805008436,NIFRA,4,56,12,526.0,6312.0
2021031805008434,NIFRA,4,35,38,526.0,19988.0
2021031805008433,NIFRA,41,35,30,526.0,15780.0
2021031805008432,NIFRA,57,35,240,526.0,126240.0
2021031805008431,NIFRA,35,35,100,526.0,52600.0
2021031805008443,NIFRA,6,56,100,526.0,52600.0
2021031805008442,NIFRA,26,21,60,525.0,31500.0
2021031805008441,NIFRA,58,56,10,526.0,5260.0
2021031805008440,NIFRA,39,56,20,526.0,10520.0
2021031805008439,NIFRA,45,56,100,526.0,52600.0
2021031805008438,NIFRA,19,56,150,526.0,78900.0
2021031805008449,NIFRA,26,36,50,525.0,26250.0
2021031805008448,NIFRA,19,46,34,526.0,17884.0
2021031805008447,NIFRA,19,21,50,526.0,26300.0
2021031805008446,NIFRA,19,56,66,526.0,34716.0
2021031805008445,NIFRA,7,56,36,526.0,18936.0
2021031805008444,NIFRA,26,32,60,525.0,31500.0
2021031805008455,NIFRA,57,52,100,526.0,52600.0
2021031805008454,NIFRA,26,45,69,525.0,36225.0
2021031805008453,NIFRA,32,45,24,526.0,12624.0
2021031805008452,NIFRA,32,18,50,526.0,26300.0
2021031805008451,NIFRA,32,43,50,526.0,26300.0
2021031805008450,NIFRA,32,46,26,526.0,13676.0
2021031805008461,NIFRA,17,52,100,525.0,52500.0
2021031805008460,NIFRA,8,52,100,525.0,52500.0
2021031805008459,NIFRA,21,52,200,525.0,105000.0
2021031805008458,NIFRA,26,52,50,525.0,26250.0
2021031805008457,NIFRA,34,52,100,525.0,52500.0
2021031805008456,NIFRA,5,52,200,525.0,105000.0
2021031805008467,NIFRA,43,55,500,525.0,262500.0
2021031805008466,NIFRA,36,52,100,525.0,52500.0
2021031805008465,NIFRA,44,52,110,525.0,57750.0
2021031805008464,NIFRA,41,52,300,525.0,157500.0
2021031805008463,NIFRA,48,52,100,525.0,52500.0
2021031805008462,NIFRA,45,52,100,525.0,52500.0
2021031805008473,NIFRA,58,55,40,525.0,21000.0
2021031805008472,NIFRA,38,55,50,525.0,26250.0
2021031805008471,NIFRA,58,55,50,525.0,26250.0
2021031805008470,NIFRA,50,55,50,525.0,26250.0
2021031805008469,NIFRA,55,55,100,525.0,52500.0
2021031805008468,NIFRA,34,55,100,525.0,52500.0
2021031805008479,NIFRA,32,55,350,525.0,183750.0
2021031805008478,NIFRA,38,55,20,525.0,10500.0
2021031805008477,NIFRA,41,55,50,525.0,26250.0
2021031805008476,NIFRA,14,55,100,525.0,52500.0
2021031805008475,NIFRA,40,55,20,525.0,10500.0
2021031805008474,NIFRA,17,55,50,525.0,26250.0
2021031805008485,NIFRA,19,55,100,525.0,52500.0
2021031805008484,NIFRA,6,55,100,525.0,52500.0
2021031805008483,NIFRA,43,55,40,525.0,21000.0
2021031805008482,NIFRA,57,55,140,525.0,73500.0
2021031805008481,NIFRA,49,55,40,525.0,21000.0
2021031805008480,NIFRA,59,55,100,525.0,52500.0
2021031805008491,NIFRA,44,55,129,525.0,67725.0
2021031805008490,NIFRA,16,55,100,525.0,52500.0
2021031805008489,NIFRA,58,55,15,525.0,7875.0
2021031805008488,NIFRA,45,55,50,525.0,26250.0
2021031805008487,NIFRA,39,55,70,525.0,36750.0
2021031805008486,NIFRA,17,55,50,525.0,26250.0
2021031805008497,NIFRA,16,55,"1,000",525.0,525000.0
2021031805008496,NIFRA,3,55,500,525.0,262500.0
2021031805008495,NIFRA,34,55,30,525.0,15750.0
2021031805008494,NIFRA,13,55,25,525.0,13125.0
2021031805008493,NIFRA,10,55,300,525.0,157500.0
2021031805008492,NIFRA,11,55,90,525.0,47250.0
2021031805008503,NIFRA,41,55,250,525.0,131250.0
2021031805008502,NIFRA,16,55,30,525.0,15750.0
2021031805008501,NIFRA,26,55,10,525.0,5250.0
2021031805008500,NIFRA,42,55,60,525.0,31500.0
2021031805008499,NIFRA,52,55,30,525.0,15750.0
2021031805008498,NIFRA,39,55,100,525.0,52500.0
2021031805008509,NIFRA,33,55,200,525.0,105000.0
2021031805008508,NIFRA,26,55,20,525.0,10500.0
2021031805008507,NIFRA,20,55,"1,000",525.0,525000.0
2021031805008506,NIFRA,10,55,500,525.0,262500.0
2021031805008505,NIFRA,33,55,100,525.0,52500.0
2021031805008504,NIFRA,58,55,10,525.0,5250.0
2021031805008515,NIFRA,41,55,100,525.0,52500.0
2021031805008514,NIFRA,35,55,40,525.0,21000.0
2021031805008513,NIFRA,11,55,100,525.0,52500.0
2021031805008512,NIFRA,35,55,500,525.0,262500.0
2021031805008511,NIFRA,40,55,200,525.0,105000.0
2021031805008510,NIFRA,10,55,100,525.0,52500.0
2021031805008521,NIFRA,55,55,50,525.0,26250.0
2021031805008520,NIFRA,35,55,50,525.0,26250.0
2021031805008519,NIFRA,34,55,500,525.0,262500.0
2021031805008518,NIFRA,59,55,200,525.0,105000.0
2021031805008517,NIFRA,54,55,50,525.0,26250.0
2021031805008516,NIFRA,53,55,100,525.0,52500.0
2021031805008527,NIFRA,55,55,50,525.0,26250.0
2021031805008526,NIFRA,45,55,100,525.0,52500.0
2021031805008525,NIFRA,45,55,100,525.0,52500.0
2021031805008524,NIFRA,17,55,100,525.0,52500.0
2021031805008523,NIFRA,29,55,30,525.0,15750.0
2021031805008522,NIFRA,53,55,40,525.0,21000.0
2021031805008533,NIFRA,58,55,100,525.0,52500.0
2021031805008532,NIFRA,50,55,50,525.0,26250.0
2021031805008531,NIFRA,43,55,100,525.0,52500.0
2021031805008530,NIFRA,25,55,100,525.0,52500.0
2021031805008529,NIFRA,25,55,20,525.0,10500.0
2021031805008528,NIFRA,38,55,100,525.0,52500.0
2021031805008539,NIFRA,22,53,10,526.0,5260.0
2021031805008538,NIFRA,11,16,500,527.0,263500.0
2021031805008537,NIFRA,11,55,101,525.0,53025.0
2021031805008536,NIFRA,47,55,50,525.0,26250.0
2021031805008535,NIFRA,25,55,100,525.0,52500.0
2021031805008534,NIFRA,47,55,200,525.0,105000.0
2021031805008545,NIFRA,11,55,128,525.0,67200.0
2021031805008544,NIFRA,38,55,172,526.0,90472.0
2021031805008543,NIFRA,38,7,828,526.0,435528.0
2021031805008542,NIFRA,19,7,222,526.0,116772.0
2021031805008541,NIFRA,19,11,50,526.0,26300.0
2021031805008540,NIFRA,19,53,40,526.0,21040.0
2021031805008554,NIFRA,49,19,10,525.0,5250.0
2021031805008553,NIFRA,11,19,33,525.0,17325.0
2021031805008552,NIFRA,57,19,200,525.0,105000.0
2021031805008548,NIFRA,11,42,38,525.0,19950.0
2021031805008547,NIFRA,14,16,140,527.0,73780.0
2021031805008546,NIFRA,36,16,140,527.0,73780.0
2021031805008560,NIFRA,57,43,50,526.0,26300.0
2021031805008559,NIFRA,32,19,287,525.0,150675.0
2021031805008558,NIFRA,57,19,30,525.0,15750.0
2021031805008557,NIFRA,55,19,50,525.0,26250.0
2021031805008556,NIFRA,57,19,50,525.0,26250.0
2021031805008555,NIFRA,11,19,40,525.0,21000.0
2021031805008566,NIFRA,32,36,60,525.0,31500.0
2021031805008565,NIFRA,43,40,10,526.0,5260.0
2021031805008564,NIFRA,43,26,20,526.0,10520.0
2021031805008563,NIFRA,43,4,60,526.0,31560.0
2021031805008562,NIFRA,43,50,10,526.0,5260.0
2021031805008561,NIFRA,57,50,50,526.0,26300.0
2021031805008572,NIFRA,16,51,200,526.0,105200.0
2021031805008571,NIFRA,16,11,50,526.0,26300.0
2021031805008570,NIFRA,16,40,100,526.0,52600.0
2021031805008569,NIFRA,41,40,50,526.0,26300.0
2021031805008568,NIFRA,45,40,30,526.0,15780.0
2021031805008567,NIFRA,38,40,10,526.0,5260.0
2021031805008578,NIFRA,29,19,50,526.0,26300.0
2021031805008577,NIFRA,29,35,40,526.0,21040.0
2021031805008576,NIFRA,53,16,250,527.0,131750.0
2021031805008575,NIFRA,29,26,890,526.0,468140.0
2021031805008574,NIFRA,10,26,10,526.0,5260.0
2021031805008573,NIFRA,16,26,150,526.0,78900.0
2021031805008584,NIFRA,54,21,50,526.0,26300.0
2021031805008583,NIFRA,54,43,50,526.0,26300.0
2021031805008582,NIFRA,29,43,10,526.0,5260.0
2021031805008581,NIFRA,18,16,100,527.0,52700.0
2021031805008580,NIFRA,29,49,10,526.0,5260.0
2021031805008579,NIFRA,42,16,100,527.0,52700.0
2021031805008591,NIFRA,29,55,100,526.0,52600.0
2021031805008590,NIFRA,38,55,100,526.0,52600.0
2021031805008589,NIFRA,41,55,80,526.0,42080.0
2021031805008587,NIFRA,41,35,20,526.0,10520.0
2021031805008586,NIFRA,54,35,20,526.0,10520.0
2021031805008585,NIFRA,54,53,50,526.0,26300.0
2021031805008597,NIFRA,16,4,100,526.0,52600.0
2021031805008596,NIFRA,14,18,30,527.0,15810.0
2021031805008595,NIFRA,14,47,50,527.0,26350.0
2021031805008594,NIFRA,14,49,60,527.0,31620.0
2021031805008593,NIFRA,47,35,50,526.0,26300.0
2021031805008592,NIFRA,33,55,440,526.0,231440.0
2021031805008603,NIFRA,29,4,140,525.0,73500.0
2021031805008602,NIFRA,17,4,100,525.0,52500.0
2021031805008601,NIFRA,29,4,100,525.0,52500.0
2021031805008600,NIFRA,57,4,50,526.0,26300.0
2021031805008599,NIFRA,45,4,500,526.0,263000.0
2021031805008598,NIFRA,16,4,100,526.0,52600.0
2021031805008609,NIFRA,58,4,100,525.0,52500.0
2021031805008608,NIFRA,38,4,200,525.0,105000.0
2021031805008607,NIFRA,54,4,50,525.0,26250.0
2021031805008606,NIFRA,35,4,188,525.0,98700.0
2021031805008605,NIFRA,38,4,100,525.0,52500.0
2021031805008604,NIFRA,38,4,100,525.0,52500.0
2021031805008615,NIFRA,45,4,100,525.0,52500.0
2021031805008614,NIFRA,1,4,500,525.0,262500.0
2021031805008613,NIFRA,48,4,50,525.0,26250.0
2021031805008612,NIFRA,47,4,25,525.0,13125.0
2021031805008611,NIFRA,19,4,100,525.0,52500.0
2021031805008610,NIFRA,35,4,25,525.0,13125.0
2021031805008621,NIFRA,35,4,50,525.0,26250.0
2021031805008620,NIFRA,51,4,50,525.0,26250.0
2021031805008619,NIFRA,36,4,20,525.0,10500.0
2021031805008618,NIFRA,29,4,500,525.0,262500.0
2021031805008617,NIFRA,14,4,60,525.0,31500.0
2021031805008616,NIFRA,34,4,20,525.0,10500.0
2021031805008627,NIFRA,45,4,50,525.0,26250.0
2021031805008626,NIFRA,39,4,50,525.0,26250.0
2021031805008625,NIFRA,41,4,100,525.0,52500.0
2021031805008624,NIFRA,58,4,15,525.0,7875.0
2021031805008623,NIFRA,29,4,900,525.0,472500.0
2021031805008622,NIFRA,22,4,20,525.0,10500.0
2021031805008633,NIFRA,34,14,100,526.0,52600.0
2021031805008632,NIFRA,51,13,50,526.0,26300.0
2021031805008631,NIFRA,49,4,387,525.0,203175.0
2021031805008630,NIFRA,11,4,40,525.0,21000.0
2021031805008629,NIFRA,45,4,10,525.0,5250.0
2021031805008628,NIFRA,59,4,100,525.0,52500.0
2021031805008639,NIFRA,45,49,30,526.0,15780.0
2021031805008638,NIFRA,45,11,60,526.0,31560.0
2021031805008637,NIFRA,45,43,50,526.0,26300.0
2021031805008636,NIFRA,45,38,60,526.0,31560.0
2021031805008635,NIFRA,45,14,800,526.0,420800.0
2021031805008634,NIFRA,45,14,500,526.0,263000.0
2021031805008645,NIFRA,57,55,50,526.0,26300.0
2021031805008644,NIFRA,57,21,50,526.0,26300.0
2021031805008643,NIFRA,57,18,50,526.0,26300.0
2021031805008642,NIFRA,57,49,10,526.0,5260.0
2021031805008641,NIFRA,4,6,50,526.0,26300.0
2021031805008640,NIFRA,45,49,10,526.0,5260.0
2021031805008652,NIFRA,49,16,58,526.0,30508.0
2021031805008651,NIFRA,42,16,100,526.0,52600.0
2021031805008650,NIFRA,45,16,100,526.0,52600.0
2021031805008649,NIFRA,57,16,40,526.0,21040.0
2021031805008647,NIFRA,13,18,20,527.0,10540.0
2021031805008646,NIFRA,8,18,10,527.0,5270.0
2021031805008658,NIFRA,46,16,50,526.0,26300.0
2021031805008657,NIFRA,57,16,50,526.0,26300.0
2021031805008656,NIFRA,45,16,100,526.0,52600.0
2021031805008655,NIFRA,28,16,500,526.0,263000.0
2021031805008654,NIFRA,52,16,100,526.0,52600.0
2021031805008653,NIFRA,38,16,100,526.0,52600.0
2021031805008664,NIFRA,55,16,10,525.0,5250.0
2021031805008663,NIFRA,8,16,10,525.0,5250.0
2021031805008662,NIFRA,58,16,20,525.0,10500.0
2021031805008661,NIFRA,45,16,30,525.0,15750.0
2021031805008660,NIFRA,44,16,10,525.0,5250.0
2021031805008659,NIFRA,49,16,613,525.0,321825.0
2021031805008670,NIFRA,35,36,50,527.0,26350.0
2021031805008669,NIFRA,16,48,60,526.0,31560.0
2021031805008668,NIFRA,16,16,509,525.0,267225.0
2021031805008667,NIFRA,33,16,50,525.0,26250.0
2021031805008666,NIFRA,32,16,500,525.0,262500.0
2021031805008665,NIFRA,42,16,50,525.0,26250.0
2021031805008676,NIFRA,35,43,20,527.0,10540.0
2021031805008675,NIFRA,35,49,60,527.0,31620.0
2021031805008674,NIFRA,35,47,50,527.0,26350.0
2021031805008673,NIFRA,35,14,50,527.0,26350.0
2021031805008672,NIFRA,35,53,60,527.0,31620.0
2021031805008671,NIFRA,35,21,60,527.0,31620.0
2021031805008178,CGH,3,38,10,1292.0,12920.0
2021031805008167,CGH,3,38,10,1292.0,12920.0
2021031805008163,CGH,3,38,10,1292.0,12920.0
2021031805007989,CGH,3,44,10,1292.0,12920.0
2021031805007954,CGH,3,58,10,1292.0,12920.0
2021031805007946,CGH,3,58,10,1292.0,12920.0
2021031805007733,CGH,3,41,10,1292.0,12920.0
2021031805007712,CGH,3,41,10,1292.0,12920.0
2021031805007786,CGH,3,52,10,1292.0,12920.0
2021031805007768,CGH,3,10,10,1292.0,12920.0
2021031805007764,CGH,3,36,10,1292.0,12920.0
2021031805007756,CGH,3,10,10,1292.0,12920.0
2021031805007747,CGH,3,10,10,1292.0,12920.0
2021031805007737,CGH,3,10,10,1292.0,12920.0
2021031805007892,CGH,3,42,10,1292.0,12920.0
2021031805007890,CGH,3,41,10,1292.0,12920.0
2021031805007878,CGH,3,41,10,1292.0,12920.0
2021031805007850,CGH,3,58,10,1292.0,12920.0
2021031805007817,CGH,3,57,10,1292.0,12920.0
2021031805007804,CGH,3,21,10,1292.0,12920.0
2021031805008161,GLH,38,38,10,396.0,3960.0
2021031805008159,GLH,38,47,10,396.0,3960.0
2021031805008137,GLH,38,47,10,396.0,3960.0
2021031805008128,GLH,38,47,10,396.0,3960.0
2021031805008123,GLH,38,4,10,396.0,3960.0
2021031805008117,GLH,38,47,10,396.0,3960.0
2021031805007755,GLH,38,58,10,396.0,3960.0
2021031805007738,GLH,38,42,10,396.0,3960.0
2021031805007691,GLH,38,17,10,396.0,3960.0
2021031805007816,GLH,38,47,10,396.0,3960.0
2021031805007814,GLH,38,26,10,396.0,3960.0
2021031805007796,GLH,38,26,10,396.0,3960.0
2021031805007781,GLH,38,47,10,396.0,3960.0
2021031805007773,GLH,38,25,10,396.0,3960.0
2021031805007771,GLH,38,39,10,396.0,3960.0
2021031805007920,GLH,38,47,10,396.0,3960.0
2021031805007919,GLH,38,35,10,396.0,3960.0
2021031805007872,GLH,38,6,10,396.0,3960.0
2021031805007859,GLH,38,8,10,396.0,3960.0
2021031805007843,GLH,38,26,10,396.0,3960.0
2021031805007835,GLH,38,26,10,396.0,3960.0
2021031805007968,GLH,38,47,10,396.0,3960.0
2021031805007960,GLH,38,47,10,396.0,3960.0
2021031805007953,GLH,38,47,10,396.0,3960.0
2021031805007948,GLH,38,35,10,396.0,3960.0
2021031805007947,GLH,38,47,10,396.0,3960.0
2021031805007924,GLH,38,55,10,396.0,3960.0
2021031805008038,GLH,38,32,10,396.0,3960.0
2021031805008027,GLH,38,35,10,396.0,3960.0
2021031805008016,GLH,38,47,10,396.0,3960.0
2021031805008012,GLH,38,35,10,396.0,3960.0
2021031805007983,GLH,38,47,10,396.0,3960.0
2021031805007974,GLH,38,35,10,396.0,3960.0
2021031805008113,GLH,38,32,10,396.0,3960.0
2021031805008109,GLH,38,47,10,396.0,3960.0
2021031805008096,GLH,38,6,10,396.0,3960.0
2021031805008095,GLH,38,26,10,396.0,3960.0
2021031805008089,GLH,38,35,10,396.0,3960.0
2021031805008041,GLH,38,42,10,396.0,3960.0
2021031805008183,NIFRA,50,13,50,527.0,26350.0
2021031805008182,NIFRA,50,35,50,527.0,26350.0
2021031805008181,NIFRA,55,48,15,528.0,7920.0
2021031805008180,NIFRA,55,58,25,528.0,13200.0
2021031805008179,NIFRA,55,6,60,528.0,31680.0
2021031805008177,NIFRA,50,32,70,527.0,36890.0
2021031805007686,NIFRA,58,58,20,528.0,10560.0
2021031805007685,NIFRA,58,14,10,528.0,5280.0
2021031805007684,NIFRA,58,19,70,528.0,36960.0
2021031805007693,NIFRA,1,58,120,528.0,63360.0
2021031805007692,NIFRA,3,38,50,527.0,26350.0
2021031805007690,NIFRA,3,14,50,527.0,26350.0
2021031805007689,NIFRA,3,58,50,527.0,26350.0
2021031805007688,NIFRA,3,1,50,527.0,26350.0
2021031805007687,NIFRA,3,53,50,527.0,26350.0
2021031805007699,NIFRA,3,42,50,527.0,26350.0
2021031805007698,NIFRA,43,13,16,528.0,8448.0
2021031805007697,NIFRA,43,40,300,528.0,158400.0
2021031805007696,NIFRA,43,58,60,528.0,31680.0
2021031805007695,NIFRA,3,42,50,527.0,26350.0
2021031805007694,NIFRA,3,58,60,527.0,31620.0
2021031805007705,NIFRA,42,58,60,527.0,31620.0
2021031805007704,NIFRA,42,14,50,527.0,26350.0
2021031805007703,NIFRA,42,1,10,527.0,5270.0
2021031805007702,NIFRA,57,1,10,527.0,5270.0
2021031805007701,NIFRA,3,1,30,527.0,15810.0
2021031805007700,NIFRA,50,13,200,528.0,105600.0
2021031805007711,NIFRA,50,28,786,528.0,415008.0
2021031805007710,NIFRA,50,57,14,528.0,7392.0
2021031805007709,NIFRA,11,57,36,528.0,19008.0
2021031805007708,NIFRA,11,33,60,528.0,31680.0
2021031805007707,NIFRA,11,56,20,528.0,10560.0
2021031805007706,NIFRA,11,13,24,528.0,12672.0
2021031805007718,NIFRA,50,28,800,528.0,422400.0
2021031805007717,NIFRA,52,29,40,527.0,21080.0
2021031805007716,NIFRA,6,29,20,527.0,10540.0
2021031805007715,NIFRA,6,52,30,527.0,15810.0
2021031805007714,NIFRA,42,52,30,527.0,15810.0
2021031805007713,NIFRA,42,21,50,527.0,26350.0
2021031805007724,NIFRA,50,42,26,528.0,13728.0
2021031805007723,NIFRA,50,47,60,528.0,31680.0
2021031805007722,NIFRA,50,11,60,528.0,31680.0
2021031805007721,NIFRA,50,28,654,528.0,345312.0
2021031805007720,NIFRA,14,42,40,527.0,21080.0
2021031805007719,NIFRA,52,42,10,527.0,5270.0
2021031805007730,NIFRA,41,39,10,527.0,5270.0
2021031805007729,NIFRA,14,39,40,527.0,21080.0
2021031805007728,NIFRA,14,17,50,527.0,26350.0
2021031805007727,NIFRA,43,42,30,528.0,15840.0
2021031805007726,NIFRA,14,13,10,527.0,5270.0
2021031805007725,NIFRA,14,58,60,527.0,31620.0
2021031805007739,NIFRA,34,6,20,528.0,10560.0
2021031805007736,NIFRA,37,38,50,527.0,26350.0
2021031805007735,NIFRA,37,1,50,527.0,26350.0
2021031805007734,NIFRA,37,29,50,527.0,26350.0
2021031805007732,NIFRA,37,52,20,527.0,10540.0
2021031805007731,NIFRA,51,52,30,527.0,15810.0
2021031805007745,NIFRA,50,58,60,528.0,31680.0
2021031805007744,NIFRA,50,58,50,528.0,26400.0
2021031805007743,NIFRA,50,50,120,528.0,63360.0
2021031805007742,NIFRA,50,43,50,528.0,26400.0
2021031805007741,NIFRA,50,6,50,528.0,26400.0
2021031805007740,NIFRA,50,6,30,528.0,15840.0
2021031805007752,NIFRA,21,52,121,527.0,63767.0
2021031805007751,NIFRA,37,52,219,527.0,115413.0
2021031805007750,NIFRA,50,52,30,528.0,15840.0
2021031805007749,NIFRA,50,52,130,528.0,68640.0
2021031805007748,NIFRA,50,11,60,528.0,31680.0
2021031805007746,NIFRA,50,1,50,528.0,26400.0
2021031805007760,NIFRA,45,34,26,527.0,13702.0
2021031805007759,NIFRA,42,34,24,527.0,12648.0
2021031805007758,NIFRA,42,42,11,527.0,5797.0
2021031805007757,NIFRA,21,42,39,527.0,20553.0
2021031805007754,NIFRA,21,13,40,527.0,21080.0
2021031805007753,NIFRA,21,28,300,527.0,158100.0
2021031805007767,NIFRA,4,39,50,527.0,26350.0
2021031805007766,NIFRA,45,55,10,527.0,5270.0
2021031805007765,NIFRA,45,11,60,527.0,31620.0
2021031805007763,NIFRA,41,49,35,528.0,18480.0
2021031805007762,NIFRA,41,19,65,528.0,34320.0
2021031805007761,NIFRA,57,19,35,528.0,18480.0
2021031805007776,NIFRA,55,39,50,527.0,26350.0
2021031805007775,NIFRA,55,47,10,527.0,5270.0
2021031805007774,NIFRA,4,47,50,527.0,26350.0
2021031805007772,NIFRA,52,49,100,528.0,52800.0
2021031805007770,NIFRA,4,1,50,527.0,26350.0
2021031805007769,NIFRA,10,49,150,528.0,79200.0
2021031805007783,NIFRA,13,38,30,527.0,15810.0
2021031805007782,NIFRA,45,49,300,528.0,158400.0
2021031805007780,NIFRA,13,57,50,527.0,26350.0
2021031805007779,NIFRA,58,49,30,528.0,15840.0
2021031805007778,NIFRA,13,47,20,527.0,10540.0
2021031805007777,NIFRA,55,47,40,527.0,21080.0
2021031805007790,NIFRA,35,55,10,527.0,5270.0
2021031805007789,NIFRA,35,52,50,527.0,26350.0
2021031805007788,NIFRA,35,1,50,527.0,26350.0
2021031805007787,NIFRA,17,39,50,527.0,26350.0
2021031805007785,NIFRA,17,13,30,527.0,15810.0
2021031805007784,NIFRA,17,38,20,527.0,10540.0
2021031805007797,NIFRA,53,47,50,527.0,26350.0
2021031805007795,NIFRA,53,38,50,527.0,26350.0
2021031805007794,NIFRA,53,39,50,527.0,26350.0
2021031805007793,NIFRA,53,32,120,527.0,63240.0
2021031805007792,NIFRA,35,32,80,527.0,42160.0
2021031805007791,NIFRA,35,14,10,527.0,5270.0
2021031805007803,NIFRA,37,3,50,528.0,26400.0
2021031805007802,NIFRA,37,6,60,528.0,31680.0
2021031805007801,NIFRA,37,13,60,528.0,31680.0
2021031805007800,NIFRA,11,58,50,527.0,26350.0
2021031805007799,NIFRA,11,47,20,527.0,10540.0
2021031805007798,NIFRA,53,47,30,527.0,15810.0
2021031805007810,NIFRA,17,45,115,528.0,60720.0
2021031805007809,NIFRA,17,22,50,528.0,26400.0
2021031805007808,NIFRA,17,17,60,528.0,31680.0
2021031805007807,NIFRA,17,50,25,528.0,13200.0
2021031805007806,NIFRA,17,25,50,528.0,26400.0
2021031805007805,NIFRA,11,17,50,527.0,26350.0
2021031805007819,NIFRA,53,49,30,527.0,15810.0
2021031805007818,NIFRA,11,49,10,527.0,5270.0
2021031805007815,NIFRA,11,6,60,527.0,31620.0
2021031805007813,NIFRA,11,21,150,527.0,79050.0
2021031805007812,NIFRA,43,45,200,528.0,105600.0
2021031805007811,NIFRA,11,34,60,527.0,31620.0
2021031805007825,NIFRA,50,45,400,528.0,211200.0
2021031805007824,NIFRA,50,45,410,528.0,216480.0
2021031805007823,NIFRA,25,22,50,527.0,26350.0
2021031805007822,NIFRA,53,22,10,527.0,5270.0
2021031805007821,NIFRA,53,42,60,527.0,31620.0
2021031805007820,NIFRA,16,45,25,528.0,13200.0
2021031805007831,NIFRA,50,39,50,528.0,26400.0
2021031805007830,NIFRA,50,13,60,528.0,31680.0
2021031805007829,NIFRA,50,43,60,528.0,31680.0
2021031805007828,NIFRA,50,42,50,528.0,26400.0
2021031805007827,NIFRA,50,22,50,528.0,26400.0
2021031805007826,NIFRA,50,11,60,528.0,31680.0
2021031805007838,NIFRA,50,47,50,528.0,26400.0
2021031805007837,NIFRA,50,6,200,528.0,105600.0
2021031805007836,NIFRA,50,38,60,528.0,31680.0
2021031805007834,NIFRA,50,49,20,528.0,10560.0
2021031805007833,NIFRA,50,56,50,528.0,26400.0
2021031805007832,NIFRA,50,1,50,528.0,26400.0
2021031805007845,NIFRA,56,6,40,527.0,21080.0
2021031805007844,NIFRA,42,6,10,527.0,5270.0
2021031805007842,NIFRA,42,42,10,527.0,5270.0
2021031805007841,NIFRA,14,42,40,527.0,21080.0
2021031805007840,NIFRA,50,45,35,528.0,18480.0
2021031805007839,NIFRA,50,19,60,528.0,31680.0
2021031805007852,NIFRA,47,1,25,528.0,13200.0
2021031805007851,NIFRA,58,1,15,528.0,7920.0
2021031805007849,NIFRA,58,35,60,528.0,31680.0
2021031805007848,NIFRA,58,45,25,528.0,13200.0
2021031805007847,NIFRA,8,39,10,527.0,5270.0
2021031805007846,NIFRA,7,39,40,527.0,21080.0
2021031805007858,NIFRA,55,58,30,527.0,15810.0
2021031805007857,NIFRA,8,58,30,527.0,15810.0
2021031805007856,NIFRA,8,39,50,527.0,26350.0
2021031805007855,NIFRA,8,55,50,527.0,26350.0
2021031805007854,NIFRA,8,45,50,527.0,26350.0
2021031805007853,NIFRA,8,1,10,527.0,5270.0
2021031805007865,NIFRA,58,58,20,527.0,10540.0
2021031805007864,NIFRA,58,38,20,527.0,10540.0
2021031805007863,NIFRA,28,38,10,527.0,5270.0
2021031805007862,NIFRA,55,38,30,527.0,15810.0
2021031805007861,NIFRA,55,34,10,527.0,5270.0
2021031805007860,NIFRA,49,17,30,528.0,15840.0
2021031805007871,NIFRA,49,6,20,527.0,10540.0
2021031805007870,NIFRA,22,6,30,528.0,15840.0
2021031805007869,NIFRA,58,45,20,527.0,10540.0
2021031805007868,NIFRA,54,45,30,528.0,15840.0
2021031805007867,NIFRA,54,11,50,528.0,26400.0
2021031805007866,NIFRA,54,17,20,528.0,10560.0
2021031805007879,NIFRA,59,6,50,528.0,26400.0
2021031805007877,NIFRA,35,21,10,528.0,5280.0
2021031805007876,NIFRA,35,29,60,528.0,31680.0
2021031805007875,NIFRA,35,56,10,528.0,5280.0
2021031805007874,NIFRA,7,39,15,527.0,7905.0
2021031805007873,NIFRA,49,39,35,527.0,18445.0
2021031805007885,NIFRA,49,6,85,528.0,44880.0
2021031805007884,NIFRA,49,29,50,528.0,26400.0
2021031805007883,NIFRA,5,49,50,528.0,26400.0
2021031805007882,NIFRA,7,39,50,527.0,26350.0
2021031805007881,NIFRA,7,38,50,527.0,26350.0
2021031805007880,NIFRA,7,1,60,527.0,31620.0
2021031805007893,NIFRA,49,45,50,528.0,26400.0
2021031805007891,NIFRA,47,32,20,528.0,10560.0
2021031805007889,NIFRA,49,14,5,529.0,2645.0
2021031805007888,NIFRA,49,26,50,529.0,26450.0
2021031805007887,NIFRA,49,57,10,529.0,5290.0
2021031805007886,NIFRA,49,47,50,528.0,26400.0
2021031805007899,NIFRA,39,56,5,527.0,2635.0
2021031805007898,NIFRA,21,56,45,527.0,23715.0
2021031805007897,NIFRA,21,6,15,527.0,7905.0
2021031805007896,NIFRA,52,6,35,527.0,18445.0
2021031805007895,NIFRA,52,1,25,527.0,13175.0
2021031805007894,NIFRA,7,1,25,527.0,13175.0
2021031805007905,NIFRA,48,49,10,528.0,5280.0
2021031805007904,NIFRA,48,11,40,528.0,21120.0
2021031805007903,NIFRA,51,39,50,527.0,26350.0
2021031805007902,NIFRA,35,11,20,528.0,10560.0
2021031805007901,NIFRA,35,32,30,528.0,15840.0
2021031805007900,NIFRA,51,45,50,527.0,26350.0
2021031805007911,NIFRA,51,45,50,527.0,26350.0
2021031805007910,NIFRA,51,6,60,527.0,31620.0
2021031805007909,NIFRA,39,57,10,528.0,5280.0
2021031805007908,NIFRA,39,21,990,528.0,522720.0
2021031805007907,NIFRA,16,21,10,528.0,5280.0
2021031805007906,NIFRA,51,45,50,527.0,26350.0
2021031805007917,NIFRA,5,49,50,528.0,26400.0
2021031805007916,NIFRA,5,11,50,528.0,26400.0
2021031805007915,NIFRA,51,16,50,527.0,26350.0
2021031805007914,NIFRA,51,41,50,527.0,26350.0
2021031805007913,NIFRA,49,57,50,528.0,26400.0
2021031805007912,NIFRA,51,11,50,527.0,26350.0
2021031805007926,NIFRA,5,58,60,528.0,31680.0
2021031805007925,NIFRA,5,32,60,528.0,31680.0
2021031805007923,NIFRA,5,43,40,528.0,21120.0
2021031805007922,NIFRA,5,52,60,528.0,31680.0
2021031805007921,NIFRA,5,39,50,528.0,26400.0
2021031805007918,NIFRA,5,5,50,528.0,26400.0
2021031805007932,NIFRA,21,6,80,528.0,42240.0
2021031805007931,NIFRA,21,52,20,528.0,10560.0
2021031805007930,NIFRA,21,6,10,528.0,5280.0
2021031805007929,NIFRA,21,53,390,528.0,205920.0
2021031805007928,NIFRA,7,53,30,528.0,15840.0
2021031805007927,NIFRA,5,53,80,528.0,42240.0
2021031805007938,NIFRA,28,32,50,528.0,26400.0
2021031805007937,NIFRA,28,41,60,528.0,31680.0
2021031805007936,NIFRA,28,11,150,528.0,79200.0
2021031805007935,NIFRA,28,6,75,528.0,39600.0
2021031805007934,NIFRA,45,6,100,528.0,52800.0
2021031805007933,NIFRA,22,6,20,528.0,10560.0
2021031805007944,NIFRA,28,36,50,528.0,26400.0
2021031805007943,NIFRA,28,45,60,528.0,31680.0
2021031805007942,NIFRA,28,39,50,528.0,26400.0
2021031805007941,NIFRA,28,45,10,528.0,5280.0
2021031805007940,NIFRA,28,32,40,528.0,21120.0
2021031805007939,NIFRA,28,56,50,528.0,26400.0
2021031805007955,NIFRA,28,6,35,528.0,18480.0
2021031805007952,NIFRA,28,58,10,528.0,5280.0
2021031805007951,NIFRA,28,58,50,528.0,26400.0
2021031805007950,NIFRA,35,56,50,529.0,26450.0
2021031805007949,NIFRA,28,58,50,528.0,26400.0
2021031805007945,NIFRA,28,57,60,528.0,31680.0
2021031805007962,NIFRA,16,39,10,528.0,5280.0
2021031805007961,NIFRA,10,35,10,529.0,5290.0
2021031805007959,NIFRA,48,32,5,528.0,2640.0
2021031805007958,NIFRA,25,32,10,528.0,5280.0
2021031805007957,NIFRA,16,32,35,528.0,18480.0
2021031805007956,NIFRA,16,6,15,528.0,7920.0
2021031805007969,NIFRA,56,41,50,528.0,26400.0
2021031805007967,NIFRA,56,45,40,528.0,21120.0
2021031805007966,NIFRA,26,45,20,528.0,10560.0
2021031805007965,NIFRA,26,41,50,528.0,26400.0
2021031805007964,NIFRA,26,58,20,528.0,10560.0
2021031805007963,NIFRA,26,39,40,528.0,21120.0
2021031805007976,NIFRA,51,58,10,527.0,5270.0
2021031805007975,NIFRA,45,16,100,528.0,52800.0
2021031805007973,NIFRA,19,16,50,528.0,26400.0
2021031805007972,NIFRA,19,16,20,528.0,10560.0
2021031805007971,NIFRA,16,16,30,528.0,15840.0
2021031805007970,NIFRA,56,42,10,528.0,5280.0
2021031805007982,NIFRA,17,39,50,528.0,26400.0
2021031805007981,NIFRA,17,39,50,528.0,26400.0
2021031805007980,NIFRA,17,58,50,528.0,26400.0
2021031805007979,NIFRA,17,6,50,528.0,26400.0
2021031805007978,NIFRA,17,16,300,528.0,158400.0
2021031805007977,NIFRA,49,16,500,528.0,264000.0
2021031805007990,NIFRA,28,35,40,529.0,21160.0
2021031805007988,NIFRA,45,45,30,528.0,15840.0
2021031805007987,NIFRA,4,45,20,528.0,10560.0
2021031805007986,NIFRA,4,49,30,528.0,15840.0
2021031805007985,NIFRA,4,11,50,528.0,26400.0
2021031805007984,NIFRA,16,56,50,529.0,26450.0
2021031805007996,NIFRA,28,25,50,529.0,26450.0
2021031805007995,NIFRA,28,57,10,529.0,5290.0
2021031805007994,NIFRA,28,17,50,529.0,26450.0
2021031805007993,NIFRA,28,32,30,529.0,15870.0
2021031805007992,NIFRA,28,48,10,529.0,5290.0
2021031805007991,NIFRA,28,38,40,529.0,21160.0
2021031805008002,NIFRA,28,25,25,529.0,13225.0
2021031805008001,NIFRA,28,51,200,529.0,105800.0
2021031805008000,NIFRA,28,53,250,529.0,132250.0
2021031805007999,NIFRA,28,46,50,529.0,26450.0
2021031805007998,NIFRA,28,25,50,529.0,26450.0
2021031805007997,NIFRA,28,25,50,529.0,26450.0
2021031805008008,NIFRA,28,41,50,529.0,26450.0
2021031805008007,NIFRA,28,41,60,529.0,31740.0
2021031805008006,NIFRA,28,57,220,529.0,116380.0
2021031805008005,NIFRA,28,52,525,529.0,277725.0
2021031805008004,NIFRA,28,34,500,529.0,264500.0
2021031805008003,NIFRA,28,54,55,529.0,29095.0
2021031805008015,NIFRA,51,1,40,527.0,21080.0
2021031805008014,NIFRA,45,1,10,528.0,5280.0
2021031805008013,NIFRA,51,56,50,529.0,26450.0
2021031805008011,NIFRA,28,56,935,529.0,494615.0
2021031805008010,NIFRA,28,34,300,529.0,158700.0
2021031805008009,NIFRA,28,26,"1,500",529.0,793500.0
2021031805008022,NIFRA,21,11,40,528.0,21120.0
2021031805008021,NIFRA,11,56,30,529.0,15870.0
2021031805008020,NIFRA,11,11,10,528.0,5280.0
2021031805008019,NIFRA,38,36,50,528.0,26400.0
2021031805008018,NIFRA,38,39,50,528.0,26400.0
2021031805008017,NIFRA,38,17,50,527.0,26350.0
2021031805008029,NIFRA,36,38,10,528.0,5280.0
2021031805008028,NIFRA,36,58,40,528.0,21120.0
2021031805008026,NIFRA,35,58,10,528.0,5280.0
2021031805008025,NIFRA,35,11,10,528.0,5280.0
2021031805008024,NIFRA,17,32,10,527.0,5270.0
2021031805008023,NIFRA,51,32,40,527.0,21080.0
2021031805008035,NIFRA,17,41,50,527.0,26350.0
2021031805008034,NIFRA,29,42,20,528.0,10560.0
2021031805008033,NIFRA,29,38,60,528.0,31680.0
2021031805008032,NIFRA,29,47,50,528.0,26400.0
2021031805008031,NIFRA,29,17,50,528.0,26400.0
2021031805008030,NIFRA,29,38,20,528.0,10560.0
2021031805008043,NIFRA,47,55,80,527.0,42160.0
2021031805008042,NIFRA,49,55,68,528.0,35904.0
2021031805008040,NIFRA,16,56,10,529.0,5290.0
2021031805008039,NIFRA,49,42,30,528.0,15840.0
2021031805008037,NIFRA,47,45,20,527.0,10540.0
2021031805008036,NIFRA,17,45,40,527.0,21080.0
2021031805008049,NIFRA,19,55,50,527.0,26350.0
2021031805008048,NIFRA,42,55,20,527.0,10540.0
2021031805008047,NIFRA,35,55,50,527.0,26350.0
2021031805008046,NIFRA,22,55,10,527.0,5270.0
2021031805008045,NIFRA,37,55,"1,000",527.0,527000.0
2021031805008044,NIFRA,28,55,50,527.0,26350.0
2021031805008055,NIFRA,45,55,100,527.0,52700.0
2021031805008054,NIFRA,14,55,120,527.0,63240.0
2021031805008053,NIFRA,45,55,100,527.0,52700.0
2021031805008052,NIFRA,1,55,100,527.0,52700.0
2021031805008051,NIFRA,45,55,60,527.0,31620.0
2021031805008050,NIFRA,47,55,150,527.0,79050.0
2021031805008061,NIFRA,4,55,90,527.0,47430.0
2021031805008060,NIFRA,7,55,20,527.0,10540.0
2021031805008059,NIFRA,32,55,100,527.0,52700.0
2021031805008058,NIFRA,54,55,60,527.0,31620.0
2021031805008057,NIFRA,25,55,20,527.0,10540.0
2021031805008056,NIFRA,39,55,50,527.0,26350.0
2021031805008067,NIFRA,48,55,100,527.0,52700.0
2021031805008066,NIFRA,49,55,200,527.0,105400.0
2021031805008065,NIFRA,7,55,50,527.0,26350.0
2021031805008064,NIFRA,11,55,50,527.0,26350.0
2021031805008063,NIFRA,7,55,50,527.0,26350.0
2021031805008062,NIFRA,34,55,49,527.0,25823.0
2021031805008073,NIFRA,21,55,50,527.0,26350.0
2021031805008072,NIFRA,16,55,500,527.0,263500.0
2021031805008071,NIFRA,5,55,25,527.0,13175.0
2021031805008070,NIFRA,17,55,50,527.0,26350.0
2021031805008069,NIFRA,21,55,50,527.0,26350.0
2021031805008068,NIFRA,17,55,50,527.0,26350.0
2021031805008079,NIFRA,16,55,100,527.0,52700.0
2021031805008078,NIFRA,54,55,70,527.0,36890.0
2021031805008077,NIFRA,42,55,100,527.0,52700.0
2021031805008076,NIFRA,42,55,30,527.0,15810.0
2021031805008075,NIFRA,42,55,30,527.0,15810.0
2021031805008074,NIFRA,13,55,500,527.0,263500.0
2021031805008085,NIFRA,37,55,419,527.0,220813.0
2021031805008084,NIFRA,34,55,200,527.0,105400.0
2021031805008083,NIFRA,58,55,20,527.0,10540.0
2021031805008082,NIFRA,47,55,100,527.0,52700.0
2021031805008081,NIFRA,17,55,30,527.0,15810.0
2021031805008080,NIFRA,34,55,50,527.0,26350.0
2021031805008092,NIFRA,50,42,50,528.0,26400.0
2021031805008091,NIFRA,39,42,60,527.0,31620.0
2021031805008090,NIFRA,39,13,60,527.0,31620.0
2021031805008088,NIFRA,39,55,709,527.0,373643.0
2021031805008087,NIFRA,29,55,100,527.0,52700.0
2021031805008086,NIFRA,17,55,20,527.0,10540.0
2021031805008100,NIFRA,6,55,100,528.0,52800.0
2021031805008099,NIFRA,50,55,260,528.0,137280.0
2021031805008098,NIFRA,50,58,60,528.0,31680.0
2021031805008097,NIFRA,50,45,50,528.0,26400.0
2021031805008094,NIFRA,50,41,20,528.0,10560.0
2021031805008093,NIFRA,50,36,60,528.0,31680.0
2021031805008106,NIFRA,17,38,20,528.0,10560.0
2021031805008105,NIFRA,45,57,15,528.0,7920.0
2021031805008104,NIFRA,47,57,15,528.0,7920.0
2021031805008103,NIFRA,17,57,20,528.0,10560.0
2021031805008102,NIFRA,41,21,40,528.0,21120.0
2021031805008101,NIFRA,41,55,60,528.0,31680.0
2021031805008114,NIFRA,50,38,50,528.0,26400.0
2021031805008112,NIFRA,58,39,50,528.0,26400.0
2021031805008111,NIFRA,17,32,50,528.0,26400.0
2021031805008110,NIFRA,39,13,50,527.0,26350.0
2021031805008108,NIFRA,42,45,50,528.0,26400.0
2021031805008107,NIFRA,39,38,40,527.0,21080.0
2021031805008121,NIFRA,26,56,400,529.0,211600.0
2021031805008120,NIFRA,43,56,10,528.0,5280.0
2021031805008119,NIFRA,43,16,40,528.0,21120.0
2021031805008118,NIFRA,50,36,50,528.0,26400.0
2021031805008116,NIFRA,50,45,50,528.0,26400.0
2021031805008115,NIFRA,50,55,50,528.0,26400.0
2021031805008129,NIFRA,4,45,50,528.0,26400.0
2021031805008127,NIFRA,39,45,50,527.0,26350.0
2021031805008126,NIFRA,39,39,19,527.0,10013.0
2021031805008125,NIFRA,39,39,31,527.0,16337.0
2021031805008124,NIFRA,42,6,50,528.0,26400.0
2021031805008122,NIFRA,39,13,50,527.0,26350.0
2021031805008135,NIFRA,51,4,50,527.0,26350.0
2021031805008134,NIFRA,34,13,50,527.0,26350.0
2021031805008133,NIFRA,45,17,4,527.0,2108.0
2021031805008132,NIFRA,39,17,31,527.0,16337.0
2021031805008131,NIFRA,46,47,30,528.0,15840.0
2021031805008130,NIFRA,35,47,16,528.0,8448.0
2021031805008142,NIFRA,57,49,30,528.0,15840.0
2021031805008141,NIFRA,57,58,50,528.0,26400.0
2021031805008140,NIFRA,57,11,50,528.0,26400.0
2021031805008139,NIFRA,57,58,20,528.0,10560.0
2021031805008138,NIFRA,57,55,50,528.0,26400.0
2021031805008136,NIFRA,8,55,50,528.0,26400.0
2021031805008148,NIFRA,51,32,60,527.0,31620.0
2021031805008147,NIFRA,51,52,60,527.0,31620.0
2021031805008146,NIFRA,17,56,30,529.0,15870.0
2021031805008145,NIFRA,17,49,20,528.0,10560.0
2021031805008144,NIFRA,17,36,50,528.0,26400.0
2021031805008143,NIFRA,51,45,50,527.0,26350.0
2021031805008154,NIFRA,51,56,50,529.0,26450.0
2021031805008153,NIFRA,58,58,10,528.0,5280.0
2021031805008152,NIFRA,58,4,50,528.0,26400.0
2021031805008151,NIFRA,4,45,10,527.0,5270.0
2021031805008150,NIFRA,7,45,10,527.0,5270.0
2021031805008149,NIFRA,51,45,40,527.0,21080.0
2021031805008162,NIFRA,58,4,50,528.0,26400.0
2021031805008160,NIFRA,58,13,50,528.0,26400.0
2021031805008158,NIFRA,58,21,10,528.0,5280.0
2021031805008157,NIFRA,58,38,40,528.0,21120.0
2021031805008156,NIFRA,58,58,40,528.0,21120.0
2021031805008155,NIFRA,58,25,50,528.0,26400.0
2021031805008170,NIFRA,16,42,20,528.0,10560.0
2021031805008169,NIFRA,16,34,25,528.0,13200.0
2021031805008168,NIFRA,16,55,50,528.0,26400.0
2021031805008166,NIFRA,16,42,15,528.0,7920.0
2021031805008165,NIFRA,16,56,40,529.0,21160.0
2021031805008164,NIFRA,16,55,40,528.0,21120.0
2021031805008176,NIFRA,10,32,10,527.0,5270.0
2021031805008175,NIFRA,47,32,50,527.0,26350.0
2021031805008174,NIFRA,4,32,20,527.0,10540.0
2021031805008173,NIFRA,4,57,50,527.0,26350.0
2021031805008172,NIFRA,57,58,25,528.0,13200.0
2021031805008171,NIFRA,4,42,20,527.0,10540.0
2021031805007637,CGH,3,58,10,1292.0,12920.0
2021031805007618,CGH,3,41,10,1292.0,12920.0
2021031805007557,CGH,3,13,10,1292.0,12920.0
2021031805007449,CGH,3,42,10,1292.0,12920.0
2021031805007445,CGH,3,28,10,1292.0,12920.0
2021031805007371,CGH,3,45,10,1292.0,12920.0
2021031805007317,CGH,3,57,10,1292.0,12920.0
2021031805007290,CGH,3,17,10,1292.0,12920.0
2021031805007273,CGH,3,58,10,1292.0,12920.0
2021031805007211,CGH,3,58,10,1292.0,12920.0
2021031805007202,CGH,3,58,10,1292.0,12920.0
2021031805007197,CGH,3,58,10,1292.0,12920.0
2021031805007648,GLH,38,21,10,396.0,3960.0
2021031805007646,GLH,38,14,10,396.0,3960.0
2021031805007633,GLH,38,38,10,396.0,3960.0
2021031805007623,GLH,38,17,10,396.0,3960.0
2021031805007609,GLH,38,42,10,396.0,3960.0
2021031805007583,GLH,38,14,10,396.0,3960.0
2021031805007215,GLH,38,58,10,396.0,3960.0
2021031805007192,GLH,38,39,10,396.0,3960.0
2021031805007314,GLH,38,58,10,396.0,3960.0
2021031805007305,GLH,38,51,10,396.0,3960.0
2021031805007300,GLH,38,6,10,396.0,3960.0
2021031805007268,GLH,38,6,10,396.0,3960.0
2021031805007264,GLH,38,32,10,396.0,3960.0
2021031805007229,GLH,38,33,10,396.0,3960.0
2021031805007369,GLH,38,52,10,396.0,3960.0
2021031805007347,GLH,38,17,10,396.0,3960.0
2021031805007345,GLH,38,1,10,396.0,3960.0
2021031805007325,GLH,38,42,10,396.0,3960.0
2021031805007324,GLH,38,35,10,396.0,3960.0
2021031805007318,GLH,38,42,10,396.0,3960.0
2021031805007422,GLH,38,6,10,396.0,3960.0
2021031805007407,GLH,38,6,10,396.0,3960.0
2021031805007387,GLH,38,51,10,396.0,3960.0
2021031805007386,GLH,38,26,10,396.0,3960.0
2021031805007381,GLH,38,59,10,396.0,3960.0
2021031805007377,GLH,38,21,10,396.0,3960.0
2021031805007580,GLH,38,38,10,396.0,3960.0
2021031805007577,GLH,38,47,10,396.0,3960.0
2021031805007545,GLH,38,26,10,396.0,3960.0
2021031805007543,GLH,38,42,10,396.0,3960.0
2021031805007496,GLH,38,45,10,396.0,3960.0
2021031805007426,GLH,38,14,10,396.0,3960.0
2021031805007683,NIFRA,20,19,50,528.0,26400.0
2021031805007682,NIFRA,34,19,50,528.0,26400.0
2021031805007681,NIFRA,17,19,20,528.0,10560.0
2021031805007680,NIFRA,3,21,60,527.0,31620.0
2021031805007679,NIFRA,41,19,50,528.0,26400.0
2021031805007678,NIFRA,58,19,60,528.0,31680.0
2021031805007189,NIFRA,8,45,20,529.0,10580.0
2021031805007188,NIFRA,8,25,180,529.0,95220.0
2021031805007187,NIFRA,42,39,30,528.0,15840.0
2021031805007186,NIFRA,42,39,30,528.0,15840.0
2021031805007185,NIFRA,42,56,10,528.0,5280.0
2021031805007184,NIFRA,16,56,50,528.0,26400.0
2021031805007196,NIFRA,41,52,10,528.0,5280.0
2021031805007195,NIFRA,43,52,50,528.0,26400.0
2021031805007194,NIFRA,43,28,50,528.0,26400.0
2021031805007193,NIFRA,42,28,10,528.0,5280.0
2021031805007191,NIFRA,42,42,50,528.0,26400.0
2021031805007190,NIFRA,42,6,60,528.0,31680.0
2021031805007204,NIFRA,38,43,40,528.0,21120.0
2021031805007203,NIFRA,13,43,20,528.0,10560.0
2021031805007201,NIFRA,52,56,10,528.0,5280.0
2021031805007200,NIFRA,51,56,40,528.0,21120.0
2021031805007199,NIFRA,51,36,10,528.0,5280.0
2021031805007198,NIFRA,41,36,40,528.0,21120.0
2021031805007210,NIFRA,38,28,50,528.0,26400.0
2021031805007209,NIFRA,26,48,370,529.0,195730.0
2021031805007208,NIFRA,26,52,50,529.0,26450.0
2021031805007207,NIFRA,26,26,50,529.0,26450.0
2021031805007206,NIFRA,26,45,30,529.0,15870.0
2021031805007205,NIFRA,38,35,60,528.0,31680.0
2021031805007218,NIFRA,21,48,20,529.0,10580.0
2021031805007217,NIFRA,21,21,50,528.0,26400.0
2021031805007216,NIFRA,21,11,60,528.0,31680.0
2021031805007214,NIFRA,21,52,50,528.0,26400.0
2021031805007213,NIFRA,21,56,60,528.0,31680.0
2021031805007212,NIFRA,13,48,110,529.0,58190.0
2021031805007224,NIFRA,21,28,50,529.0,26450.0
2021031805007223,NIFRA,21,48,40,529.0,21160.0
2021031805007222,NIFRA,21,21,60,529.0,31740.0
2021031805007221,NIFRA,21,55,50,529.0,26450.0
2021031805007220,NIFRA,21,58,60,529.0,31740.0
2021031805007219,NIFRA,21,16,40,529.0,21160.0
2021031805007231,NIFRA,21,36,150,528.0,79200.0
2021031805007230,NIFRA,21,29,50,528.0,26400.0
2021031805007228,NIFRA,21,48,20,529.0,10580.0
2021031805007227,NIFRA,21,55,50,529.0,26450.0
2021031805007226,NIFRA,21,45,50,529.0,26450.0
2021031805007225,NIFRA,21,51,60,529.0,31740.0
2021031805007237,NIFRA,34,58,20,528.0,10560.0
2021031805007236,NIFRA,34,35,10,528.0,5280.0
2021031805007235,NIFRA,43,35,50,528.0,26400.0
2021031805007234,NIFRA,43,43,30,528.0,15840.0
2021031805007233,NIFRA,21,43,30,528.0,15840.0
2021031805007232,NIFRA,21,7,50,528.0,26400.0
2021031805007243,NIFRA,14,55,60,529.0,31740.0
2021031805007242,NIFRA,14,55,50,529.0,26450.0
2021031805007241,NIFRA,14,55,50,529.0,26450.0
2021031805007240,NIFRA,14,48,20,529.0,10580.0
2021031805007239,NIFRA,17,56,50,528.0,26400.0
2021031805007238,NIFRA,17,58,20,528.0,10560.0
2021031805007249,NIFRA,41,48,15,528.0,7920.0
2021031805007248,NIFRA,41,6,10,528.0,5280.0
2021031805007247,NIFRA,51,6,50,528.0,26400.0
2021031805007246,NIFRA,49,25,200,529.0,105800.0
2021031805007245,NIFRA,17,52,50,528.0,26400.0
2021031805007244,NIFRA,17,28,60,528.0,31680.0
2021031805007255,NIFRA,48,58,50,528.0,26400.0
2021031805007254,NIFRA,48,51,60,528.0,31680.0
2021031805007253,NIFRA,48,28,35,528.0,18480.0
2021031805007252,NIFRA,41,28,15,528.0,7920.0
2021031805007251,NIFRA,45,25,200,529.0,105800.0
2021031805007250,NIFRA,41,58,10,528.0,5280.0
2021031805007261,NIFRA,45,25,50,529.0,26450.0
2021031805007260,NIFRA,6,6,50,528.0,26400.0
2021031805007259,NIFRA,6,58,20,528.0,10560.0
2021031805007258,NIFRA,43,58,40,528.0,21120.0
2021031805007257,NIFRA,43,52,60,528.0,31680.0
2021031805007256,NIFRA,48,43,50,528.0,26400.0
2021031805007269,NIFRA,6,14,50,528.0,26400.0
2021031805007267,NIFRA,36,55,60,529.0,31740.0
2021031805007266,NIFRA,36,25,50,529.0,26450.0
2021031805007265,NIFRA,6,53,50,528.0,26400.0
2021031805007263,NIFRA,6,6,50,528.0,26400.0
2021031805007262,NIFRA,6,11,50,528.0,26400.0
2021031805007276,NIFRA,35,49,20,528.0,10560.0
2021031805007275,NIFRA,6,49,10,528.0,5280.0
2021031805007274,NIFRA,6,26,60,528.0,31680.0
2021031805007272,NIFRA,6,52,60,528.0,31680.0
2021031805007271,NIFRA,6,38,50,528.0,26400.0
2021031805007270,NIFRA,6,21,50,528.0,26400.0
2021031805007282,NIFRA,35,1,50,528.0,26400.0
2021031805007281,NIFRA,35,6,60,528.0,31680.0
2021031805007280,NIFRA,35,57,50,528.0,26400.0
2021031805007279,NIFRA,35,45,50,528.0,26400.0
2021031805007278,NIFRA,35,55,50,528.0,26400.0
2021031805007277,NIFRA,35,1,60,528.0,31680.0
2021031805007288,NIFRA,35,21,50,528.0,26400.0
2021031805007287,NIFRA,42,46,11,529.0,5819.0
2021031805007286,NIFRA,42,55,50,529.0,26450.0
2021031805007285,NIFRA,35,42,50,528.0,26400.0
2021031805007284,NIFRA,35,11,50,528.0,26400.0
2021031805007283,NIFRA,35,33,50,528.0,26400.0
2021031805007295,NIFRA,35,34,60,528.0,31680.0
2021031805007294,NIFRA,35,47,59,528.0,31152.0
2021031805007293,NIFRA,35,43,60,528.0,31680.0
2021031805007292,NIFRA,35,6,60,528.0,31680.0
2021031805007291,NIFRA,35,58,60,528.0,31680.0
2021031805007289,NIFRA,35,7,30,528.0,15840.0
2021031805007302,NIFRA,35,38,50,528.0,26400.0
2021031805007301,NIFRA,35,28,50,528.0,26400.0
2021031805007299,NIFRA,35,37,31,529.0,16399.0
2021031805007298,NIFRA,35,55,60,529.0,31740.0
2021031805007297,NIFRA,35,55,60,529.0,31740.0
2021031805007296,NIFRA,35,46,49,529.0,25921.0
2021031805007309,NIFRA,36,37,19,529.0,10051.0
2021031805007308,NIFRA,35,21,60,528.0,31680.0
2021031805007307,NIFRA,35,7,60,528.0,31680.0
2021031805007306,NIFRA,35,52,50,528.0,26400.0
2021031805007304,NIFRA,35,19,50,528.0,26400.0
2021031805007303,NIFRA,35,45,50,528.0,26400.0
2021031805007316,NIFRA,35,45,60,528.0,31680.0
2021031805007315,NIFRA,35,21,50,528.0,26400.0
2021031805007313,NIFRA,35,11,50,528.0,26400.0
2021031805007312,NIFRA,35,26,30,528.0,15840.0
2021031805007311,NIFRA,35,43,60,528.0,31680.0
2021031805007310,NIFRA,36,34,41,529.0,21689.0
2021031805007326,NIFRA,35,14,351,528.0,185328.0
2021031805007323,NIFRA,35,16,50,528.0,26400.0
2021031805007322,NIFRA,35,52,50,528.0,26400.0
2021031805007321,NIFRA,17,16,21,529.0,11109.0
2021031805007320,NIFRA,17,34,19,529.0,10051.0
2021031805007319,NIFRA,35,7,60,528.0,31680.0
2021031805007332,NIFRA,37,21,40,528.0,21120.0
2021031805007331,NIFRA,37,14,389,528.0,205392.0
2021031805007330,NIFRA,57,14,100,528.0,52800.0
2021031805007329,NIFRA,28,14,50,528.0,26400.0
2021031805007328,NIFRA,56,14,80,528.0,42240.0
2021031805007327,NIFRA,25,14,30,528.0,15840.0
2021031805007338,NIFRA,42,38,25,528.0,13200.0
2021031805007337,NIFRA,50,38,100,528.0,52800.0
2021031805007336,NIFRA,19,38,30,528.0,15840.0
2021031805007335,NIFRA,37,38,21,528.0,11088.0
2021031805007334,NIFRA,37,16,50,528.0,26400.0
2021031805007333,NIFRA,14,16,189,529.0,99981.0
2021031805007344,NIFRA,41,45,34,528.0,17952.0
2021031805007343,NIFRA,45,45,16,528.0,8448.0
2021031805007342,NIFRA,45,21,40,528.0,21120.0
2021031805007341,NIFRA,45,38,44,528.0,23232.0
2021031805007340,NIFRA,44,38,240,528.0,126720.0
2021031805007339,NIFRA,6,38,40,528.0,21120.0
2021031805007352,NIFRA,41,32,60,528.0,31680.0
2021031805007351,NIFRA,41,58,60,528.0,31680.0
2021031805007350,NIFRA,41,52,50,528.0,26400.0
2021031805007349,NIFRA,41,49,50,528.0,26400.0
2021031805007348,NIFRA,41,58,30,528.0,15840.0
2021031805007346,NIFRA,41,1,50,528.0,26400.0
2021031805007358,NIFRA,29,37,300,529.0,158700.0
2021031805007357,NIFRA,29,58,50,529.0,26450.0
2021031805007356,NIFRA,29,55,50,529.0,26450.0
2021031805007355,NIFRA,29,46,50,529.0,26450.0
2021031805007354,NIFRA,29,16,40,529.0,21160.0
2021031805007353,NIFRA,41,28,50,528.0,26400.0
2021031805007364,NIFRA,41,28,60,528.0,31680.0
2021031805007363,NIFRA,42,55,47,529.0,24863.0
2021031805007362,NIFRA,41,42,50,528.0,26400.0
2021031805007361,NIFRA,41,42,50,528.0,26400.0
2021031805007360,NIFRA,41,11,50,528.0,26400.0
2021031805007359,NIFRA,29,55,10,529.0,5290.0
2021031805007372,NIFRA,55,45,50,528.0,26400.0
2021031805007370,NIFRA,55,28,50,528.0,26400.0
2021031805007368,NIFRA,42,51,400,528.0,211200.0
2021031805007367,NIFRA,26,51,100,528.0,52800.0
2021031805007366,NIFRA,41,51,296,528.0,156288.0
2021031805007365,NIFRA,41,45,50,528.0,26400.0
2021031805007379,NIFRA,22,49,10,528.0,5280.0
2021031805007378,NIFRA,35,49,40,528.0,21120.0
2021031805007376,NIFRA,35,28,50,528.0,26400.0
2021031805007375,NIFRA,35,47,10,528.0,5280.0
2021031805007374,NIFRA,21,47,40,528.0,21120.0
2021031805007373,NIFRA,21,57,10,528.0,5280.0
2021031805007388,NIFRA,1,11,50,528.0,26400.0
2021031805007385,NIFRA,1,45,50,528.0,26400.0
2021031805007384,NIFRA,55,52,5,528.0,2640.0
2021031805007383,NIFRA,45,52,25,528.0,13200.0
2021031805007382,NIFRA,49,52,20,528.0,10560.0
2021031805007380,NIFRA,34,29,50,529.0,26450.0
2021031805007394,NIFRA,6,36,20,528.0,10560.0
2021031805007393,NIFRA,34,36,50,528.0,26400.0
2021031805007392,NIFRA,16,36,100,528.0,52800.0
2021031805007391,NIFRA,44,36,25,528.0,13200.0
2021031805007390,NIFRA,42,36,40,528.0,21120.0
2021031805007389,NIFRA,57,36,20,528.0,10560.0
2021031805007400,NIFRA,6,45,50,528.0,26400.0
2021031805007399,NIFRA,6,36,50,528.0,26400.0
2021031805007398,NIFRA,25,55,15,529.0,7935.0
2021031805007397,NIFRA,6,21,35,528.0,18480.0
2021031805007396,NIFRA,38,21,15,528.0,7920.0
2021031805007395,NIFRA,38,36,325,528.0,171600.0
2021031805007406,NIFRA,8,55,10,529.0,5290.0
2021031805007405,NIFRA,45,3,35,528.0,18480.0
2021031805007404,NIFRA,6,3,15,528.0,7920.0
2021031805007403,NIFRA,6,43,50,528.0,26400.0
2021031805007402,NIFRA,6,58,60,528.0,31680.0
2021031805007401,NIFRA,6,11,50,528.0,26400.0
2021031805007413,NIFRA,26,38,50,528.0,26400.0
2021031805007412,NIFRA,45,34,50,528.0,26400.0
2021031805007411,NIFRA,45,21,30,528.0,15840.0
2021031805007410,NIFRA,38,55,10,529.0,5290.0
2021031805007409,NIFRA,45,58,220,528.0,116160.0
2021031805007408,NIFRA,45,29,60,528.0,31680.0
2021031805007419,NIFRA,17,57,330,529.0,174570.0
2021031805007418,NIFRA,17,52,210,529.0,111090.0
2021031805007417,NIFRA,25,52,325,529.0,171925.0
2021031805007416,NIFRA,25,55,50,529.0,26450.0
2021031805007415,NIFRA,25,55,25,529.0,13225.0
2021031805007414,NIFRA,45,38,10,528.0,5280.0
2021031805007427,NIFRA,17,36,40,528.0,21120.0
2021031805007425,NIFRA,17,58,10,528.0,5280.0
2021031805007424,NIFRA,17,58,20,528.0,10560.0
2021031805007423,NIFRA,45,58,40,528.0,21120.0
2021031805007421,NIFRA,45,55,10,528.0,5280.0
2021031805007420,NIFRA,45,52,40,528.0,21120.0
2021031805007433,NIFRA,45,21,80,528.0,42240.0
2021031805007432,NIFRA,13,21,200,528.0,105600.0
2021031805007431,NIFRA,45,21,20,528.0,10560.0
2021031805007430,NIFRA,19,21,30,528.0,15840.0
2021031805007429,NIFRA,19,17,50,528.0,26400.0
2021031805007428,NIFRA,19,36,20,528.0,10560.0
2021031805007439,NIFRA,25,21,55,528.0,29040.0
2021031805007438,NIFRA,44,21,30,528.0,15840.0
2021031805007437,NIFRA,8,21,50,528.0,26400.0
2021031805007436,NIFRA,42,21,100,528.0,52800.0
2021031805007435,NIFRA,49,21,100,528.0,52800.0
2021031805007434,NIFRA,42,21,100,528.0,52800.0
2021031805007446,NIFRA,56,58,50,528.0,26400.0
2021031805007444,NIFRA,56,1,29,528.0,15312.0
2021031805007443,NIFRA,52,1,21,528.0,11088.0
2021031805007442,NIFRA,52,11,35,528.0,18480.0
2021031805007441,NIFRA,25,11,25,528.0,13200.0
2021031805007440,NIFRA,25,55,10,528.0,5280.0
2021031805007453,NIFRA,38,58,60,528.0,31680.0
2021031805007452,NIFRA,38,38,50,528.0,26400.0
2021031805007451,NIFRA,13,57,100,529.0,52900.0
2021031805007450,NIFRA,38,55,50,528.0,26400.0
2021031805007448,NIFRA,38,38,29,528.0,15312.0
2021031805007447,NIFRA,56,38,21,528.0,11088.0
2021031805007459,NIFRA,26,57,25,529.0,13225.0
2021031805007458,NIFRA,38,16,60,528.0,31680.0
2021031805007457,NIFRA,38,46,37,528.0,19536.0
2021031805007456,NIFRA,38,6,30,528.0,15840.0
2021031805007455,NIFRA,38,32,50,528.0,26400.0
2021031805007454,NIFRA,38,45,50,528.0,26400.0
2021031805007465,NIFRA,36,34,5,529.0,2645.0
2021031805007464,NIFRA,36,55,50,529.0,26450.0
2021031805007463,NIFRA,36,57,45,529.0,23805.0
2021031805007462,NIFRA,1,45,26,528.0,13728.0
2021031805007461,NIFRA,38,45,24,528.0,12672.0
2021031805007460,NIFRA,38,58,60,528.0,31680.0
2021031805007471,NIFRA,52,6,200,528.0,105600.0
2021031805007470,NIFRA,57,6,100,528.0,52800.0
2021031805007469,NIFRA,45,6,14,528.0,7392.0
2021031805007468,NIFRA,45,49,60,528.0,31680.0
2021031805007467,NIFRA,45,55,26,528.0,13728.0
2021031805007466,NIFRA,1,55,24,528.0,12672.0
2021031805007477,NIFRA,4,55,50,529.0,26450.0
2021031805007476,NIFRA,52,51,4,528.0,2112.0
2021031805007475,NIFRA,52,7,60,528.0,31680.0
2021031805007474,NIFRA,52,11,36,528.0,19008.0
2021031805007473,NIFRA,8,11,14,528.0,7392.0
2021031805007472,NIFRA,8,6,86,528.0,45408.0
2021031805007483,NIFRA,4,33,50,529.0,26450.0
2021031805007482,NIFRA,4,56,50,529.0,26450.0
2021031805007481,NIFRA,4,57,60,529.0,31740.0
2021031805007480,NIFRA,4,56,50,529.0,26450.0
2021031805007479,NIFRA,4,56,50,529.0,26450.0
2021031805007478,NIFRA,4,47,60,529.0,31740.0
2021031805007489,NIFRA,45,47,10,528.0,5280.0
2021031805007488,NIFRA,36,47,40,528.0,21120.0
2021031805007487,NIFRA,47,5,500,528.0,264000.0
2021031805007486,NIFRA,4,48,20,529.0,10580.0
2021031805007485,NIFRA,4,58,60,529.0,31740.0
2021031805007484,NIFRA,4,56,50,529.0,26450.0
2021031805007495,NIFRA,47,48,70,529.0,37030.0
2021031805007494,NIFRA,47,56,50,529.0,26450.0
2021031805007493,NIFRA,47,48,80,529.0,42320.0
2021031805007492,NIFRA,26,53,50,528.0,26400.0
2021031805007491,NIFRA,26,21,20,528.0,10560.0
2021031805007490,NIFRA,45,21,40,528.0,21120.0
2021031805007502,NIFRA,26,36,50,528.0,26400.0
2021031805007501,NIFRA,26,38,50,528.0,26400.0
2021031805007500,NIFRA,26,14,60,528.0,31680.0
2021031805007499,NIFRA,42,48,50,529.0,26450.0
2021031805007498,NIFRA,26,47,50,528.0,26400.0
2021031805007497,NIFRA,26,32,50,528.0,26400.0
2021031805007508,NIFRA,26,1,50,528.0,26400.0
2021031805007507,NIFRA,26,50,50,528.0,26400.0
2021031805007506,NIFRA,26,47,60,528.0,31680.0
2021031805007505,NIFRA,26,45,50,528.0,26400.0
2021031805007504,NIFRA,26,38,60,528.0,31680.0
2021031805007503,NIFRA,26,21,50,528.0,26400.0
2021031805007514,NIFRA,26,45,60,528.0,31680.0
2021031805007513,NIFRA,26,21,60,528.0,31680.0
2021031805007512,NIFRA,26,48,50,528.0,26400.0
2021031805007511,NIFRA,26,42,60,528.0,31680.0
2021031805007510,NIFRA,26,16,50,528.0,26400.0
2021031805007509,NIFRA,26,58,60,528.0,31680.0
2021031805007520,NIFRA,57,38,50,528.0,26400.0
2021031805007519,NIFRA,57,58,50,528.0,26400.0
2021031805007518,NIFRA,57,34,30,528.0,15840.0
2021031805007517,NIFRA,21,34,20,528.0,10560.0
2021031805007516,NIFRA,21,47,40,528.0,21120.0
2021031805007515,NIFRA,26,47,10,528.0,5280.0
2021031805007526,NIFRA,20,32,40,529.0,21160.0
2021031805007525,NIFRA,20,56,50,529.0,26450.0
2021031805007524,NIFRA,20,48,380,529.0,201020.0
2021031805007523,NIFRA,58,32,30,528.0,15840.0
2021031805007522,NIFRA,57,32,20,528.0,10560.0
2021031805007521,NIFRA,57,17,50,528.0,26400.0
2021031805007532,NIFRA,20,21,50,529.0,26450.0
2021031805007531,NIFRA,20,58,50,529.0,26450.0
2021031805007530,NIFRA,20,55,10,529.0,5290.0
2021031805007529,NIFRA,20,45,60,529.0,31740.0
2021031805007528,NIFRA,20,55,10,529.0,5290.0
2021031805007527,NIFRA,20,14,20,529.0,10580.0
2021031805007538,NIFRA,20,55,50,529.0,26450.0
2021031805007537,NIFRA,20,21,50,529.0,26450.0
2021031805007536,NIFRA,20,59,60,529.0,31740.0
2021031805007535,NIFRA,20,45,50,529.0,26450.0
2021031805007534,NIFRA,20,58,60,529.0,31740.0
2021031805007533,NIFRA,20,47,50,529.0,26450.0
2021031805007546,NIFRA,17,45,50,529.0,26450.0
2021031805007544,NIFRA,17,53,60,529.0,31740.0
2021031805007542,NIFRA,29,38,50,528.0,26400.0
2021031805007541,NIFRA,29,48,20,528.0,10560.0
2021031805007540,NIFRA,58,48,30,528.0,15840.0
2021031805007539,NIFRA,20,58,10,529.0,5290.0
2021031805007552,NIFRA,42,21,60,529.0,31740.0
2021031805007551,NIFRA,42,38,10,529.0,5290.0
2021031805007550,NIFRA,42,47,50,529.0,26450.0
2021031805007549,NIFRA,42,32,10,529.0,5290.0
2021031805007548,NIFRA,17,32,40,529.0,21160.0
2021031805007547,NIFRA,17,55,50,529.0,26450.0
2021031805007559,NIFRA,29,47,60,528.0,31680.0
2021031805007558,NIFRA,42,34,90,529.0,47610.0
2021031805007556,NIFRA,42,57,10,529.0,5290.0
2021031805007555,NIFRA,42,14,50,529.0,26450.0
2021031805007554,NIFRA,42,26,60,529.0,31740.0
2021031805007553,NIFRA,42,21,60,529.0,31740.0
2021031805007565,NIFRA,17,34,10,529.0,5290.0
2021031805007564,NIFRA,57,36,20,528.0,10560.0
2021031805007563,NIFRA,57,26,60,528.0,31680.0
2021031805007562,NIFRA,57,45,50,528.0,26400.0
2021031805007561,NIFRA,57,21,20,528.0,10560.0
2021031805007560,NIFRA,29,21,40,528.0,21120.0
2021031805007571,NIFRA,33,16,750,528.0,396000.0
2021031805007570,NIFRA,57,16,50,528.0,26400.0
2021031805007569,NIFRA,17,58,12,530.0,6360.0
2021031805007568,NIFRA,17,58,108,530.0,57240.0
2021031805007567,NIFRA,17,55,50,529.0,26450.0
2021031805007566,NIFRA,17,19,20,529.0,10580.0
2021031805007578,NIFRA,33,17,50,528.0,26400.0
2021031805007576,NIFRA,33,45,60,528.0,31680.0
2021031805007575,NIFRA,33,21,60,528.0,31680.0
2021031805007574,NIFRA,33,47,50,528.0,26400.0
2021031805007573,NIFRA,54,42,22,530.0,11660.0
2021031805007572,NIFRA,54,58,28,530.0,14840.0
2021031805007586,NIFRA,33,45,50,528.0,26400.0
2021031805007585,NIFRA,14,55,20,529.0,10580.0
2021031805007584,NIFRA,14,17,60,529.0,31740.0
2021031805007582,NIFRA,33,8,60,528.0,31680.0
2021031805007581,NIFRA,33,11,50,528.0,26400.0
2021031805007579,NIFRA,33,21,50,528.0,26400.0
2021031805007592,NIFRA,33,21,50,528.0,26400.0
2021031805007591,NIFRA,33,58,10,528.0,5280.0
2021031805007590,NIFRA,33,47,50,528.0,26400.0
2021031805007589,NIFRA,33,21,50,528.0,26400.0
2021031805007588,NIFRA,33,48,60,528.0,31680.0
2021031805007587,NIFRA,33,38,50,528.0,26400.0
2021031805007598,NIFRA,38,28,200,528.0,105600.0
2021031805007597,NIFRA,58,28,180,528.0,95040.0
2021031805007596,NIFRA,47,28,20,528.0,10560.0
2021031805007595,NIFRA,33,38,50,528.0,26400.0
2021031805007594,NIFRA,14,56,10,529.0,5290.0
2021031805007593,NIFRA,14,55,30,529.0,15870.0
2021031805007604,NIFRA,51,47,10,528.0,5280.0
2021031805007603,NIFRA,51,28,10,528.0,5280.0
2021031805007602,NIFRA,19,28,30,528.0,15840.0
2021031805007601,NIFRA,42,28,200,528.0,105600.0
2021031805007600,NIFRA,42,28,100,528.0,52800.0
2021031805007599,NIFRA,42,28,260,528.0,137280.0
2021031805007611,NIFRA,58,56,50,529.0,26450.0
2021031805007610,NIFRA,1,1,60,528.0,31680.0
2021031805007608,NIFRA,45,56,375,529.0,198375.0
2021031805007607,NIFRA,1,47,10,528.0,5280.0
2021031805007606,NIFRA,52,47,10,528.0,5280.0
2021031805007605,NIFRA,46,47,20,528.0,10560.0
2021031805007617,NIFRA,57,11,60,528.0,31680.0
2021031805007616,NIFRA,57,29,40,528.0,21120.0
2021031805007615,NIFRA,57,17,30,528.0,15840.0
2021031805007614,NIFRA,1,17,20,528.0,10560.0
2021031805007613,NIFRA,1,48,50,528.0,26400.0
2021031805007612,NIFRA,1,45,60,528.0,31680.0
2021031805007625,NIFRA,21,56,65,529.0,34385.0
2021031805007624,NIFRA,57,58,60,528.0,31680.0
2021031805007622,NIFRA,57,26,50,528.0,26400.0
2021031805007621,NIFRA,57,21,50,528.0,26400.0
2021031805007620,NIFRA,57,20,30,528.0,15840.0
2021031805007619,NIFRA,57,58,50,528.0,26400.0
2021031805007631,NIFRA,21,39,20,529.0,10580.0
2021031805007630,NIFRA,21,4,50,529.0,26450.0
2021031805007629,NIFRA,21,11,60,529.0,31740.0
2021031805007628,NIFRA,21,32,50,529.0,26450.0
2021031805007627,NIFRA,21,34,50,529.0,26450.0
2021031805007626,NIFRA,21,34,50,529.0,26450.0
2021031805007639,NIFRA,21,45,5,529.0,2645.0
2021031805007638,NIFRA,21,21,50,529.0,26450.0
2021031805007636,NIFRA,21,16,50,529.0,26450.0
2021031805007635,NIFRA,21,38,50,529.0,26450.0
2021031805007634,NIFRA,21,38,50,529.0,26450.0
2021031805007632,NIFRA,21,21,50,529.0,26450.0
2021031805007645,NIFRA,56,56,80,529.0,42320.0
2021031805007644,NIFRA,56,26,20,529.0,10580.0
2021031805007643,NIFRA,57,41,125,528.0,66000.0
2021031805007642,NIFRA,57,42,50,528.0,26400.0
2021031805007641,NIFRA,57,21,50,528.0,26400.0
2021031805007640,NIFRA,25,26,40,529.0,21160.0
2021031805007653,NIFRA,57,16,835,528.0,440880.0
2021031805007652,NIFRA,57,32,50,528.0,26400.0
2021031805007651,NIFRA,57,11,60,528.0,31680.0
2021031805007650,NIFRA,57,48,50,528.0,26400.0
2021031805007649,NIFRA,57,21,60,528.0,31680.0
2021031805007647,NIFRA,57,17,50,528.0,26400.0
2021031805007659,NIFRA,58,16,100,528.0,52800.0
2021031805007658,NIFRA,53,16,25,528.0,13200.0
2021031805007657,NIFRA,43,16,100,528.0,52800.0
2021031805007656,NIFRA,35,16,"1,000",528.0,528000.0
2021031805007655,NIFRA,50,16,100,528.0,52800.0
2021031805007654,NIFRA,18,16,80,528.0,42240.0
2021031805007665,NIFRA,19,32,50,528.0,26400.0
2021031805007664,NIFRA,19,35,10,528.0,5280.0
2021031805007663,NIFRA,39,56,100,529.0,52900.0
2021031805007662,NIFRA,19,1,50,528.0,26400.0
2021031805007661,NIFRA,19,21,50,528.0,26400.0
2021031805007660,NIFRA,6,16,260,528.0,137280.0
2021031805007671,NIFRA,19,38,50,528.0,26400.0
2021031805007670,NIFRA,19,21,50,528.0,26400.0
2021031805007669,NIFRA,17,56,100,529.0,52900.0
2021031805007668,NIFRA,19,56,50,528.0,26400.0
2021031805007667,NIFRA,45,56,300,529.0,158700.0
2021031805007666,NIFRA,45,38,200,529.0,105800.0
2021031805007677,NIFRA,13,6,50,528.0,26400.0
2021031805007676,NIFRA,13,8,50,528.0,26400.0
2021031805007675,NIFRA,57,8,20,528.0,10560.0
2021031805007674,NIFRA,19,8,130,528.0,68640.0
2021031805007673,NIFRA,42,56,18,529.0,9522.0
2021031805007672,NIFRA,19,41,60,528.0,31680.0
2021031805007145,CGH,3,21,10,1292.0,12920.0
2021031805007143,CGH,3,58,10,1292.0,12920.0
2021031805007128,CGH,3,21,10,1292.0,12920.0
2021031805007124,CGH,3,29,10,1292.0,12920.0
2021031805007123,CGH,3,36,10,1292.0,12920.0
2021031805007105,CGH,3,39,10,1292.0,12920.0
2021031805006693,CGH,3,47,10,1292.0,12920.0
2021031805006686,CGH,3,36,10,1292.0,12920.0
2021031805006790,CGH,3,21,10,1292.0,12920.0
2021031805006770,CGH,3,35,10,1292.0,12920.0
2021031805006752,CGH,3,35,10,1292.0,12920.0
2021031805006709,CGH,3,58,10,1292.0,12920.0
2021031805006700,CGH,3,47,10,1292.0,12920.0
2021031805006695,CGH,3,21,10,1292.0,12920.0
2021031805006890,CGH,3,25,10,1292.0,12920.0
2021031805006832,CGH,3,43,10,1292.0,12920.0
2021031805006828,CGH,3,35,10,1292.0,12920.0
2021031805006813,CGH,3,43,10,1292.0,12920.0
2021031805006808,CGH,3,43,10,1292.0,12920.0
2021031805006801,CGH,3,5,10,1292.0,12920.0
2021031805006974,CGH,3,21,10,1292.0,12920.0
2021031805006968,CGH,3,38,10,1292.0,12920.0
2021031805006962,CGH,3,38,10,1292.0,12920.0
2021031805006947,CGH,3,58,10,1292.0,12920.0
2021031805006930,CGH,3,52,10,1292.0,12920.0
2021031805006928,CGH,3,21,10,1292.0,12920.0
2021031805006994,CGH,3,35,10,1292.0,12920.0
2021031805006993,CGH,3,38,10,1292.0,12920.0
2021031805006988,CGH,3,35,10,1292.0,12920.0
2021031805006987,CGH,3,38,10,1292.0,12920.0
2021031805006981,CGH,3,38,10,1292.0,12920.0
2021031805006977,CGH,3,35,10,1292.0,12920.0
2021031805007104,CGH,3,42,10,1292.0,12920.0
2021031805007074,CGH,3,42,10,1292.0,12920.0
2021031805007066,CGH,3,21,10,1292.0,12920.0
2021031805007060,CGH,3,21,10,1292.0,12920.0
2021031805007042,CGH,3,49,10,1292.0,12920.0
2021031805007006,CGH,3,38,10,1292.0,12920.0
2021031805007129,GLH,38,39,10,396.0,3960.0
2021031805007122,GLH,38,43,10,396.0,3960.0
2021031805007114,GLH,38,5,10,396.0,3960.0
2021031805007112,GLH,38,58,10,396.0,3960.0
2021031805007097,GLH,38,7,10,396.0,3960.0
2021031805007073,GLH,38,42,10,396.0,3960.0
2021031805006720,GLH,38,58,10,396.0,3960.0
2021031805006714,GLH,38,6,10,396.0,3960.0
2021031805006713,GLH,38,8,10,396.0,3960.0
2021031805006705,GLH,38,8,10,396.0,3960.0
2021031805006754,GLH,38,58,10,396.0,3960.0
2021031805006751,GLH,38,43,10,396.0,3960.0
2021031805006739,GLH,38,58,10,396.0,3960.0
2021031805006735,GLH,38,43,10,396.0,3960.0
2021031805006733,GLH,38,42,10,396.0,3960.0
2021031805006725,GLH,38,14,10,396.0,3960.0
2021031805006771,GLH,38,43,10,396.0,3960.0
2021031805006767,GLH,38,49,10,396.0,3960.0
2021031805006765,GLH,38,58,10,396.0,3960.0
2021031805006762,GLH,38,6,10,396.0,3960.0
2021031805006760,GLH,38,49,10,396.0,3960.0
2021031805006759,GLH,38,43,10,396.0,3960.0
2021031805006789,GLH,38,49,10,396.0,3960.0
2021031805006786,GLH,38,43,10,396.0,3960.0
2021031805006784,GLH,38,57,10,396.0,3960.0
2021031805006783,GLH,38,49,10,396.0,3960.0
2021031805006780,GLH,38,49,10,396.0,3960.0
2021031805006772,GLH,38,38,10,396.0,3960.0
2021031805006843,GLH,38,42,10,396.0,3960.0
2021031805006829,GLH,38,58,10,396.0,3960.0
2021031805006809,GLH,38,59,10,396.0,3960.0
2021031805006804,GLH,38,49,10,396.0,3960.0
2021031805006799,GLH,38,49,10,396.0,3960.0
2021031805006797,GLH,38,58,10,396.0,3960.0
2021031805006889,GLH,38,49,10,396.0,3960.0
2021031805006884,GLH,38,28,10,396.0,3960.0
2021031805006881,GLH,38,49,10,396.0,3960.0
2021031805006877,GLH,38,58,10,396.0,3960.0
2021031805006871,GLH,38,49,10,396.0,3960.0
2021031805006864,GLH,38,58,10,396.0,3960.0
2021031805006938,GLH,38,29,10,396.0,3960.0
2021031805006913,GLH,38,58,10,396.0,3960.0
2021031805006905,GLH,38,49,10,396.0,3960.0
2021031805006904,GLH,38,45,10,396.0,3960.0
2021031805006899,GLH,38,49,10,396.0,3960.0
2021031805006892,GLH,38,49,10,396.0,3960.0
2021031805007040,GLH,38,45,10,396.0,3960.0
2021031805007002,GLH,38,45,10,396.0,3960.0
2021031805006979,GLH,38,8,10,396.0,3960.0
2021031805006949,GLH,38,45,10,396.0,3960.0
2021031805006943,GLH,38,58,10,396.0,3960.0
2021031805006939,GLH,38,35,10,396.0,3960.0
2021031805007183,NIFRA,16,43,50,528.0,26400.0
2021031805007182,NIFRA,16,56,60,528.0,31680.0
2021031805007181,NIFRA,16,36,40,528.0,21120.0
2021031805007180,NIFRA,58,36,10,528.0,5280.0
2021031805007179,NIFRA,28,25,150,529.0,79350.0
2021031805007178,NIFRA,58,50,80,528.0,42240.0
2021031805006685,NIFRA,45,59,50,529.0,26450.0
2021031805006684,NIFRA,45,16,50,529.0,26450.0
2021031805006692,NIFRA,38,59,60,529.0,31740.0
2021031805006691,NIFRA,45,44,60,529.0,31740.0
2021031805006690,NIFRA,45,16,20,529.0,10580.0
2021031805006689,NIFRA,45,48,50,529.0,26450.0
2021031805006688,NIFRA,45,57,20,529.0,10580.0
2021031805006687,NIFRA,45,57,30,529.0,15870.0
2021031805006701,NIFRA,38,42,60,529.0,31740.0
2021031805006699,NIFRA,38,59,30,529.0,15870.0
2021031805006698,NIFRA,38,59,30,529.0,15870.0
2021031805006697,NIFRA,18,1,800,530.0,424000.0
2021031805006696,NIFRA,38,38,50,529.0,26450.0
2021031805006694,NIFRA,11,1,100,530.0,53000.0
2021031805006708,NIFRA,38,6,60,529.0,31740.0
2021031805006707,NIFRA,38,35,60,529.0,31740.0
2021031805006706,NIFRA,38,44,60,529.0,31740.0
2021031805006704,NIFRA,38,47,20,529.0,10580.0
2021031805006703,NIFRA,38,59,50,529.0,26450.0
2021031805006702,NIFRA,38,58,60,529.0,31740.0
2021031805006717,NIFRA,38,7,50,529.0,26450.0
2021031805006716,NIFRA,38,21,50,529.0,26450.0
2021031805006715,NIFRA,38,57,20,529.0,10580.0
2021031805006712,NIFRA,38,1,10,530.0,5300.0
2021031805006711,NIFRA,38,26,50,529.0,26450.0
2021031805006710,NIFRA,38,42,50,529.0,26450.0
2021031805006724,NIFRA,7,57,60,529.0,31740.0
2021031805006723,NIFRA,13,1,500,530.0,265000.0
2021031805006722,NIFRA,7,38,50,529.0,26450.0
2021031805006721,NIFRA,42,1,"1,000",530.0,530000.0
2021031805006719,NIFRA,7,17,30,529.0,15870.0
2021031805006718,NIFRA,38,17,30,529.0,15870.0
2021031805006731,NIFRA,6,29,80,529.0,42320.0
2021031805006730,NIFRA,6,51,20,529.0,10580.0
2021031805006729,NIFRA,6,26,60,529.0,31740.0
2021031805006728,NIFRA,6,34,50,529.0,26450.0
2021031805006727,NIFRA,7,44,60,529.0,31740.0
2021031805006726,NIFRA,50,1,20,530.0,10600.0
2021031805006740,NIFRA,6,3,500,529.0,264500.0
2021031805006738,NIFRA,6,36,50,529.0,26450.0
2021031805006737,NIFRA,6,19,50,529.0,26450.0
2021031805006736,NIFRA,6,19,50,529.0,26450.0
2021031805006734,NIFRA,6,39,50,529.0,26450.0
2021031805006732,NIFRA,6,58,20,529.0,10580.0
2021031805006746,NIFRA,6,44,60,529.0,31740.0
2021031805006745,NIFRA,6,11,50,529.0,26450.0
2021031805006744,NIFRA,6,6,40,529.0,21160.0
2021031805006743,NIFRA,6,34,50,529.0,26450.0
2021031805006742,NIFRA,6,38,50,529.0,26450.0
2021031805006741,NIFRA,6,58,190,529.0,100510.0
2021031805006755,NIFRA,6,7,60,529.0,31740.0
2021031805006753,NIFRA,6,38,50,529.0,26450.0
2021031805006750,NIFRA,6,44,50,529.0,26450.0
2021031805006749,NIFRA,57,1,100,530.0,53000.0
2021031805006748,NIFRA,6,32,50,529.0,26450.0
2021031805006747,NIFRA,13,1,30,530.0,15900.0
2021031805006764,NIFRA,6,3,60,529.0,31740.0
2021031805006763,NIFRA,6,1,20,529.0,10580.0
2021031805006761,NIFRA,6,46,50,529.0,26450.0
2021031805006758,NIFRA,6,53,60,529.0,31740.0
2021031805006757,NIFRA,6,58,30,529.0,15870.0
2021031805006756,NIFRA,58,1,18,530.0,9540.0
2021031805006775,NIFRA,10,21,30,529.0,15870.0
2021031805006774,NIFRA,45,21,30,529.0,15870.0
2021031805006773,NIFRA,45,36,60,529.0,31740.0
2021031805006769,NIFRA,45,3,60,529.0,31740.0
2021031805006768,NIFRA,45,51,50,529.0,26450.0
2021031805006766,NIFRA,38,1,340,530.0,180200.0
2021031805006782,NIFRA,10,38,60,529.0,31740.0
2021031805006781,NIFRA,10,38,50,529.0,26450.0
2021031805006779,NIFRA,10,58,10,529.0,5290.0
2021031805006778,NIFRA,43,1,100,530.0,53000.0
2021031805006777,NIFRA,10,3,50,529.0,26450.0
2021031805006776,NIFRA,10,58,10,529.0,5290.0
2021031805006793,NIFRA,10,7,20,529.0,10580.0
2021031805006792,NIFRA,10,32,50,529.0,26450.0
2021031805006791,NIFRA,10,58,50,529.0,26450.0
2021031805006788,NIFRA,10,34,60,529.0,31740.0
2021031805006787,NIFRA,10,59,60,529.0,31740.0
2021031805006785,NIFRA,10,56,50,529.0,26450.0
2021031805006802,NIFRA,6,7,50,529.0,26450.0
2021031805006800,NIFRA,51,1,25,530.0,13250.0
2021031805006798,NIFRA,28,1,90,530.0,47700.0
2021031805006796,NIFRA,6,43,60,529.0,31740.0
2021031805006795,NIFRA,6,36,50,529.0,26450.0
2021031805006794,NIFRA,6,7,10,529.0,5290.0
2021031805006811,NIFRA,6,33,50,529.0,26450.0
2021031805006810,NIFRA,6,49,60,529.0,31740.0
2021031805006807,NIFRA,6,35,30,529.0,15870.0
2021031805006806,NIFRA,6,53,50,529.0,26450.0
2021031805006805,NIFRA,6,40,60,529.0,31740.0
2021031805006803,NIFRA,6,52,50,529.0,26450.0
2021031805006818,NIFRA,1,42,200,529.0,105800.0
2021031805006817,NIFRA,25,42,100,529.0,52900.0
2021031805006816,NIFRA,35,42,50,529.0,26450.0
2021031805006815,NIFRA,6,42,770,529.0,407330.0
2021031805006814,NIFRA,6,56,50,529.0,26450.0
2021031805006812,NIFRA,6,59,60,529.0,31740.0
2021031805006824,NIFRA,17,42,40,529.0,21160.0
2021031805006823,NIFRA,42,42,20,529.0,10580.0
2021031805006822,NIFRA,25,42,50,529.0,26450.0
2021031805006821,NIFRA,38,42,50,529.0,26450.0
2021031805006820,NIFRA,21,42,30,529.0,15870.0
2021031805006819,NIFRA,45,42,50,529.0,26450.0
2021031805006833,NIFRA,33,6,40,529.0,21160.0
2021031805006831,NIFRA,33,29,60,529.0,31740.0
2021031805006830,NIFRA,38,57,60,529.0,31740.0
2021031805006827,NIFRA,38,42,40,529.0,21160.0
2021031805006826,NIFRA,45,42,100,529.0,52900.0
2021031805006825,NIFRA,50,42,500,529.0,264500.0
2021031805006839,NIFRA,49,32,20,529.0,10580.0
2021031805006838,NIFRA,49,51,50,529.0,26450.0
2021031805006837,NIFRA,49,58,50,529.0,26450.0
2021031805006836,NIFRA,49,16,20,529.0,10580.0
2021031805006835,NIFRA,46,16,40,529.0,21160.0
2021031805006834,NIFRA,46,6,10,529.0,5290.0
2021031805006846,NIFRA,49,21,30,529.0,15870.0
2021031805006845,NIFRA,49,45,50,529.0,26450.0
2021031805006844,NIFRA,49,16,30,529.0,15870.0
2021031805006842,NIFRA,49,7,50,529.0,26450.0
2021031805006841,NIFRA,49,43,10,529.0,5290.0
2021031805006840,NIFRA,49,58,50,529.0,26450.0
2021031805006852,NIFRA,35,51,100,529.0,52900.0
2021031805006851,NIFRA,49,17,60,529.0,31740.0
2021031805006850,NIFRA,49,42,50,529.0,26450.0
2021031805006849,NIFRA,49,58,50,529.0,26450.0
2021031805006848,NIFRA,49,42,10,529.0,5290.0
2021031805006847,NIFRA,49,58,60,529.0,31740.0
2021031805006858,NIFRA,36,25,50,529.0,26450.0
2021031805006857,NIFRA,36,29,50,529.0,26450.0
2021031805006856,NIFRA,36,58,10,529.0,5290.0
2021031805006855,NIFRA,21,58,40,529.0,21160.0
2021031805006854,NIFRA,21,51,260,529.0,137540.0
2021031805006853,NIFRA,49,51,110,529.0,58190.0
2021031805006865,NIFRA,36,44,60,529.0,31740.0
2021031805006863,NIFRA,36,58,50,529.0,26450.0
2021031805006862,NIFRA,36,36,50,529.0,26450.0
2021031805006861,NIFRA,36,21,50,529.0,26450.0
2021031805006860,NIFRA,36,59,50,529.0,26450.0
2021031805006859,NIFRA,36,58,50,529.0,26450.0
2021031805006872,NIFRA,32,58,50,529.0,26450.0
2021031805006870,NIFRA,47,36,10,529.0,5290.0
2021031805006869,NIFRA,43,36,42,529.0,22218.0
2021031805006868,NIFRA,43,28,20,529.0,10580.0
2021031805006867,NIFRA,36,28,30,529.0,15870.0
2021031805006866,NIFRA,36,58,50,529.0,26450.0
2021031805006879,NIFRA,45,48,35,529.0,18515.0
2021031805006878,NIFRA,52,48,15,529.0,7935.0
2021031805006876,NIFRA,52,58,10,529.0,5290.0
2021031805006875,NIFRA,6,58,40,529.0,21160.0
2021031805006874,NIFRA,6,58,10,529.0,5290.0
2021031805006873,NIFRA,6,58,50,529.0,26450.0
2021031805006887,NIFRA,45,34,60,529.0,31740.0
2021031805006886,NIFRA,45,1,60,529.0,31740.0
2021031805006885,NIFRA,45,6,50,529.0,26450.0
2021031805006883,NIFRA,45,56,50,529.0,26450.0
2021031805006882,NIFRA,45,7,50,529.0,26450.0
2021031805006880,NIFRA,45,36,50,529.0,26450.0
2021031805006896,NIFRA,38,44,50,529.0,26450.0
2021031805006895,NIFRA,38,47,50,529.0,26450.0
2021031805006894,NIFRA,38,6,25,529.0,13225.0
2021031805006893,NIFRA,45,6,25,529.0,13225.0
2021031805006891,NIFRA,45,36,60,529.0,31740.0
2021031805006888,NIFRA,45,44,60,529.0,31740.0
2021031805006903,NIFRA,37,1,120,530.0,63600.0
2021031805006902,NIFRA,38,42,50,529.0,26450.0
2021031805006901,NIFRA,38,45,30,529.0,15870.0
2021031805006900,NIFRA,38,58,60,529.0,31740.0
2021031805006898,NIFRA,38,36,60,529.0,31740.0
2021031805006897,NIFRA,38,43,50,529.0,26450.0
2021031805006911,NIFRA,38,42,50,529.0,26450.0
2021031805006910,NIFRA,38,36,50,529.0,26450.0
2021031805006909,NIFRA,38,58,50,529.0,26450.0
2021031805006908,NIFRA,38,36,50,529.0,26450.0
2021031805006907,NIFRA,38,47,60,529.0,31740.0
2021031805006906,NIFRA,38,16,60,529.0,31740.0
2021031805006918,NIFRA,38,48,20,529.0,10580.0
2021031805006917,NIFRA,38,47,60,529.0,31740.0
2021031805006916,NIFRA,38,44,30,529.0,15870.0
2021031805006915,NIFRA,56,1,200,530.0,106000.0
2021031805006914,NIFRA,38,36,50,529.0,26450.0
2021031805006912,NIFRA,38,47,60,529.0,31740.0
2021031805006924,NIFRA,38,44,20,529.0,10580.0
2021031805006923,NIFRA,38,42,20,529.0,10580.0
2021031805006922,NIFRA,38,58,10,529.0,5290.0
2021031805006921,NIFRA,38,42,50,529.0,26450.0
2021031805006920,NIFRA,38,47,60,529.0,31740.0
2021031805006919,NIFRA,38,42,50,529.0,26450.0
2021031805006932,NIFRA,38,49,50,529.0,26450.0
2021031805006931,NIFRA,38,58,40,529.0,21160.0
2021031805006929,NIFRA,38,47,60,529.0,31740.0
2021031805006927,NIFRA,38,42,50,529.0,26450.0
2021031805006926,NIFRA,38,6,50,529.0,26450.0
2021031805006925,NIFRA,38,47,50,529.0,26450.0
2021031805006940,NIFRA,38,48,50,529.0,26450.0
2021031805006937,NIFRA,38,47,60,529.0,31740.0
2021031805006936,NIFRA,38,34,60,529.0,31740.0
2021031805006935,NIFRA,38,43,100,529.0,52900.0
2021031805006934,NIFRA,38,36,50,529.0,26450.0
2021031805006933,NIFRA,34,1,60,530.0,31800.0
2021031805006948,NIFRA,38,36,60,529.0,31740.0
2021031805006946,NIFRA,38,44,110,529.0,58190.0
2021031805006945,NIFRA,38,42,50,529.0,26450.0
2021031805006944,NIFRA,38,16,60,529.0,31740.0
2021031805006942,NIFRA,38,7,60,529.0,31740.0
2021031805006941,NIFRA,38,32,50,529.0,26450.0
2021031805006955,NIFRA,29,34,45,529.0,23805.0
2021031805006954,NIFRA,29,1,20,529.0,10580.0
2021031805006953,NIFRA,29,21,35,529.0,18515.0
2021031805006952,NIFRA,38,21,15,529.0,7935.0
2021031805006951,NIFRA,38,1,50,530.0,26500.0
2021031805006950,NIFRA,38,47,50,529.0,26450.0
2021031805006961,NIFRA,21,47,50,529.0,26450.0
2021031805006960,NIFRA,21,32,350,529.0,185150.0
2021031805006959,NIFRA,1,32,100,529.0,52900.0
2021031805006958,NIFRA,35,32,50,529.0,26450.0
2021031805006957,NIFRA,45,32,50,529.0,26450.0
2021031805006956,NIFRA,45,46,50,529.0,26450.0
2021031805006969,NIFRA,48,20,50,529.0,26450.0
2021031805006967,NIFRA,32,42,60,529.0,31740.0
2021031805006966,NIFRA,32,49,40,529.0,21160.0
2021031805006965,NIFRA,21,49,20,529.0,10580.0
2021031805006964,NIFRA,21,37,30,529.0,15870.0
2021031805006963,NIFRA,21,29,50,529.0,26450.0
2021031805006976,NIFRA,38,53,50,529.0,26450.0
2021031805006975,NIFRA,57,48,50,529.0,26450.0
2021031805006973,NIFRA,48,8,50,529.0,26450.0
2021031805006972,NIFRA,17,22,12,530.0,6360.0
2021031805006971,NIFRA,17,58,50,530.0,26500.0
2021031805006970,NIFRA,48,47,50,529.0,26450.0
2021031805006985,NIFRA,21,25,60,529.0,31740.0
2021031805006984,NIFRA,21,38,30,529.0,15870.0
2021031805006983,NIFRA,21,56,20,529.0,10580.0
2021031805006982,NIFRA,38,56,40,529.0,21160.0
2021031805006980,NIFRA,38,17,60,529.0,31740.0
2021031805006978,NIFRA,38,47,50,529.0,26450.0
2021031805006995,NIFRA,21,37,60,529.0,31740.0
2021031805006992,NIFRA,21,51,50,529.0,26450.0
2021031805006991,NIFRA,21,36,50,529.0,26450.0
2021031805006990,NIFRA,42,22,20,530.0,10600.0
2021031805006989,NIFRA,21,48,60,529.0,31740.0
2021031805006986,NIFRA,21,21,50,529.0,26450.0
2021031805007001,NIFRA,8,37,200,529.0,105800.0
2021031805007000,NIFRA,37,37,200,529.0,105800.0
2021031805006999,NIFRA,21,37,30,529.0,15870.0
2021031805006998,NIFRA,5,58,42,530.0,22260.0
2021031805006997,NIFRA,5,22,50,530.0,26500.0
2021031805006996,NIFRA,5,22,18,530.0,9540.0
2021031805007009,NIFRA,5,37,50,529.0,26450.0
2021031805007008,NIFRA,17,37,500,529.0,264500.0
2021031805007007,NIFRA,47,3,50,528.0,26400.0
2021031805007005,NIFRA,45,37,50,529.0,26450.0
2021031805007004,NIFRA,47,34,40,528.0,21120.0
2021031805007003,NIFRA,51,34,20,528.0,10560.0
2021031805007015,NIFRA,45,37,40,529.0,21160.0
2021031805007014,NIFRA,17,37,500,529.0,264500.0
2021031805007013,NIFRA,52,32,50,528.0,26400.0
2021031805007012,NIFRA,52,6,50,528.0,26400.0
2021031805007011,NIFRA,47,6,10,528.0,5280.0
2021031805007010,NIFRA,17,37,500,529.0,264500.0
2021031805007021,NIFRA,40,6,10,528.0,5280.0
2021031805007020,NIFRA,40,3,60,528.0,31680.0
2021031805007019,NIFRA,44,37,"1,000",529.0,529000.0
2021031805007018,NIFRA,40,3,60,528.0,31680.0
2021031805007017,NIFRA,40,19,10,528.0,5280.0
2021031805007016,NIFRA,52,19,50,528.0,26400.0
2021031805007027,NIFRA,50,21,60,528.0,31680.0
2021031805007026,NIFRA,51,36,50,528.0,26400.0
2021031805007025,NIFRA,10,45,35,529.0,18515.0
2021031805007024,NIFRA,10,47,50,529.0,26450.0
2021031805007023,NIFRA,10,37,15,529.0,7935.0
2021031805007022,NIFRA,40,6,40,528.0,21120.0
2021031805007033,NIFRA,37,3,60,528.0,31680.0
2021031805007032,NIFRA,37,45,70,528.0,36960.0
2021031805007031,NIFRA,37,45,430,528.0,227040.0
2021031805007030,NIFRA,37,42,60,528.0,31680.0
2021031805007029,NIFRA,37,6,10,528.0,5280.0
2021031805007028,NIFRA,50,6,40,528.0,21120.0
2021031805007039,NIFRA,37,52,50,528.0,26400.0
2021031805007038,NIFRA,22,48,15,529.0,7935.0
2021031805007037,NIFRA,37,6,60,528.0,31680.0
2021031805007036,NIFRA,37,49,50,528.0,26400.0
2021031805007035,NIFRA,46,49,50,529.0,26450.0
2021031805007034,NIFRA,46,34,50,529.0,26450.0
2021031805007047,NIFRA,42,22,40,528.0,21120.0
2021031805007046,NIFRA,42,36,10,528.0,5280.0
2021031805007045,NIFRA,37,36,50,528.0,26400.0
2021031805007044,NIFRA,37,51,50,528.0,26400.0
2021031805007043,NIFRA,37,6,50,528.0,26400.0
2021031805007041,NIFRA,37,50,60,528.0,31680.0
2021031805007053,NIFRA,42,6,60,528.0,31680.0
2021031805007052,NIFRA,42,51,30,528.0,15840.0
2021031805007051,NIFRA,57,51,30,528.0,15840.0
2021031805007050,NIFRA,57,38,30,528.0,15840.0
2021031805007049,NIFRA,34,38,30,528.0,15840.0
2021031805007048,NIFRA,34,22,10,528.0,5280.0
2021031805007059,NIFRA,55,44,50,528.0,26400.0
2021031805007058,NIFRA,55,42,15,528.0,7920.0
2021031805007057,NIFRA,49,42,15,528.0,7920.0
2021031805007056,NIFRA,25,42,20,528.0,10560.0
2021031805007055,NIFRA,25,3,40,528.0,21120.0
2021031805007054,NIFRA,42,3,10,528.0,5280.0
2021031805007067,NIFRA,55,36,50,528.0,26400.0
2021031805007065,NIFRA,55,6,50,528.0,26400.0
2021031805007064,NIFRA,55,36,60,528.0,31680.0
2021031805007063,NIFRA,55,3,50,528.0,26400.0
2021031805007062,NIFRA,55,42,60,528.0,31680.0
2021031805007061,NIFRA,55,7,60,528.0,31680.0
2021031805007075,NIFRA,42,33,10,528.0,5280.0
2021031805007072,NIFRA,42,6,10,528.0,5280.0
2021031805007071,NIFRA,46,6,50,528.0,26400.0
2021031805007070,NIFRA,46,17,50,528.0,26400.0
2021031805007069,NIFRA,55,3,50,528.0,26400.0
2021031805007068,NIFRA,55,28,50,528.0,26400.0
2021031805007081,NIFRA,5,3,50,528.0,26400.0
2021031805007080,NIFRA,5,34,60,528.0,31680.0
2021031805007079,NIFRA,5,42,60,528.0,31680.0
2021031805007078,NIFRA,5,56,20,528.0,10560.0
2021031805007077,NIFRA,5,49,50,528.0,26400.0
2021031805007076,NIFRA,5,33,30,528.0,15840.0
2021031805007087,NIFRA,5,51,60,528.0,31680.0
2021031805007086,NIFRA,52,47,15,529.0,7935.0
2021031805007085,NIFRA,52,49,50,529.0,26450.0
2021031805007084,NIFRA,52,48,35,529.0,18515.0
2021031805007083,NIFRA,5,3,50,528.0,26400.0
2021031805007082,NIFRA,5,33,50,528.0,26400.0
2021031805007093,NIFRA,35,38,20,528.0,10560.0
2021031805007092,NIFRA,35,34,50,528.0,26400.0
2021031805007091,NIFRA,35,34,50,528.0,26400.0
2021031805007090,NIFRA,35,6,50,528.0,26400.0
2021031805007089,NIFRA,35,36,80,528.0,42240.0
2021031805007088,NIFRA,5,36,70,528.0,36960.0
2021031805007100,NIFRA,51,14,35,529.0,18515.0
2021031805007099,NIFRA,51,47,35,529.0,18515.0
2021031805007098,NIFRA,35,34,50,528.0,26400.0
2021031805007096,NIFRA,35,6,50,528.0,26400.0
2021031805007095,NIFRA,35,1,50,528.0,26400.0
2021031805007094,NIFRA,35,1,82,528.0,43296.0
2021031805007108,NIFRA,38,45,10,528.0,5280.0
2021031805007107,NIFRA,38,16,50,528.0,26400.0
2021031805007106,NIFRA,38,49,20,528.0,10560.0
2021031805007103,NIFRA,38,46,20,528.0,10560.0
2021031805007102,NIFRA,45,46,12,528.0,6336.0
2021031805007101,NIFRA,35,46,18,528.0,9504.0
2021031805007116,NIFRA,40,39,50,528.0,26400.0
2021031805007115,NIFRA,40,45,60,528.0,31680.0
2021031805007113,NIFRA,59,6,50,528.0,26400.0
2021031805007111,NIFRA,59,45,150,528.0,79200.0
2021031805007110,NIFRA,53,45,40,528.0,21120.0
2021031805007109,NIFRA,45,45,100,528.0,52800.0
2021031805007125,NIFRA,37,58,10,528.0,5280.0
2021031805007121,NIFRA,37,6,50,528.0,26400.0
2021031805007120,NIFRA,37,21,60,528.0,31680.0
2021031805007119,NIFRA,37,58,10,528.0,5280.0
2021031805007118,NIFRA,40,58,40,528.0,21120.0
2021031805007117,NIFRA,40,7,50,528.0,26400.0
2021031805007133,NIFRA,37,28,100,528.0,52800.0
2021031805007132,NIFRA,32,45,50,529.0,26450.0
2021031805007131,NIFRA,37,40,50,528.0,26400.0
2021031805007130,NIFRA,37,49,60,528.0,31680.0
2021031805007127,NIFRA,37,35,60,528.0,31680.0
2021031805007126,NIFRA,37,20,60,528.0,31680.0
2021031805007139,NIFRA,37,28,10,528.0,5280.0
2021031805007138,NIFRA,37,49,30,528.0,15840.0
2021031805007137,NIFRA,38,48,30,529.0,15870.0
2021031805007136,NIFRA,38,21,50,529.0,26450.0
2021031805007135,NIFRA,38,56,60,529.0,31740.0
2021031805007134,NIFRA,38,45,10,529.0,5290.0
2021031805007147,NIFRA,59,35,60,528.0,31680.0
2021031805007146,NIFRA,59,53,200,528.0,105600.0
2021031805007144,NIFRA,59,46,50,528.0,26400.0
2021031805007142,NIFRA,59,35,50,528.0,26400.0
2021031805007141,NIFRA,59,28,40,528.0,21120.0
2021031805007140,NIFRA,59,28,10,528.0,5280.0
2021031805007153,NIFRA,33,49,60,529.0,31740.0
2021031805007152,NIFRA,33,55,60,529.0,31740.0
2021031805007151,NIFRA,33,21,60,529.0,31740.0
2021031805007150,NIFRA,33,33,50,529.0,26450.0
2021031805007149,NIFRA,33,48,20,529.0,10580.0
2021031805007148,NIFRA,59,43,60,528.0,31680.0
2021031805007159,NIFRA,59,45,60,528.0,31680.0
2021031805007158,NIFRA,33,25,470,529.0,248630.0
2021031805007157,NIFRA,33,26,30,529.0,15870.0
2021031805007156,NIFRA,33,36,400,529.0,211600.0
2021031805007155,NIFRA,33,39,50,529.0,26450.0
2021031805007154,NIFRA,33,45,300,529.0,158700.0
2021031805007165,NIFRA,59,21,40,528.0,21120.0
2021031805007164,NIFRA,59,51,60,528.0,31680.0
2021031805007163,NIFRA,59,38,20,528.0,10560.0
2021031805007162,NIFRA,59,6,50,528.0,26400.0
2021031805007161,NIFRA,38,25,40,529.0,21160.0
2021031805007160,NIFRA,59,56,50,528.0,26400.0
2021031805007171,NIFRA,45,42,50,528.0,26400.0
2021031805007170,NIFRA,59,35,60,528.0,31680.0
2021031805007169,NIFRA,59,34,50,528.0,26400.0
2021031805007168,NIFRA,59,56,50,528.0,26400.0
2021031805007167,NIFRA,59,20,50,528.0,26400.0
2021031805007166,NIFRA,59,46,50,528.0,26400.0
2021031805007177,NIFRA,58,38,50,528.0,26400.0
2021031805007176,NIFRA,58,56,60,528.0,31680.0
2021031805007175,NIFRA,58,58,300,528.0,158400.0
2021031805007174,NIFRA,19,21,60,528.0,31680.0
2021031805007173,NIFRA,33,25,160,529.0,84640.0
2021031805007172,NIFRA,11,45,50,528.0,26400.0
2021031805006678,CGH,3,16,10,1292.0,12920.0
2021031805006640,CGH,3,25,10,1292.0,12920.0
2021031805006622,CGH,3,8,10,1292.0,12920.0
2021031805006612,CGH,3,8,10,1292.0,12920.0
2021031805006606,CGH,3,8,10,1292.0,12920.0
2021031805006601,CGH,3,52,10,1292.0,12920.0
2021031805006277,CGH,3,8,10,1292.0,12920.0
2021031805006189,CGH,3,10,10,1292.0,12920.0
2021031805006187,CGH,3,1,10,1292.0,12920.0
2021031805006507,CGH,3,58,10,1292.0,12920.0
2021031805006440,CGH,3,34,10,1292.0,12920.0
2021031805006400,CGH,3,47,10,1292.0,12920.0
2021031805006341,CGH,3,6,10,1292.0,12920.0
2021031805006298,CGH,3,14,10,1292.0,12920.0
2021031805006283,CGH,3,34,10,1292.0,12920.0
2021031805006598,CGH,3,42,10,1292.0,12920.0
2021031805006596,CGH,3,8,10,1292.0,12920.0
2021031805006591,CGH,3,59,10,1292.0,12920.0
2021031805006580,CGH,3,58,10,1292.0,12920.0
2021031805006526,CGH,3,34,10,1292.0,12920.0
2021031805006509,CGH,3,6,10,1292.0,12920.0
2021031805006676,GLH,38,21,10,396.0,3960.0
2021031805006647,GLH,38,58,10,396.0,3960.0
2021031805006636,GLH,38,58,10,396.0,3960.0
2021031805006635,GLH,38,6,10,396.0,3960.0
2021031805006616,GLH,38,58,10,396.0,3960.0
2021031805006605,GLH,38,6,10,396.0,3960.0
2021031805006238,GLH,38,49,10,396.0,3960.0
2021031805006237,GLH,38,38,10,396.0,3960.0
2021031805006234,GLH,38,38,10,396.0,3960.0
2021031805006229,GLH,38,57,10,396.0,3960.0
2021031805006224,GLH,38,57,10,396.0,3960.0
2021031805006215,GLH,38,19,10,396.0,3960.0
2021031805006299,GLH,38,56,10,396.0,3960.0
2021031805006290,GLH,38,18,10,396.0,3960.0
2021031805006286,GLH,38,10,10,396.0,3960.0
2021031805006276,GLH,38,37,10,396.0,3960.0
2021031805006256,GLH,38,21,10,396.0,3960.0
2021031805006249,GLH,38,56,10,396.0,3960.0
2021031805006374,GLH,38,58,10,396.0,3960.0
2021031805006368,GLH,38,42,10,396.0,3960.0
2021031805006353,GLH,38,41,10,396.0,3960.0
2021031805006339,GLH,38,3,10,396.0,3960.0
2021031805006306,GLH,38,10,10,396.0,3960.0
2021031805006301,GLH,38,21,10,396.0,3960.0
2021031805006386,GLH,38,50,10,396.0,3960.0
2021031805006385,GLH,38,58,10,396.0,3960.0
2021031805006383,GLH,38,38,10,396.0,3960.0
2021031805006382,GLH,38,39,10,396.0,3960.0
2021031805006381,GLH,38,49,10,396.0,3960.0
2021031805006376,GLH,38,49,10,396.0,3960.0
2021031805006414,GLH,38,49,10,396.0,3960.0
2021031805006413,GLH,38,49,10,396.0,3960.0
2021031805006407,GLH,38,39,10,396.0,3960.0
2021031805006406,GLH,38,49,10,396.0,3960.0
2021031805006404,GLH,38,47,10,396.0,3960.0
2021031805006401,GLH,38,49,10,396.0,3960.0
2021031805006470,GLH,38,26,10,396.0,3960.0
2021031805006468,GLH,38,26,10,396.0,3960.0
2021031805006463,GLH,38,52,10,396.0,3960.0
2021031805006456,GLH,38,42,10,396.0,3960.0
2021031805006447,GLH,38,41,10,396.0,3960.0
2021031805006437,GLH,38,45,10,396.0,3960.0
2021031805006520,GLH,38,41,10,396.0,3960.0
2021031805006508,GLH,38,49,10,396.0,3960.0
2021031805006495,GLH,38,50,10,396.0,3960.0
2021031805006484,GLH,38,32,10,396.0,3960.0
2021031805006480,GLH,38,26,10,396.0,3960.0
2021031805006476,GLH,38,26,10,396.0,3960.0
2021031805006583,GLH,38,22,10,396.0,3960.0
2021031805006569,GLH,38,47,10,396.0,3960.0
2021031805006541,GLH,38,48,10,396.0,3960.0
2021031805006532,GLH,38,49,10,396.0,3960.0
2021031805006528,GLH,38,42,10,396.0,3960.0
2021031805006527,GLH,38,58,10,396.0,3960.0
2021031805006618,MLBSL,38,35,1,438.0,438.0
2021031805006683,NIFRA,41,1,200,530.0,106000.0
2021031805006682,NIFRA,45,26,10,529.0,5290.0
2021031805006681,NIFRA,5,26,150,529.0,79350.0
2021031805006680,NIFRA,5,45,50,529.0,26450.0
2021031805006679,NIFRA,5,49,50,529.0,26450.0
2021031805006677,NIFRA,32,38,60,529.0,31740.0
2021031805006188,NIFRA,49,52,50,529.0,26450.0
2021031805006186,NIFRA,36,58,10,530.0,5300.0
2021031805006185,NIFRA,36,13,10,530.0,5300.0
2021031805006184,NIFRA,36,39,60,530.0,31800.0
2021031805006195,NIFRA,57,22,60,530.0,31800.0
2021031805006194,NIFRA,49,29,60,529.0,31740.0
2021031805006193,NIFRA,49,52,50,529.0,26450.0
2021031805006192,NIFRA,49,38,50,529.0,26450.0
2021031805006191,NIFRA,49,44,60,529.0,31740.0
2021031805006190,NIFRA,49,26,50,529.0,26450.0
2021031805006201,NIFRA,57,14,20,530.0,10600.0
2021031805006200,NIFRA,57,45,50,530.0,26500.0
2021031805006199,NIFRA,57,14,20,530.0,10600.0
2021031805006198,NIFRA,57,32,50,530.0,26500.0
2021031805006197,NIFRA,57,6,60,530.0,31800.0
2021031805006196,NIFRA,57,56,300,530.0,159000.0
2021031805006207,NIFRA,57,45,50,530.0,26500.0
2021031805006206,NIFRA,57,22,50,530.0,26500.0
2021031805006205,NIFRA,57,14,30,530.0,15900.0
2021031805006204,NIFRA,57,49,40,530.0,21200.0
2021031805006203,NIFRA,57,14,30,530.0,15900.0
2021031805006202,NIFRA,57,33,100,530.0,53000.0
2021031805006213,NIFRA,49,38,50,529.0,26450.0
2021031805006212,NIFRA,57,47,18,530.0,9540.0
2021031805006211,NIFRA,57,29,50,530.0,26500.0
2021031805006210,NIFRA,57,42,10,530.0,5300.0
2021031805006209,NIFRA,57,58,50,530.0,26500.0
2021031805006208,NIFRA,57,39,50,530.0,26500.0
2021031805006220,NIFRA,49,41,50,529.0,26450.0
2021031805006219,NIFRA,49,56,50,529.0,26450.0
2021031805006218,NIFRA,49,45,10,529.0,5290.0
2021031805006217,NIFRA,38,47,42,530.0,22260.0
2021031805006216,NIFRA,49,11,60,529.0,31740.0
2021031805006214,NIFRA,49,17,50,529.0,26450.0
2021031805006227,NIFRA,49,17,60,529.0,31740.0
2021031805006226,NIFRA,49,11,60,529.0,31740.0
2021031805006225,NIFRA,49,6,60,529.0,31740.0
2021031805006223,NIFRA,49,17,50,529.0,26450.0
2021031805006222,NIFRA,49,21,50,529.0,26450.0
2021031805006221,NIFRA,49,52,50,529.0,26450.0
2021031805006235,NIFRA,49,49,50,529.0,26450.0
2021031805006233,NIFRA,49,17,50,529.0,26450.0
2021031805006232,NIFRA,49,50,50,529.0,26450.0
2021031805006231,NIFRA,49,19,60,529.0,31740.0
2021031805006230,NIFRA,49,38,60,529.0,31740.0
2021031805006228,NIFRA,49,39,50,529.0,26450.0
2021031805006243,NIFRA,8,52,20,530.0,10600.0
2021031805006242,NIFRA,8,21,40,530.0,21200.0
2021031805006241,NIFRA,49,17,50,529.0,26450.0
2021031805006240,NIFRA,49,38,50,529.0,26450.0
2021031805006239,NIFRA,49,45,50,529.0,26450.0
2021031805006236,NIFRA,49,16,60,529.0,31740.0
2021031805006250,NIFRA,49,17,50,529.0,26450.0
2021031805006248,NIFRA,49,36,50,529.0,26450.0
2021031805006247,NIFRA,49,26,50,529.0,26450.0
2021031805006246,NIFRA,49,17,50,529.0,26450.0
2021031805006245,NIFRA,49,21,50,529.0,26450.0
2021031805006244,NIFRA,49,41,60,529.0,31740.0
2021031805006257,NIFRA,49,42,20,529.0,10580.0
2021031805006255,NIFRA,26,45,40,530.0,21200.0
2021031805006254,NIFRA,26,36,20,530.0,10600.0
2021031805006253,NIFRA,26,48,60,530.0,31800.0
2021031805006252,NIFRA,26,44,50,530.0,26500.0
2021031805006251,NIFRA,26,52,30,530.0,15900.0
2021031805006263,NIFRA,33,34,60,530.0,31800.0
2021031805006262,NIFRA,33,57,30,530.0,15900.0
2021031805006261,NIFRA,33,22,50,530.0,26500.0
2021031805006260,NIFRA,33,45,60,530.0,31800.0
2021031805006259,NIFRA,49,11,60,529.0,31740.0
2021031805006258,NIFRA,55,13,50,530.0,26500.0
2021031805006269,NIFRA,33,42,50,530.0,26500.0
2021031805006268,NIFRA,33,36,50,530.0,26500.0
2021031805006267,NIFRA,33,26,50,530.0,26500.0
2021031805006266,NIFRA,33,39,50,530.0,26500.0
2021031805006265,NIFRA,33,37,50,530.0,26500.0
2021031805006264,NIFRA,33,6,50,530.0,26500.0
2021031805006275,NIFRA,33,11,50,530.0,26500.0
2021031805006274,NIFRA,33,38,40,530.0,21200.0
2021031805006273,NIFRA,33,36,50,530.0,26500.0
2021031805006272,NIFRA,33,11,50,530.0,26500.0
2021031805006271,NIFRA,33,49,60,530.0,31800.0
2021031805006270,NIFRA,33,6,45,530.0,23850.0
2021031805006284,NIFRA,33,36,50,530.0,26500.0
2021031805006282,NIFRA,33,6,60,530.0,31800.0
2021031805006281,NIFRA,33,11,50,530.0,26500.0
2021031805006280,NIFRA,33,4,40,530.0,21200.0
2021031805006279,NIFRA,33,39,50,530.0,26500.0
2021031805006278,NIFRA,33,46,50,530.0,26500.0
2021031805006292,NIFRA,33,39,60,530.0,31800.0
2021031805006291,NIFRA,33,11,50,530.0,26500.0
2021031805006289,NIFRA,33,50,50,530.0,26500.0
2021031805006288,NIFRA,33,11,50,530.0,26500.0
2021031805006287,NIFRA,33,26,60,530.0,31800.0
2021031805006285,NIFRA,33,48,20,530.0,10600.0
2021031805006300,NIFRA,33,54,60,530.0,31800.0
2021031805006297,NIFRA,33,26,50,530.0,26500.0
2021031805006296,NIFRA,33,29,60,530.0,31800.0
2021031805006295,NIFRA,33,42,50,530.0,26500.0
2021031805006294,NIFRA,33,57,50,530.0,26500.0
2021031805006293,NIFRA,33,49,40,530.0,21200.0
2021031805006308,NIFRA,33,36,45,530.0,23850.0
2021031805006307,NIFRA,33,39,50,530.0,26500.0
2021031805006305,NIFRA,33,26,50,530.0,26500.0
2021031805006304,NIFRA,33,39,60,530.0,31800.0
2021031805006303,NIFRA,33,34,50,530.0,26500.0
2021031805006302,NIFRA,33,42,50,530.0,26500.0
2021031805006314,NIFRA,8,47,60,530.0,31800.0
2021031805006313,NIFRA,8,58,60,530.0,31800.0
2021031805006312,NIFRA,8,42,60,530.0,31800.0
