Transact. No.,Symbol,Buyer,Seller,Quantity,Rate,Amount
2021031005007693,CGH,59,34,10,804.0,8040.0
2021031005007574,CGH,59,33,10,804.0,8040.0
2021031005007511,CGH,59,48,10,804.0,8040.0
2021031005007459,CGH,59,34,10,804.0,8040.0
2021031005007443,CGH,59,58,10,804.0,8040.0
2021031005007432,CGH,59,58,10,804.0,8040.0
2021031005007400,CGH,59,25,10,804.0,8040.0
2021031005007391,CGH,59,58,10,804.0,8040.0
2021031005007331,CGH,59,58,10,804.0,8040.0
2021031005007217,CGH,59,58,10,804.0,8040.0
2021031005007697,NIFRA,5,50,100,531.0,53100.0
2021031005007696,NIFRA,54,35,185,530.0,98050.0
2021031005007695,NIFRA,42,35,15,530.0,7950.0
2021031005007694,NIFRA,42,47,60,530.0,31800.0
2021031005007687,NIFRA,42,43,50,530.0,26500.0
2021031005007685,NIFRA,42,29,50,530.0,26500.0
2021031005007200,NIFRA,14,38,50,532.0,26600.0
2021031005007198,NIFRA,14,29,60,532.0,31920.0
2021031005007207,NIFRA,55,34,50,534.0,26700.0
2021031005007206,NIFRA,42,19,50,532.0,26600.0
2021031005007205,NIFRA,14,44,60,532.0,31920.0
2021031005007204,NIFRA,14,48,50,532.0,26600.0
2021031005007203,NIFRA,14,52,50,532.0,26600.0
2021031005007201,NIFRA,14,20,50,532.0,26600.0
2021031005007215,NIFRA,42,21,30,532.0,15960.0
2021031005007213,NIFRA,42,16,20,532.0,10640.0
2021031005007212,NIFRA,6,16,30,533.0,15990.0
2021031005007211,NIFRA,6,34,50,533.0,26650.0
2021031005007210,NIFRA,42,11,50,532.0,26600.0
2021031005007208,NIFRA,55,41,40,534.0,21360.0
2021031005007226,NIFRA,42,34,10,532.0,5320.0
2021031005007225,NIFRA,42,56,40,532.0,21280.0
2021031005007224,NIFRA,38,45,10,534.0,5340.0
2021031005007223,NIFRA,42,57,50,532.0,26600.0
2021031005007221,NIFRA,42,58,60,532.0,31920.0
2021031005007220,NIFRA,43,45,30,534.0,16020.0
2021031005007232,NIFRA,52,6,40,532.0,21280.0
2021031005007231,NIFRA,52,21,40,532.0,21280.0
2021031005007230,NIFRA,42,21,20,532.0,10640.0
2021031005007229,NIFRA,42,16,50,532.0,26600.0
2021031005007228,NIFRA,42,21,60,532.0,31920.0
2021031005007227,NIFRA,42,44,60,532.0,31920.0
2021031005007238,NIFRA,34,11,20,532.0,10640.0
2021031005007237,NIFRA,34,39,120,532.0,63840.0
2021031005007236,NIFRA,44,39,60,532.0,31920.0
2021031005007235,NIFRA,34,32,30,532.0,15960.0
2021031005007234,NIFRA,34,35,30,532.0,15960.0
2021031005007233,NIFRA,52,35,20,532.0,10640.0
2021031005007245,NIFRA,42,38,30,531.0,15930.0
2021031005007244,NIFRA,55,38,30,532.0,15960.0
2021031005007243,NIFRA,55,11,30,532.0,15960.0
2021031005007241,NIFRA,42,20,50,531.0,26550.0
2021031005007240,NIFRA,42,56,30,531.0,15930.0
2021031005007239,NIFRA,42,38,50,531.0,26550.0
2021031005007251,NIFRA,58,58,50,531.0,26550.0
2021031005007250,NIFRA,58,44,30,531.0,15930.0
2021031005007249,NIFRA,42,44,20,531.0,10620.0
2021031005007248,NIFRA,42,11,50,531.0,26550.0
2021031005007247,NIFRA,42,40,50,531.0,26550.0
2021031005007246,NIFRA,42,16,50,531.0,26550.0
2021031005007257,NIFRA,42,58,50,531.0,26550.0
2021031005007256,NIFRA,55,58,5,533.0,2665.0
2021031005007255,NIFRA,1,55,40,531.0,21240.0
2021031005007254,NIFRA,58,55,20,531.0,10620.0
2021031005007253,NIFRA,55,42,50,532.0,26600.0
2021031005007252,NIFRA,55,47,50,532.0,26600.0
2021031005007264,NIFRA,42,54,50,531.0,26550.0
2021031005007262,NIFRA,42,42,60,531.0,31860.0
2021031005007261,NIFRA,55,42,10,532.0,5320.0
2021031005007260,NIFRA,55,42,25,532.0,13300.0
2021031005007259,NIFRA,55,57,60,532.0,31920.0
2021031005007258,NIFRA,42,29,50,531.0,26550.0
2021031005007270,NIFRA,42,29,50,531.0,26550.0
2021031005007269,NIFRA,55,17,10,533.0,5330.0
2021031005007268,NIFRA,55,48,500,533.0,266500.0
2021031005007267,NIFRA,55,34,50,533.0,26650.0
2021031005007266,NIFRA,55,34,50,532.0,26600.0
2021031005007265,NIFRA,42,38,50,531.0,26550.0
2021031005007276,NIFRA,55,16,30,531.0,15930.0
2021031005007275,NIFRA,35,16,10,531.0,5310.0
2021031005007274,NIFRA,42,16,10,531.0,5310.0
2021031005007273,NIFRA,42,36,60,531.0,31860.0
2021031005007272,NIFRA,42,11,60,531.0,31860.0
2021031005007271,NIFRA,42,34,60,531.0,31860.0
2021031005007282,NIFRA,55,29,30,531.0,15930.0
2021031005007281,NIFRA,19,29,20,530.0,10600.0
2021031005007280,NIFRA,8,29,30,530.0,15900.0
2021031005007279,NIFRA,8,38,60,530.0,31800.0
2021031005007278,NIFRA,58,29,20,531.0,10620.0
2021031005007277,NIFRA,55,47,20,532.0,10640.0
2021031005007288,NIFRA,1,29,10,530.0,5300.0
2021031005007287,NIFRA,45,29,40,530.0,21200.0
2021031005007286,NIFRA,45,43,60,530.0,31800.0
2021031005007285,NIFRA,58,35,55,531.0,29205.0
2021031005007284,NIFRA,58,43,20,530.0,10600.0
2021031005007283,NIFRA,19,43,30,530.0,15900.0
2021031005007295,NIFRA,16,58,30,530.0,15900.0
2021031005007293,NIFRA,16,32,50,530.0,26500.0
2021031005007292,NIFRA,57,11,50,530.0,26500.0
2021031005007291,NIFRA,57,29,50,530.0,26500.0
2021031005007290,NIFRA,51,42,50,532.0,26600.0
2021031005007289,NIFRA,51,42,50,532.0,26600.0
2021031005007302,NIFRA,44,50,60,530.0,31800.0
2021031005007301,NIFRA,44,45,30,530.0,15900.0
2021031005007300,NIFRA,44,22,10,530.0,5300.0
2021031005007299,NIFRA,44,32,50,530.0,26500.0
2021031005007298,NIFRA,44,45,30,530.0,15900.0
2021031005007297,NIFRA,16,45,20,530.0,10600.0
2021031005007308,NIFRA,42,51,50,530.0,26500.0
2021031005007307,NIFRA,42,29,50,530.0,26500.0
2021031005007306,NIFRA,42,43,80,530.0,42400.0
2021031005007305,NIFRA,35,43,500,530.0,265000.0
2021031005007304,NIFRA,44,43,120,530.0,63600.0
2021031005007303,NIFRA,56,43,300,530.0,159000.0
2021031005007315,NIFRA,8,43,90,530.0,47700.0
2021031005007314,NIFRA,8,8,10,530.0,5300.0
2021031005007313,NIFRA,58,8,70,530.0,37100.0
2021031005007312,NIFRA,42,8,120,530.0,63600.0
2021031005007311,NIFRA,42,16,50,530.0,26500.0
2021031005007309,NIFRA,42,38,50,530.0,26500.0
2021031005007321,NIFRA,58,43,40,530.0,21200.0
2021031005007320,NIFRA,56,43,50,530.0,26500.0
2021031005007319,NIFRA,45,43,30,530.0,15900.0
2021031005007318,NIFRA,25,43,10,530.0,5300.0
2021031005007317,NIFRA,50,43,50,530.0,26500.0
2021031005007316,NIFRA,59,43,40,530.0,21200.0
2021031005007327,NIFRA,50,43,200,530.0,106000.0
2021031005007326,NIFRA,58,43,27,530.0,14310.0
2021031005007325,NIFRA,45,43,50,530.0,26500.0
2021031005007324,NIFRA,42,43,50,530.0,26500.0
2021031005007323,NIFRA,32,43,100,530.0,53000.0
2021031005007322,NIFRA,51,43,100,530.0,53000.0
2021031005007335,NIFRA,6,11,13,530.0,6890.0
2021031005007334,NIFRA,34,11,37,530.0,19610.0
2021031005007332,NIFRA,34,29,50,530.0,26500.0
2021031005007330,NIFRA,34,49,50,530.0,26500.0
2021031005007329,NIFRA,34,43,63,530.0,33390.0
2021031005007328,NIFRA,6,43,100,530.0,53000.0
2021031005007341,NIFRA,54,29,50,530.0,26500.0
2021031005007340,NIFRA,19,48,43,530.0,22790.0
2021031005007339,NIFRA,16,48,100,530.0,53000.0
2021031005007338,NIFRA,6,48,37,530.0,19610.0
2021031005007337,NIFRA,34,58,50,531.0,26550.0
2021031005007336,NIFRA,34,42,10,531.0,5310.0
2021031005007349,NIFRA,45,49,200,530.0,106000.0
2021031005007347,NIFRA,59,58,50,530.0,26500.0
2021031005007346,NIFRA,59,16,60,530.0,31800.0
2021031005007344,NIFRA,44,57,10,531.0,5310.0
2021031005007343,NIFRA,44,17,50,531.0,26550.0
2021031005007342,NIFRA,59,29,10,530.0,5300.0
2021031005007356,NIFRA,35,35,50,531.0,26550.0
2021031005007355,NIFRA,35,57,50,531.0,26550.0
2021031005007353,NIFRA,59,26,70,530.0,37100.0
2021031005007352,NIFRA,59,4,50,530.0,26500.0
2021031005007351,NIFRA,59,29,60,530.0,31800.0
2021031005007350,NIFRA,59,49,50,530.0,26500.0
2021031005007362,NIFRA,34,29,50,529.0,26450.0
2021031005007361,NIFRA,34,48,50,529.0,26450.0
2021031005007360,NIFRA,21,47,110,530.0,58300.0
2021031005007359,NIFRA,58,47,200,530.0,106000.0
2021031005007358,NIFRA,34,47,40,530.0,21200.0
2021031005007357,NIFRA,59,47,140,530.0,74200.0
2021031005007369,NIFRA,57,38,50,530.0,26500.0
2021031005007368,NIFRA,57,21,60,530.0,31800.0
2021031005007367,NIFRA,57,45,10,530.0,5300.0
2021031005007366,NIFRA,57,50,50,530.0,26500.0
2021031005007365,NIFRA,57,36,55,530.0,29150.0
2021031005007364,NIFRA,57,47,380,530.0,201400.0
2021031005007375,NIFRA,57,14,50,531.0,26550.0
2021031005007374,NIFRA,57,49,60,531.0,31860.0
2021031005007373,NIFRA,57,57,50,531.0,26550.0
2021031005007372,NIFRA,57,42,50,531.0,26550.0
2021031005007371,NIFRA,57,35,10,531.0,5310.0
2021031005007370,NIFRA,57,58,60,530.0,31800.0
2021031005007382,NIFRA,49,58,50,532.0,26600.0
2021031005007381,NIFRA,49,47,20,532.0,10640.0
2021031005007380,NIFRA,49,34,60,532.0,31920.0
2021031005007379,NIFRA,34,38,35,531.0,18585.0
2021031005007378,NIFRA,57,38,15,531.0,7965.0
2021031005007377,NIFRA,57,53,100,531.0,53100.0
2021031005007388,NIFRA,6,48,15,530.0,7950.0
2021031005007387,NIFRA,6,21,35,530.0,18550.0
2021031005007386,NIFRA,34,21,15,531.0,7965.0
2021031005007385,NIFRA,49,49,10,532.0,5320.0
2021031005007384,NIFRA,49,44,100,532.0,53200.0
2021031005007383,NIFRA,49,42,60,532.0,31920.0
2021031005007396,NIFRA,42,34,60,530.0,31800.0
2021031005007395,NIFRA,42,58,49,530.0,25970.0
2021031005007394,NIFRA,42,38,50,530.0,26500.0
2021031005007393,NIFRA,42,49,50,530.0,26500.0
2021031005007390,NIFRA,42,48,15,530.0,7950.0
2021031005007389,NIFRA,36,48,20,530.0,10600.0
2021031005007404,NIFRA,21,18,60,531.0,31860.0
2021031005007403,NIFRA,21,39,210,531.0,111510.0
2021031005007402,NIFRA,21,51,50,531.0,26550.0
2021031005007399,NIFRA,21,49,60,531.0,31860.0
2021031005007398,NIFRA,21,18,50,531.0,26550.0
2021031005007397,NIFRA,21,14,50,531.0,26550.0
2021031005007412,NIFRA,42,38,50,530.0,26500.0
2021031005007410,NIFRA,42,20,40,530.0,21200.0
2021031005007409,NIFRA,6,20,20,531.0,10620.0
2021031005007408,NIFRA,6,51,50,531.0,26550.0
2021031005007406,NIFRA,6,41,30,531.0,15930.0
2021031005007405,NIFRA,21,41,20,531.0,10620.0
2021031005007420,NIFRA,34,26,34,530.0,18020.0
2021031005007419,NIFRA,42,26,16,530.0,8480.0
2021031005007418,NIFRA,42,41,50,530.0,26500.0
2021031005007417,NIFRA,42,38,10,530.0,5300.0
2021031005007415,NIFRA,42,49,60,530.0,31800.0
2021031005007414,NIFRA,42,41,50,530.0,26500.0
2021031005007426,NIFRA,47,58,50,530.0,26500.0
2021031005007425,NIFRA,47,5,50,530.0,26500.0
2021031005007424,NIFRA,47,29,20,530.0,10600.0
2021031005007423,NIFRA,47,49,50,530.0,26500.0
2021031005007422,NIFRA,47,18,50,530.0,26500.0
2021031005007421,NIFRA,34,21,41,530.0,21730.0
2021031005007433,NIFRA,5,48,30,531.0,15930.0
2021031005007431,NIFRA,47,18,50,530.0,26500.0
2021031005007430,NIFRA,47,21,50,530.0,26500.0
2021031005007429,NIFRA,42,48,20,531.0,10620.0
2021031005007428,NIFRA,40,48,50,531.0,26550.0
2021031005007427,NIFRA,47,38,50,530.0,26500.0
2021031005007441,NIFRA,52,11,50,531.0,26550.0
2021031005007440,NIFRA,52,17,60,531.0,31860.0
2021031005007439,NIFRA,52,11,60,531.0,31860.0
2021031005007438,NIFRA,52,57,20,531.0,10620.0
2021031005007437,NIFRA,47,20,50,530.0,26500.0
2021031005007434,NIFRA,5,57,30,531.0,15930.0
2021031005007450,NIFRA,21,57,50,531.0,26550.0
2021031005007449,NIFRA,38,57,10,531.0,5310.0
2021031005007447,NIFRA,38,21,50,531.0,26550.0
2021031005007446,NIFRA,38,58,50,531.0,26550.0
2021031005007445,NIFRA,47,6,40,530.0,21200.0
2021031005007444,NIFRA,52,6,10,531.0,5310.0
2021031005007456,NIFRA,42,38,50,531.0,26550.0
2021031005007455,NIFRA,42,18,50,531.0,26550.0
2021031005007454,NIFRA,42,20,40,531.0,21240.0
2021031005007453,NIFRA,51,20,10,531.0,5310.0
2021031005007452,NIFRA,51,38,10,531.0,5310.0
2021031005007451,NIFRA,21,38,40,531.0,21240.0
2021031005007464,NIFRA,42,49,50,531.0,26550.0
2021031005007463,NIFRA,42,42,20,531.0,10620.0
2021031005007462,NIFRA,42,52,60,531.0,31860.0
2021031005007461,NIFRA,42,16,35,531.0,18585.0
2021031005007460,NIFRA,42,42,10,531.0,5310.0
2021031005007458,NIFRA,42,42,20,531.0,10620.0
2021031005007471,NIFRA,47,29,40,530.0,21200.0
2021031005007470,NIFRA,42,29,455,531.0,241605.0
2021031005007469,NIFRA,42,18,60,531.0,31860.0
2021031005007467,NIFRA,42,42,50,531.0,26550.0
2021031005007466,NIFRA,42,55,50,531.0,26550.0
2021031005007465,NIFRA,42,42,50,531.0,26550.0
2021031005007477,NIFRA,22,57,260,531.0,138060.0
2021031005007476,NIFRA,22,55,90,531.0,47790.0
2021031005007475,NIFRA,22,21,150,531.0,79650.0
2021031005007474,NIFRA,35,21,50,531.0,26550.0
2021031005007473,NIFRA,35,56,50,531.0,26550.0
2021031005007472,NIFRA,46,50,50,530.0,26500.0
2021031005007484,NIFRA,49,56,60,530.0,31800.0
2021031005007483,NIFRA,45,57,100,531.0,53100.0
2021031005007481,NIFRA,49,36,50,530.0,26500.0
2021031005007480,NIFRA,49,52,30,530.0,15900.0
2021031005007479,NIFRA,46,52,50,530.0,26500.0
2021031005007478,NIFRA,22,57,100,531.0,53100.0
2021031005007494,NIFRA,49,49,60,530.0,31800.0
2021031005007493,NIFRA,49,42,60,530.0,31800.0
2021031005007492,NIFRA,49,21,20,530.0,10600.0
2021031005007487,NIFRA,49,18,60,530.0,31800.0
2021031005007486,NIFRA,49,21,60,530.0,31800.0
2021031005007485,NIFRA,45,57,100,531.0,53100.0
2021031005007500,NIFRA,42,58,50,531.0,26550.0
2021031005007499,NIFRA,42,57,50,531.0,26550.0
2021031005007498,NIFRA,42,58,50,531.0,26550.0
2021031005007497,NIFRA,42,50,60,531.0,31860.0
2021031005007496,NIFRA,42,48,10,531.0,5310.0
2021031005007495,NIFRA,42,57,190,531.0,100890.0
2021031005007506,NIFRA,13,41,30,531.0,15930.0
2021031005007505,NIFRA,13,6,470,531.0,249570.0
2021031005007504,NIFRA,49,51,50,530.0,26500.0
2021031005007503,NIFRA,42,6,30,531.0,15930.0
2021031005007502,NIFRA,42,33,50,531.0,26550.0
2021031005007501,NIFRA,42,21,10,531.0,5310.0
2021031005007513,NIFRA,57,35,200,531.0,106200.0
2021031005007512,NIFRA,57,41,20,531.0,10620.0
2021031005007510,NIFRA,49,35,50,530.0,26500.0
2021031005007509,NIFRA,49,58,50,530.0,26500.0
2021031005007508,NIFRA,49,6,50,530.0,26500.0
2021031005007507,NIFRA,49,21,50,530.0,26500.0
2021031005007519,NIFRA,57,26,60,531.0,31860.0
2021031005007518,NIFRA,57,58,50,531.0,26550.0
2021031005007517,NIFRA,57,48,50,531.0,26550.0
2021031005007516,NIFRA,57,48,150,531.0,79650.0
2021031005007515,NIFRA,57,26,30,531.0,15930.0
2021031005007514,NIFRA,57,55,60,531.0,31860.0
2021031005007526,NIFRA,57,53,60,531.0,31860.0
2021031005007525,NIFRA,57,21,50,531.0,26550.0
2021031005007524,NIFRA,57,47,60,531.0,31860.0
2021031005007522,NIFRA,57,33,25,531.0,13275.0
2021031005007521,NIFRA,57,43,20,531.0,10620.0
2021031005007520,NIFRA,57,42,50,531.0,26550.0
2021031005007532,NIFRA,47,36,100,530.0,53000.0
2021031005007531,NIFRA,49,36,300,530.0,159000.0
2021031005007530,NIFRA,49,35,50,530.0,26500.0
2021031005007529,NIFRA,42,56,110,531.0,58410.0
2021031005007528,NIFRA,57,56,65,531.0,34515.0
2021031005007527,NIFRA,57,21,50,531.0,26550.0
2021031005007538,NIFRA,47,46,60,530.0,31800.0
2021031005007537,NIFRA,22,46,65,530.0,34450.0
2021031005007536,NIFRA,45,56,50,531.0,26550.0
2021031005007535,NIFRA,22,36,435,530.0,230550.0
2021031005007534,NIFRA,38,36,50,530.0,26500.0
2021031005007533,NIFRA,48,36,115,530.0,60950.0
2021031005007544,NIFRA,45,56,100,531.0,53100.0
2021031005007543,NIFRA,7,56,200,531.0,106200.0
2021031005007542,NIFRA,40,56,100,531.0,53100.0
2021031005007541,NIFRA,49,56,10,530.0,5300.0
2021031005007540,NIFRA,49,18,50,530.0,26500.0
2021031005007539,NIFRA,49,46,175,530.0,92750.0
2021031005007550,NIFRA,49,34,55,530.0,29150.0
2021031005007549,NIFRA,49,49,1,540.0,540.0
2021031005007548,NIFRA,49,36,150,530.0,79500.0
2021031005007547,NIFRA,49,26,60,530.0,31800.0
2021031005007546,NIFRA,45,56,500,531.0,265500.0
2021031005007545,NIFRA,40,56,10,531.0,5310.0
2021031005007557,NIFRA,40,59,380,530.0,201400.0
2021031005007556,NIFRA,40,39,25,530.0,13250.0
2021031005007555,NIFRA,54,39,695,530.0,368350.0
2021031005007554,NIFRA,54,51,110,530.0,58300.0
2021031005007553,NIFRA,57,56,100,531.0,53100.0
2021031005007551,NIFRA,54,34,195,530.0,103350.0
2021031005007564,NIFRA,49,45,45,530.0,23850.0
2021031005007562,NIFRA,49,58,30,530.0,15900.0
2021031005007561,NIFRA,49,54,25,530.0,13250.0
2021031005007560,NIFRA,40,54,25,530.0,13250.0
2021031005007559,NIFRA,40,52,50,530.0,26500.0
2021031005007558,NIFRA,40,14,100,530.0,53000.0
2021031005007572,NIFRA,46,14,100,530.0,53000.0
2021031005007569,NIFRA,46,45,60,530.0,31800.0
2021031005007568,NIFRA,46,10,110,530.0,58300.0
2021031005007567,NIFRA,46,32,10,530.0,5300.0
2021031005007566,NIFRA,45,32,50,530.0,26500.0
2021031005007565,NIFRA,45,39,50,530.0,26500.0
2021031005007580,NIFRA,42,58,30,530.0,15900.0
2021031005007579,NIFRA,54,58,20,530.0,10600.0
2021031005007578,NIFRA,54,58,480,530.0,254400.0
2021031005007577,NIFRA,46,58,20,530.0,10600.0
2021031005007575,NIFRA,46,22,17,530.0,9010.0
2021031005007573,NIFRA,46,58,60,530.0,31800.0
2021031005007586,NIFRA,57,10,20,530.0,10600.0
2021031005007585,NIFRA,25,56,20,531.0,10620.0
2021031005007584,NIFRA,57,38,60,530.0,31800.0
2021031005007583,NIFRA,57,11,20,530.0,10600.0
2021031005007582,NIFRA,42,11,30,530.0,15900.0
2021031005007581,NIFRA,42,6,50,530.0,26500.0
2021031005007592,NIFRA,48,56,50,531.0,26550.0
2021031005007591,NIFRA,6,22,10,530.0,5300.0
2021031005007590,NIFRA,22,56,500,531.0,265500.0
2021031005007589,NIFRA,22,56,250,531.0,132750.0
2021031005007588,NIFRA,6,34,35,530.0,18550.0
2021031005007587,NIFRA,6,10,90,530.0,47700.0
2021031005007601,NIFRA,34,53,60,531.0,31860.0
2021031005007600,NIFRA,34,56,395,531.0,209745.0
2021031005007597,NIFRA,49,56,250,531.0,132750.0
2021031005007596,NIFRA,6,29,5,530.0,2650.0
2021031005007595,NIFRA,6,47,50,530.0,26500.0
2021031005007594,NIFRA,6,21,10,530.0,5300.0
2021031005007607,NIFRA,45,34,60,530.0,31800.0
2021031005007606,NIFRA,45,33,50,530.0,26500.0
2021031005007605,NIFRA,5,33,50,530.0,26500.0
2021031005007604,NIFRA,5,20,50,530.0,26500.0
2021031005007603,NIFRA,34,36,35,531.0,18585.0
2021031005007602,NIFRA,34,8,10,531.0,5310.0
2021031005007613,NIFRA,51,38,50,530.0,26500.0
2021031005007612,NIFRA,51,43,10,530.0,5300.0
2021031005007611,NIFRA,3,43,20,530.0,10600.0
2021031005007610,NIFRA,3,7,20,530.0,10600.0
2021031005007609,NIFRA,45,7,20,530.0,10600.0
2021031005007608,NIFRA,45,21,50,530.0,26500.0
2021031005007635,NIFRA,57,29,60,531.0,31860.0
2021031005007634,NIFRA,57,17,50,531.0,26550.0
2021031005007633,NIFRA,57,32,100,531.0,53100.0
2021031005007632,NIFRA,57,41,60,531.0,31860.0
2021031005007631,NIFRA,57,36,65,531.0,34515.0
2021031005007630,NIFRA,51,10,50,530.0,26500.0
2021031005007641,NIFRA,57,49,50,531.0,26550.0
2021031005007640,NIFRA,57,41,50,531.0,26550.0
2021031005007639,NIFRA,57,58,31,531.0,16461.0
2021031005007638,NIFRA,57,41,50,531.0,26550.0
2021031005007637,NIFRA,57,41,60,531.0,31860.0
2021031005007636,NIFRA,57,26,60,531.0,31860.0
2021031005007647,NIFRA,57,49,50,531.0,26550.0
2021031005007646,NIFRA,57,38,50,531.0,26550.0
2021031005007645,NIFRA,57,22,60,531.0,31860.0
2021031005007644,NIFRA,57,45,50,531.0,26550.0
2021031005007643,NIFRA,57,21,60,531.0,31860.0
2021031005007642,NIFRA,57,32,50,531.0,26550.0
2021031005007654,NIFRA,55,33,20,530.0,10600.0
2021031005007653,NIFRA,17,3,50,530.0,26500.0
2021031005007652,NIFRA,51,46,80,530.0,42400.0
2021031005007651,NIFRA,53,46,170,530.0,90100.0
2021031005007650,NIFRA,51,38,106,530.0,56180.0
2021031005007649,NIFRA,57,38,44,531.0,23364.0
2021031005007663,NIFRA,37,38,60,530.0,31800.0
2021031005007662,NIFRA,25,50,100,531.0,53100.0
2021031005007660,NIFRA,37,43,50,530.0,26500.0
2021031005007657,NIFRA,17,50,25,531.0,13275.0
2021031005007656,NIFRA,17,58,50,531.0,26550.0
2021031005007655,NIFRA,37,33,40,530.0,21200.0
2021031005007670,NIFRA,37,48,10,530.0,5300.0
2021031005007669,NIFRA,37,57,100,530.0,53000.0
2021031005007667,NIFRA,37,38,50,530.0,26500.0
2021031005007666,NIFRA,54,50,50,531.0,26550.0
2021031005007665,NIFRA,37,59,60,530.0,31800.0
2021031005007664,NIFRA,37,4,20,530.0,10600.0
2021031005007677,NIFRA,37,58,215,530.0,113950.0
2021031005007676,NIFRA,42,58,185,530.0,98050.0
2021031005007675,NIFRA,37,58,40,530.0,21200.0
2021031005007673,NIFRA,1,50,200,531.0,106200.0
2021031005007672,NIFRA,37,45,50,530.0,26500.0
2021031005007671,NIFRA,37,38,60,530.0,31800.0
2021031005007684,NIFRA,42,34,25,530.0,13250.0
2021031005007683,NIFRA,57,34,35,530.0,18550.0
2021031005007682,NIFRA,57,19,15,530.0,7950.0
2021031005007681,NIFRA,37,19,35,530.0,18550.0
2021031005007680,NIFRA,37,58,60,530.0,31800.0
2021031005007679,NIFRA,37,37,50,530.0,26500.0
2021031005007692,PLI,34,52,10,745.0,7450.0
2021031005007691,PLI,34,38,10,745.0,7450.0
2021031005007690,PLI,34,54,10,745.0,7450.0
2021031005007689,PLI,34,45,10,745.0,7450.0
2021031005007688,PLI,34,6,10,745.0,7450.0
2021031005007686,PLI,25,58,10,745.0,7450.0
2021031005007202,PLI,16,36,10,743.0,7430.0
2021031005007199,PLI,16,55,10,743.0,7430.0
2021031005007222,PLI,16,48,10,743.0,7430.0
2021031005007219,PLI,16,44,10,743.0,7430.0
2021031005007218,PLI,16,6,10,743.0,7430.0
2021031005007216,PLI,16,1,10,743.0,7430.0
2021031005007214,PLI,16,22,10,743.0,7430.0
2021031005007209,PLI,16,54,10,743.0,7430.0
2021031005007333,PLI,52,57,10,743.0,7430.0
2021031005007310,PLI,16,50,10,743.0,7430.0
2021031005007296,PLI,16,11,10,743.0,7430.0
2021031005007294,PLI,16,41,10,743.0,7430.0
2021031005007263,PLI,16,44,10,743.0,7430.0
2021031005007242,PLI,16,45,10,743.0,7430.0
2021031005007392,PLI,16,43,10,743.0,7430.0
2021031005007376,PLI,16,21,10,743.0,7430.0
2021031005007363,PLI,54,35,10,744.0,7440.0
2021031005007354,PLI,16,44,10,743.0,7430.0
2021031005007348,PLI,52,45,10,743.0,7430.0
2021031005007345,PLI,52,51,10,743.0,7430.0
2021031005007435,PLI,26,42,10,742.0,7420.0
2021031005007416,PLI,26,16,10,742.0,7420.0
2021031005007413,PLI,26,42,10,742.0,7420.0
2021031005007411,PLI,16,34,10,743.0,7430.0
2021031005007407,PLI,16,35,150,743.0,111450.0
2021031005007401,PLI,16,57,10,743.0,7430.0
2021031005007482,PLI,34,50,10,743.0,7430.0
2021031005007468,PLI,34,29,10,743.0,7430.0
2021031005007457,PLI,26,21,10,742.0,7420.0
2021031005007448,PLI,26,13,30,742.0,22260.0
2021031005007442,PLI,26,41,10,742.0,7420.0
2021031005007436,PLI,58,21,10,743.0,7430.0
2021031005007552,PLI,48,42,10,743.0,7430.0
2021031005007523,PLI,48,53,10,743.0,7430.0
2021031005007491,PLI,25,21,115,744.0,85560.0
2021031005007490,PLI,25,11,10,744.0,7440.0
2021031005007489,PLI,25,34,365,744.0,271560.0
2021031005007488,PLI,25,58,10,743.0,7430.0
2021031005007598,PLI,51,21,20,744.0,14880.0
2021031005007593,PLI,36,52,10,743.0,7430.0
2021031005007576,PLI,19,21,20,744.0,14880.0
2021031005007571,PLI,48,52,10,743.0,7430.0
2021031005007570,PLI,48,35,10,743.0,7430.0
2021031005007563,PLI,48,52,10,743.0,7430.0
2021031005007618,PLI,26,20,10,745.0,7450.0
2021031005007617,PLI,26,41,215,745.0,160175.0
2021031005007616,PLI,26,49,20,744.0,14880.0
2021031005007615,PLI,26,41,10,744.0,7440.0
2021031005007614,PLI,26,21,45,744.0,33480.0
2021031005007599,PLI,16,21,10,743.0,7430.0
2021031005007624,PLI,26,4,10,745.0,7450.0
2021031005007623,PLI,26,32,10,745.0,7450.0
2021031005007622,PLI,26,45,10,745.0,7450.0
2021031005007621,PLI,26,52,10,745.0,7450.0
2021031005007620,PLI,26,58,10,745.0,7450.0
2021031005007619,PLI,26,22,10,745.0,7450.0
2021031005007648,PLI,16,40,10,743.0,7430.0
2021031005007629,PLI,26,34,10,745.0,7450.0
2021031005007628,PLI,26,59,10,745.0,7450.0
2021031005007627,PLI,26,45,10,745.0,7450.0
2021031005007626,PLI,26,56,10,745.0,7450.0
2021031005007625,PLI,26,52,10,745.0,7450.0
2021031005007678,PLI,16,33,10,743.0,7430.0
2021031005007674,PLI,16,41,10,743.0,7430.0
2021031005007668,PLI,16,43,10,743.0,7430.0
2021031005007661,PLI,16,34,10,743.0,7430.0
2021031005007659,PLI,16,57,10,743.0,7430.0
2021031005007658,PLI,16,38,10,743.0,7430.0
2021031005007044,CGH,59,56,10,804.0,8040.0
2021031005006983,CGH,59,21,10,804.0,8040.0
2021031005006973,CGH,59,56,10,804.0,8040.0
2021031005006943,CGH,59,32,10,804.0,8040.0
2021031005006883,CGH,59,22,10,804.0,8040.0
2021031005006870,CGH,59,14,10,804.0,8040.0
2021031005006828,CGH,59,58,10,804.0,8040.0
2021031005006790,CGH,59,8,10,804.0,8040.0
2021031005006757,CGH,59,41,10,804.0,8040.0
2021031005006754,CGH,59,21,10,804.0,8040.0
2021031005007197,NIFRA,55,29,40,534.0,21360.0
2021031005007195,NIFRA,55,34,60,534.0,32040.0
2021031005007194,NIFRA,55,21,500,534.0,267000.0
2021031005007193,NIFRA,55,38,60,534.0,32040.0
2021031005007192,NIFRA,55,38,50,534.0,26700.0
2021031005007191,NIFRA,55,1,200,534.0,106800.0
2021031005006706,NIFRA,51,28,150,536.0,80400.0
2021031005006704,NIFRA,51,44,50,536.0,26800.0
2021031005006703,NIFRA,55,45,40,535.0,21400.0
2021031005006700,NIFRA,55,57,49,535.0,26215.0
2021031005006699,NIFRA,35,57,11,536.0,5896.0
2021031005006698,NIFRA,35,59,50,536.0,26800.0
2021031005006716,NIFRA,55,57,50,535.0,26750.0
2021031005006715,NIFRA,41,28,5,536.0,2680.0
2021031005006714,NIFRA,17,28,45,536.0,24120.0
2021031005006713,NIFRA,55,49,60,535.0,32100.0
2021031005006712,NIFRA,55,40,60,535.0,32100.0
2021031005006707,NIFRA,55,42,50,535.0,26750.0
2021031005006722,NIFRA,55,59,50,535.0,26750.0
2021031005006721,NIFRA,55,36,40,535.0,21400.0
2021031005006720,NIFRA,59,36,10,536.0,5360.0
2021031005006719,NIFRA,59,22,50,536.0,26800.0
2021031005006718,NIFRA,55,42,50,535.0,26750.0
2021031005006717,NIFRA,55,34,50,535.0,26750.0
2021031005006729,NIFRA,55,50,50,535.0,26750.0
2021031005006728,NIFRA,55,59,50,535.0,26750.0
2021031005006726,NIFRA,55,36,50,535.0,26750.0
2021031005006725,NIFRA,55,40,50,535.0,26750.0
2021031005006724,NIFRA,55,57,10,535.0,5350.0
2021031005006723,NIFRA,34,26,50,536.0,26800.0
2021031005006736,NIFRA,55,49,50,535.0,26750.0
2021031005006735,NIFRA,55,55,50,535.0,26750.0
2021031005006734,NIFRA,55,40,60,535.0,32100.0
2021031005006732,NIFRA,55,38,50,535.0,26750.0
2021031005006731,NIFRA,55,49,60,535.0,32100.0
2021031005006730,NIFRA,55,38,60,535.0,32100.0
2021031005006744,NIFRA,42,55,10,536.0,5360.0
2021031005006743,NIFRA,42,26,45,536.0,24120.0
2021031005006742,NIFRA,49,26,15,536.0,8040.0
2021031005006740,NIFRA,55,50,60,535.0,32100.0
2021031005006739,NIFRA,55,4,60,535.0,32100.0
2021031005006737,NIFRA,55,40,50,535.0,26750.0
2021031005006750,NIFRA,42,4,60,536.0,32160.0
2021031005006749,NIFRA,42,51,50,536.0,26800.0
2021031005006748,NIFRA,42,17,50,536.0,26800.0
2021031005006747,NIFRA,42,44,10,536.0,5360.0
2021031005006746,NIFRA,42,14,100,536.0,53600.0
2021031005006745,NIFRA,42,6,40,536.0,21440.0
2021031005006758,NIFRA,55,55,50,535.0,26750.0
2021031005006756,NIFRA,55,59,20,535.0,10700.0
2021031005006755,NIFRA,55,58,50,535.0,26750.0
2021031005006753,NIFRA,42,20,25,536.0,13400.0
2021031005006752,NIFRA,42,42,60,536.0,32160.0
2021031005006751,NIFRA,42,36,50,536.0,26800.0
2021031005006765,NIFRA,58,49,14,535.0,7490.0
2021031005006764,NIFRA,55,49,36,535.0,19260.0
2021031005006763,NIFRA,55,14,60,535.0,32100.0
2021031005006761,NIFRA,55,26,50,535.0,26750.0
2021031005006760,NIFRA,55,29,60,535.0,32100.0
2021031005006759,NIFRA,55,55,50,535.0,26750.0
2021031005006771,NIFRA,55,32,60,535.0,32100.0
2021031005006770,NIFRA,55,40,50,535.0,26750.0
2021031005006769,NIFRA,55,34,34,535.0,18190.0
2021031005006768,NIFRA,6,34,16,535.0,8560.0
2021031005006767,NIFRA,6,7,34,535.0,18190.0
2021031005006766,NIFRA,58,7,26,535.0,13910.0
2021031005006780,NIFRA,55,10,30,535.0,16050.0
2021031005006779,NIFRA,55,34,50,535.0,26750.0
2021031005006776,NIFRA,45,20,25,536.0,13400.0
2021031005006775,NIFRA,55,52,50,535.0,26750.0
2021031005006774,NIFRA,55,50,50,535.0,26750.0
2021031005006772,NIFRA,55,58,50,535.0,26750.0
2021031005006787,NIFRA,55,38,10,535.0,5350.0
2021031005006786,NIFRA,55,6,50,535.0,26750.0
2021031005006785,NIFRA,55,41,10,535.0,5350.0
2021031005006783,NIFRA,55,58,50,535.0,26750.0
2021031005006782,NIFRA,55,26,50,535.0,26750.0
2021031005006781,NIFRA,55,32,60,535.0,32100.0
2021031005006795,NIFRA,55,46,50,535.0,26750.0
2021031005006794,NIFRA,28,20,10,536.0,5360.0
2021031005006793,NIFRA,28,21,10,536.0,5360.0
2021031005006792,NIFRA,28,6,20,536.0,10720.0
2021031005006791,NIFRA,28,28,10,536.0,5360.0
2021031005006789,NIFRA,55,42,60,535.0,32100.0
2021031005006801,NIFRA,55,48,50,535.0,26750.0
2021031005006800,NIFRA,55,59,60,535.0,32100.0
2021031005006799,NIFRA,55,34,60,535.0,32100.0
2021031005006798,NIFRA,55,20,50,535.0,26750.0
2021031005006797,NIFRA,55,55,60,535.0,32100.0
2021031005006796,NIFRA,55,55,50,535.0,26750.0
2021031005006807,NIFRA,55,50,50,535.0,26750.0
2021031005006806,NIFRA,55,40,70,535.0,37450.0
2021031005006805,NIFRA,10,51,20,536.0,10720.0
2021031005006804,NIFRA,10,44,10,536.0,5360.0
2021031005006803,NIFRA,10,28,20,536.0,10720.0
2021031005006802,NIFRA,10,20,50,536.0,26800.0
2021031005006814,NIFRA,55,38,50,535.0,26750.0
2021031005006813,NIFRA,55,10,50,535.0,26750.0
2021031005006812,NIFRA,55,34,60,535.0,32100.0
2021031005006811,NIFRA,55,52,60,535.0,32100.0
2021031005006809,NIFRA,55,41,10,535.0,5350.0
2021031005006808,NIFRA,55,22,30,535.0,16050.0
2021031005006822,NIFRA,14,59,10,536.0,5360.0
2021031005006821,NIFRA,14,13,50,536.0,26800.0
2021031005006820,NIFRA,14,58,50,536.0,26800.0
2021031005006819,NIFRA,14,58,40,536.0,21440.0
2021031005006818,NIFRA,14,49,60,536.0,32160.0
2021031005006817,NIFRA,14,20,50,536.0,26800.0
2021031005006829,NIFRA,14,10,50,536.0,26800.0
2021031005006827,NIFRA,14,44,20,536.0,10720.0
2021031005006826,NIFRA,14,45,60,536.0,32160.0
2021031005006825,NIFRA,14,43,50,536.0,26800.0
2021031005006824,NIFRA,14,17,10,536.0,5360.0
2021031005006823,NIFRA,14,46,50,536.0,26800.0
2021031005006839,NIFRA,55,29,50,535.0,26750.0
2021031005006838,NIFRA,38,43,40,536.0,21440.0
2021031005006835,NIFRA,55,55,"2,900",535.0,1551500.0
2021031005006834,NIFRA,14,55,100,536.0,53600.0
2021031005006833,NIFRA,14,38,350,536.0,187600.0
2021031005006830,NIFRA,14,25,50,536.0,26800.0
2021031005006845,NIFRA,55,55,60,535.0,32100.0
2021031005006844,NIFRA,55,45,60,535.0,32100.0
2021031005006843,NIFRA,55,29,100,535.0,53500.0
2021031005006842,NIFRA,55,44,50,535.0,26750.0
2021031005006841,NIFRA,55,41,50,535.0,26750.0
2021031005006840,NIFRA,55,34,50,535.0,26750.0
2021031005006854,NIFRA,48,34,45,535.0,24075.0
2021031005006853,NIFRA,56,34,100,535.0,53500.0
2021031005006852,NIFRA,48,34,100,535.0,53500.0
2021031005006851,NIFRA,55,34,166,535.0,88810.0
2021031005006850,NIFRA,55,38,50,535.0,26750.0
2021031005006846,NIFRA,55,56,40,535.0,21400.0
2021031005006860,NIFRA,58,32,49,535.0,26215.0
2021031005006859,NIFRA,33,32,11,535.0,5885.0
2021031005006858,NIFRA,40,43,10,536.0,5360.0
2021031005006857,NIFRA,33,34,489,535.0,261615.0
2021031005006856,NIFRA,33,34,50,535.0,26750.0
2021031005006855,NIFRA,29,34,50,535.0,26750.0
2021031005006867,NIFRA,14,55,50,535.0,26750.0
2021031005006866,NIFRA,14,13,109,535.0,58315.0
2021031005006865,NIFRA,49,13,200,535.0,107000.0
2021031005006864,NIFRA,58,13,191,535.0,102185.0
2021031005006863,NIFRA,58,52,60,535.0,32100.0
2021031005006861,NIFRA,58,56,50,535.0,26750.0
2021031005006875,NIFRA,14,44,60,535.0,32100.0
2021031005006874,NIFRA,14,57,50,535.0,26750.0
2021031005006873,NIFRA,14,32,50,535.0,26750.0
2021031005006872,NIFRA,14,45,60,535.0,32100.0
2021031005006871,NIFRA,14,48,50,535.0,26750.0
2021031005006868,NIFRA,14,56,50,535.0,26750.0
2021031005006885,NIFRA,48,3,204,535.0,109140.0
2021031005006884,NIFRA,48,1,50,535.0,26750.0
2021031005006882,NIFRA,48,52,50,535.0,26750.0
2021031005006881,NIFRA,48,14,67,535.0,35845.0
2021031005006880,NIFRA,41,14,100,535.0,53500.0
2021031005006879,NIFRA,14,14,26,535.0,13910.0
2021031005006897,NIFRA,46,32,10,533.0,5330.0
2021031005006896,NIFRA,34,59,350,534.0,186900.0
2021031005006894,NIFRA,49,45,20,535.0,10700.0
2021031005006893,NIFRA,21,3,46,535.0,24610.0
2021031005006890,NIFRA,4,54,60,534.0,32040.0
2021031005006886,NIFRA,17,3,50,535.0,26750.0
2021031005006904,NIFRA,55,26,50,533.0,26650.0
2021031005006903,NIFRA,55,37,50,533.0,26650.0
2021031005006902,NIFRA,55,17,10,533.0,5330.0
2021031005006901,NIFRA,58,17,50,533.0,26650.0
2021031005006900,NIFRA,42,44,50,533.0,26650.0
2021031005006898,NIFRA,42,32,50,533.0,26650.0
2021031005006910,NIFRA,55,26,410,534.0,218940.0
2021031005006909,NIFRA,55,41,60,534.0,32040.0
2021031005006908,NIFRA,55,58,50,534.0,26700.0
2021031005006907,NIFRA,55,57,50,534.0,26700.0
2021031005006906,NIFRA,55,17,50,534.0,26700.0
2021031005006905,NIFRA,55,59,"1,150",534.0,614100.0
2021031005006918,NIFRA,55,16,50,534.0,26700.0
2021031005006917,NIFRA,55,41,50,534.0,26700.0
2021031005006915,NIFRA,55,4,50,534.0,26700.0
2021031005006914,NIFRA,55,49,60,534.0,32040.0
2021031005006913,NIFRA,55,32,50,534.0,26700.0
2021031005006911,NIFRA,55,49,50,534.0,26700.0
2021031005006925,NIFRA,55,56,60,534.0,32040.0
2021031005006924,NIFRA,55,37,50,534.0,26700.0
2021031005006923,NIFRA,55,51,100,534.0,53400.0
2021031005006921,NIFRA,55,6,50,534.0,26700.0
2021031005006920,NIFRA,55,47,60,534.0,32040.0
2021031005006919,NIFRA,55,37,50,534.0,26700.0
2021031005006933,NIFRA,55,37,60,534.0,32040.0
2021031005006931,NIFRA,55,26,50,534.0,26700.0
2021031005006930,NIFRA,55,7,30,534.0,16020.0
2021031005006929,NIFRA,55,17,60,534.0,32040.0
2021031005006928,NIFRA,55,40,60,534.0,32040.0
2021031005006926,NIFRA,55,48,50,534.0,26700.0
2021031005006942,NIFRA,55,48,50,534.0,26700.0
2021031005006941,NIFRA,55,45,50,534.0,26700.0
2021031005006940,NIFRA,55,37,60,534.0,32040.0
2021031005006939,NIFRA,55,56,60,534.0,32040.0
2021031005006938,NIFRA,55,47,50,534.0,26700.0
2021031005006937,NIFRA,55,56,50,534.0,26700.0
2021031005006950,NIFRA,13,59,100,534.0,53400.0
2021031005006948,NIFRA,6,59,250,534.0,133500.0
2021031005006947,NIFRA,55,59,"1,640",534.0,875760.0
2021031005006946,NIFRA,55,32,60,534.0,32040.0
2021031005006945,NIFRA,55,38,60,534.0,32040.0
2021031005006944,NIFRA,55,43,50,534.0,26700.0
2021031005006957,NIFRA,50,56,10,532.0,5320.0
2021031005006956,NIFRA,16,56,50,532.0,26600.0
2021031005006955,NIFRA,16,29,50,532.0,26600.0
2021031005006953,NIFRA,48,37,30,533.0,15990.0
2021031005006952,NIFRA,58,37,20,533.0,10660.0
2021031005006951,NIFRA,58,22,60,533.0,31980.0
2021031005006972,NIFRA,50,32,60,532.0,31920.0
2021031005006971,NIFRA,50,59,10,532.0,5320.0
2021031005006970,NIFRA,49,55,30,533.0,15990.0
2021031005006969,NIFRA,49,36,50,533.0,26650.0
2021031005006968,NIFRA,49,47,60,533.0,31980.0
2021031005006967,NIFRA,49,37,10,533.0,5330.0
2021031005006979,NIFRA,8,29,60,533.0,31980.0
2021031005006978,NIFRA,8,55,20,533.0,10660.0
2021031005006977,NIFRA,40,55,10,533.0,5330.0
2021031005006976,NIFRA,50,37,60,532.0,31920.0
2021031005006975,NIFRA,50,47,30,532.0,15960.0
2021031005006974,NIFRA,50,29,60,532.0,31920.0
2021031005006986,NIFRA,50,38,60,532.0,31920.0
2021031005006985,NIFRA,50,33,50,532.0,26600.0
2021031005006984,NIFRA,50,36,50,532.0,26600.0
2021031005006982,NIFRA,50,26,130,532.0,69160.0
2021031005006981,NIFRA,8,26,20,533.0,10660.0
2021031005006980,NIFRA,35,29,10,534.0,5340.0
2021031005006992,NIFRA,55,35,50,534.0,26700.0
2021031005006991,NIFRA,55,33,50,534.0,26700.0
2021031005006990,NIFRA,55,36,60,534.0,32040.0
2021031005006989,NIFRA,55,29,50,534.0,26700.0
2021031005006988,NIFRA,50,29,60,532.0,31920.0
2021031005006987,NIFRA,50,28,50,532.0,26600.0
2021031005007001,NIFRA,50,22,30,532.0,15960.0
2021031005007000,NIFRA,50,29,50,532.0,26600.0
2021031005006999,NIFRA,50,39,20,532.0,10640.0
2021031005006998,NIFRA,50,36,50,532.0,26600.0
2021031005006997,NIFRA,50,36,50,532.0,26600.0
2021031005006996,NIFRA,50,28,50,532.0,26600.0
2021031005007008,NIFRA,55,37,60,534.0,32040.0
2021031005007007,NIFRA,47,58,60,532.0,31920.0
2021031005007006,NIFRA,47,17,40,532.0,21280.0
2021031005007005,NIFRA,50,17,20,532.0,10640.0
2021031005007004,NIFRA,50,32,50,532.0,26600.0
2021031005007002,NIFRA,50,28,50,532.0,26600.0
2021031005007017,NIFRA,47,29,10,532.0,5320.0
2021031005007016,NIFRA,47,57,50,532.0,26600.0
2021031005007014,NIFRA,55,42,50,533.0,26650.0
2021031005007012,NIFRA,47,38,50,532.0,26600.0
2021031005007011,NIFRA,47,29,60,532.0,31920.0
2021031005007009,NIFRA,47,38,50,532.0,26600.0
2021031005007023,NIFRA,14,38,40,534.0,21360.0
2021031005007022,NIFRA,14,18,20,534.0,10680.0
2021031005007021,NIFRA,14,1,50,534.0,26700.0
2021031005007020,NIFRA,14,17,50,534.0,26700.0
2021031005007019,NIFRA,1,56,60,532.0,31920.0
2021031005007018,NIFRA,36,29,50,532.0,26600.0
2021031005007030,NIFRA,1,38,40,532.0,21280.0
2021031005007029,NIFRA,55,37,30,534.0,16020.0
2021031005007028,NIFRA,55,6,50,534.0,26700.0
2021031005007026,NIFRA,55,29,50,534.0,26700.0
2021031005007025,NIFRA,55,57,50,534.0,26700.0
2021031005007024,NIFRA,55,38,20,534.0,10680.0
2021031005007040,NIFRA,37,5,420,534.0,224280.0
2021031005007039,NIFRA,37,32,60,534.0,32040.0
2021031005007038,NIFRA,37,37,20,534.0,10680.0
2021031005007033,NIFRA,22,57,60,533.0,31980.0
2021031005007032,NIFRA,37,37,50,532.0,26600.0
2021031005007031,NIFRA,37,38,20,532.0,10640.0
2021031005007047,NIFRA,37,32,50,532.0,26600.0
2021031005007046,NIFRA,37,37,60,532.0,31920.0
2021031005007045,NIFRA,37,58,50,532.0,26600.0
2021031005007043,NIFRA,22,37,20,533.0,10660.0
2021031005007042,NIFRA,22,19,60,533.0,31980.0
2021031005007041,NIFRA,22,32,60,533.0,31980.0
2021031005007054,NIFRA,16,16,30,533.0,15990.0
2021031005007053,NIFRA,16,56,10,533.0,5330.0
2021031005007051,NIFRA,37,57,60,532.0,31920.0
2021031005007050,NIFRA,37,29,50,532.0,26600.0
2021031005007049,NIFRA,58,56,40,533.0,21320.0
2021031005007048,NIFRA,58,37,30,533.0,15990.0
2021031005007060,NIFRA,37,58,50,532.0,26600.0
2021031005007059,NIFRA,37,3,60,532.0,31920.0
2021031005007058,NIFRA,37,56,50,532.0,26600.0
2021031005007057,NIFRA,16,32,30,534.0,16020.0
2021031005007056,NIFRA,16,28,50,534.0,26700.0
2021031005007055,NIFRA,16,5,580,534.0,309720.0
2021031005007067,NIFRA,19,18,60,532.0,31920.0
2021031005007065,NIFRA,19,3,50,532.0,26600.0
2021031005007064,NIFRA,19,32,60,532.0,31920.0
2021031005007063,NIFRA,19,37,60,532.0,31920.0
2021031005007062,NIFRA,19,58,50,532.0,26600.0
2021031005007061,NIFRA,19,43,50,532.0,26600.0
2021031005007074,NIFRA,45,37,30,532.0,15960.0
2021031005007073,NIFRA,17,37,20,532.0,10640.0
2021031005007072,NIFRA,19,37,10,532.0,5320.0
2021031005007071,NIFRA,19,46,50,532.0,26600.0
2021031005007070,NIFRA,19,3,60,532.0,31920.0
2021031005007069,NIFRA,19,38,50,532.0,26600.0
2021031005007081,NIFRA,57,59,30,532.0,15960.0
2021031005007080,NIFRA,26,59,20,532.0,10640.0
2021031005007079,NIFRA,26,3,30,532.0,15960.0
2021031005007078,NIFRA,45,3,20,532.0,10640.0
2021031005007076,NIFRA,45,42,100,532.0,53200.0
2021031005007075,NIFRA,55,52,50,533.0,26650.0
2021031005007088,NIFRA,57,32,50,532.0,26600.0
2021031005007087,NIFRA,57,37,50,532.0,26600.0
2021031005007086,NIFRA,55,47,60,533.0,31980.0
2021031005007085,NIFRA,55,57,20,533.0,10660.0
2021031005007084,NIFRA,57,21,50,532.0,26600.0
2021031005007083,NIFRA,57,3,50,532.0,26600.0
2021031005007096,NIFRA,47,3,10,532.0,5320.0
2021031005007095,NIFRA,57,3,50,532.0,26600.0
2021031005007094,NIFRA,57,59,60,532.0,31920.0
2021031005007093,NIFRA,57,1,60,532.0,31920.0
2021031005007091,NIFRA,57,18,50,532.0,26600.0
2021031005007090,NIFRA,57,28,50,532.0,26600.0
2021031005007102,NIFRA,47,36,50,532.0,26600.0
2021031005007101,NIFRA,55,13,50,533.0,26650.0
2021031005007100,NIFRA,55,55,60,533.0,31980.0
2021031005007099,NIFRA,55,25,60,533.0,31980.0
2021031005007098,NIFRA,55,41,10,533.0,5330.0
2021031005007097,NIFRA,47,42,50,532.0,26600.0
2021031005007110,NIFRA,47,59,50,532.0,26600.0
2021031005007108,NIFRA,47,32,50,532.0,26600.0
2021031005007106,NIFRA,47,35,60,532.0,31920.0
2021031005007105,NIFRA,47,25,20,532.0,10640.0
2021031005007104,NIFRA,47,13,26,532.0,13832.0
2021031005007103,NIFRA,47,21,60,532.0,31920.0
2021031005007117,NIFRA,58,18,50,532.0,26600.0
2021031005007116,NIFRA,58,16,36,532.0,19152.0
2021031005007114,NIFRA,13,38,60,531.0,31860.0
2021031005007113,NIFRA,47,16,14,532.0,7448.0
2021031005007112,NIFRA,47,36,50,532.0,26600.0
2021031005007111,NIFRA,47,6,60,532.0,31920.0
2021031005007123,NIFRA,58,35,50,532.0,26600.0
2021031005007122,NIFRA,58,35,60,532.0,31920.0
2021031005007121,NIFRA,58,43,50,532.0,26600.0
2021031005007120,NIFRA,58,35,60,532.0,31920.0
2021031005007119,NIFRA,58,59,60,532.0,31920.0
2021031005007118,NIFRA,58,36,50,532.0,26600.0
2021031005007130,NIFRA,13,34,50,531.0,26550.0
2021031005007129,NIFRA,13,17,60,531.0,31860.0
2021031005007128,NIFRA,13,58,60,531.0,31860.0
2021031005007127,NIFRA,13,42,60,531.0,31860.0
2021031005007125,NIFRA,48,35,100,532.0,53200.0
2021031005007124,NIFRA,58,35,84,532.0,44688.0
2021031005007136,NIFRA,55,29,200,532.0,106400.0
2021031005007135,NIFRA,55,35,316,532.0,168112.0
2021031005007134,NIFRA,13,11,50,531.0,26550.0
2021031005007133,NIFRA,13,36,50,531.0,26550.0
2021031005007132,NIFRA,13,56,60,531.0,31860.0
2021031005007131,NIFRA,13,45,50,531.0,26550.0
2021031005007142,NIFRA,55,46,10,532.0,5320.0
2021031005007141,NIFRA,55,36,40,532.0,21280.0
2021031005007140,NIFRA,55,14,30,532.0,15960.0
2021031005007139,NIFRA,55,55,60,532.0,31920.0
2021031005007138,NIFRA,55,25,50,532.0,26600.0
2021031005007137,NIFRA,55,18,60,532.0,31920.0
2021031005007148,NIFRA,45,44,"1,500",531.0,796500.0
2021031005007147,NIFRA,41,44,200,531.0,106200.0
2021031005007146,NIFRA,13,44,440,531.0,233640.0
2021031005007145,NIFRA,13,32,60,531.0,31860.0
2021031005007144,NIFRA,55,35,50,532.0,26600.0
2021031005007143,NIFRA,55,34,60,532.0,31920.0
2021031005007155,NIFRA,8,41,60,532.0,31920.0
2021031005007154,NIFRA,8,58,50,531.0,26550.0
2021031005007153,NIFRA,8,44,250,531.0,132750.0
2021031005007151,NIFRA,56,44,50,531.0,26550.0
2021031005007150,NIFRA,17,44,60,531.0,31860.0
2021031005007149,NIFRA,45,44,500,531.0,265500.0
2021031005007161,NIFRA,55,20,30,532.0,15960.0
2021031005007160,NIFRA,55,35,50,532.0,26600.0
2021031005007159,NIFRA,55,55,30,531.0,15930.0
2021031005007158,NIFRA,8,55,30,532.0,15960.0
2021031005007157,NIFRA,8,11,60,532.0,31920.0
2021031005007156,NIFRA,8,32,50,532.0,26600.0
2021031005007169,NIFRA,42,11,15,532.0,7980.0
2021031005007168,NIFRA,42,32,60,531.0,31860.0
2021031005007167,NIFRA,13,11,10,532.0,5320.0
2021031005007164,NIFRA,8,18,50,530.0,26500.0
2021031005007163,NIFRA,8,36,40,530.0,21200.0
2021031005007162,NIFRA,8,20,20,530.0,10600.0
2021031005007177,NIFRA,42,36,60,531.0,31860.0
2021031005007176,NIFRA,42,56,50,531.0,26550.0
2021031005007175,NIFRA,42,51,50,531.0,26550.0
2021031005007172,NIFRA,42,22,60,531.0,31860.0
2021031005007171,NIFRA,55,34,50,532.0,26600.0
2021031005007170,NIFRA,55,11,35,532.0,18620.0
2021031005007184,NIFRA,55,17,50,534.0,26700.0
2021031005007183,NIFRA,55,1,160,534.0,85440.0
2021031005007182,NIFRA,55,6,60,533.0,31980.0
2021031005007181,NIFRA,55,35,30,533.0,15990.0
2021031005007180,NIFRA,55,6,60,532.0,31920.0
2021031005007179,NIFRA,42,32,60,531.0,31860.0
2021031005007190,NIFRA,55,1,250,534.0,133500.0
2021031005007189,NIFRA,55,45,50,534.0,26700.0
2021031005007188,NIFRA,55,58,50,534.0,26700.0
2021031005007187,NIFRA,55,6,50,534.0,26700.0
2021031005007186,NIFRA,55,6,30,534.0,16020.0
2021031005007185,NIFRA,55,51,300,534.0,160200.0
2021031005007196,PLI,16,51,10,743.0,7430.0
2021031005007178,PLI,16,11,10,743.0,7430.0
2021031005007174,PLI,16,20,10,743.0,7430.0
2021031005007173,PLI,55,55,10,743.0,7430.0
2021031005007166,PLI,51,38,10,743.0,7430.0
2021031005007165,PLI,50,45,10,743.0,7430.0
2021031005006708,PLI,49,6,10,744.0,7440.0
2021031005006705,PLI,26,59,10,742.0,7420.0
2021031005006702,PLI,26,55,10,742.0,7420.0
2021031005006701,PLI,26,34,10,742.0,7420.0
2021031005006738,PLI,26,55,10,742.0,7420.0
2021031005006733,PLI,26,59,10,742.0,7420.0
2021031005006727,PLI,26,59,10,742.0,7420.0
2021031005006711,PLI,49,6,10,744.0,7440.0
2021031005006710,PLI,49,54,10,744.0,7440.0
2021031005006709,PLI,49,4,10,744.0,7440.0
2021031005006784,PLI,26,55,10,742.0,7420.0
2021031005006778,PLI,26,26,10,742.0,7420.0
2021031005006777,PLI,26,34,10,742.0,7420.0
2021031005006773,PLI,26,57,10,742.0,7420.0
2021031005006762,PLI,26,50,10,742.0,7420.0
2021031005006741,PLI,26,55,10,742.0,7420.0
2021031005006832,PLI,26,50,10,742.0,7420.0
2021031005006831,PLI,47,26,10,743.0,7430.0
2021031005006816,PLI,26,48,10,742.0,7420.0
2021031005006815,PLI,26,50,10,742.0,7420.0
2021031005006810,PLI,26,55,10,742.0,7420.0
2021031005006788,PLI,26,42,10,742.0,7420.0
2021031005006862,PLI,16,55,10,743.0,7430.0
2021031005006849,PLI,26,47,10,742.0,7420.0
2021031005006848,PLI,26,52,10,742.0,7420.0
2021031005006847,PLI,26,44,10,742.0,7420.0
2021031005006837,PLI,58,41,10,743.0,7430.0
2021031005006836,PLI,26,55,10,742.0,7420.0
2021031005006888,PLI,16,17,10,743.0,7430.0
2021031005006887,PLI,16,54,10,743.0,7430.0
2021031005006878,PLI,16,17,10,743.0,7430.0
2021031005006877,PLI,16,43,10,743.0,7430.0
2021031005006876,PLI,16,16,10,743.0,7430.0
2021031005006869,PLI,16,29,10,743.0,7430.0
2021031005006912,PLI,8,55,10,743.0,7430.0
2021031005006899,PLI,8,26,10,743.0,7430.0
2021031005006895,PLI,16,16,10,743.0,7430.0
2021031005006892,PLI,16,17,10,743.0,7430.0
2021031005006891,PLI,16,56,10,743.0,7430.0
2021031005006889,PLI,16,45,10,743.0,7430.0
2021031005006935,PLI,51,54,10,744.0,7440.0
2021031005006934,PLI,51,55,10,744.0,7440.0
2021031005006932,PLI,52,56,10,743.0,7430.0
2021031005006927,PLI,52,41,10,743.0,7430.0
2021031005006922,PLI,52,26,10,743.0,7430.0
2021031005006916,PLI,17,45,10,743.0,7430.0
2021031005006960,PLI,19,38,50,744.0,37200.0
2021031005006959,PLI,52,56,10,743.0,7430.0
2021031005006958,PLI,52,16,10,743.0,7430.0
2021031005006954,PLI,52,58,10,743.0,7430.0
2021031005006949,PLI,52,17,10,743.0,7430.0
2021031005006936,PLI,52,17,10,743.0,7430.0
2021031005006966,PLI,19,41,80,745.0,59600.0
2021031005006965,PLI,19,38,20,744.0,14880.0
2021031005006964,PLI,19,46,10,744.0,7440.0
2021031005006963,PLI,19,17,10,744.0,7440.0
2021031005006962,PLI,19,13,10,744.0,7440.0
2021031005006961,PLI,19,49,20,744.0,14880.0
2021031005007013,PLI,7,17,10,743.0,7430.0
2021031005007010,PLI,7,36,10,743.0,7430.0
2021031005007003,PLI,7,28,10,743.0,7430.0
2021031005006995,PLI,7,56,10,743.0,7430.0
2021031005006994,PLI,52,58,10,743.0,7430.0
2021031005006993,PLI,52,33,10,743.0,7430.0
2021031005007037,PLI,48,41,30,745.0,22350.0
2021031005007036,PLI,48,53,10,744.0,7440.0
2021031005007035,PLI,48,20,10,744.0,7440.0
2021031005007034,PLI,21,57,10,743.0,7430.0
2021031005007027,PLI,21,18,10,743.0,7430.0
2021031005007015,PLI,7,58,10,743.0,7430.0
2021031005007089,PLI,5,16,10,743.0,7430.0
2021031005007082,PLI,5,58,10,743.0,7430.0
2021031005007077,PLI,5,58,10,743.0,7430.0
2021031005007068,PLI,5,43,10,743.0,7430.0
2021031005007066,PLI,5,56,10,743.0,7430.0
2021031005007052,PLI,39,56,10,743.0,7430.0
2021031005007152,PLI,50,11,10,743.0,7430.0
2021031005007126,PLI,50,43,10,743.0,7430.0
2021031005007115,PLI,5,6,20,743.0,14860.0
2021031005007109,PLI,5,35,10,743.0,7430.0
2021031005007107,PLI,5,59,10,743.0,7430.0
2021031005007092,PLI,5,56,10,743.0,7430.0
2021031005006552,CGH,59,56,10,804.0,8040.0
2021031005006549,CGH,59,51,10,804.0,8040.0
2021031005006535,CGH,59,34,10,804.0,8040.0
2021031005006463,CGH,59,57,10,804.0,8040.0
2021031005006445,CGH,59,51,10,804.0,8040.0
2021031005006246,CGH,59,35,10,804.0,8040.0
2021031005006697,NIFRA,55,38,40,535.0,21400.0
2021031005006696,NIFRA,42,38,10,536.0,5360.0
2021031005006695,NIFRA,42,36,60,536.0,32160.0
2021031005006694,NIFRA,42,22,50,536.0,26800.0
2021031005006693,NIFRA,42,40,30,536.0,16080.0
2021031005006692,NIFRA,48,40,30,536.0,16080.0
2021031005006203,NIFRA,32,55,40,534.0,21360.0
2021031005006202,NIFRA,45,56,20,535.0,10700.0
2021031005006201,NIFRA,32,38,60,534.0,32040.0
2021031005006200,NIFRA,28,56,10,535.0,5350.0
2021031005006199,NIFRA,14,56,30,535.0,16050.0
2021031005006198,NIFRA,14,58,70,535.0,37450.0
2021031005006216,NIFRA,50,6,20,533.0,10660.0
2021031005006215,NIFRA,50,47,50,533.0,26650.0
2021031005006214,NIFRA,50,14,20,533.0,10660.0
2021031005006213,NIFRA,50,38,10,533.0,5330.0
2021031005006212,NIFRA,6,38,40,533.0,21320.0
2021031005006206,NIFRA,6,47,60,533.0,31980.0
2021031005006224,NIFRA,44,48,60,531.0,31860.0
2021031005006221,NIFRA,38,47,50,531.0,26550.0
2021031005006220,NIFRA,25,6,10,533.0,5330.0
2021031005006219,NIFRA,38,10,10,530.0,5300.0
2021031005006218,NIFRA,21,10,50,531.0,26550.0
2021031005006217,NIFRA,21,14,50,531.0,26550.0
2021031005006230,NIFRA,6,29,50,532.0,26600.0
2021031005006229,NIFRA,44,10,50,531.0,26550.0
2021031005006228,NIFRA,58,57,20,533.0,10660.0
2021031005006227,NIFRA,58,6,20,533.0,10660.0
2021031005006226,NIFRA,44,21,30,531.0,15930.0
2021031005006225,NIFRA,44,56,60,531.0,31860.0
2021031005006237,NIFRA,58,38,40,530.0,21200.0
2021031005006236,NIFRA,38,6,50,530.0,26500.0
2021031005006235,NIFRA,1,10,50,530.0,26500.0
2021031005006234,NIFRA,1,48,50,530.0,26500.0
2021031005006233,NIFRA,38,48,10,530.0,5300.0
2021031005006231,NIFRA,38,6,30,530.0,15900.0
2021031005006243,NIFRA,55,29,50,531.0,26550.0
2021031005006242,NIFRA,55,25,30,531.0,15930.0
2021031005006241,NIFRA,55,45,50,531.0,26550.0
2021031005006240,NIFRA,56,48,25,530.0,13250.0
2021031005006239,NIFRA,6,48,15,530.0,7950.0
2021031005006238,NIFRA,58,48,10,530.0,5300.0
2021031005006251,NIFRA,55,29,60,531.0,31860.0
2021031005006250,NIFRA,55,44,50,531.0,26550.0
2021031005006249,NIFRA,55,10,60,531.0,31860.0
2021031005006248,NIFRA,55,56,50,531.0,26550.0
2021031005006245,NIFRA,55,47,60,531.0,31860.0
2021031005006244,NIFRA,55,38,50,531.0,26550.0
2021031005006258,NIFRA,55,47,50,531.0,26550.0
2021031005006256,NIFRA,55,55,50,531.0,26550.0
2021031005006255,NIFRA,55,47,50,531.0,26550.0
2021031005006254,NIFRA,47,55,10,534.0,5340.0
2021031005006253,NIFRA,47,58,10,533.0,5330.0
2021031005006252,NIFRA,47,57,30,533.0,15990.0
2021031005006265,NIFRA,55,6,30,531.0,15930.0
2021031005006264,NIFRA,39,6,20,532.0,10640.0
2021031005006262,NIFRA,55,17,60,531.0,31860.0
2021031005006261,NIFRA,55,32,60,531.0,31860.0
2021031005006260,NIFRA,55,48,50,531.0,26550.0
2021031005006259,NIFRA,43,5,40,535.0,21400.0
2021031005006275,NIFRA,55,45,50,531.0,26550.0
2021031005006272,NIFRA,55,47,60,531.0,31860.0
2021031005006271,NIFRA,55,1,10,531.0,5310.0
2021031005006270,NIFRA,55,57,60,531.0,31860.0
2021031005006269,NIFRA,55,48,50,531.0,26550.0
2021031005006268,NIFRA,55,29,50,531.0,26550.0
2021031005006282,NIFRA,55,55,60,531.0,31860.0
2021031005006281,NIFRA,55,47,50,531.0,26550.0
2021031005006280,NIFRA,55,42,50,531.0,26550.0
2021031005006279,NIFRA,55,33,50,531.0,26550.0
2021031005006277,NIFRA,55,29,50,531.0,26550.0
2021031005006276,NIFRA,55,56,60,531.0,31860.0
2021031005006288,NIFRA,13,42,50,533.0,26650.0
2021031005006287,NIFRA,13,38,50,533.0,26650.0
2021031005006286,NIFRA,13,8,10,532.0,5320.0
2021031005006285,NIFRA,55,33,60,531.0,31860.0
2021031005006284,NIFRA,55,6,60,531.0,31860.0
2021031005006283,NIFRA,55,34,50,531.0,26550.0
2021031005006294,NIFRA,55,42,50,533.0,26650.0
2021031005006293,NIFRA,13,47,50,533.0,26650.0
2021031005006292,NIFRA,13,21,50,533.0,26650.0
2021031005006291,NIFRA,13,58,50,533.0,26650.0
2021031005006290,NIFRA,13,45,60,533.0,31980.0
2021031005006289,NIFRA,13,21,60,533.0,31980.0
2021031005006300,NIFRA,55,42,40,534.0,21360.0
2021031005006299,NIFRA,55,57,50,534.0,26700.0
2021031005006298,NIFRA,55,42,50,534.0,26700.0
2021031005006297,NIFRA,55,29,50,534.0,26700.0
2021031005006296,NIFRA,55,35,50,534.0,26700.0
2021031005006295,NIFRA,55,45,60,534.0,32040.0
2021031005006306,NIFRA,55,44,50,534.0,26700.0
2021031005006305,NIFRA,55,49,50,534.0,26700.0
2021031005006304,NIFRA,55,47,50,534.0,26700.0
2021031005006303,NIFRA,55,6,60,534.0,32040.0
2021031005006302,NIFRA,55,29,60,534.0,32040.0
2021031005006301,NIFRA,55,47,20,534.0,10680.0
2021031005006312,NIFRA,55,58,10,534.0,5340.0
2021031005006311,NIFRA,47,40,80,535.0,42800.0
2021031005006310,NIFRA,47,5,20,535.0,10700.0
2021031005006309,NIFRA,55,42,50,534.0,26700.0
2021031005006308,NIFRA,55,57,50,534.0,26700.0
2021031005006307,NIFRA,55,45,30,534.0,16020.0
2021031005006321,NIFRA,55,29,60,534.0,32040.0
2021031005006320,NIFRA,55,57,30,534.0,16020.0
2021031005006317,NIFRA,55,47,60,534.0,32040.0
2021031005006316,NIFRA,55,34,50,534.0,26700.0
2021031005006315,NIFRA,55,55,50,534.0,26700.0
2021031005006314,NIFRA,55,29,50,534.0,26700.0
2021031005006327,NIFRA,36,32,50,535.0,26750.0
2021031005006326,NIFRA,36,58,60,535.0,32100.0
2021031005006325,NIFRA,36,5,30,535.0,16050.0
2021031005006324,NIFRA,36,38,20,535.0,10700.0
2021031005006323,NIFRA,36,17,50,535.0,26750.0
2021031005006322,NIFRA,36,40,60,535.0,32100.0
2021031005006333,NIFRA,36,4,50,535.0,26750.0
2021031005006332,NIFRA,36,35,50,535.0,26750.0
2021031005006331,NIFRA,36,34,50,535.0,26750.0
2021031005006330,NIFRA,36,41,50,535.0,26750.0
2021031005006329,NIFRA,36,35,50,535.0,26750.0
2021031005006328,NIFRA,36,45,60,535.0,32100.0
2021031005006340,NIFRA,55,28,60,534.0,32040.0
2021031005006339,NIFRA,55,10,50,534.0,26700.0
2021031005006338,NIFRA,55,47,50,534.0,26700.0
2021031005006336,NIFRA,55,29,60,534.0,32040.0
2021031005006335,NIFRA,55,11,60,534.0,32040.0
2021031005006334,NIFRA,36,19,50,535.0,26750.0
2021031005006346,NIFRA,49,39,100,535.0,53500.0
2021031005006345,NIFRA,49,58,10,535.0,5350.0
2021031005006344,NIFRA,55,29,50,534.0,26700.0
2021031005006343,NIFRA,16,58,40,535.0,21400.0
2021031005006342,NIFRA,16,58,10,535.0,5350.0
2021031005006341,NIFRA,55,6,50,534.0,26700.0
2021031005006353,NIFRA,49,29,60,535.0,32100.0
2021031005006352,NIFRA,49,13,20,535.0,10700.0
2021031005006351,NIFRA,49,49,60,535.0,32100.0
2021031005006350,NIFRA,49,10,60,535.0,32100.0
2021031005006348,NIFRA,49,47,50,535.0,26750.0
2021031005006347,NIFRA,49,29,60,535.0,32100.0
2021031005006361,NIFRA,55,29,50,534.0,26700.0
2021031005006360,NIFRA,55,47,60,534.0,32040.0
2021031005006358,NIFRA,8,50,20,535.0,10700.0
2021031005006357,NIFRA,8,29,20,535.0,10700.0
2021031005006356,NIFRA,49,29,30,535.0,16050.0
2021031005006355,NIFRA,49,26,50,535.0,26750.0
2021031005006367,NIFRA,16,4,60,535.0,32100.0
2021031005006366,NIFRA,16,50,40,535.0,21400.0
2021031005006365,NIFRA,16,42,95,535.0,50825.0
2021031005006364,NIFRA,55,29,60,534.0,32040.0
2021031005006363,NIFRA,55,50,50,534.0,26700.0
2021031005006362,NIFRA,55,26,50,534.0,26700.0
2021031005006373,NIFRA,16,45,60,536.0,32160.0
2021031005006372,NIFRA,16,57,50,536.0,26800.0
2021031005006371,NIFRA,16,39,50,535.0,26750.0
2021031005006370,NIFRA,16,55,60,535.0,32100.0
2021031005006369,NIFRA,16,55,60,535.0,32100.0
2021031005006368,NIFRA,16,6,50,535.0,26750.0
2021031005006379,NIFRA,16,6,100,536.0,53600.0
2021031005006378,NIFRA,16,54,60,536.0,32160.0
2021031005006377,NIFRA,16,1,90,536.0,48240.0
2021031005006376,NIFRA,16,13,60,536.0,32160.0
2021031005006375,NIFRA,16,45,50,536.0,26800.0
2021031005006374,NIFRA,16,45,50,536.0,26800.0
2021031005006385,NIFRA,16,47,60,536.0,32160.0
2021031005006384,NIFRA,16,57,50,536.0,26800.0
2021031005006383,NIFRA,16,44,50,536.0,26800.0
2021031005006382,NIFRA,16,13,50,536.0,26800.0
2021031005006381,NIFRA,16,41,50,536.0,26800.0
2021031005006380,NIFRA,16,6,50,536.0,26800.0
2021031005006391,NIFRA,16,52,50,536.0,26800.0
2021031005006390,NIFRA,16,45,20,536.0,10720.0
2021031005006389,NIFRA,16,6,60,536.0,32160.0
2021031005006388,NIFRA,51,29,50,537.0,26850.0
2021031005006387,NIFRA,16,21,60,536.0,32160.0
2021031005006386,NIFRA,16,29,60,536.0,32160.0
2021031005006398,NIFRA,16,21,60,536.0,32160.0
2021031005006397,NIFRA,16,50,60,536.0,32160.0
2021031005006396,NIFRA,16,47,50,536.0,26800.0
2021031005006395,NIFRA,16,29,50,536.0,26800.0
2021031005006394,NIFRA,16,6,60,536.0,32160.0
2021031005006392,NIFRA,16,52,60,536.0,32160.0
2021031005006405,NIFRA,16,6,60,536.0,32160.0
2021031005006404,NIFRA,16,5,50,536.0,26800.0
2021031005006403,NIFRA,16,52,50,536.0,26800.0
2021031005006401,NIFRA,16,36,50,536.0,26800.0
2021031005006400,NIFRA,16,1,20,536.0,10720.0
2021031005006399,NIFRA,16,50,60,536.0,32160.0
2021031005006412,NIFRA,16,57,50,536.0,26800.0
2021031005006410,NIFRA,16,47,50,536.0,26800.0
2021031005006409,NIFRA,16,42,50,536.0,26800.0
2021031005006408,NIFRA,16,50,60,536.0,32160.0
2021031005006407,NIFRA,16,49,60,536.0,32160.0
2021031005006406,NIFRA,16,14,50,536.0,26800.0
2021031005006419,NIFRA,16,7,60,536.0,32160.0
2021031005006418,NIFRA,16,36,50,536.0,26800.0
2021031005006417,NIFRA,16,29,60,536.0,32160.0
2021031005006415,NIFRA,16,55,50,536.0,26800.0
2021031005006414,NIFRA,16,7,60,536.0,32160.0
2021031005006413,NIFRA,16,19,50,536.0,26800.0
2021031005006425,NIFRA,16,50,50,536.0,26800.0
2021031005006424,NIFRA,16,10,60,536.0,32160.0
2021031005006423,NIFRA,16,29,50,536.0,26800.0
2021031005006422,NIFRA,16,22,200,536.0,107200.0
2021031005006421,NIFRA,16,49,50,536.0,26800.0
2021031005006420,NIFRA,16,34,40,536.0,21440.0
2021031005006431,NIFRA,16,53,50,536.0,26800.0
2021031005006430,NIFRA,16,38,60,536.0,32160.0
2021031005006429,NIFRA,16,11,40,536.0,21440.0
2021031005006428,NIFRA,16,49,50,536.0,26800.0
2021031005006427,NIFRA,16,16,50,536.0,26800.0
2021031005006426,NIFRA,16,29,50,536.0,26800.0
2021031005006437,NIFRA,16,47,60,536.0,32160.0
2021031005006436,NIFRA,39,22,290,537.0,155730.0
2021031005006435,NIFRA,39,29,10,537.0,5370.0
2021031005006434,NIFRA,16,59,60,536.0,32160.0
2021031005006433,NIFRA,16,10,60,536.0,32160.0
2021031005006432,NIFRA,16,26,50,536.0,26800.0
2021031005006444,NIFRA,16,51,40,536.0,21440.0
2021031005006442,NIFRA,16,55,50,536.0,26800.0
2021031005006441,NIFRA,16,39,50,536.0,26800.0
2021031005006440,NIFRA,26,22,60,537.0,32220.0
2021031005006439,NIFRA,16,49,50,536.0,26800.0
2021031005006438,NIFRA,16,1,20,536.0,10720.0
2021031005006451,NIFRA,34,18,10,536.0,5360.0
2021031005006450,NIFRA,16,18,815,536.0,436840.0
2021031005006449,NIFRA,16,50,60,536.0,32160.0
2021031005006448,NIFRA,16,55,50,536.0,26800.0
2021031005006447,NIFRA,16,29,60,536.0,32160.0
2021031005006446,NIFRA,16,42,50,536.0,26800.0
2021031005006459,NIFRA,55,1,50,534.0,26700.0
2021031005006458,NIFRA,55,29,60,534.0,32040.0
2021031005006457,NIFRA,55,57,60,534.0,32040.0
2021031005006456,NIFRA,42,18,39,536.0,20904.0
2021031005006455,NIFRA,55,49,25,534.0,13350.0
2021031005006454,NIFRA,46,49,25,535.0,13375.0
2021031005006467,NIFRA,55,42,50,534.0,26700.0
2021031005006465,NIFRA,55,49,50,534.0,26700.0
2021031005006464,NIFRA,55,50,50,534.0,26700.0
2021031005006462,NIFRA,55,21,10,534.0,5340.0
2021031005006461,NIFRA,55,47,60,534.0,32040.0
2021031005006460,NIFRA,38,29,50,535.0,26750.0
2021031005006474,NIFRA,55,21,60,534.0,32040.0
2021031005006473,NIFRA,55,1,50,534.0,26700.0
2021031005006472,NIFRA,55,29,50,534.0,26700.0
2021031005006470,NIFRA,55,39,50,534.0,26700.0
2021031005006469,NIFRA,55,34,50,534.0,26700.0
2021031005006468,NIFRA,55,6,50,534.0,26700.0
2021031005006480,NIFRA,55,47,60,534.0,32040.0
2021031005006479,NIFRA,55,6,60,534.0,32040.0
2021031005006478,NIFRA,55,55,60,534.0,32040.0
2021031005006477,NIFRA,55,58,50,534.0,26700.0
2021031005006476,NIFRA,55,34,50,534.0,26700.0
2021031005006475,NIFRA,55,49,50,534.0,26700.0
2021031005006487,NIFRA,55,44,50,534.0,26700.0
2021031005006485,NIFRA,55,29,50,534.0,26700.0
2021031005006484,NIFRA,55,42,50,534.0,26700.0
2021031005006483,NIFRA,55,40,50,534.0,26700.0
2021031005006482,NIFRA,55,50,60,534.0,32040.0
2021031005006481,NIFRA,17,54,50,535.0,26750.0
2021031005006494,NIFRA,55,21,50,534.0,26700.0
2021031005006493,NIFRA,55,47,60,534.0,32040.0
2021031005006492,NIFRA,19,17,15,535.0,8025.0
2021031005006491,NIFRA,19,44,60,535.0,32100.0
2021031005006490,NIFRA,19,4,25,535.0,13375.0
2021031005006488,NIFRA,55,49,60,534.0,32040.0
2021031005006500,NIFRA,44,49,60,535.0,32100.0
2021031005006499,NIFRA,44,40,60,535.0,32100.0
2021031005006498,NIFRA,44,16,50,535.0,26750.0
2021031005006497,NIFRA,17,29,50,535.0,26750.0
2021031005006496,NIFRA,17,58,60,535.0,32100.0
2021031005006495,NIFRA,17,17,35,535.0,18725.0
2021031005006507,NIFRA,44,26,50,535.0,26750.0
2021031005006506,NIFRA,44,29,50,535.0,26750.0
2021031005006505,NIFRA,44,53,50,535.0,26750.0
2021031005006503,NIFRA,44,47,50,535.0,26750.0
2021031005006502,NIFRA,44,42,50,535.0,26750.0
2021031005006501,NIFRA,44,6,50,535.0,26750.0
2021031005006514,NIFRA,55,35,20,534.0,10680.0
2021031005006512,NIFRA,55,58,50,534.0,26700.0
2021031005006511,NIFRA,55,53,30,534.0,16020.0
2021031005006510,NIFRA,52,53,20,535.0,10700.0
2021031005006509,NIFRA,52,50,20,535.0,10700.0
2021031005006508,NIFRA,44,50,30,535.0,16050.0
2021031005006520,NIFRA,39,38,50,535.0,26750.0
2021031005006519,NIFRA,39,48,10,535.0,5350.0
2021031005006518,NIFRA,39,49,60,535.0,32100.0
2021031005006517,NIFRA,55,20,60,534.0,32040.0
2021031005006516,NIFRA,55,38,50,534.0,26700.0
2021031005006515,NIFRA,55,40,60,534.0,32040.0
2021031005006527,NIFRA,55,19,60,534.0,32040.0
2021031005006525,NIFRA,55,55,60,534.0,32040.0
2021031005006524,NIFRA,52,42,10,535.0,5350.0
2021031005006523,NIFRA,52,45,30,535.0,16050.0
2021031005006522,NIFRA,39,45,30,535.0,16050.0
2021031005006521,NIFRA,39,21,50,535.0,26750.0
2021031005006533,NIFRA,55,6,50,534.0,26700.0
2021031005006532,NIFRA,55,45,10,534.0,5340.0
2021031005006531,NIFRA,55,57,50,534.0,26700.0
2021031005006530,NIFRA,42,42,15,535.0,8025.0
2021031005006529,NIFRA,55,47,50,534.0,26700.0
2021031005006528,NIFRA,55,16,60,534.0,32040.0
2021031005006541,NIFRA,55,6,60,534.0,32040.0
2021031005006540,NIFRA,55,26,20,534.0,10680.0
2021031005006539,NIFRA,55,47,60,534.0,32040.0
2021031005006538,NIFRA,55,29,50,534.0,26700.0
2021031005006536,NIFRA,55,57,60,534.0,32040.0
2021031005006534,NIFRA,55,40,50,534.0,26700.0
2021031005006547,NIFRA,25,42,15,535.0,8025.0
2021031005006546,NIFRA,55,16,60,534.0,32040.0
2021031005006545,NIFRA,17,42,10,535.0,5350.0
2021031005006544,NIFRA,32,6,50,535.0,26750.0
2021031005006543,NIFRA,55,29,50,534.0,26700.0
2021031005006542,NIFRA,55,58,20,534.0,10680.0
2021031005006555,NIFRA,51,57,50,535.0,26750.0
2021031005006554,NIFRA,55,32,100,534.0,53400.0
2021031005006553,NIFRA,55,21,60,534.0,32040.0
2021031005006551,NIFRA,55,6,50,534.0,26700.0
2021031005006550,NIFRA,55,29,50,534.0,26700.0
2021031005006548,NIFRA,55,26,60,534.0,32040.0
2021031005006561,NIFRA,55,26,50,534.0,26700.0
2021031005006560,NIFRA,55,11,50,534.0,26700.0
2021031005006559,NIFRA,51,48,25,535.0,13375.0
2021031005006558,NIFRA,51,16,50,535.0,26750.0
2021031005006557,NIFRA,51,7,50,535.0,26750.0
2021031005006556,NIFRA,51,29,50,535.0,26750.0
2021031005006567,NIFRA,7,51,20,535.0,10700.0
2021031005006566,NIFRA,7,16,50,535.0,26750.0
2021031005006565,NIFRA,7,58,60,535.0,32100.0
2021031005006564,NIFRA,7,58,50,535.0,26750.0
2021031005006563,NIFRA,7,48,275,535.0,147125.0
2021031005006562,NIFRA,55,40,50,534.0,26700.0
2021031005006575,NIFRA,45,1,35,534.0,18690.0
2021031005006574,NIFRA,38,1,90,534.0,48060.0
2021031005006573,NIFRA,55,1,100,534.0,53400.0
2021031005006572,NIFRA,55,1,275,534.0,146850.0
2021031005006569,NIFRA,58,58,5,535.0,2675.0
2021031005006568,NIFRA,7,58,45,535.0,24075.0
2021031005006582,NIFRA,41,41,60,534.0,32040.0
2021031005006581,NIFRA,41,49,45,534.0,24030.0
2021031005006579,NIFRA,41,18,40,534.0,21360.0
2021031005006578,NIFRA,45,52,60,534.0,32040.0
2021031005006577,NIFRA,45,35,50,534.0,26700.0
2021031005006576,NIFRA,45,3,50,534.0,26700.0
2021031005006588,NIFRA,55,19,20,535.0,10700.0
2021031005006587,NIFRA,55,16,50,534.0,26700.0
2021031005006586,NIFRA,46,38,30,533.0,15990.0
2021031005006585,NIFRA,13,38,20,533.0,10660.0
2021031005006584,NIFRA,51,19,30,535.0,16050.0
2021031005006583,NIFRA,41,55,50,534.0,26700.0
2021031005006594,NIFRA,55,32,50,535.0,26750.0
2021031005006593,NIFRA,55,42,50,535.0,26750.0
2021031005006592,NIFRA,55,14,60,535.0,32100.0
2021031005006591,NIFRA,55,39,50,535.0,26750.0
2021031005006590,NIFRA,55,41,50,535.0,26750.0
2021031005006589,NIFRA,55,52,50,535.0,26750.0
2021031005006605,NIFRA,55,52,20,535.0,10700.0
2021031005006604,NIFRA,55,34,50,535.0,26750.0
2021031005006603,NIFRA,55,18,40,535.0,21400.0
2021031005006602,NIFRA,55,56,60,535.0,32100.0
2021031005006601,NIFRA,55,46,10,535.0,5350.0
2021031005006600,NIFRA,55,16,50,535.0,26750.0
2021031005006612,NIFRA,55,59,50,535.0,26750.0
2021031005006611,NIFRA,55,49,50,535.0,26750.0
2021031005006610,NIFRA,55,41,50,535.0,26750.0
2021031005006609,NIFRA,55,3,50,535.0,26750.0
2021031005006607,NIFRA,55,38,40,535.0,21400.0
2021031005006606,NIFRA,55,1,200,535.0,107000.0
2021031005006618,NIFRA,55,16,50,535.0,26750.0
2021031005006617,NIFRA,55,52,60,535.0,32100.0
2021031005006616,NIFRA,55,49,60,535.0,32100.0
2021031005006615,NIFRA,55,21,50,535.0,26750.0
2021031005006614,NIFRA,55,38,40,535.0,21400.0
2021031005006613,NIFRA,55,56,60,535.0,32100.0
2021031005006625,NIFRA,55,41,50,535.0,26750.0
2021031005006624,NIFRA,55,59,50,535.0,26750.0
2021031005006623,NIFRA,55,44,60,535.0,32100.0
2021031005006621,NIFRA,55,3,50,535.0,26750.0
2021031005006620,NIFRA,55,48,40,535.0,21400.0
2021031005006619,NIFRA,55,38,50,535.0,26750.0
2021031005006631,NIFRA,32,29,50,536.0,26800.0
2021031005006630,NIFRA,32,56,60,536.0,32160.0
2021031005006629,NIFRA,32,39,60,536.0,32160.0
2021031005006628,NIFRA,32,18,136,536.0,72896.0
2021031005006627,NIFRA,55,34,20,535.0,10700.0
2021031005006626,NIFRA,55,17,105,535.0,56175.0
2021031005006639,NIFRA,55,32,40,535.0,21400.0
2021031005006638,NIFRA,55,6,50,535.0,26750.0
2021031005006637,NIFRA,55,16,120,535.0,64200.0
2021031005006634,NIFRA,55,59,60,535.0,32100.0
2021031005006633,NIFRA,55,48,40,535.0,21400.0
2021031005006632,NIFRA,32,3,144,536.0,77184.0
2021031005006647,NIFRA,55,21,60,535.0,32100.0
2021031005006645,NIFRA,55,41,60,535.0,32100.0
2021031005006644,NIFRA,55,45,20,535.0,10700.0
2021031005006643,NIFRA,55,16,100,535.0,53500.0
2021031005006642,NIFRA,55,52,60,535.0,32100.0
2021031005006640,NIFRA,55,3,50,535.0,26750.0
2021031005006653,NIFRA,14,49,50,536.0,26800.0
2021031005006652,NIFRA,14,58,20,536.0,10720.0
2021031005006651,NIFRA,14,3,56,536.0,30016.0
2021031005006650,NIFRA,55,49,50,535.0,26750.0
2021031005006649,NIFRA,55,22,50,535.0,26750.0
2021031005006648,NIFRA,55,45,50,535.0,26750.0
2021031005006659,NIFRA,55,17,50,535.0,26750.0
2021031005006658,NIFRA,55,41,50,535.0,26750.0
2021031005006657,NIFRA,55,13,60,535.0,32100.0
2021031005006656,NIFRA,55,40,60,535.0,32100.0
2021031005006655,NIFRA,55,34,20,535.0,10700.0
2021031005006654,NIFRA,14,13,74,536.0,39664.0
2021031005006665,NIFRA,55,38,60,535.0,32100.0
2021031005006664,NIFRA,55,51,60,535.0,32100.0
2021031005006663,NIFRA,55,33,150,535.0,80250.0
2021031005006662,NIFRA,55,58,50,535.0,26750.0
2021031005006661,NIFRA,58,29,70,536.0,37520.0
2021031005006660,NIFRA,58,41,30,536.0,16080.0
2021031005006672,NIFRA,21,38,60,536.0,32160.0
2021031005006671,NIFRA,21,29,150,536.0,80400.0
2021031005006669,NIFRA,55,52,50,535.0,26750.0
2021031005006668,NIFRA,55,45,50,535.0,26750.0
2021031005006667,NIFRA,55,16,10,535.0,5350.0
2021031005006666,NIFRA,55,40,50,535.0,26750.0
2021031005006678,NIFRA,21,34,50,536.0,26800.0
2021031005006677,NIFRA,21,41,40,536.0,21440.0
2021031005006676,NIFRA,21,59,50,536.0,26800.0
2021031005006675,NIFRA,21,54,50,536.0,26800.0
2021031005006674,NIFRA,21,58,30,536.0,16080.0
2021031005006673,NIFRA,21,49,60,536.0,32160.0
2021031005006684,NIFRA,48,57,60,536.0,32160.0
2021031005006683,NIFRA,55,36,50,535.0,26750.0
2021031005006682,NIFRA,14,36,10,536.0,5360.0
2021031005006681,NIFRA,14,49,50,536.0,26800.0
2021031005006680,NIFRA,14,41,40,536.0,21440.0
2021031005006679,NIFRA,21,41,10,536.0,5360.0
2021031005006691,NIFRA,48,48,50,536.0,26800.0
2021031005006690,NIFRA,48,46,50,536.0,26800.0
2021031005006688,NIFRA,48,45,50,536.0,26800.0
2021031005006687,NIFRA,48,47,60,536.0,32160.0
2021031005006686,NIFRA,48,55,50,536.0,26800.0
2021031005006685,NIFRA,48,38,50,536.0,26800.0
2021031005006689,PLI,26,16,10,742.0,7420.0
2021031005006670,PLI,26,38,10,742.0,7420.0
2021031005006646,PLI,26,48,10,742.0,7420.0
2021031005006641,PLI,26,56,10,743.0,7430.0
2021031005006636,PLI,26,22,10,743.0,7430.0
2021031005006635,PLI,26,7,10,743.0,7430.0
2021031005006205,PLI,8,48,10,743.0,7430.0
2021031005006204,PLI,8,56,10,743.0,7430.0
2021031005006222,PLI,8,48,10,742.0,7420.0
2021031005006211,PLI,16,21,20,743.0,14860.0
2021031005006210,PLI,16,40,10,743.0,7430.0
2021031005006209,PLI,16,34,10,743.0,7430.0
2021031005006208,PLI,16,11,50,743.0,37150.0
2021031005006207,PLI,16,38,10,742.0,7420.0
2021031005006266,PLI,8,48,10,742.0,7420.0
2021031005006263,PLI,8,41,10,742.0,7420.0
2021031005006257,PLI,8,48,10,742.0,7420.0
2021031005006247,PLI,8,48,10,742.0,7420.0
2021031005006232,PLI,8,48,10,742.0,7420.0
2021031005006223,PLI,8,48,10,742.0,7420.0
2021031005006318,PLI,8,57,10,742.0,7420.0
2021031005006313,PLI,8,34,10,742.0,7420.0
2021031005006278,PLI,8,57,10,742.0,7420.0
2021031005006274,PLI,8,43,10,742.0,7420.0
2021031005006273,PLI,8,48,10,742.0,7420.0
2021031005006267,PLI,8,17,10,742.0,7420.0
2021031005006393,PLI,21,50,10,742.0,7420.0
2021031005006359,PLI,21,49,10,742.0,7420.0
2021031005006354,PLI,8,51,50,743.0,37150.0
2021031005006349,PLI,21,44,10,742.0,7420.0
2021031005006337,PLI,8,48,10,742.0,7420.0
2021031005006319,PLI,48,17,10,743.0,7430.0
2021031005006453,PLI,26,50,10,742.0,7420.0
2021031005006452,PLI,26,54,10,742.0,7420.0
2021031005006443,PLI,26,47,10,742.0,7420.0
2021031005006416,PLI,21,50,10,742.0,7420.0
2021031005006411,PLI,21,44,10,742.0,7420.0
2021031005006402,PLI,58,51,15,743.0,11145.0
2021031005006513,PLI,26,42,10,742.0,7420.0
2021031005006504,PLI,26,16,10,742.0,7420.0
2021031005006489,PLI,26,52,10,742.0,7420.0
2021031005006486,PLI,26,29,10,742.0,7420.0
2021031005006471,PLI,26,50,10,742.0,7420.0
2021031005006466,PLI,26,42,10,742.0,7420.0
2021031005006595,PLI,26,51,105,743.0,78015.0
2021031005006580,PLI,26,3,10,742.0,7420.0
2021031005006571,PLI,26,57,10,742.0,7420.0
2021031005006570,PLI,26,45,10,742.0,7420.0
2021031005006537,PLI,26,57,10,742.0,7420.0
2021031005006526,PLI,26,34,10,742.0,7420.0
2021031005006622,PLI,26,57,10,743.0,7430.0
2021031005006608,PLI,26,55,10,743.0,7430.0
2021031005006599,PLI,26,36,10,743.0,7430.0
2021031005006598,PLI,26,17,10,743.0,7430.0
2021031005006597,PLI,26,8,10,743.0,7430.0
2021031005006596,PLI,26,13,10,743.0,7430.0
2021031005006176,CGH,59,21,10,804.0,8040.0
2021031005005916,CGH,59,56,10,804.0,8040.0
2021031005006197,NIFRA,19,58,30,535.0,16050.0
2021031005006196,NIFRA,19,58,50,535.0,26750.0
2021031005006195,NIFRA,19,34,20,535.0,10700.0
2021031005006194,NIFRA,43,34,40,535.0,21400.0
2021031005006192,NIFRA,7,6,45,538.0,24210.0
2021031005006191,NIFRA,7,57,200,538.0,107600.0
2021031005005702,NIFRA,45,46,60,535.0,32100.0
2021031005005701,NIFRA,45,29,20,535.0,10700.0
2021031005005700,NIFRA,45,46,50,535.0,26750.0
2021031005005699,NIFRA,45,14,50,535.0,26750.0
2021031005005698,NIFRA,45,46,50,535.0,26750.0
2021031005005708,NIFRA,45,46,50,535.0,26750.0
2021031005005707,NIFRA,45,46,50,535.0,26750.0
2021031005005706,NIFRA,45,14,50,535.0,26750.0
2021031005005705,NIFRA,45,46,50,535.0,26750.0
2021031005005704,NIFRA,45,14,50,535.0,26750.0
2021031005005703,NIFRA,45,34,10,535.0,5350.0
2021031005005714,NIFRA,45,46,50,535.0,26750.0
2021031005005713,NIFRA,45,46,40,535.0,21400.0
2021031005005712,NIFRA,45,46,50,535.0,26750.0
2021031005005711,NIFRA,45,46,50,535.0,26750.0
2021031005005710,NIFRA,45,46,50,535.0,26750.0
2021031005005709,NIFRA,45,53,50,535.0,26750.0
2021031005005720,NIFRA,45,34,60,535.0,32100.0
2021031005005719,NIFRA,45,16,60,535.0,32100.0
2021031005005718,NIFRA,45,46,50,535.0,26750.0
2021031005005717,NIFRA,45,46,50,535.0,26750.0
2021031005005716,NIFRA,45,57,50,535.0,26750.0
2021031005005715,NIFRA,45,36,60,535.0,32100.0
2021031005005726,NIFRA,45,52,50,535.0,26750.0
2021031005005725,NIFRA,45,57,40,535.0,21400.0
2021031005005724,NIFRA,45,44,50,535.0,26750.0
2021031005005723,NIFRA,45,16,50,535.0,26750.0
2021031005005722,NIFRA,45,58,60,535.0,32100.0
2021031005005721,NIFRA,45,19,50,535.0,26750.0
2021031005005732,NIFRA,45,16,250,535.0,133750.0
2021031005005731,NIFRA,45,21,10,535.0,5350.0
2021031005005730,NIFRA,45,44,60,535.0,32100.0
2021031005005729,NIFRA,45,3,60,535.0,32100.0
2021031005005728,NIFRA,45,54,60,535.0,32100.0
2021031005005727,NIFRA,45,38,30,535.0,16050.0
2021031005005738,NIFRA,45,21,50,535.0,26750.0
2021031005005737,NIFRA,45,38,30,535.0,16050.0
2021031005005736,NIFRA,45,35,50,535.0,26750.0
2021031005005735,NIFRA,45,1,20,535.0,10700.0
2021031005005734,NIFRA,45,11,50,535.0,26750.0
2021031005005733,NIFRA,45,53,160,535.0,85600.0
2021031005005744,NIFRA,45,25,40,535.0,21400.0
2021031005005743,NIFRA,45,49,50,535.0,26750.0
2021031005005742,NIFRA,45,13,50,535.0,26750.0
2021031005005741,NIFRA,45,58,50,535.0,26750.0
2021031005005740,NIFRA,45,22,50,535.0,26750.0
2021031005005739,NIFRA,45,45,40,535.0,21400.0
2021031005005750,NIFRA,45,38,30,535.0,16050.0
2021031005005749,NIFRA,45,29,50,535.0,26750.0
2021031005005748,NIFRA,45,32,50,535.0,26750.0
2021031005005747,NIFRA,45,4,60,535.0,32100.0
2021031005005746,NIFRA,45,58,50,535.0,26750.0
2021031005005745,NIFRA,45,38,30,535.0,16050.0
2021031005005756,NIFRA,45,22,50,535.0,26750.0
2021031005005755,NIFRA,45,13,60,535.0,32100.0
2021031005005754,NIFRA,45,10,50,535.0,26750.0
2021031005005753,NIFRA,45,58,50,535.0,26750.0
2021031005005752,NIFRA,45,56,60,535.0,32100.0
2021031005005751,NIFRA,45,39,10,535.0,5350.0
2021031005005762,NIFRA,45,49,50,535.0,26750.0
2021031005005761,NIFRA,45,42,50,535.0,26750.0
2021031005005760,NIFRA,45,25,40,535.0,21400.0
2021031005005759,NIFRA,45,58,50,535.0,26750.0
2021031005005758,NIFRA,45,32,50,535.0,26750.0
2021031005005757,NIFRA,45,17,60,535.0,32100.0
2021031005005768,NIFRA,45,41,20,535.0,10700.0
2021031005005767,NIFRA,45,49,50,535.0,26750.0
2021031005005766,NIFRA,45,44,60,535.0,32100.0
2021031005005765,NIFRA,45,49,50,535.0,26750.0
2021031005005764,NIFRA,45,3,50,535.0,26750.0
2021031005005763,NIFRA,45,46,30,535.0,16050.0
2021031005005774,NIFRA,55,55,50,533.0,26650.0
2021031005005773,NIFRA,55,21,60,533.0,31980.0
2021031005005772,NIFRA,55,57,50,533.0,26650.0
2021031005005771,NIFRA,45,45,40,535.0,21400.0
2021031005005770,NIFRA,45,44,50,535.0,26750.0
2021031005005769,NIFRA,45,17,10,535.0,5350.0
2021031005005780,NIFRA,55,42,50,533.0,26650.0
2021031005005779,NIFRA,55,21,50,533.0,26650.0
2021031005005778,NIFRA,55,56,60,533.0,31980.0
2021031005005777,NIFRA,55,47,50,533.0,26650.0
2021031005005776,NIFRA,55,16,10,533.0,5330.0
2021031005005775,NIFRA,55,48,50,533.0,26650.0
2021031005005786,NIFRA,55,44,60,535.0,32100.0
2021031005005785,NIFRA,55,44,60,535.0,32100.0
2021031005005784,NIFRA,55,44,100,535.0,53500.0
2021031005005783,NIFRA,55,45,20,535.0,10700.0
2021031005005782,NIFRA,55,48,50,533.0,26650.0
2021031005005781,NIFRA,55,56,50,533.0,26650.0
2021031005005792,NIFRA,55,58,20,535.0,10700.0
2021031005005791,NIFRA,55,17,50,535.0,26750.0
2021031005005790,NIFRA,55,21,50,535.0,26750.0
2021031005005789,NIFRA,55,57,210,535.0,112350.0
2021031005005788,NIFRA,55,58,10,535.0,5350.0
2021031005005787,NIFRA,55,32,60,535.0,32100.0
2021031005005798,NIFRA,55,21,50,535.0,26750.0
2021031005005797,NIFRA,55,58,50,535.0,26750.0
2021031005005796,NIFRA,55,58,60,535.0,32100.0
2021031005005795,NIFRA,55,51,50,535.0,26750.0
2021031005005794,NIFRA,55,1,50,535.0,26750.0
2021031005005793,NIFRA,55,21,200,535.0,107000.0
2021031005005804,NIFRA,55,48,20,535.0,10700.0
2021031005005803,NIFRA,55,41,10,535.0,5350.0
2021031005005802,NIFRA,55,45,300,535.0,160500.0
2021031005005801,NIFRA,55,50,60,535.0,32100.0
2021031005005800,NIFRA,55,20,30,535.0,16050.0
2021031005005799,NIFRA,55,59,100,535.0,53500.0
2021031005005810,NIFRA,55,58,60,535.0,32100.0
2021031005005809,NIFRA,55,59,50,535.0,26750.0
2021031005005808,NIFRA,55,46,50,535.0,26750.0
2021031005005807,NIFRA,55,5,50,535.0,26750.0
2021031005005806,NIFRA,55,45,60,535.0,32100.0
2021031005005805,NIFRA,55,58,20,535.0,10700.0
2021031005005816,NIFRA,55,3,20,535.0,10700.0
2021031005005815,NIFRA,55,22,60,535.0,32100.0
2021031005005814,NIFRA,55,5,20,535.0,10700.0
2021031005005813,NIFRA,55,5,40,535.0,21400.0
2021031005005812,NIFRA,55,42,50,535.0,26750.0
2021031005005811,NIFRA,55,1,50,535.0,26750.0
2021031005005822,NIFRA,55,47,110,535.0,58850.0
2021031005005821,NIFRA,55,13,60,535.0,32100.0
2021031005005820,NIFRA,55,58,20,535.0,10700.0
2021031005005819,NIFRA,55,25,60,535.0,32100.0
2021031005005818,NIFRA,55,48,50,535.0,26750.0
2021031005005817,NIFRA,55,45,30,535.0,16050.0
2021031005005828,NIFRA,55,45,50,535.0,26750.0
2021031005005827,NIFRA,55,58,30,535.0,16050.0
2021031005005826,NIFRA,55,47,10,535.0,5350.0
2021031005005825,NIFRA,55,42,60,535.0,32100.0
2021031005005824,NIFRA,55,17,50,535.0,26750.0
2021031005005823,NIFRA,55,14,50,535.0,26750.0
2021031005005835,NIFRA,55,34,50,536.0,26800.0
2021031005005834,NIFRA,55,37,60,536.0,32160.0
2021031005005833,NIFRA,55,39,60,536.0,32160.0
2021031005005832,NIFRA,55,22,50,535.0,26750.0
2021031005005830,NIFRA,55,40,350,535.0,187250.0
2021031005005829,NIFRA,55,42,50,535.0,26750.0
2021031005005841,NIFRA,55,13,50,536.0,26800.0
2021031005005840,NIFRA,55,56,20,536.0,10720.0
2021031005005839,NIFRA,55,6,60,536.0,32160.0
2021031005005838,NIFRA,55,36,50,536.0,26800.0
2021031005005837,NIFRA,55,6,50,536.0,26800.0
2021031005005836,NIFRA,55,58,20,536.0,10720.0
2021031005005847,NIFRA,55,28,30,536.0,16080.0
2021031005005846,NIFRA,55,21,60,536.0,32160.0
2021031005005845,NIFRA,55,34,50,536.0,26800.0
2021031005005844,NIFRA,55,45,60,536.0,32160.0
2021031005005843,NIFRA,55,6,40,536.0,21440.0
2021031005005842,NIFRA,55,36,50,536.0,26800.0
2021031005005853,NIFRA,55,46,60,536.0,32160.0
2021031005005852,NIFRA,55,29,50,536.0,26800.0
2021031005005851,NIFRA,55,38,50,536.0,26800.0
2021031005005850,NIFRA,55,13,60,536.0,32160.0
2021031005005849,NIFRA,55,58,10,536.0,5360.0
2021031005005848,NIFRA,55,49,500,536.0,268000.0
2021031005005860,NIFRA,45,34,50,537.0,26850.0
2021031005005859,NIFRA,45,51,60,537.0,32220.0
2021031005005858,NIFRA,55,40,60,536.0,32160.0
2021031005005857,NIFRA,55,41,50,536.0,26800.0
2021031005005855,NIFRA,55,21,50,536.0,26800.0
2021031005005854,NIFRA,55,17,40,536.0,21440.0
2021031005005866,NIFRA,45,6,60,537.0,32220.0
2021031005005865,NIFRA,45,58,40,537.0,21480.0
2021031005005864,NIFRA,45,45,50,537.0,26850.0
2021031005005863,NIFRA,45,29,50,537.0,26850.0
2021031005005862,NIFRA,45,8,550,537.0,295350.0
2021031005005861,NIFRA,45,59,50,537.0,26850.0
2021031005005872,NIFRA,45,57,30,537.0,16110.0
2021031005005871,NIFRA,45,57,60,537.0,32220.0
2021031005005870,NIFRA,45,44,60,537.0,32220.0
2021031005005869,NIFRA,45,47,50,537.0,26850.0
2021031005005868,NIFRA,45,13,50,537.0,26850.0
2021031005005867,NIFRA,45,13,60,537.0,32220.0
2021031005005878,NIFRA,45,33,50,537.0,26850.0
2021031005005877,NIFRA,45,41,20,537.0,10740.0
2021031005005876,NIFRA,45,11,50,537.0,26850.0
2021031005005875,NIFRA,45,6,60,537.0,32220.0
2021031005005874,NIFRA,45,6,60,537.0,32220.0
2021031005005873,NIFRA,45,22,50,537.0,26850.0
2021031005005884,NIFRA,45,16,40,537.0,21480.0
2021031005005883,NIFRA,45,21,300,537.0,161100.0
2021031005005882,NIFRA,45,58,50,537.0,26850.0
2021031005005881,NIFRA,45,49,60,537.0,32220.0
2021031005005880,NIFRA,45,55,40,537.0,21480.0
2021031005005879,NIFRA,45,39,"1,000",537.0,537000.0
2021031005005890,NIFRA,45,57,20,537.0,10740.0
2021031005005889,NIFRA,45,4,50,537.0,26850.0
2021031005005888,NIFRA,45,37,50,537.0,26850.0
2021031005005887,NIFRA,45,45,40,537.0,21480.0
2021031005005886,NIFRA,45,51,60,537.0,32220.0
2021031005005885,NIFRA,45,11,30,537.0,16110.0
2021031005005896,NIFRA,45,45,10,537.0,5370.0
2021031005005895,NIFRA,45,42,420,537.0,225540.0
2021031005005894,NIFRA,45,41,50,537.0,26850.0
2021031005005893,NIFRA,45,49,60,537.0,32220.0
2021031005005892,NIFRA,45,42,50,537.0,26850.0
2021031005005891,NIFRA,45,4,60,537.0,32220.0
2021031005005902,NIFRA,45,38,260,537.0,139620.0
2021031005005901,NIFRA,45,29,40,537.0,21480.0
2021031005005900,NIFRA,45,58,60,537.0,32220.0
2021031005005899,NIFRA,45,58,50,537.0,26850.0
2021031005005898,NIFRA,45,58,10,537.0,5370.0
2021031005005897,NIFRA,45,58,40,537.0,21480.0
2021031005005908,NIFRA,45,48,60,537.0,32220.0
2021031005005907,NIFRA,45,14,50,537.0,26850.0
2021031005005906,NIFRA,45,45,50,537.0,26850.0
2021031005005905,NIFRA,45,16,40,537.0,21480.0
2021031005005904,NIFRA,45,58,60,537.0,32220.0
2021031005005903,NIFRA,45,36,100,537.0,53700.0
2021031005005917,NIFRA,55,22,50,536.0,26800.0
2021031005005914,NIFRA,55,26,40,536.0,21440.0
2021031005005912,NIFRA,55,42,50,536.0,26800.0
2021031005005911,NIFRA,55,21,60,536.0,32160.0
2021031005005910,NIFRA,55,48,60,536.0,32160.0
2021031005005909,NIFRA,45,10,280,537.0,150360.0
2021031005005925,NIFRA,55,42,50,536.0,26800.0
2021031005005922,NIFRA,55,48,50,536.0,26800.0
2021031005005921,NIFRA,55,21,50,536.0,26800.0
2021031005005920,NIFRA,55,58,50,536.0,26800.0
2021031005005919,NIFRA,55,54,60,536.0,32160.0
2021031005005918,NIFRA,55,47,50,536.0,26800.0
2021031005005932,NIFRA,55,49,60,536.0,32160.0
2021031005005931,NIFRA,55,48,50,536.0,26800.0
2021031005005929,NIFRA,55,56,50,536.0,26800.0
2021031005005928,NIFRA,55,21,50,536.0,26800.0
2021031005005927,NIFRA,55,38,50,536.0,26800.0
2021031005005926,NIFRA,55,55,50,536.0,26800.0
2021031005005939,NIFRA,55,47,50,536.0,26800.0
2021031005005938,NIFRA,55,56,60,536.0,32160.0
2021031005005937,NIFRA,8,37,45,537.0,24165.0
2021031005005936,NIFRA,8,8,200,537.0,107400.0
2021031005005935,NIFRA,8,16,40,537.0,21480.0
2021031005005934,NIFRA,8,10,220,537.0,118140.0
2021031005005945,NIFRA,8,37,50,537.0,26850.0
2021031005005944,NIFRA,55,58,20,536.0,10720.0
2021031005005943,NIFRA,55,48,60,536.0,32160.0
2021031005005942,NIFRA,55,28,100,536.0,53600.0
2021031005005941,NIFRA,55,36,60,536.0,32160.0
2021031005005940,NIFRA,55,45,60,536.0,32160.0
2021031005005954,NIFRA,55,48,40,536.0,21440.0
2021031005005953,NIFRA,55,48,10,536.0,5360.0
2021031005005949,NIFRA,55,21,50,536.0,26800.0
2021031005005948,NIFRA,22,37,10,537.0,5370.0
2021031005005947,NIFRA,55,21,200,536.0,107200.0
2021031005005946,NIFRA,55,4,50,536.0,26800.0
2021031005005960,NIFRA,55,58,50,537.0,26850.0
2021031005005959,NIFRA,55,48,50,537.0,26850.0
2021031005005958,NIFRA,55,17,100,537.0,53700.0
2021031005005957,NIFRA,55,38,50,537.0,26850.0
2021031005005956,NIFRA,55,46,60,537.0,32220.0
2021031005005955,NIFRA,55,37,355,537.0,190635.0
2021031005005966,NIFRA,55,4,"1,720",536.0,921920.0
2021031005005965,NIFRA,55,4,"3,845",537.0,2064765.0
2021031005005964,NIFRA,55,21,50,537.0,26850.0
2021031005005963,NIFRA,55,47,60,537.0,32220.0
2021031005005962,NIFRA,55,21,60,537.0,32220.0
2021031005005961,NIFRA,55,36,320,537.0,171840.0
2021031005005972,NIFRA,55,29,50,538.0,26900.0
2021031005005971,NIFRA,55,13,50,537.0,26850.0
2021031005005970,NIFRA,55,38,50,536.0,26800.0
2021031005005969,NIFRA,55,40,50,536.0,26800.0
2021031005005968,NIFRA,55,4,"1,235",536.0,661960.0
2021031005005967,NIFRA,14,4,200,536.0,107200.0
2021031005005978,NIFRA,55,21,30,538.0,16140.0
2021031005005977,NIFRA,55,29,50,538.0,26900.0
2021031005005976,NIFRA,55,41,50,538.0,26900.0
2021031005005975,NIFRA,55,29,50,538.0,26900.0
2021031005005974,NIFRA,55,29,50,538.0,26900.0
2021031005005973,NIFRA,55,29,50,538.0,26900.0
2021031005005984,NIFRA,55,6,60,538.0,32280.0
2021031005005983,NIFRA,55,58,20,538.0,10760.0
2021031005005982,NIFRA,55,38,20,538.0,10760.0
2021031005005981,NIFRA,55,53,40,538.0,21520.0
2021031005005980,NIFRA,55,48,50,538.0,26900.0
2021031005005979,NIFRA,55,3,10,538.0,5380.0
2021031005005990,NIFRA,55,48,50,538.0,26900.0
2021031005005989,NIFRA,55,14,60,538.0,32280.0
2021031005005988,NIFRA,55,57,60,538.0,32280.0
2021031005005987,NIFRA,55,36,50,538.0,26900.0
2021031005005986,NIFRA,55,17,50,538.0,26900.0
2021031005005985,NIFRA,55,38,200,538.0,107600.0
2021031005005996,NIFRA,55,50,50,538.0,26900.0
2021031005005995,NIFRA,55,8,50,538.0,26900.0
2021031005005994,NIFRA,55,56,50,538.0,26900.0
2021031005005993,NIFRA,55,11,50,538.0,26900.0
2021031005005992,NIFRA,55,44,60,538.0,32280.0
2021031005005991,NIFRA,55,58,10,538.0,5380.0
2021031005006002,NIFRA,55,57,100,538.0,53800.0
2021031005006001,NIFRA,55,13,50,538.0,26900.0
2021031005006000,NIFRA,55,17,50,538.0,26900.0
2021031005005999,NIFRA,55,10,10,538.0,5380.0
2021031005005998,NIFRA,55,56,50,538.0,26900.0
2021031005005997,NIFRA,55,46,60,538.0,32280.0
2021031005006008,NIFRA,55,39,160,538.0,86080.0
2021031005006007,NIFRA,55,41,30,538.0,16140.0
2021031005006006,NIFRA,55,25,100,538.0,53800.0
2021031005006005,NIFRA,55,17,50,538.0,26900.0
2021031005006004,NIFRA,55,51,60,538.0,32280.0
2021031005006003,NIFRA,55,26,50,538.0,26900.0
2021031005006014,NIFRA,55,17,30,538.0,16140.0
2021031005006013,NIFRA,55,32,50,538.0,26900.0
2021031005006012,NIFRA,55,35,500,538.0,269000.0
2021031005006011,NIFRA,55,50,60,538.0,32280.0
2021031005006010,NIFRA,55,42,10,538.0,5380.0
2021031005006009,NIFRA,55,4,150,538.0,80700.0
2021031005006020,NIFRA,55,56,50,538.0,26900.0
2021031005006019,NIFRA,55,25,35,538.0,18830.0
2021031005006018,NIFRA,55,36,60,538.0,32280.0
2021031005006017,NIFRA,55,42,50,538.0,26900.0
2021031005006016,NIFRA,55,14,"1,250",538.0,672500.0
2021031005006015,NIFRA,55,43,400,538.0,215200.0
2021031005006026,NIFRA,55,52,50,538.0,26900.0
2021031005006025,NIFRA,55,52,50,538.0,26900.0
2021031005006024,NIFRA,55,53,50,538.0,26900.0
2021031005006023,NIFRA,55,49,10,538.0,5380.0
2021031005006022,NIFRA,55,16,30,538.0,16140.0
2021031005006021,NIFRA,55,29,"1,560",538.0,839280.0
2021031005006032,NIFRA,55,16,60,538.0,32280.0
2021031005006031,NIFRA,55,57,200,538.0,107600.0
2021031005006030,NIFRA,55,8,110,538.0,59180.0
2021031005006029,NIFRA,55,55,50,538.0,26900.0
2021031005006028,NIFRA,55,18,500,538.0,269000.0
2021031005006027,NIFRA,55,41,50,538.0,26900.0
2021031005006039,NIFRA,55,58,40,538.0,21520.0
2021031005006037,NIFRA,55,58,10,538.0,5380.0
2021031005006036,NIFRA,55,45,50,538.0,26900.0
2021031005006035,NIFRA,55,21,60,538.0,32280.0
2021031005006034,NIFRA,55,34,60,538.0,32280.0
2021031005006033,NIFRA,55,17,50,538.0,26900.0
2021031005006045,NIFRA,55,22,50,539.0,26950.0
2021031005006044,NIFRA,55,3,60,539.0,32340.0
2021031005006043,NIFRA,55,40,50,538.0,26900.0
2021031005006042,NIFRA,55,48,60,538.0,32280.0
2021031005006041,NIFRA,55,36,60,538.0,32280.0
2021031005006040,NIFRA,55,1,60,538.0,32280.0
2021031005006051,NIFRA,55,29,10,539.0,5390.0
2021031005006050,NIFRA,55,58,40,539.0,21560.0
2021031005006049,NIFRA,55,57,50,539.0,26950.0
2021031005006048,NIFRA,55,34,100,539.0,53900.0
2021031005006047,NIFRA,55,37,50,539.0,26950.0
2021031005006046,NIFRA,55,52,50,539.0,26950.0
2021031005006057,NIFRA,55,57,60,539.0,32340.0
2021031005006056,NIFRA,55,20,50,539.0,26950.0
2021031005006055,NIFRA,55,29,20,539.0,10780.0
2021031005006054,NIFRA,55,22,50,539.0,26950.0
2021031005006053,NIFRA,55,34,50,539.0,26950.0
2021031005006052,NIFRA,55,48,60,539.0,32340.0
2021031005006063,NIFRA,55,28,60,539.0,32340.0
2021031005006062,NIFRA,55,41,50,539.0,26950.0
2021031005006061,NIFRA,55,14,100,539.0,53900.0
2021031005006060,NIFRA,55,36,200,539.0,107800.0
2021031005006059,NIFRA,55,6,60,539.0,32340.0
2021031005006058,NIFRA,55,25,50,539.0,26950.0
2021031005006069,NIFRA,55,11,20,539.0,10780.0
2021031005006068,NIFRA,55,21,60,539.0,32340.0
2021031005006067,NIFRA,55,56,50,539.0,26950.0
2021031005006066,NIFRA,55,11,50,539.0,26950.0
2021031005006065,NIFRA,55,58,50,539.0,26950.0
2021031005006064,NIFRA,55,50,60,539.0,32340.0
2021031005006075,NIFRA,55,59,60,539.0,32340.0
2021031005006074,NIFRA,55,25,50,539.0,26950.0
2021031005006073,NIFRA,55,37,50,539.0,26950.0
2021031005006072,NIFRA,55,58,10,539.0,5390.0
2021031005006071,NIFRA,55,36,120,539.0,64680.0
2021031005006070,NIFRA,55,48,50,539.0,26950.0
2021031005006081,NIFRA,55,16,50,539.0,26950.0
2021031005006080,NIFRA,55,46,60,539.0,32340.0
2021031005006079,NIFRA,55,6,40,539.0,21560.0
2021031005006078,NIFRA,55,59,50,539.0,26950.0
2021031005006077,NIFRA,55,43,20,539.0,10780.0
2021031005006076,NIFRA,55,38,60,539.0,32340.0
2021031005006087,NIFRA,55,48,60,539.0,32340.0
2021031005006086,NIFRA,55,45,10,539.0,5390.0
2021031005006085,NIFRA,55,50,"1,000",539.0,539000.0
2021031005006084,NIFRA,55,13,40,539.0,21560.0
2021031005006083,NIFRA,55,34,50,539.0,26950.0
2021031005006082,NIFRA,55,1,500,539.0,269500.0
2021031005006093,NIFRA,55,42,60,539.0,32340.0
2021031005006092,NIFRA,55,47,60,539.0,32340.0
2021031005006091,NIFRA,55,1,20,539.0,10780.0
2021031005006090,NIFRA,55,14,50,539.0,26950.0
2021031005006089,NIFRA,55,22,60,539.0,32340.0
2021031005006088,NIFRA,55,14,60,539.0,32340.0
2021031005006099,NIFRA,55,21,60,539.0,32340.0
2021031005006098,NIFRA,55,48,50,539.0,26950.0
2021031005006097,NIFRA,55,36,50,539.0,26950.0
2021031005006096,NIFRA,55,42,200,539.0,107800.0
2021031005006095,NIFRA,55,35,100,539.0,53900.0
2021031005006094,NIFRA,55,21,50,539.0,26950.0
2021031005006105,NIFRA,55,34,50,539.0,26950.0
2021031005006104,NIFRA,55,21,50,539.0,26950.0
2021031005006103,NIFRA,55,55,50,539.0,26950.0
2021031005006102,NIFRA,55,47,25,539.0,13475.0
2021031005006101,NIFRA,55,38,60,539.0,32340.0
2021031005006100,NIFRA,55,34,30,539.0,16170.0
2021031005006115,NIFRA,55,21,60,539.0,32340.0
2021031005006110,NIFRA,55,47,60,539.0,32340.0
2021031005006109,NIFRA,55,58,35,539.0,18865.0
2021031005006108,NIFRA,55,58,15,539.0,8085.0
2021031005006107,NIFRA,55,38,60,539.0,32340.0
2021031005006106,NIFRA,55,40,50,539.0,26950.0
2021031005006121,NIFRA,55,34,50,539.0,26950.0
2021031005006120,NIFRA,55,52,60,539.0,32340.0
2021031005006119,NIFRA,55,41,50,539.0,26950.0
2021031005006118,NIFRA,55,22,500,539.0,269500.0
2021031005006117,NIFRA,59,41,35,540.0,18900.0
2021031005006116,NIFRA,59,11,35,540.0,18900.0
2021031005006127,NIFRA,55,20,"3,000",539.0,1617000.0
2021031005006126,NIFRA,55,47,60,539.0,32340.0
2021031005006125,NIFRA,55,20,815,539.0,439285.0
2021031005006124,NIFRA,55,21,50,538.0,26900.0
2021031005006123,NIFRA,55,21,60,538.0,32280.0
2021031005006122,NIFRA,55,20,"4,185",539.0,2255715.0
2021031005006133,NIFRA,55,40,60,539.0,32340.0
2021031005006132,NIFRA,55,41,390,539.0,210210.0
2021031005006131,NIFRA,55,17,60,539.0,32340.0
2021031005006130,NIFRA,55,21,60,539.0,32340.0
2021031005006129,NIFRA,55,34,50,539.0,26950.0
2021031005006128,NIFRA,55,41,50,539.0,26950.0
2021031005006139,NIFRA,42,35,210,540.0,113400.0
2021031005006138,NIFRA,42,34,20,540.0,10800.0
2021031005006137,NIFRA,42,34,50,540.0,27000.0
2021031005006136,NIFRA,42,14,100,540.0,54000.0
2021031005006135,NIFRA,42,44,50,540.0,27000.0
2021031005006134,NIFRA,42,41,25,540.0,13500.0
2021031005006146,NIFRA,43,34,60,540.0,32400.0
2021031005006145,NIFRA,43,34,15,540.0,8100.0
2021031005006144,NIFRA,43,45,95,539.0,51205.0
2021031005006143,NIFRA,55,45,405,539.0,218295.0
2021031005006141,NIFRA,55,47,50,539.0,26950.0
2021031005006140,NIFRA,42,34,45,540.0,24300.0
2021031005006152,NIFRA,55,44,60,538.0,32280.0
2021031005006151,NIFRA,43,21,150,540.0,81000.0
2021031005006150,NIFRA,43,19,60,540.0,32400.0
2021031005006149,NIFRA,43,54,50,540.0,27000.0
2021031005006148,NIFRA,43,42,60,540.0,32400.0
2021031005006147,NIFRA,43,57,10,540.0,5400.0
2021031005006159,NIFRA,55,26,350,538.0,188300.0
2021031005006158,NIFRA,55,47,60,538.0,32280.0
2021031005006157,NIFRA,55,34,300,538.0,161400.0
2021031005006156,NIFRA,55,16,50,538.0,26900.0
2021031005006155,NIFRA,55,14,10,539.0,5390.0
2021031005006153,NIFRA,55,21,60,538.0,32280.0
2021031005006165,NIFRA,55,48,45,538.0,24210.0
2021031005006164,NIFRA,55,57,50,538.0,26900.0
2021031005006163,NIFRA,55,59,"1,800",538.0,968400.0
2021031005006162,NIFRA,55,55,60,538.0,32280.0
2021031005006161,NIFRA,55,34,50,538.0,26900.0
2021031005006160,NIFRA,55,21,50,538.0,26900.0
2021031005006171,NIFRA,55,21,29,538.0,15602.0
2021031005006170,NIFRA,16,21,21,538.0,11298.0
2021031005006169,NIFRA,8,21,10,538.0,5380.0
2021031005006168,NIFRA,8,38,30,538.0,16140.0
2021031005006167,NIFRA,45,14,50,539.0,26950.0
2021031005006166,NIFRA,40,48,10,538.0,5380.0
2021031005006178,NIFRA,14,57,40,536.0,21440.0
2021031005006177,NIFRA,14,21,60,536.0,32160.0
2021031005006175,NIFRA,38,14,10,539.0,5390.0
2021031005006174,NIFRA,35,29,39,537.0,20943.0
2021031005006173,NIFRA,55,29,21,538.0,11298.0
2021031005006172,NIFRA,55,47,50,538.0,26900.0
2021031005006184,NIFRA,58,56,15,535.0,8025.0
2021031005006183,NIFRA,49,56,15,535.0,8025.0
2021031005006182,NIFRA,57,29,15,537.0,8055.0
2021031005006181,NIFRA,49,47,10,535.0,5350.0
2021031005006180,NIFRA,59,47,40,535.0,21400.0
2021031005006179,NIFRA,14,47,60,536.0,32160.0
2021031005006190,NIFRA,7,20,50,538.0,26900.0
2021031005006189,NIFRA,7,17,50,538.0,26900.0
2021031005006188,NIFRA,7,5,50,538.0,26900.0
2021031005006187,NIFRA,7,29,60,537.0,32220.0
2021031005006186,NIFRA,7,29,45,537.0,24165.0
2021031005006185,NIFRA,58,44,50,535.0,26750.0
2021031005006193,PLI,8,44,10,742.0,7420.0
2021031005006154,PLI,43,16,10,742.0,7420.0
2021031005006142,PLI,45,36,10,743.0,7430.0
2021031005006114,PLI,17,19,10,743.0,7430.0
2021031005006113,PLI,17,48,10,743.0,7430.0
2021031005006112,PLI,17,48,10,743.0,7430.0
2021031005005831,PLI,43,48,10,742.0,7420.0
2021031005005930,PLI,43,58,10,742.0,7420.0
2021031005005924,PLI,43,4,10,742.0,7420.0
2021031005005923,PLI,43,48,10,742.0,7420.0
2021031005005915,PLI,43,48,10,742.0,7420.0
2021031005005913,PLI,43,4,10,742.0,7420.0
2021031005005856,PLI,43,48,10,742.0,7420.0
2021031005006111,PLI,17,48,10,743.0,7430.0
2021031005006038,PLI,43,56,10,742.0,7420.0
2021031005005952,PLI,33,38,10,743.0,7430.0
2021031005005951,PLI,33,38,10,743.0,7430.0
2021031005005950,PLI,33,38,10,743.0,7430.0
2021031005005933,PLI,43,48,10,742.0,7420.0
2021031005005639,CGH,59,45,10,804.0,8040.0
2021031005005346,CGH,59,51,10,804.0,8040.0
2021031005005311,CGH,59,21,10,804.0,8040.0
2021031005005242,CGH,59,57,10,804.0,8040.0
2021031005005219,CGH,59,38,10,804.0,8040.0
2021031005005205,CGH,59,42,10,804.0,8040.0
2021031005005697,NIFRA,45,11,50,535.0,26750.0
2021031005005696,NIFRA,45,42,10,535.0,5350.0
2021031005005695,NIFRA,45,29,60,535.0,32100.0
2021031005005694,NIFRA,45,6,60,535.0,32100.0
2021031005005693,NIFRA,45,42,50,535.0,26750.0
2021031005005692,NIFRA,45,14,50,535.0,26750.0
2021031005005200,NIFRA,39,52,60,526.0,31560.0
2021031005005199,NIFRA,39,48,50,526.0,26300.0
2021031005005198,NIFRA,13,28,5,526.0,2630.0
2021031005005210,NIFRA,39,59,50,526.0,26300.0
2021031005005208,NIFRA,39,48,60,526.0,31560.0
2021031005005207,NIFRA,39,48,50,526.0,26300.0
2021031005005206,NIFRA,39,36,60,526.0,31560.0
2021031005005204,NIFRA,39,34,50,526.0,26300.0
2021031005005202,NIFRA,39,56,20,526.0,10520.0
2021031005005217,NIFRA,1,45,50,526.0,26300.0
2021031005005216,NIFRA,1,38,20,526.0,10520.0
2021031005005215,NIFRA,39,38,20,526.0,10520.0
2021031005005213,NIFRA,39,36,60,526.0,31560.0
2021031005005212,NIFRA,39,48,50,526.0,26300.0
2021031005005211,NIFRA,58,22,60,527.0,31620.0
2021031005005224,NIFRA,42,20,50,526.0,26300.0
2021031005005223,NIFRA,42,58,60,526.0,31560.0
2021031005005222,NIFRA,42,49,30,526.0,15780.0
2021031005005221,NIFRA,1,49,30,526.0,15780.0
2021031005005220,NIFRA,1,8,50,526.0,26300.0
2021031005005218,NIFRA,1,42,50,526.0,26300.0
2021031005005231,NIFRA,45,6,20,527.0,10540.0
2021031005005229,NIFRA,41,45,50,526.0,26300.0
2021031005005228,NIFRA,29,49,50,526.0,26300.0
2021031005005227,NIFRA,42,49,10,526.0,5260.0
2021031005005226,NIFRA,42,48,50,526.0,26300.0
2021031005005225,NIFRA,45,6,40,527.0,21080.0
2021031005005237,NIFRA,56,44,40,527.0,21080.0
2021031005005236,NIFRA,56,45,20,527.0,10540.0
2021031005005235,NIFRA,58,45,30,527.0,15810.0
2021031005005234,NIFRA,58,55,20,527.0,10540.0
2021031005005233,NIFRA,58,29,50,527.0,26350.0
2021031005005232,NIFRA,45,55,30,527.0,15810.0
2021031005005245,NIFRA,39,29,50,527.0,26350.0
2021031005005244,NIFRA,39,29,50,527.0,26350.0
2021031005005243,NIFRA,16,38,50,526.0,26300.0
2021031005005241,NIFRA,16,43,50,526.0,26300.0
2021031005005240,NIFRA,16,45,60,526.0,31560.0
2021031005005239,NIFRA,16,14,20,526.0,10520.0
2021031005005251,NIFRA,33,20,50,527.0,26350.0
2021031005005250,NIFRA,33,58,50,527.0,26350.0
2021031005005249,NIFRA,33,45,50,527.0,26350.0
2021031005005248,NIFRA,33,38,50,527.0,26350.0
2021031005005247,NIFRA,33,48,50,527.0,26350.0
2021031005005246,NIFRA,39,21,50,527.0,26350.0
2021031005005257,NIFRA,29,49,30,527.0,15810.0
2021031005005256,NIFRA,38,49,30,527.0,15810.0
2021031005005255,NIFRA,38,49,60,527.0,31620.0
2021031005005254,NIFRA,38,38,60,527.0,31620.0
2021031005005253,NIFRA,33,45,60,527.0,31620.0
2021031005005252,NIFRA,33,49,50,527.0,26350.0
2021031005005264,NIFRA,51,14,10,527.0,5270.0
2021031005005263,NIFRA,51,59,50,527.0,26350.0
2021031005005262,NIFRA,16,45,60,526.0,31560.0
2021031005005261,NIFRA,16,38,50,526.0,26300.0
2021031005005259,NIFRA,16,38,60,526.0,31560.0
2021031005005258,NIFRA,16,45,60,526.0,31560.0
2021031005005272,NIFRA,49,48,10,527.0,5270.0
2021031005005271,NIFRA,16,38,50,526.0,26300.0
2021031005005270,NIFRA,13,48,40,527.0,21080.0
2021031005005267,NIFRA,13,45,60,527.0,31620.0
2021031005005266,NIFRA,16,38,50,526.0,26300.0
2021031005005265,NIFRA,16,14,40,526.0,21040.0
2021031005005278,NIFRA,16,48,60,526.0,31560.0
2021031005005277,NIFRA,16,41,60,526.0,31560.0
2021031005005276,NIFRA,16,21,50,526.0,26300.0
2021031005005275,NIFRA,16,47,50,526.0,26300.0
2021031005005274,NIFRA,16,48,50,526.0,26300.0
2021031005005273,NIFRA,49,55,50,527.0,26350.0
2021031005005286,NIFRA,16,38,50,526.0,26300.0
2021031005005285,NIFRA,16,58,50,526.0,26300.0
2021031005005284,NIFRA,16,58,50,526.0,26300.0
2021031005005283,NIFRA,16,47,25,526.0,13150.0
2021031005005281,NIFRA,16,49,60,526.0,31560.0
2021031005005280,NIFRA,16,8,50,526.0,26300.0
2021031005005292,NIFRA,16,38,50,526.0,26300.0
2021031005005291,NIFRA,16,19,50,526.0,26300.0
2021031005005290,NIFRA,16,47,60,526.0,31560.0
2021031005005289,NIFRA,16,38,60,526.0,31560.0
2021031005005288,NIFRA,16,58,50,526.0,26300.0
2021031005005287,NIFRA,16,38,50,526.0,26300.0
2021031005005299,NIFRA,54,58,700,527.0,368900.0
2021031005005298,NIFRA,54,34,50,527.0,26350.0
2021031005005297,NIFRA,54,34,50,527.0,26350.0
2021031005005296,NIFRA,16,35,50,526.0,26300.0
2021031005005294,NIFRA,58,34,50,527.0,26350.0
2021031005005293,NIFRA,58,42,60,527.0,31620.0
2021031005005305,NIFRA,8,46,50,528.0,26400.0
2021031005005304,NIFRA,54,1,50,527.0,26350.0
2021031005005303,NIFRA,54,55,50,527.0,26350.0
2021031005005302,NIFRA,54,38,50,527.0,26350.0
2021031005005301,NIFRA,54,4,50,527.0,26350.0
2021031005005300,NIFRA,54,26,50,527.0,26350.0
2021031005005312,NIFRA,29,34,50,528.0,26400.0
2021031005005310,NIFRA,54,42,50,527.0,26350.0
2021031005005309,NIFRA,8,48,50,528.0,26400.0
2021031005005308,NIFRA,8,42,20,528.0,10560.0
2021031005005307,NIFRA,8,36,60,528.0,31680.0
2021031005005306,NIFRA,8,4,50,528.0,26400.0
2021031005005321,NIFRA,54,11,60,527.0,31620.0
2021031005005320,NIFRA,54,58,50,527.0,26350.0
2021031005005319,NIFRA,42,34,20,528.0,10560.0
2021031005005318,NIFRA,42,1,20,528.0,10560.0
2021031005005317,NIFRA,42,57,10,528.0,5280.0
2021031005005316,NIFRA,54,28,50,527.0,26350.0
2021031005005328,NIFRA,54,11,50,527.0,26350.0
2021031005005326,NIFRA,54,29,50,527.0,26350.0
2021031005005325,NIFRA,54,17,60,527.0,31620.0
2021031005005324,NIFRA,54,58,50,527.0,26350.0
2021031005005323,NIFRA,54,47,60,527.0,31620.0
2021031005005322,NIFRA,54,11,17,527.0,8959.0
2021031005005334,NIFRA,54,29,60,527.0,31620.0
2021031005005333,NIFRA,54,22,50,527.0,26350.0
2021031005005332,NIFRA,54,17,50,527.0,26350.0
2021031005005331,NIFRA,54,41,60,527.0,31620.0
2021031005005330,NIFRA,54,34,50,527.0,26350.0
2021031005005329,NIFRA,54,47,50,527.0,26350.0
2021031005005342,NIFRA,51,34,10,528.0,5280.0
2021031005005341,NIFRA,51,34,40,528.0,21120.0
2021031005005340,NIFRA,51,34,10,528.0,5280.0
2021031005005339,NIFRA,54,34,50,527.0,26350.0
2021031005005337,NIFRA,58,34,20,528.0,10560.0
2021031005005336,NIFRA,54,19,66,527.0,34782.0
2021031005005349,NIFRA,35,29,13,527.0,6851.0
2021031005005348,NIFRA,54,29,17,527.0,8959.0
2021031005005347,NIFRA,19,29,20,528.0,10560.0
2021031005005345,NIFRA,19,22,10,528.0,5280.0
2021031005005344,NIFRA,51,22,40,528.0,21120.0
2021031005005343,NIFRA,51,34,50,528.0,26400.0
2021031005005356,NIFRA,29,38,37,527.0,19499.0
2021031005005355,NIFRA,29,58,50,527.0,26350.0
2021031005005354,NIFRA,29,47,60,527.0,31620.0
2021031005005353,NIFRA,29,35,13,527.0,6851.0
2021031005005352,NIFRA,35,35,37,527.0,19499.0
2021031005005351,NIFRA,35,29,50,527.0,26350.0
2021031005005363,NIFRA,55,35,117,528.0,61776.0
2021031005005362,NIFRA,58,35,83,528.0,43824.0
2021031005005361,NIFRA,58,13,10,528.0,5280.0
2021031005005359,NIFRA,45,35,60,527.0,31620.0
2021031005005358,NIFRA,58,13,50,528.0,26400.0
2021031005005357,NIFRA,45,38,23,527.0,12121.0
2021031005005370,NIFRA,42,22,50,527.0,26350.0
2021031005005369,NIFRA,42,38,30,527.0,15810.0
2021031005005368,NIFRA,29,38,30,527.0,15810.0
2021031005005367,NIFRA,45,40,17,527.0,8959.0
2021031005005366,NIFRA,55,40,43,528.0,22704.0
2021031005005364,NIFRA,55,38,50,528.0,26400.0
2021031005005377,NIFRA,55,53,20,529.0,10580.0
2021031005005376,NIFRA,55,57,50,529.0,26450.0
2021031005005375,NIFRA,55,42,50,529.0,26450.0
2021031005005374,NIFRA,55,46,350,529.0,185150.0
2021031005005373,NIFRA,55,52,130,529.0,68770.0
2021031005005371,NIFRA,42,47,50,527.0,26350.0
2021031005005383,NIFRA,55,16,25,529.0,13225.0
2021031005005382,NIFRA,55,57,200,529.0,105800.0
2021031005005381,NIFRA,55,48,50,529.0,26450.0
2021031005005380,NIFRA,55,36,50,529.0,26450.0
2021031005005379,NIFRA,55,49,60,529.0,31740.0
2021031005005378,NIFRA,55,51,10,529.0,5290.0
2021031005005389,NIFRA,55,32,100,529.0,52900.0
2021031005005388,NIFRA,55,21,30,529.0,15870.0
2021031005005387,NIFRA,55,32,50,529.0,26450.0
2021031005005386,NIFRA,55,41,60,529.0,31740.0
2021031005005385,NIFRA,55,34,110,529.0,58190.0
2021031005005384,NIFRA,55,19,50,529.0,26450.0
2021031005005397,NIFRA,55,36,50,530.0,26500.0
2021031005005396,NIFRA,55,13,60,530.0,31800.0
2021031005005395,NIFRA,55,38,50,529.0,26450.0
2021031005005394,NIFRA,55,38,50,529.0,26450.0
2021031005005393,NIFRA,55,56,50,529.0,26450.0
2021031005005392,NIFRA,55,52,60,529.0,31740.0
2021031005005403,NIFRA,55,34,50,530.0,26500.0
2021031005005402,NIFRA,55,6,50,530.0,26500.0
2021031005005401,NIFRA,55,28,60,530.0,31800.0
2021031005005400,NIFRA,55,52,40,530.0,21200.0
2021031005005399,NIFRA,55,51,50,530.0,26500.0
2021031005005398,NIFRA,55,14,40,530.0,21200.0
2021031005005409,NIFRA,55,21,80,530.0,42400.0
2021031005005408,NIFRA,55,48,60,530.0,31800.0
2021031005005407,NIFRA,55,32,60,530.0,31800.0
