Transact. No.,Symbol,Buyer,Seller,Quantity,Rate,Amount
2021031505011251,CGH,10,58,10,972.0,9720.0
2021031505011169,CGH,10,58,10,972.0,9720.0
2021031505011164,CGH,10,42,10,972.0,9720.0
2021031505011081,CGH,10,32,10,972.0,9720.0
2021031505011065,CGH,10,17,10,972.0,9720.0
2021031505011045,CGH,10,54,10,972.0,9720.0
2021031505011030,CGH,10,43,10,972.0,9720.0
2021031505010898,CGH,10,40,10,972.0,9720.0
2021031505011383,NIFRA,35,45,250,537.0,134250.0
2021031505011382,NIFRA,35,58,60,537.0,32220.0
2021031505011381,NIFRA,35,21,100,537.0,53700.0
2021031505011380,NIFRA,35,45,60,537.0,32220.0
2021031505011379,NIFRA,35,45,50,537.0,26850.0
2021031505011378,NIFRA,35,52,50,537.0,26850.0
2021031505010885,NIFRA,45,17,50,535.0,26750.0
2021031505010893,NIFRA,45,47,50,535.0,26750.0
2021031505010891,NIFRA,45,44,50,535.0,26750.0
2021031505010890,NIFRA,45,58,150,535.0,80250.0
2021031505010889,NIFRA,45,16,50,535.0,26750.0
2021031505010887,NIFRA,45,43,200,535.0,107000.0
2021031505010886,NIFRA,45,25,500,535.0,267500.0
2021031505010900,NIFRA,45,44,50,535.0,26750.0
2021031505010899,NIFRA,45,58,60,535.0,32100.0
2021031505010897,NIFRA,45,47,60,535.0,32100.0
2021031505010896,NIFRA,45,22,50,535.0,26750.0
2021031505010895,NIFRA,40,3,25,536.0,13400.0
2021031505010894,NIFRA,45,32,50,535.0,26750.0
2021031505010907,NIFRA,45,25,50,535.0,26750.0
2021031505010905,NIFRA,45,47,60,535.0,32100.0
2021031505010904,NIFRA,45,25,300,535.0,160500.0
2021031505010903,NIFRA,45,17,50,535.0,26750.0
2021031505010902,NIFRA,45,32,50,535.0,26750.0
2021031505010901,NIFRA,45,16,60,535.0,32100.0
2021031505010914,NIFRA,35,21,50,536.0,26800.0
2021031505010913,NIFRA,35,57,40,536.0,21440.0
2021031505010912,NIFRA,35,26,50,536.0,26800.0
2021031505010911,NIFRA,35,21,50,536.0,26800.0
2021031505010910,NIFRA,35,42,10,536.0,5360.0
2021031505010909,NIFRA,35,3,75,536.0,40200.0
2021031505010920,NIFRA,45,35,50,535.0,26750.0
2021031505010919,NIFRA,45,57,60,535.0,32100.0
2021031505010918,NIFRA,45,45,60,535.0,32100.0
2021031505010917,NIFRA,45,17,50,535.0,26750.0
2021031505010916,NIFRA,35,56,15,536.0,8040.0
2021031505010915,NIFRA,35,54,10,536.0,5360.0
2021031505010926,NIFRA,58,43,60,535.0,32100.0
2021031505010925,NIFRA,58,44,50,535.0,26750.0
2021031505010924,NIFRA,45,35,50,535.0,26750.0
2021031505010923,NIFRA,45,16,50,535.0,26750.0
2021031505010922,NIFRA,45,44,50,535.0,26750.0
2021031505010921,NIFRA,45,55,60,535.0,32100.0
2021031505010932,NIFRA,57,34,10,536.0,5360.0
2021031505010931,NIFRA,14,16,50,535.0,26750.0
2021031505010930,NIFRA,14,44,50,535.0,26750.0
2021031505010929,NIFRA,14,55,100,535.0,53500.0
2021031505010928,NIFRA,14,38,"1,410",535.0,754350.0
2021031505010927,NIFRA,58,38,90,535.0,48150.0
2021031505010938,NIFRA,57,45,60,536.0,32160.0
2021031505010937,NIFRA,57,45,650,536.0,348400.0
2021031505010936,NIFRA,57,25,10,536.0,5360.0
2021031505010935,NIFRA,57,51,50,536.0,26800.0
2021031505010934,NIFRA,57,42,50,536.0,26800.0
2021031505010933,NIFRA,57,53,20,536.0,10720.0
2021031505010944,NIFRA,57,58,50,536.0,26800.0
2021031505010943,NIFRA,57,55,50,536.0,26800.0
2021031505010942,NIFRA,57,49,50,536.0,26800.0
2021031505010941,NIFRA,57,38,30,536.0,16080.0
2021031505010940,NIFRA,57,16,50,536.0,26800.0
2021031505010939,NIFRA,57,51,200,536.0,107200.0
2021031505010952,NIFRA,40,25,50,537.0,26850.0
2021031505010951,NIFRA,57,38,130,536.0,69680.0
2021031505010949,NIFRA,52,14,40,537.0,21480.0
2021031505010948,NIFRA,52,46,20,537.0,10740.0
2021031505010947,NIFRA,57,36,50,536.0,26800.0
2021031505010946,NIFRA,57,16,50,536.0,26800.0
2021031505010958,NIFRA,40,49,60,537.0,32220.0
2021031505010957,NIFRA,40,26,60,537.0,32220.0
2021031505010956,NIFRA,40,57,50,537.0,26850.0
2021031505010955,NIFRA,40,7,60,537.0,32220.0
2021031505010954,NIFRA,40,14,10,537.0,5370.0
2021031505010953,NIFRA,40,41,60,537.0,32220.0
2021031505010964,NIFRA,40,45,60,537.0,32220.0
2021031505010963,NIFRA,40,58,50,537.0,26850.0
2021031505010962,NIFRA,40,46,50,537.0,26850.0
2021031505010961,NIFRA,40,57,40,537.0,21480.0
2021031505010960,NIFRA,40,32,50,537.0,26850.0
2021031505010959,NIFRA,40,58,10,537.0,5370.0
2021031505010970,NIFRA,57,35,420,536.0,225120.0
2021031505010969,NIFRA,57,16,60,536.0,32160.0
2021031505010968,NIFRA,57,32,10,536.0,5360.0
2021031505010967,NIFRA,40,38,300,537.0,161100.0
2021031505010966,NIFRA,40,42,50,537.0,26850.0
2021031505010965,NIFRA,40,42,40,537.0,21480.0
2021031505010977,NIFRA,22,44,50,536.0,26800.0
2021031505010976,NIFRA,22,40,60,536.0,32160.0
2021031505010975,NIFRA,57,32,50,537.0,26850.0
2021031505010974,NIFRA,45,45,50,537.0,26850.0
2021031505010973,NIFRA,45,38,50,537.0,26850.0
2021031505010971,NIFRA,22,35,580,536.0,310880.0
2021031505010986,NIFRA,22,42,40,536.0,21440.0
2021031505010982,NIFRA,22,55,50,536.0,26800.0
2021031505010981,NIFRA,22,42,60,536.0,32160.0
2021031505010980,NIFRA,22,58,50,536.0,26800.0
2021031505010979,NIFRA,22,44,50,536.0,26800.0
2021031505010978,NIFRA,22,16,60,536.0,32160.0
2021031505010992,NIFRA,57,58,100,537.0,53700.0
2021031505010991,NIFRA,38,1,50,536.0,26800.0
2021031505010990,NIFRA,38,47,60,536.0,32160.0
2021031505010989,NIFRA,38,45,50,536.0,26800.0
2021031505010988,NIFRA,38,1,60,536.0,32160.0
2021031505010987,NIFRA,38,42,20,536.0,10720.0
2021031505010998,NIFRA,38,39,50,536.0,26800.0
2021031505010997,NIFRA,38,16,60,536.0,32160.0
2021031505010996,NIFRA,57,58,100,537.0,53700.0
2021031505010995,NIFRA,57,35,200,537.0,107400.0
2021031505010994,NIFRA,57,45,50,537.0,26850.0
2021031505010993,NIFRA,57,45,150,537.0,80550.0
2021031505011006,NIFRA,35,48,30,536.0,16080.0
2021031505011005,NIFRA,28,48,20,537.0,10740.0
2021031505011004,NIFRA,38,38,30,536.0,16080.0
2021031505011003,NIFRA,38,16,50,536.0,26800.0
2021031505011002,NIFRA,38,1,60,536.0,32160.0
2021031505011000,NIFRA,38,47,10,536.0,5360.0
2021031505011013,NIFRA,38,55,50,537.0,26850.0
2021031505011012,NIFRA,38,1,60,537.0,32220.0
2021031505011011,NIFRA,38,25,220,537.0,118140.0
2021031505011010,NIFRA,22,25,100,537.0,53700.0
2021031505011009,NIFRA,35,14,50,536.0,26800.0
2021031505011007,NIFRA,35,38,50,536.0,26800.0
2021031505011021,NIFRA,7,43,10,537.0,5370.0
2021031505011019,NIFRA,7,1,25,537.0,13425.0
2021031505011018,NIFRA,38,1,35,537.0,18795.0
2021031505011017,NIFRA,38,16,50,537.0,26850.0
2021031505011016,NIFRA,38,47,10,537.0,5370.0
2021031505011014,NIFRA,38,44,75,537.0,40275.0
2021031505011028,NIFRA,35,16,60,536.0,32160.0
2021031505011027,NIFRA,42,26,50,537.0,26850.0
2021031505011026,NIFRA,19,26,40,537.0,21480.0
2021031505011025,NIFRA,7,26,45,537.0,24165.0
2021031505011024,NIFRA,7,48,60,537.0,32220.0
2021031505011022,NIFRA,7,8,60,537.0,32220.0
2021031505011036,NIFRA,35,17,25,536.0,13400.0
2021031505011035,NIFRA,35,44,60,536.0,32160.0
2021031505011034,NIFRA,41,26,100,537.0,53700.0
2021031505011033,NIFRA,42,26,20,537.0,10740.0
2021031505011031,NIFRA,35,25,50,536.0,26800.0
2021031505011029,NIFRA,35,1,60,536.0,32160.0
2021031505011044,NIFRA,47,1,22,536.0,11792.0
2021031505011043,NIFRA,41,1,10,536.0,5360.0
2021031505011042,NIFRA,35,1,28,536.0,15008.0
2021031505011041,NIFRA,35,38,50,536.0,26800.0
2021031505011039,NIFRA,43,26,10,537.0,5370.0
2021031505011037,NIFRA,35,16,50,536.0,26800.0
2021031505011051,NIFRA,1,1,110,536.0,58960.0
2021031505011050,NIFRA,16,1,70,536.0,37520.0
2021031505011049,NIFRA,58,1,10,536.0,5360.0
2021031505011048,NIFRA,17,1,20,536.0,10720.0
2021031505011047,NIFRA,47,1,28,536.0,15008.0
2021031505011046,NIFRA,16,35,30,536.0,16080.0
2021031505011058,NIFRA,41,1,40,536.0,21440.0
2021031505011056,NIFRA,14,1,10,536.0,5360.0
2021031505011055,NIFRA,28,1,70,536.0,37520.0
2021031505011054,NIFRA,45,1,101,536.0,54136.0
2021031505011053,NIFRA,34,1,400,536.0,214400.0
2021031505011052,NIFRA,19,1,50,536.0,26800.0
2021031505011066,NIFRA,14,46,10,535.0,5350.0
2021031505011063,NIFRA,14,55,10,535.0,5350.0
2021031505011062,NIFRA,42,1,30,536.0,16080.0
2021031505011061,NIFRA,14,47,50,535.0,26750.0
2021031505011060,NIFRA,14,16,60,535.0,32100.0
2021031505011059,NIFRA,14,44,50,535.0,26750.0
2021031505011074,NIFRA,26,29,60,536.0,32160.0
2021031505011072,NIFRA,32,1,41,536.0,21976.0
2021031505011070,NIFRA,14,32,50,535.0,26750.0
2021031505011069,NIFRA,33,1,20,536.0,10720.0
2021031505011068,NIFRA,14,1,50,536.0,26800.0
2021031505011067,NIFRA,14,44,50,535.0,26750.0
2021031505011080,NIFRA,14,35,50,535.0,26750.0
2021031505011079,NIFRA,14,49,20,535.0,10700.0
2021031505011078,NIFRA,58,22,40,536.0,21440.0
2021031505011077,NIFRA,26,58,50,536.0,26800.0
2021031505011076,NIFRA,26,35,30,536.0,16080.0
2021031505011075,NIFRA,26,1,60,536.0,32160.0
2021031505011088,NIFRA,41,43,60,535.0,32100.0
2021031505011086,NIFRA,19,38,30,536.0,16080.0
2021031505011085,NIFRA,41,58,10,535.0,5350.0
2021031505011084,NIFRA,14,58,40,535.0,21400.0
2021031505011083,NIFRA,19,38,73,536.0,39128.0
2021031505011082,NIFRA,19,22,20,536.0,10720.0
2021031505011094,NIFRA,41,17,20,535.0,10700.0
2021031505011093,NIFRA,42,1,48,536.0,25728.0
2021031505011092,NIFRA,42,4,25,536.0,13400.0
2021031505011091,NIFRA,42,38,17,536.0,9112.0
2021031505011090,NIFRA,43,4,25,536.0,13400.0
2021031505011089,NIFRA,37,38,40,536.0,21440.0
2021031505011100,NIFRA,36,29,50,536.0,26800.0
2021031505011099,NIFRA,45,47,50,535.0,26750.0
2021031505011098,NIFRA,45,59,40,535.0,21400.0
2021031505011097,NIFRA,35,59,10,535.0,5350.0
2021031505011096,NIFRA,35,56,40,535.0,21400.0
2021031505011095,NIFRA,41,56,10,535.0,5350.0
2021031505011109,NIFRA,44,54,20,535.0,10700.0
2021031505011108,NIFRA,45,54,10,535.0,5350.0
2021031505011105,NIFRA,45,43,50,535.0,26750.0
2021031505011104,NIFRA,48,32,70,536.0,37520.0
2021031505011103,NIFRA,48,45,30,536.0,16080.0
2021031505011102,NIFRA,33,7,9,535.0,4815.0
2021031505011115,NIFRA,35,54,70,535.0,37450.0
2021031505011114,NIFRA,41,54,10,535.0,5350.0
2021031505011113,NIFRA,58,54,38,535.0,20330.0
2021031505011112,NIFRA,17,54,100,535.0,53500.0
2021031505011111,NIFRA,38,54,40,535.0,21400.0
2021031505011110,NIFRA,34,54,90,535.0,48150.0
2021031505011121,NIFRA,45,56,50,535.0,26750.0
2021031505011120,NIFRA,45,54,122,535.0,65270.0
2021031505011119,NIFRA,34,54,200,535.0,107000.0
2021031505011118,NIFRA,35,54,50,535.0,26750.0
2021031505011117,NIFRA,58,54,50,535.0,26750.0
2021031505011116,NIFRA,25,54,200,535.0,107000.0
2021031505011128,NIFRA,45,59,50,535.0,26750.0
2021031505011127,NIFRA,45,43,60,535.0,32100.0
2021031505011126,NIFRA,45,39,50,535.0,26750.0
2021031505011125,NIFRA,22,32,200,536.0,107200.0
2021031505011124,NIFRA,45,22,50,535.0,26750.0
2021031505011123,NIFRA,45,1,50,535.0,26750.0
2021031505011135,NIFRA,11,32,50,536.0,26800.0
2021031505011133,NIFRA,45,32,180,536.0,96480.0
2021031505011132,NIFRA,45,52,50,535.0,26750.0
2021031505011131,NIFRA,45,49,60,535.0,32100.0
2021031505011130,NIFRA,45,58,40,535.0,21400.0
2021031505011129,NIFRA,45,7,50,535.0,26750.0
2021031505011142,NIFRA,45,56,50,535.0,26750.0
2021031505011141,NIFRA,32,32,180,536.0,96480.0
2021031505011139,NIFRA,32,32,40,536.0,21440.0
2021031505011138,NIFRA,45,47,50,535.0,26750.0
2021031505011137,NIFRA,45,43,60,535.0,32100.0
2021031505011136,NIFRA,45,19,60,535.0,32100.0
2021031505011150,NIFRA,45,6,50,535.0,26750.0
2021031505011149,NIFRA,28,32,50,536.0,26800.0
2021031505011147,NIFRA,45,17,500,535.0,267500.0
2021031505011145,NIFRA,45,46,60,535.0,32100.0
2021031505011144,NIFRA,45,58,60,535.0,32100.0
2021031505011143,NIFRA,45,16,50,535.0,26750.0
2021031505011166,NIFRA,45,58,60,535.0,32100.0
2021031505011165,NIFRA,45,58,40,535.0,21400.0
2021031505011163,NIFRA,45,35,50,535.0,26750.0
2021031505011162,NIFRA,45,38,30,535.0,16050.0
2021031505011152,NIFRA,32,32,180,536.0,96480.0
2021031505011151,NIFRA,45,17,50,535.0,26750.0
2021031505011174,NIFRA,45,52,50,535.0,26750.0
2021031505011172,NIFRA,45,58,20,535.0,10700.0
2021031505011171,NIFRA,45,36,50,535.0,26750.0
2021031505011170,NIFRA,40,32,200,536.0,107200.0
2021031505011168,NIFRA,45,7,50,535.0,26750.0
2021031505011167,NIFRA,45,1,50,535.0,26750.0
2021031505011181,NIFRA,45,35,60,535.0,32100.0
2021031505011179,NIFRA,45,11,20,535.0,10700.0
2021031505011178,NIFRA,45,35,60,535.0,32100.0
2021031505011177,NIFRA,45,6,10,535.0,5350.0
2021031505011176,NIFRA,45,1,50,535.0,26750.0
2021031505011175,NIFRA,45,58,550,535.0,294250.0
2021031505011187,NIFRA,1,58,50,536.0,26800.0
2021031505011186,NIFRA,1,17,15,536.0,8040.0
2021031505011185,NIFRA,1,45,30,536.0,16080.0
2021031505011184,NIFRA,1,32,350,536.0,187600.0
2021031505011183,NIFRA,45,19,20,535.0,10700.0
2021031505011182,NIFRA,45,25,20,535.0,10700.0
2021031505011193,NIFRA,57,45,50,536.0,26800.0
2021031505011192,NIFRA,57,46,60,536.0,32160.0
2021031505011191,NIFRA,57,34,50,536.0,26800.0
2021031505011190,NIFRA,45,58,60,535.0,32100.0
2021031505011189,NIFRA,1,56,5,536.0,2680.0
2021031505011188,NIFRA,1,51,50,536.0,26800.0
2021031505011203,NIFRA,42,29,40,535.0,21400.0
2021031505011202,NIFRA,28,29,50,535.0,26750.0
2021031505011201,NIFRA,56,29,100,535.0,53500.0
2021031505011200,NIFRA,45,29,128,535.0,68480.0
2021031505011195,NIFRA,57,34,40,536.0,21440.0
2021031505011194,NIFRA,57,51,50,536.0,26800.0
2021031505011209,NIFRA,49,1,50,536.0,26800.0
2021031505011208,NIFRA,49,1,36,536.0,19296.0
2021031505011207,NIFRA,49,7,20,536.0,10720.0
2021031505011206,NIFRA,49,25,34,536.0,18224.0
2021031505011205,NIFRA,49,34,60,536.0,32160.0
2021031505011204,NIFRA,16,29,82,535.0,43870.0
2021031505011217,NIFRA,16,10,173,535.0,92555.0
2021031505011215,NIFRA,42,1,200,536.0,107200.0
2021031505011213,NIFRA,16,55,45,535.0,24075.0
2021031505011212,NIFRA,39,1,240,536.0,128640.0
2021031505011211,NIFRA,39,18,560,536.0,300160.0
2021031505011210,NIFRA,55,1,50,536.0,26800.0
2021031505011224,NIFRA,46,25,56,536.0,30016.0
2021031505011223,NIFRA,46,1,104,536.0,55744.0
2021031505011221,NIFRA,49,13,50,535.0,26750.0
2021031505011220,NIFRA,49,1,160,536.0,85760.0
2021031505011219,NIFRA,28,1,60,536.0,32160.0
2021031505011218,NIFRA,49,10,327,535.0,174945.0
2021031505011230,NIFRA,46,26,50,536.0,26800.0
2021031505011229,NIFRA,46,52,500,536.0,268000.0
2021031505011228,NIFRA,46,25,10,536.0,5360.0
2021031505011227,NIFRA,46,32,60,536.0,32160.0
2021031505011226,NIFRA,46,34,60,536.0,32160.0
2021031505011225,NIFRA,46,51,60,536.0,32160.0
2021031505011236,NIFRA,32,45,200,535.0,107000.0
2021031505011235,NIFRA,19,45,10,535.0,5350.0
2021031505011234,NIFRA,25,45,10,535.0,5350.0
2021031505011233,NIFRA,49,45,123,535.0,65805.0
2021031505011232,NIFRA,46,45,40,536.0,21440.0
2021031505011231,NIFRA,46,34,60,536.0,32160.0
2021031505011242,NIFRA,58,36,60,535.0,32100.0
2021031505011241,NIFRA,58,45,87,535.0,46545.0
2021031505011240,NIFRA,17,45,100,535.0,53500.0
2021031505011239,NIFRA,57,45,100,535.0,53500.0
2021031505011238,NIFRA,22,45,100,535.0,53500.0
2021031505011237,NIFRA,34,45,70,535.0,37450.0
2021031505011248,NIFRA,20,57,110,536.0,58960.0
2021031505011247,NIFRA,20,38,160,536.0,85760.0
2021031505011246,NIFRA,20,57,100,536.0,53600.0
2021031505011245,NIFRA,20,56,50,536.0,26800.0
2021031505011244,NIFRA,20,45,10,536.0,5360.0
2021031505011243,NIFRA,58,1,50,535.0,26750.0
2021031505011256,NIFRA,44,58,50,535.0,26750.0
2021031505011254,NIFRA,44,47,20,535.0,10700.0
2021031505011253,NIFRA,40,47,40,535.0,21400.0
2021031505011252,NIFRA,40,3,60,535.0,32100.0
2021031505011250,NIFRA,20,7,20,536.0,10720.0
2021031505011249,NIFRA,20,17,50,536.0,26800.0
2021031505011262,NIFRA,3,34,220,536.0,117920.0
2021031505011261,NIFRA,3,22,60,536.0,32160.0
2021031505011260,NIFRA,3,49,60,536.0,32160.0
2021031505011259,NIFRA,3,6,120,536.0,64320.0
2021031505011258,NIFRA,3,47,10,536.0,5360.0
2021031505011257,NIFRA,3,7,30,536.0,16080.0
2021031505011270,NIFRA,59,34,240,536.0,128640.0
2021031505011269,NIFRA,49,34,140,536.0,75040.0
2021031505011268,NIFRA,21,34,50,536.0,26800.0
2021031505011267,NIFRA,44,28,60,535.0,32100.0
2021031505011264,NIFRA,44,45,20,535.0,10700.0
2021031505011263,NIFRA,21,34,150,536.0,80400.0
2021031505011277,NIFRA,14,28,50,536.0,26800.0
2021031505011276,NIFRA,45,26,10,537.0,5370.0
2021031505011274,NIFRA,14,22,840,536.0,450240.0
2021031505011273,NIFRA,59,22,160,536.0,85760.0
2021031505011272,NIFRA,59,45,50,536.0,26800.0
2021031505011271,NIFRA,59,36,50,536.0,26800.0
2021031505011284,NIFRA,14,21,10,536.0,5360.0
2021031505011283,NIFRA,14,47,60,536.0,32160.0
2021031505011282,NIFRA,14,4,50,536.0,26800.0
2021031505011281,NIFRA,14,1,50,536.0,26800.0
2021031505011279,NIFRA,14,20,95,536.0,50920.0
2021031505011278,NIFRA,14,47,50,536.0,26800.0
2021031505011292,NIFRA,56,54,20,537.0,10740.0
2021031505011291,NIFRA,56,1,50,537.0,26850.0
2021031505011290,NIFRA,56,58,20,537.0,10740.0
2021031505011289,NIFRA,56,58,100,537.0,53700.0
2021031505011288,NIFRA,56,26,225,537.0,120825.0
2021031505011286,NIFRA,14,21,10,536.0,5360.0
2021031505011299,NIFRA,14,58,100,536.0,53600.0
2021031505011297,NIFRA,14,11,10,536.0,5360.0
2021031505011296,NIFRA,14,25,50,536.0,26800.0
2021031505011295,NIFRA,14,48,60,536.0,32160.0
2021031505011294,NIFRA,14,7,50,536.0,26800.0
2021031505011293,NIFRA,56,45,85,537.0,45645.0
2021031505011305,NIFRA,42,47,50,536.0,26800.0
2021031505011304,NIFRA,42,46,25,536.0,13400.0
2021031505011303,NIFRA,26,46,20,536.0,10720.0
2021031505011302,NIFRA,22,46,15,536.0,8040.0
2021031505011301,NIFRA,22,58,35,536.0,18760.0
2021031505011300,NIFRA,14,58,15,536.0,8040.0
2021031505011311,NIFRA,32,21,9,537.0,4833.0
2021031505011310,NIFRA,34,42,10,536.0,5360.0
2021031505011309,NIFRA,49,42,30,536.0,16080.0
2021031505011308,NIFRA,42,42,10,536.0,5360.0
2021031505011307,NIFRA,52,45,45,537.0,24165.0
2021031505011306,NIFRA,42,35,40,536.0,21440.0
2021031505011319,NIFRA,34,29,25,536.0,13400.0
2021031505011318,NIFRA,34,40,50,536.0,26800.0
2021031505011317,NIFRA,34,17,20,536.0,10720.0
2021031505011316,NIFRA,50,17,60,536.0,32160.0
2021031505011315,NIFRA,19,17,50,536.0,26800.0
2021031505011314,NIFRA,34,17,20,536.0,10720.0
2021031505011325,NIFRA,48,42,50,537.0,26850.0
2021031505011324,NIFRA,48,58,100,537.0,53700.0
2021031505011323,NIFRA,48,45,70,537.0,37590.0
2021031505011322,NIFRA,13,45,800,537.0,429600.0
2021031505011321,NIFRA,13,32,200,537.0,107400.0
2021031505011320,NIFRA,34,34,60,536.0,32160.0
2021031505011331,NIFRA,48,50,60,537.0,32220.0
2021031505011330,NIFRA,48,4,50,537.0,26850.0
2021031505011329,NIFRA,48,58,60,537.0,32220.0
2021031505011328,NIFRA,48,25,60,537.0,32220.0
2021031505011327,NIFRA,48,59,50,537.0,26850.0
2021031505011326,NIFRA,48,42,50,537.0,26850.0
2021031505011337,NIFRA,48,49,50,537.0,26850.0
2021031505011336,NIFRA,48,46,50,537.0,26850.0
2021031505011335,NIFRA,48,29,"1,000",537.0,537000.0
2021031505011334,NIFRA,48,45,50,537.0,26850.0
2021031505011333,NIFRA,48,43,30,537.0,16110.0
2021031505011332,NIFRA,48,1,50,537.0,26850.0
2021031505011343,NIFRA,34,36,60,536.0,32160.0
2021031505011342,NIFRA,34,1,50,536.0,26800.0
2021031505011341,NIFRA,48,10,20,537.0,10740.0
2021031505011340,NIFRA,48,34,50,537.0,26850.0
2021031505011339,NIFRA,48,26,50,537.0,26850.0
2021031505011338,NIFRA,48,21,100,537.0,53700.0
2021031505011351,NIFRA,28,10,50,537.0,26850.0
2021031505011348,NIFRA,59,34,25,536.0,13400.0
2021031505011347,NIFRA,59,34,25,536.0,13400.0
2021031505011346,NIFRA,52,10,20,537.0,10740.0
2021031505011345,NIFRA,59,1,25,536.0,13400.0
2021031505011344,NIFRA,34,1,35,536.0,18760.0
2021031505011359,NIFRA,46,21,10,536.0,5360.0
2021031505011358,NIFRA,26,21,40,536.0,21440.0
2021031505011355,NIFRA,45,10,10,537.0,5370.0
2021031505011354,NIFRA,26,36,50,536.0,26800.0
2021031505011353,NIFRA,26,58,10,536.0,5360.0
2021031505011352,NIFRA,59,35,25,536.0,13400.0
2021031505011365,NIFRA,46,1,50,536.0,26800.0
2021031505011364,NIFRA,46,56,60,536.0,32160.0
2021031505011363,NIFRA,16,50,340,537.0,182580.0
2021031505011362,NIFRA,16,32,60,537.0,32220.0
2021031505011361,NIFRA,16,42,40,537.0,21480.0
2021031505011360,NIFRA,16,21,60,537.0,32220.0
2021031505011371,NIFRA,58,50,10,537.0,5370.0
2021031505011370,NIFRA,29,51,17,536.0,9112.0
2021031505011369,NIFRA,29,34,90,536.0,48240.0
2021031505011368,NIFRA,51,34,100,536.0,53600.0
2021031505011367,NIFRA,53,34,60,536.0,32160.0
2021031505011366,NIFRA,46,34,50,536.0,26800.0
2021031505011377,NIFRA,35,46,60,537.0,32220.0
2021031505011376,NIFRA,35,58,50,537.0,26850.0
2021031505011375,NIFRA,35,57,300,537.0,161100.0
2021031505011374,NIFRA,35,17,50,537.0,26850.0
2021031505011373,NIFRA,35,50,50,537.0,26850.0
2021031505011372,NIFRA,35,50,80,537.0,42960.0
2021031505011357,PLI,57,3,10,717.0,7170.0
2021031505011356,PLI,57,38,10,716.0,7160.0
2021031505011350,PLI,49,49,20,715.0,14300.0
2021031505011349,PLI,1,49,10,716.0,7160.0
2021031505011313,PLI,1,38,10,716.0,7160.0
2021031505011312,PLI,49,48,10,715.0,7150.0
2021031505010908,PLI,57,34,10,714.0,7140.0
2021031505010906,PLI,58,43,20,715.0,14300.0
2021031505010892,PLI,5,43,170,715.0,121550.0
2021031505010888,PLI,57,45,10,714.0,7140.0
2021031505010884,PLI,57,17,10,714.0,7140.0
2021031505010985,PLI,51,45,30,714.0,21420.0
2021031505010984,PLI,51,52,10,714.0,7140.0
2021031505010983,PLI,51,32,10,714.0,7140.0
2021031505010972,PLI,54,44,10,714.0,7140.0
2021031505010950,PLI,54,22,10,714.0,7140.0
2021031505010945,PLI,34,56,10,714.0,7140.0
2021031505011023,PLI,55,45,10,714.0,7140.0
2021031505011020,PLI,55,58,10,714.0,7140.0
2021031505011015,PLI,52,44,10,714.0,7140.0
2021031505011008,PLI,52,45,60,714.0,42840.0
2021031505011001,PLI,45,45,10,714.0,7140.0
2021031505010999,PLI,25,42,10,713.0,7130.0
2021031505011071,PLI,38,26,10,714.0,7140.0
2021031505011064,PLI,38,16,10,714.0,7140.0
2021031505011057,PLI,38,45,10,714.0,7140.0
2021031505011040,PLI,55,54,10,714.0,7140.0
2021031505011038,PLI,55,26,10,714.0,7140.0
2021031505011032,PLI,55,10,10,714.0,7140.0
2021031505011122,PLI,38,26,10,714.0,7140.0
2021031505011107,PLI,38,47,10,714.0,7140.0
2021031505011106,PLI,38,54,10,714.0,7140.0
2021031505011101,PLI,38,17,10,714.0,7140.0
2021031505011087,PLI,38,42,10,714.0,7140.0
2021031505011073,PLI,38,58,10,714.0,7140.0
2021031505011154,PLI,39,41,10,715.0,7150.0
2021031505011153,PLI,39,43,40,715.0,28600.0
2021031505011148,PLI,38,22,10,714.0,7140.0
2021031505011146,PLI,38,32,10,714.0,7140.0
2021031505011140,PLI,38,19,10,714.0,7140.0
2021031505011134,PLI,38,58,10,714.0,7140.0
2021031505011160,PLI,39,14,10,715.0,7150.0
2021031505011159,PLI,39,25,10,715.0,7150.0
2021031505011158,PLI,39,45,10,715.0,7150.0
2021031505011157,PLI,39,46,10,715.0,7150.0
2021031505011156,PLI,39,58,60,715.0,42900.0
2021031505011155,PLI,39,16,10,715.0,7150.0
2021031505011198,PLI,57,13,10,717.0,7170.0
2021031505011197,PLI,57,57,15,717.0,10755.0
2021031505011196,PLI,57,19,10,717.0,7170.0
2021031505011180,PLI,45,52,10,716.0,7160.0
2021031505011173,PLI,40,36,10,715.0,7150.0
2021031505011161,PLI,39,22,10,715.0,7150.0
2021031505011265,PLI,54,47,10,715.0,7150.0
2021031505011255,PLI,59,36,10,715.0,7150.0
2021031505011222,PLI,49,38,30,716.0,21480.0
2021031505011216,PLI,49,21,10,716.0,7160.0
2021031505011214,PLI,49,52,10,716.0,7160.0
2021031505011199,PLI,57,42,10,717.0,7170.0
2021031505011298,PLI,21,21,4,701.0,2804.0
2021031505011287,PLI,57,36,10,715.0,7150.0
2021031505011285,PLI,57,58,10,715.0,7150.0
2021031505011280,PLI,58,38,10,716.0,7160.0
2021031505011275,PLI,57,22,10,715.0,7150.0
2021031505011266,PLI,54,38,10,715.0,7150.0
2021031505010855,CGH,10,49,10,972.0,9720.0
2021031505010814,CGH,10,58,10,972.0,9720.0
2021031505010812,CGH,10,45,10,972.0,9720.0
2021031505010700,CGH,10,58,10,972.0,9720.0
2021031505010653,CGH,10,36,10,972.0,9720.0
2021031505010643,CGH,10,6,10,972.0,9720.0
2021031505010389,CGH,10,45,10,972.0,9720.0
2021031505010631,CGH,10,45,10,972.0,9720.0
2021031505010619,CGH,10,49,10,972.0,9720.0
2021031505010595,CGH,10,34,10,972.0,9720.0
2021031505010551,CGH,10,52,10,972.0,9720.0
2021031505010422,CGH,10,32,10,972.0,9720.0
2021031505010408,CGH,10,41,10,972.0,9720.0
2021031505010883,NIFRA,45,45,60,535.0,32100.0
2021031505010881,NIFRA,47,3,200,536.0,107200.0
2021031505010880,NIFRA,45,47,50,535.0,26750.0
2021031505010879,NIFRA,45,44,50,535.0,26750.0
2021031505010878,NIFRA,45,45,50,535.0,26750.0
2021031505010877,NIFRA,45,48,50,535.0,26750.0
2021031505010388,NIFRA,1,44,50,533.0,26650.0
2021031505010387,NIFRA,1,43,50,533.0,26650.0
2021031505010386,NIFRA,36,14,25,534.0,13350.0
2021031505010385,NIFRA,25,14,100,534.0,53400.0
2021031505010384,NIFRA,1,57,50,533.0,26650.0
2021031505010395,NIFRA,1,39,60,533.0,31980.0
2021031505010394,NIFRA,1,48,50,533.0,26650.0
2021031505010393,NIFRA,1,8,50,533.0,26650.0
2021031505010392,NIFRA,1,45,20,533.0,10660.0
2021031505010391,NIFRA,1,59,20,533.0,10660.0
2021031505010390,NIFRA,1,17,50,533.0,26650.0
2021031505010403,NIFRA,26,57,10,533.0,5330.0
2021031505010402,NIFRA,1,57,40,533.0,21320.0
2021031505010401,NIFRA,1,59,20,533.0,10660.0
2021031505010398,NIFRA,21,14,100,534.0,53400.0
2021031505010397,NIFRA,1,26,50,533.0,26650.0
2021031505010396,NIFRA,1,38,50,533.0,26650.0
2021031505010410,NIFRA,26,36,40,533.0,21320.0
2021031505010409,NIFRA,26,57,50,533.0,26650.0
2021031505010407,NIFRA,19,44,42,534.0,22428.0
2021031505010406,NIFRA,19,58,30,534.0,16020.0
2021031505010405,NIFRA,19,51,40,534.0,21360.0
2021031505010404,NIFRA,19,14,388,534.0,207192.0
2021031505010417,NIFRA,58,8,60,532.0,31920.0
2021031505010415,NIFRA,17,54,50,533.0,26650.0
2021031505010414,NIFRA,17,8,50,533.0,26650.0
2021031505010413,NIFRA,17,38,50,533.0,26650.0
2021031505010412,NIFRA,17,38,50,533.0,26650.0
2021031505010411,NIFRA,17,36,10,533.0,5330.0
2021031505010424,NIFRA,51,32,20,533.0,10660.0
2021031505010423,NIFRA,17,32,30,533.0,15990.0
2021031505010421,NIFRA,17,42,60,533.0,31980.0
2021031505010420,NIFRA,58,58,22,534.0,11748.0
2021031505010419,NIFRA,58,7,50,534.0,26700.0
2021031505010418,NIFRA,58,44,18,534.0,9612.0
2021031505010431,NIFRA,7,44,38,534.0,20292.0
2021031505010430,NIFRA,7,47,50,534.0,26700.0
2021031505010429,NIFRA,41,56,10,533.0,5330.0
2021031505010428,NIFRA,51,56,10,533.0,5330.0
2021031505010426,NIFRA,34,44,12,534.0,6408.0
2021031505010425,NIFRA,34,58,38,534.0,20292.0
2021031505010438,NIFRA,41,44,20,533.0,10660.0
2021031505010437,NIFRA,41,33,10,533.0,5330.0
2021031505010436,NIFRA,41,44,50,533.0,26650.0
2021031505010435,NIFRA,41,59,60,533.0,31980.0
2021031505010433,NIFRA,41,44,50,533.0,26650.0
2021031505010432,NIFRA,7,36,12,534.0,6408.0
2021031505010444,NIFRA,59,38,33,533.0,17589.0
2021031505010443,NIFRA,44,38,17,534.0,9078.0
2021031505010442,NIFRA,44,6,25,534.0,13350.0
2021031505010441,NIFRA,44,36,38,534.0,20292.0
2021031505010440,NIFRA,59,44,50,533.0,26650.0
2021031505010439,NIFRA,59,44,30,533.0,15990.0
2021031505010453,NIFRA,19,29,50,534.0,26700.0
2021031505010452,NIFRA,19,44,50,534.0,26700.0
2021031505010451,NIFRA,19,38,60,534.0,32040.0
2021031505010449,NIFRA,19,33,50,534.0,26700.0
2021031505010448,NIFRA,19,44,50,534.0,26700.0
2021031505010445,NIFRA,59,39,50,533.0,26650.0
2021031505010460,NIFRA,19,17,30,534.0,16020.0
2021031505010459,NIFRA,19,29,50,534.0,26700.0
2021031505010458,NIFRA,19,53,60,534.0,32040.0
2021031505010457,NIFRA,19,35,20,534.0,10680.0
2021031505010456,NIFRA,19,44,50,534.0,26700.0
2021031505010454,NIFRA,19,44,10,534.0,5340.0
2021031505010467,NIFRA,29,32,50,535.0,26750.0
2021031505010466,NIFRA,56,45,50,534.0,26700.0
2021031505010465,NIFRA,56,57,60,534.0,32040.0
2021031505010464,NIFRA,56,33,15,534.0,8010.0
2021031505010462,NIFRA,56,34,30,534.0,16020.0
2021031505010461,NIFRA,19,34,20,534.0,10680.0
2021031505010474,NIFRA,56,16,60,534.0,32040.0
2021031505010472,NIFRA,56,55,50,534.0,26700.0
2021031505010471,NIFRA,56,49,50,534.0,26700.0
2021031505010470,NIFRA,56,17,50,534.0,26700.0
2021031505010469,NIFRA,29,42,50,535.0,26750.0
2021031505010468,NIFRA,29,45,60,535.0,32100.0
2021031505010480,NIFRA,16,58,15,534.0,8010.0
2021031505010479,NIFRA,16,51,60,534.0,32040.0
2021031505010478,NIFRA,16,42,60,534.0,32040.0
2021031505010477,NIFRA,16,34,50,534.0,26700.0
2021031505010476,NIFRA,16,17,15,534.0,8010.0
2021031505010475,NIFRA,56,17,35,534.0,18690.0
2021031505010488,NIFRA,48,28,21,533.0,11193.0
2021031505010487,NIFRA,48,34,13,533.0,6929.0
2021031505010486,NIFRA,59,34,37,533.0,19721.0
2021031505010483,NIFRA,42,49,25,534.0,13350.0
2021031505010482,NIFRA,42,58,25,534.0,13350.0
2021031505010481,NIFRA,1,58,10,534.0,5340.0
2021031505010495,NIFRA,45,34,10,533.0,5330.0
2021031505010494,NIFRA,6,34,50,533.0,26650.0
2021031505010493,NIFRA,6,17,50,533.0,26650.0
2021031505010491,NIFRA,48,19,50,533.0,26650.0
2021031505010490,NIFRA,48,33,60,533.0,31980.0
2021031505010489,NIFRA,48,16,50,533.0,26650.0
2021031505010502,NIFRA,45,58,40,533.0,21320.0
2021031505010500,NIFRA,45,6,60,533.0,31980.0
2021031505010499,NIFRA,45,55,50,533.0,26650.0
2021031505010498,NIFRA,41,50,140,534.0,74760.0
2021031505010497,NIFRA,41,44,50,534.0,26700.0
2021031505010496,NIFRA,41,22,10,534.0,5340.0
2021031505010510,NIFRA,45,42,60,533.0,31980.0
2021031505010508,NIFRA,45,36,50,533.0,26650.0
2021031505010507,NIFRA,45,33,50,533.0,26650.0
2021031505010506,NIFRA,21,50,104,534.0,55536.0
2021031505010505,NIFRA,45,34,60,533.0,31980.0
2021031505010503,NIFRA,45,56,50,533.0,26650.0
2021031505010516,NIFRA,58,38,55,533.0,29315.0
2021031505010515,NIFRA,58,47,45,533.0,23985.0
2021031505010514,NIFRA,34,47,15,533.0,7995.0
2021031505010513,NIFRA,34,56,40,533.0,21320.0
2021031505010512,NIFRA,45,56,10,533.0,5330.0
2021031505010511,NIFRA,45,34,60,533.0,31980.0
2021031505010522,NIFRA,29,38,105,533.0,55965.0
2021031505010521,NIFRA,56,50,20,534.0,10680.0
2021031505010520,NIFRA,29,44,50,533.0,26650.0
2021031505010519,NIFRA,33,44,50,533.0,26650.0
2021031505010518,NIFRA,29,38,45,533.0,23985.0
2021031505010517,NIFRA,34,38,100,533.0,53300.0
2021031505010528,NIFRA,38,57,45,533.0,23985.0
2021031505010527,NIFRA,41,50,60,534.0,32040.0
2021031505010526,NIFRA,38,47,60,533.0,31980.0
2021031505010525,NIFRA,38,47,50,533.0,26650.0
2021031505010524,NIFRA,38,17,50,533.0,26650.0
2021031505010523,NIFRA,38,38,95,533.0,50635.0
2021031505010537,NIFRA,28,39,50,533.0,26650.0
2021031505010536,NIFRA,28,20,50,533.0,26650.0
2021031505010533,NIFRA,28,39,50,533.0,26650.0
2021031505010532,NIFRA,28,47,50,533.0,26650.0
2021031505010531,NIFRA,28,16,50,533.0,26650.0
2021031505010529,NIFRA,28,56,50,533.0,26650.0
2021031505010545,NIFRA,16,50,176,534.0,93984.0
2021031505010542,NIFRA,44,39,20,533.0,10660.0
2021031505010541,NIFRA,28,39,40,533.0,21320.0
2021031505010540,NIFRA,28,16,60,533.0,31980.0
2021031505010539,NIFRA,28,47,50,533.0,26650.0
2021031505010538,NIFRA,28,26,50,533.0,26650.0
2021031505010552,NIFRA,44,16,50,532.0,26600.0
2021031505010550,NIFRA,44,47,60,532.0,31920.0
2021031505010549,NIFRA,51,44,20,533.0,10660.0
2021031505010548,NIFRA,44,44,35,533.0,18655.0
2021031505010547,NIFRA,16,44,14,534.0,7476.0
2021031505010546,NIFRA,16,16,60,534.0,32040.0
2021031505010560,NIFRA,39,10,60,533.0,31980.0
2021031505010559,NIFRA,39,50,90,533.0,47970.0
2021031505010557,NIFRA,39,4,50,533.0,26650.0
2021031505010555,NIFRA,39,47,50,533.0,26650.0
2021031505010554,NIFRA,39,16,50,533.0,26650.0
2021031505010553,NIFRA,39,17,60,533.0,31980.0
2021031505010567,NIFRA,38,52,60,534.0,32040.0
2021031505010566,NIFRA,39,47,60,533.0,31980.0
2021031505010564,NIFRA,39,25,30,533.0,15990.0
2021031505010563,NIFRA,44,44,50,534.0,26700.0
2021031505010562,NIFRA,44,26,100,534.0,53400.0
2021031505010561,NIFRA,44,44,36,534.0,19224.0
2021031505010573,NIFRA,38,42,60,534.0,32040.0
2021031505010572,NIFRA,38,57,500,534.0,267000.0
2021031505010571,NIFRA,38,52,50,534.0,26700.0
2021031505010570,NIFRA,38,52,60,534.0,32040.0
2021031505010569,NIFRA,38,58,50,534.0,26700.0
2021031505010568,NIFRA,38,1,50,534.0,26700.0
2021031505010580,NIFRA,21,41,25,534.0,13350.0
2021031505010578,NIFRA,39,21,30,533.0,15990.0
2021031505010577,NIFRA,39,16,60,533.0,31980.0
2021031505010576,NIFRA,38,20,100,534.0,53400.0
2021031505010575,NIFRA,38,4,10,534.0,5340.0
2021031505010574,NIFRA,38,7,60,534.0,32040.0
2021031505010586,NIFRA,21,32,50,535.0,26750.0
2021031505010585,NIFRA,21,42,60,535.0,32100.0
2021031505010584,NIFRA,21,16,50,535.0,26750.0
2021031505010583,NIFRA,21,32,50,535.0,26750.0
2021031505010582,NIFRA,21,17,50,534.0,26700.0
2021031505010581,NIFRA,21,39,60,534.0,32040.0
2021031505010593,NIFRA,39,47,60,533.0,31980.0
2021031505010592,NIFRA,35,32,10,535.0,5350.0
2021031505010590,NIFRA,39,41,50,533.0,26650.0
2021031505010589,NIFRA,39,41,50,533.0,26650.0
2021031505010588,NIFRA,21,45,55,535.0,29425.0
2021031505010587,NIFRA,21,16,100,535.0,53500.0
2021031505010602,NIFRA,39,38,10,533.0,5330.0
2021031505010601,NIFRA,39,57,50,533.0,26650.0
2021031505010599,NIFRA,39,47,60,533.0,31980.0
2021031505010598,NIFRA,50,32,40,535.0,21400.0
2021031505010597,NIFRA,39,49,50,533.0,26650.0
2021031505010596,NIFRA,39,42,50,533.0,26650.0
2021031505010608,NIFRA,39,35,50,533.0,26650.0
2021031505010607,NIFRA,39,6,60,533.0,31980.0
2021031505010606,NIFRA,39,42,130,533.0,69290.0
2021031505010605,NIFRA,13,42,50,533.0,26650.0
2021031505010604,NIFRA,39,42,"1,030",533.0,548990.0
2021031505010603,NIFRA,39,47,50,533.0,26650.0
2021031505010614,NIFRA,38,21,70,534.0,37380.0
2021031505010613,NIFRA,38,14,50,534.0,26700.0
2021031505010612,NIFRA,39,52,50,533.0,26650.0
2021031505010611,NIFRA,21,51,60,534.0,32040.0
2021031505010610,NIFRA,39,48,60,533.0,31980.0
2021031505010609,NIFRA,39,56,20,533.0,10660.0
2021031505010622,NIFRA,36,5,62,534.0,33108.0
2021031505010621,NIFRA,39,52,50,533.0,26650.0
2021031505010620,NIFRA,39,35,50,533.0,26650.0
2021031505010618,NIFRA,39,52,60,533.0,31980.0
2021031505010616,NIFRA,42,26,50,534.0,26700.0
2021031505010615,NIFRA,38,26,80,534.0,42720.0
2021031505010628,NIFRA,45,5,50,534.0,26700.0
2021031505010627,NIFRA,29,41,50,533.0,26650.0
2021031505010626,NIFRA,29,38,30,533.0,15990.0
2021031505010625,NIFRA,49,38,20,533.0,10660.0
2021031505010624,NIFRA,49,42,80,533.0,42640.0
2021031505010623,NIFRA,39,42,470,533.0,250510.0
2021031505010635,NIFRA,28,5,48,534.0,25632.0
2021031505010634,NIFRA,54,58,20,533.0,10660.0
2021031505010633,NIFRA,29,58,10,533.0,5330.0
2021031505010632,NIFRA,29,44,50,533.0,26650.0
2021031505010630,NIFRA,6,5,40,534.0,21360.0
2021031505010629,NIFRA,29,55,50,533.0,26650.0
2021031505010642,NIFRA,57,25,20,533.0,10660.0
2021031505010641,NIFRA,10,25,40,533.0,21320.0
2021031505010640,NIFRA,10,52,60,533.0,31980.0
2021031505010638,NIFRA,54,49,50,533.0,26650.0
2021031505010637,NIFRA,54,3,30,533.0,15990.0
2021031505010636,NIFRA,28,45,50,534.0,26700.0
2021031505010649,NIFRA,29,58,50,534.0,26700.0
2021031505010648,NIFRA,29,55,10,534.0,5340.0
2021031505010647,NIFRA,29,49,50,534.0,26700.0
2021031505010646,NIFRA,29,13,40,534.0,21360.0
2021031505010645,NIFRA,29,58,130,534.0,69420.0
2021031505010644,NIFRA,57,41,50,533.0,26650.0
2021031505010656,NIFRA,29,52,50,534.0,26700.0
2021031505010655,NIFRA,29,56,50,534.0,26700.0
2021031505010654,NIFRA,29,35,20,534.0,10680.0
2021031505010652,NIFRA,29,39,50,534.0,26700.0
2021031505010651,NIFRA,29,55,50,534.0,26700.0
2021031505010650,NIFRA,29,41,50,534.0,26700.0
2021031505010666,NIFRA,29,55,50,534.0,26700.0
2021031505010665,NIFRA,29,33,50,534.0,26700.0
2021031505010664,NIFRA,29,54,50,534.0,26700.0
2021031505010663,NIFRA,29,57,50,534.0,26700.0
2021031505010659,NIFRA,29,35,50,534.0,26700.0
2021031505010657,NIFRA,29,36,50,534.0,26700.0
2021031505010672,NIFRA,48,47,20,534.0,10680.0
2021031505010671,NIFRA,48,17,50,534.0,26700.0
2021031505010670,NIFRA,48,54,20,534.0,10680.0
2021031505010669,NIFRA,29,54,30,534.0,16020.0
2021031505010668,NIFRA,29,36,60,534.0,32040.0
2021031505010667,NIFRA,29,35,60,534.0,32040.0
2021031505010682,NIFRA,48,10,20,534.0,10680.0
2021031505010679,NIFRA,48,42,50,534.0,26700.0
2021031505010678,NIFRA,48,57,60,534.0,32040.0
2021031505010676,NIFRA,48,55,50,534.0,26700.0
2021031505010675,NIFRA,48,57,60,534.0,32040.0
2021031505010674,NIFRA,48,57,40,534.0,21360.0
2021031505010690,NIFRA,45,36,20,534.0,10680.0
2021031505010689,NIFRA,48,36,30,534.0,16020.0
2021031505010688,NIFRA,17,32,50,535.0,26750.0
2021031505010687,NIFRA,17,32,50,535.0,26750.0
2021031505010685,NIFRA,48,59,50,534.0,26700.0
2021031505010684,NIFRA,48,35,50,534.0,26700.0
2021031505010696,NIFRA,41,38,50,535.0,26750.0
2021031505010695,NIFRA,1,38,50,534.0,26700.0
2021031505010694,NIFRA,1,26,60,534.0,32040.0
2021031505010693,NIFRA,1,55,50,534.0,26700.0
2021031505010692,NIFRA,1,33,40,534.0,21360.0
2021031505010691,NIFRA,45,33,10,534.0,5340.0
2021031505010705,NIFRA,1,54,60,534.0,32040.0
2021031505010704,NIFRA,1,29,50,534.0,26700.0
2021031505010703,NIFRA,1,57,60,534.0,32040.0
2021031505010699,NIFRA,41,32,50,535.0,26750.0
2021031505010698,NIFRA,41,6,40,535.0,21400.0
2021031505010697,NIFRA,41,32,60,535.0,32100.0
2021031505010711,NIFRA,38,57,10,535.0,5350.0
2021031505010710,NIFRA,38,42,50,535.0,26750.0
2021031505010709,NIFRA,38,32,50,535.0,26750.0
2021031505010708,NIFRA,38,4,60,535.0,32100.0
2021031505010707,NIFRA,38,32,60,535.0,32100.0
2021031505010706,NIFRA,38,32,10,535.0,5350.0
2021031505010717,NIFRA,1,57,70,534.0,37380.0
2021031505010716,NIFRA,38,32,50,535.0,26750.0
2021031505010715,NIFRA,38,32,50,535.0,26750.0
2021031505010714,NIFRA,38,38,50,535.0,26750.0
2021031505010713,NIFRA,38,32,50,535.0,26750.0
2021031505010712,NIFRA,38,35,60,535.0,32100.0
2021031505010724,NIFRA,43,35,50,535.0,26750.0
2021031505010723,NIFRA,1,49,60,534.0,32040.0
2021031505010722,NIFRA,1,36,60,534.0,32040.0
2021031505010721,NIFRA,1,36,50,534.0,26700.0
2021031505010719,NIFRA,1,58,50,534.0,26700.0
2021031505010718,NIFRA,1,41,60,534.0,32040.0
2021031505010730,NIFRA,43,21,50,535.0,26750.0
2021031505010729,NIFRA,43,42,60,535.0,32100.0
2021031505010728,NIFRA,43,21,50,535.0,26750.0
2021031505010727,NIFRA,43,32,50,535.0,26750.0
2021031505010726,NIFRA,43,42,70,535.0,37450.0
2021031505010725,NIFRA,43,45,200,535.0,107000.0
2021031505010737,NIFRA,41,11,50,535.0,26750.0
2021031505010735,NIFRA,1,49,60,534.0,32040.0
2021031505010734,NIFRA,43,48,195,535.0,104325.0
2021031505010733,NIFRA,43,57,200,535.0,107000.0
2021031505010732,NIFRA,43,58,50,535.0,26750.0
2021031505010731,NIFRA,43,17,25,535.0,13375.0
2021031505010743,NIFRA,38,17,40,535.0,21400.0
2021031505010742,NIFRA,1,54,50,534.0,26700.0
2021031505010741,NIFRA,1,55,40,534.0,21360.0
2021031505010740,NIFRA,1,40,50,534.0,26700.0
2021031505010739,NIFRA,1,57,50,534.0,26700.0
2021031505010738,NIFRA,41,17,10,535.0,5350.0
2021031505010749,NIFRA,1,7,50,534.0,26700.0
2021031505010748,NIFRA,38,58,137,535.0,73295.0
2021031505010747,NIFRA,38,17,50,535.0,26750.0
2021031505010746,NIFRA,38,29,20,535.0,10700.0
2021031505010745,NIFRA,38,54,60,535.0,32100.0
2021031505010744,NIFRA,38,28,50,535.0,26750.0
2021031505010755,NIFRA,4,39,10,534.0,5340.0
2021031505010754,NIFRA,1,39,770,534.0,411180.0
2021031505010753,NIFRA,1,17,50,534.0,26700.0
2021031505010752,NIFRA,1,44,50,534.0,26700.0
2021031505010751,NIFRA,1,36,60,534.0,32040.0
2021031505010750,NIFRA,1,45,50,534.0,26700.0
2021031505010763,NIFRA,53,44,50,534.0,26700.0
2021031505010761,NIFRA,53,39,160,534.0,85440.0
2021031505010760,NIFRA,53,59,100,534.0,53400.0
2021031505010759,NIFRA,53,35,50,534.0,26700.0
2021031505010757,NIFRA,53,40,50,534.0,26700.0
2021031505010756,NIFRA,53,39,220,534.0,117480.0
2021031505010769,NIFRA,53,45,10,534.0,5340.0
2021031505010768,NIFRA,32,21,307,535.0,164245.0
2021031505010767,NIFRA,32,26,60,535.0,32100.0
2021031505010766,NIFRA,32,58,60,535.0,32100.0
2021031505010765,NIFRA,32,7,60,535.0,32100.0
2021031505010764,NIFRA,32,58,13,535.0,6955.0
2021031505010775,NIFRA,42,17,43,534.0,22962.0
2021031505010774,NIFRA,58,17,17,534.0,9078.0
2021031505010773,NIFRA,58,47,33,534.0,17622.0
2021031505010772,NIFRA,53,47,17,534.0,9078.0
2021031505010771,NIFRA,53,40,50,534.0,26700.0
2021031505010770,NIFRA,6,21,160,535.0,85600.0
2021031505010781,NIFRA,5,21,100,535.0,53500.0
2021031505010780,NIFRA,29,58,20,534.0,10680.0
2021031505010779,NIFRA,29,16,13,534.0,6942.0
2021031505010778,NIFRA,42,16,47,534.0,25098.0
2021031505010777,NIFRA,42,17,60,534.0,32040.0
2021031505010776,NIFRA,42,39,50,534.0,26700.0
2021031505010787,NIFRA,28,49,30,535.0,16050.0
2021031505010786,NIFRA,28,38,20,535.0,10700.0
2021031505010785,NIFRA,28,21,733,535.0,392155.0
2021031505010784,NIFRA,29,57,60,534.0,32040.0
2021031505010783,NIFRA,29,45,10,534.0,5340.0
2021031505010782,NIFRA,29,44,50,534.0,26700.0
2021031505010797,NIFRA,29,45,47,534.0,25098.0
2021031505010792,NIFRA,29,40,60,534.0,32040.0
2021031505010791,NIFRA,38,41,17,535.0,9095.0
2021031505010790,NIFRA,38,59,50,535.0,26750.0
2021031505010789,NIFRA,38,49,33,535.0,17655.0
2021031505010788,NIFRA,28,49,17,535.0,9095.0
2021031505010805,NIFRA,48,56,27,534.0,14418.0
2021031505010803,NIFRA,48,44,50,534.0,26700.0
2021031505010802,NIFRA,48,25,60,534.0,32040.0
2021031505010801,NIFRA,48,40,60,534.0,32040.0
2021031505010800,NIFRA,48,44,50,534.0,26700.0
2021031505010798,NIFRA,48,45,53,534.0,28302.0
2021031505010811,NIFRA,22,36,50,534.0,26700.0
2021031505010810,NIFRA,42,40,50,534.0,26700.0
2021031505010809,NIFRA,49,41,10,535.0,5350.0
2021031505010808,NIFRA,42,47,50,534.0,26700.0
2021031505010807,NIFRA,32,45,60,534.0,32040.0
2021031505010806,NIFRA,32,56,33,534.0,17622.0
2021031505010821,NIFRA,46,47,60,535.0,32100.0
2021031505010820,NIFRA,46,41,69,535.0,36915.0
2021031505010819,NIFRA,46,45,10,534.0,5340.0
2021031505010817,NIFRA,6,58,10,534.0,5340.0
2021031505010815,NIFRA,51,58,50,534.0,26700.0
2021031505010813,NIFRA,22,41,50,534.0,26700.0
2021031505010827,NIFRA,46,18,15,535.0,8025.0
2021031505010826,NIFRA,46,50,50,535.0,26750.0
2021031505010825,NIFRA,46,25,60,535.0,32100.0
2021031505010824,NIFRA,46,39,60,535.0,32100.0
2021031505010823,NIFRA,46,52,50,535.0,26750.0
2021031505010822,NIFRA,46,5,30,535.0,16050.0
2021031505010833,NIFRA,46,16,50,535.0,26750.0
2021031505010832,NIFRA,46,55,50,535.0,26750.0
2021031505010831,NIFRA,46,56,10,535.0,5350.0
2021031505010830,NIFRA,46,26,60,535.0,32100.0
2021031505010829,NIFRA,46,53,30,535.0,16050.0
2021031505010828,NIFRA,46,34,10,535.0,5350.0
2021031505010839,NIFRA,46,42,50,535.0,26750.0
2021031505010838,NIFRA,46,11,60,535.0,32100.0
2021031505010837,NIFRA,46,57,50,535.0,26750.0
2021031505010836,NIFRA,46,53,50,535.0,26750.0
2021031505010835,NIFRA,46,28,50,535.0,26750.0
2021031505010834,NIFRA,46,54,330,535.0,176550.0
2021031505010845,NIFRA,46,36,60,535.0,32100.0
2021031505010844,NIFRA,46,45,10,535.0,5350.0
2021031505010843,NIFRA,46,56,50,535.0,26750.0
2021031505010842,NIFRA,46,44,50,535.0,26750.0
2021031505010841,NIFRA,46,57,60,535.0,32100.0
2021031505010840,NIFRA,46,35,50,535.0,26750.0
2021031505010853,NIFRA,46,17,30,535.0,16050.0
2021031505010852,NIFRA,46,49,60,535.0,32100.0
2021031505010850,NIFRA,46,56,10,535.0,5350.0
2021031505010849,NIFRA,17,58,10,536.0,5360.0
2021031505010848,NIFRA,46,40,60,535.0,32100.0
2021031505010846,NIFRA,46,47,60,535.0,32100.0
2021031505010861,NIFRA,49,58,50,536.0,26800.0
2021031505010860,NIFRA,46,49,60,535.0,32100.0
2021031505010858,NIFRA,46,17,50,535.0,26750.0
2021031505010857,NIFRA,33,58,5,545.0,2725.0
2021031505010856,NIFRA,46,56,50,535.0,26750.0
2021031505010854,NIFRA,46,44,50,535.0,26750.0
2021031505010869,NIFRA,45,16,50,535.0,26750.0
2021031505010868,NIFRA,45,49,50,535.0,26750.0
2021031505010867,NIFRA,45,44,50,535.0,26750.0
2021031505010865,NIFRA,45,16,14,535.0,7490.0
2021031505010864,NIFRA,46,16,36,535.0,19260.0
2021031505010862,NIFRA,46,16,50,535.0,26750.0
2021031505010876,NIFRA,45,16,50,535.0,26750.0
2021031505010875,NIFRA,45,25,60,535.0,32100.0
2021031505010874,NIFRA,45,3,100,536.0,53600.0
2021031505010872,NIFRA,45,57,40,535.0,21400.0
2021031505010871,NIFRA,45,44,50,535.0,26750.0
2021031505010870,NIFRA,45,39,50,535.0,26750.0
2021031505010882,PLI,57,28,10,714.0,7140.0
2021031505010873,PLI,57,17,10,714.0,7140.0
2021031505010866,PLI,55,17,10,714.0,7140.0
2021031505010863,PLI,55,28,10,714.0,7140.0
2021031505010859,PLI,55,36,10,714.0,7140.0
2021031505010851,PLI,55,17,10,714.0,7140.0
2021031505010400,PLI,47,17,10,714.0,7140.0
2021031505010399,PLI,54,58,10,714.0,7140.0
2021031505010450,PLI,52,21,10,715.0,7150.0
2021031505010447,PLI,52,43,10,715.0,7150.0
2021031505010446,PLI,52,44,10,714.0,7140.0
2021031505010434,PLI,58,8,10,714.0,7140.0
2021031505010427,PLI,25,57,10,713.0,7130.0
2021031505010416,PLI,32,57,10,714.0,7140.0
2021031505010492,PLI,44,58,30,716.0,21480.0
2021031505010485,PLI,44,21,10,716.0,7160.0
2021031505010484,PLI,44,49,20,716.0,14320.0
2021031505010473,PLI,55,44,10,714.0,7140.0
2021031505010463,PLI,52,45,10,715.0,7150.0
2021031505010455,PLI,52,33,10,715.0,7150.0
2021031505010535,PLI,44,52,10,716.0,7160.0
2021031505010534,PLI,44,57,10,716.0,7160.0
2021031505010530,PLI,44,20,10,716.0,7160.0
2021031505010509,PLI,44,56,10,716.0,7160.0
2021031505010504,PLI,44,36,10,716.0,7160.0
2021031505010501,PLI,44,41,10,716.0,7160.0
2021031505010579,PLI,44,57,10,716.0,7160.0
2021031505010565,PLI,44,4,50,716.0,35800.0
2021031505010558,PLI,44,42,10,716.0,7160.0
2021031505010556,PLI,44,48,10,716.0,7160.0
2021031505010544,PLI,44,55,10,716.0,7160.0
2021031505010543,PLI,44,3,10,716.0,7160.0
2021031505010658,PLI,22,41,10,715.0,7150.0
2021031505010639,PLI,44,45,40,716.0,28640.0
2021031505010617,PLI,44,6,10,716.0,7160.0
2021031505010600,PLI,44,44,10,716.0,7160.0
2021031505010594,PLI,44,37,10,716.0,7160.0
2021031505010591,PLI,44,48,10,716.0,7160.0
2021031505010680,PLI,22,58,10,715.0,7150.0
2021031505010677,PLI,22,38,10,715.0,7150.0
2021031505010673,PLI,22,33,10,715.0,7150.0
2021031505010662,PLI,22,17,10,716.0,7160.0
2021031505010661,PLI,22,43,10,716.0,7160.0
2021031505010660,PLI,22,45,30,716.0,21480.0
2021031505010720,PLI,28,20,10,715.0,7150.0
2021031505010702,PLI,58,42,10,716.0,7160.0
2021031505010701,PLI,58,42,10,716.0,7160.0
2021031505010686,PLI,28,33,10,715.0,7150.0
2021031505010683,PLI,28,47,10,715.0,7150.0
2021031505010681,PLI,22,36,10,715.0,7150.0
2021031505010795,PLI,10,43,10,715.0,7150.0
2021031505010794,PLI,57,43,10,715.0,7150.0
2021031505010793,PLI,28,43,40,715.0,28600.0
2021031505010762,PLI,28,36,10,715.0,7150.0
2021031505010758,PLI,28,7,10,715.0,7150.0
2021031505010736,PLI,28,41,10,715.0,7150.0
2021031505010847,PLI,55,17,10,714.0,7140.0
2021031505010818,PLI,55,40,10,714.0,7140.0
2021031505010816,PLI,55,45,10,714.0,7140.0
2021031505010804,PLI,55,36,10,714.0,7140.0
2021031505010799,PLI,55,57,10,714.0,7140.0
2021031505010796,PLI,44,43,10,715.0,7150.0
2021031505010374,CGH,10,51,10,972.0,9720.0
2021031505010345,CGH,10,6,10,972.0,9720.0
2021031505010334,CGH,10,6,10,972.0,9720.0
2021031505010279,CGH,10,56,10,972.0,9720.0
2021031505010270,CGH,10,56,10,972.0,9720.0
2021031505010235,CGH,10,36,10,972.0,9720.0
2021031505010217,CGH,10,33,10,972.0,9720.0
2021031505010170,CGH,10,25,10,972.0,9720.0
2021031505010018,CGH,10,58,10,972.0,9720.0
2021031505009991,CGH,10,58,10,972.0,9720.0
2021031505009984,CGH,10,58,10,972.0,9720.0
2021031505010382,NIFRA,1,49,50,533.0,26650.0
2021031505010381,NIFRA,1,36,60,533.0,31980.0
2021031505010380,NIFRA,1,33,50,533.0,26650.0
2021031505010379,NIFRA,49,14,90,534.0,48060.0
2021031505010378,NIFRA,1,57,60,533.0,31980.0
2021031505010377,NIFRA,1,41,60,533.0,31980.0
2021031505009889,NIFRA,45,52,100,535.0,53500.0
2021031505009888,NIFRA,6,52,100,535.0,53500.0
2021031505009887,NIFRA,46,52,100,535.0,53500.0
2021031505009886,NIFRA,22,52,50,535.0,26750.0
2021031505009885,NIFRA,41,52,50,535.0,26750.0
2021031505009884,NIFRA,6,52,10,535.0,5350.0
2021031505009895,NIFRA,58,52,120,535.0,64200.0
2021031505009894,NIFRA,47,52,40,535.0,21400.0
2021031505009893,NIFRA,36,52,110,535.0,58850.0
2021031505009892,NIFRA,38,52,50,535.0,26750.0
2021031505009891,NIFRA,14,52,10,535.0,5350.0
2021031505009890,NIFRA,25,52,320,535.0,171200.0
2021031505009901,NIFRA,58,34,50,535.0,26750.0
2021031505009900,NIFRA,58,32,50,535.0,26750.0
2021031505009899,NIFRA,58,52,"1,052",535.0,562820.0
2021031505009898,NIFRA,19,52,50,535.0,26750.0
2021031505009897,NIFRA,7,52,50,535.0,26750.0
2021031505009896,NIFRA,28,52,100,535.0,53500.0
2021031505009908,NIFRA,58,45,50,535.0,26750.0
2021031505009906,NIFRA,58,49,60,535.0,32100.0
2021031505009905,NIFRA,58,4,60,535.0,32100.0
2021031505009904,NIFRA,58,32,50,535.0,26750.0
2021031505009903,NIFRA,58,50,195,535.0,104325.0
2021031505009902,NIFRA,57,41,50,536.0,26800.0
2021031505009936,NIFRA,34,14,24,535.0,12840.0
2021031505009935,NIFRA,34,14,50,535.0,26750.0
2021031505009934,NIFRA,58,14,126,535.0,67410.0
2021031505009911,NIFRA,58,32,"1,050",535.0,561750.0
2021031505009910,NIFRA,58,32,50,535.0,26750.0
2021031505009909,NIFRA,58,21,10,535.0,5350.0
2021031505009942,NIFRA,22,14,41,535.0,21935.0
2021031505009941,NIFRA,21,14,500,535.0,267500.0
2021031505009940,NIFRA,58,14,50,535.0,26750.0
2021031505009939,NIFRA,54,14,200,535.0,107000.0
2021031505009938,NIFRA,34,14,16,535.0,8560.0
2021031505009937,NIFRA,34,42,60,535.0,32100.0
2021031505009948,NIFRA,39,34,50,534.0,26700.0
2021031505009947,NIFRA,39,45,50,534.0,26700.0
2021031505009946,NIFRA,21,14,50,535.0,26750.0
2021031505009945,NIFRA,5,14,"1,000",535.0,535000.0
2021031505009944,NIFRA,14,14,200,535.0,107000.0
2021031505009943,NIFRA,47,14,100,535.0,53500.0
2021031505009954,NIFRA,14,26,100,534.0,53400.0
2021031505009953,NIFRA,28,26,200,534.0,106800.0
2021031505009952,NIFRA,32,26,500,534.0,267000.0
2021031505009951,NIFRA,39,26,270,534.0,144180.0
2021031505009950,NIFRA,39,59,60,534.0,32040.0
2021031505009949,NIFRA,39,32,50,534.0,26700.0
2021031505009960,NIFRA,53,26,100,534.0,53400.0
2021031505009959,NIFRA,22,26,20,534.0,10680.0
2021031505009958,NIFRA,42,26,20,534.0,10680.0
2021031505009957,NIFRA,58,26,100,534.0,53400.0
2021031505009956,NIFRA,40,26,100,534.0,53400.0
2021031505009955,NIFRA,25,26,50,534.0,26700.0
2021031505009966,NIFRA,25,26,100,534.0,53400.0
2021031505009965,NIFRA,42,26,50,534.0,26700.0
2021031505009964,NIFRA,50,26,500,534.0,267000.0
2021031505009963,NIFRA,50,26,500,534.0,267000.0
2021031505009962,NIFRA,46,26,50,534.0,26700.0
2021031505009961,NIFRA,47,26,50,534.0,26700.0
2021031505009972,NIFRA,41,26,20,534.0,10680.0
2021031505009971,NIFRA,14,26,50,534.0,26700.0
2021031505009970,NIFRA,59,26,50,534.0,26700.0
2021031505009969,NIFRA,7,26,20,534.0,10680.0
2021031505009968,NIFRA,49,26,100,534.0,53400.0
2021031505009967,NIFRA,50,26,50,534.0,26700.0
2021031505009979,NIFRA,57,39,10,534.0,5340.0
2021031505009978,NIFRA,57,41,20,534.0,10680.0
2021031505009977,NIFRA,25,41,10,534.0,5340.0
2021031505009975,NIFRA,25,57,50,534.0,26700.0
2021031505009974,NIFRA,25,56,40,534.0,21360.0
2021031505009973,NIFRA,41,56,10,534.0,5340.0
2021031505009986,NIFRA,49,42,60,533.0,31980.0
2021031505009985,NIFRA,49,10,50,533.0,26650.0
2021031505009983,NIFRA,49,45,60,533.0,31980.0
2021031505009982,NIFRA,19,14,50,535.0,26750.0
2021031505009981,NIFRA,19,32,50,534.0,26700.0
2021031505009980,NIFRA,49,39,40,533.0,21320.0
2021031505009995,NIFRA,55,50,60,533.0,31980.0
2021031505009994,NIFRA,47,50,100,533.0,53300.0
2021031505009993,NIFRA,46,50,10,533.0,5330.0
2021031505009992,NIFRA,49,50,60,533.0,31980.0
2021031505009990,NIFRA,49,13,60,533.0,31980.0
2021031505009989,NIFRA,49,59,50,533.0,26650.0
2021031505010001,NIFRA,58,50,20,533.0,10660.0
2021031505010000,NIFRA,7,50,50,533.0,26650.0
2021031505009999,NIFRA,16,50,150,533.0,79950.0
2021031505009998,NIFRA,19,50,93,533.0,49569.0
2021031505009997,NIFRA,49,50,50,533.0,26650.0
2021031505009996,NIFRA,28,50,200,533.0,106600.0
2021031505010007,NIFRA,25,34,100,533.0,53300.0
2021031505010006,NIFRA,36,34,193,533.0,102869.0
2021031505010005,NIFRA,36,38,50,533.0,26650.0
2021031505010004,NIFRA,36,50,57,533.0,30381.0
2021031505010003,NIFRA,53,50,50,533.0,26650.0
2021031505010002,NIFRA,8,50,100,533.0,53300.0
2021031505010013,NIFRA,56,34,30,533.0,15990.0
2021031505010012,NIFRA,42,34,50,533.0,26650.0
2021031505010011,NIFRA,8,34,300,533.0,159900.0
2021031505010010,NIFRA,45,34,10,533.0,5330.0
2021031505010009,NIFRA,51,34,50,533.0,26650.0
2021031505010008,NIFRA,16,34,350,533.0,186550.0
2021031505010021,NIFRA,52,32,50,532.0,26600.0
2021031505010020,NIFRA,52,13,60,532.0,31920.0
2021031505010017,NIFRA,21,34,50,533.0,26650.0
2021031505010016,NIFRA,58,34,60,533.0,31980.0
2021031505010015,NIFRA,45,34,100,533.0,53300.0
2021031505010014,NIFRA,35,34,50,533.0,26650.0
2021031505010029,NIFRA,52,14,100,532.0,53200.0
2021031505010028,NIFRA,3,34,500,533.0,266500.0
2021031505010025,NIFRA,52,26,60,532.0,31920.0
2021031505010024,NIFRA,52,41,50,532.0,26600.0
2021031505010023,NIFRA,52,36,40,532.0,21280.0
2021031505010022,NIFRA,52,38,50,532.0,26600.0
2021031505010036,NIFRA,26,32,50,532.0,26600.0
2021031505010034,NIFRA,26,36,10,532.0,5320.0
2021031505010033,NIFRA,52,36,40,532.0,21280.0
2021031505010032,NIFRA,39,34,50,533.0,26650.0
2021031505010031,NIFRA,19,34,100,533.0,53300.0
2021031505010030,NIFRA,52,32,50,532.0,26600.0
2021031505010043,NIFRA,26,45,50,532.0,26600.0
2021031505010042,NIFRA,26,32,50,532.0,26600.0
2021031505010040,NIFRA,58,17,23,533.0,12259.0
2021031505010039,NIFRA,58,41,10,533.0,5330.0
2021031505010038,NIFRA,26,36,60,532.0,31920.0
2021031505010037,NIFRA,26,42,60,532.0,31920.0
2021031505010050,NIFRA,32,52,20,532.0,10640.0
2021031505010049,NIFRA,26,36,50,532.0,26600.0
2021031505010047,NIFRA,26,57,60,532.0,31920.0
2021031505010046,NIFRA,26,48,50,532.0,26600.0
2021031505010045,NIFRA,26,36,60,532.0,31920.0
2021031505010044,NIFRA,58,17,10,533.0,5330.0
2021031505010058,NIFRA,47,42,20,532.0,10640.0
2021031505010057,NIFRA,47,48,50,532.0,26600.0
2021031505010056,NIFRA,47,33,30,532.0,15960.0
2021031505010055,NIFRA,32,33,30,532.0,15960.0
2021031505010053,NIFRA,32,59,50,532.0,26600.0
2021031505010051,NIFRA,58,8,5,534.0,2670.0
2021031505010064,NIFRA,13,39,140,533.0,74620.0
2021031505010063,NIFRA,13,17,27,533.0,14391.0
2021031505010062,NIFRA,49,57,50,532.0,26600.0
2021031505010061,NIFRA,49,17,40,532.0,21280.0
2021031505010060,NIFRA,44,17,10,532.0,5320.0
2021031505010059,NIFRA,44,42,40,532.0,21280.0
2021031505010070,NIFRA,49,1,60,532.0,31920.0
2021031505010069,NIFRA,49,32,60,532.0,31920.0
2021031505010068,NIFRA,13,7,60,533.0,31980.0
2021031505010067,NIFRA,13,38,50,533.0,26650.0
2021031505010066,NIFRA,13,39,60,533.0,31980.0
2021031505010065,NIFRA,13,35,50,533.0,26650.0
2021031505010085,NIFRA,49,48,40,532.0,21280.0
2021031505010084,NIFRA,49,36,50,532.0,26600.0
2021031505010083,NIFRA,49,59,60,532.0,31920.0
2021031505010082,NIFRA,49,58,50,532.0,26600.0
2021031505010074,NIFRA,49,44,10,532.0,5320.0
2021031505010071,NIFRA,45,51,20,533.0,10660.0
2021031505010092,NIFRA,50,16,10,533.0,5330.0
2021031505010090,NIFRA,50,58,60,533.0,31980.0
2021031505010089,NIFRA,50,51,30,533.0,15990.0
2021031505010088,NIFRA,50,54,30,532.0,15960.0
2021031505010087,NIFRA,49,54,20,532.0,10640.0
2021031505010086,NIFRA,49,1,60,532.0,31920.0
2021031505010098,NIFRA,59,47,60,534.0,32040.0
2021031505010097,NIFRA,59,16,40,533.0,21320.0
2021031505010096,NIFRA,32,32,60,532.0,31920.0
2021031505010095,NIFRA,32,17,60,532.0,31920.0
2021031505010094,NIFRA,29,36,50,532.0,26600.0
2021031505010093,NIFRA,50,34,10,532.0,5320.0
2021031505010104,NIFRA,41,5,10,534.0,5340.0
2021031505010103,NIFRA,32,36,50,532.0,26600.0
2021031505010102,NIFRA,32,58,50,532.0,26600.0
2021031505010101,NIFRA,32,1,60,532.0,31920.0
2021031505010100,NIFRA,59,14,540,535.0,288900.0
2021031505010099,NIFRA,59,21,60,534.0,32040.0
2021031505010110,NIFRA,32,1,60,532.0,31920.0
2021031505010109,NIFRA,32,1,20,532.0,10640.0
2021031505010108,NIFRA,41,1,20,533.0,10660.0
2021031505010107,NIFRA,58,1,10,533.0,5330.0
2021031505010106,NIFRA,58,42,30,533.0,15990.0
2021031505010105,NIFRA,41,42,30,534.0,16020.0
2021031505010116,NIFRA,32,42,50,532.0,26600.0
2021031505010115,NIFRA,32,58,50,532.0,26600.0
2021031505010114,NIFRA,32,1,50,532.0,26600.0
2021031505010113,NIFRA,32,1,10,532.0,5320.0
2021031505010112,NIFRA,33,1,40,533.0,21320.0
2021031505010111,NIFRA,33,42,60,533.0,31980.0
2021031505010123,NIFRA,32,28,50,532.0,26600.0
2021031505010122,NIFRA,32,48,50,532.0,26600.0
2021031505010120,NIFRA,32,1,50,532.0,26600.0
2021031505010119,NIFRA,1,42,40,533.0,21320.0
2021031505010118,NIFRA,1,17,60,533.0,31980.0
2021031505010117,NIFRA,32,34,50,532.0,26600.0
2021031505010129,NIFRA,56,10,60,532.0,31920.0
2021031505010128,NIFRA,32,49,60,532.0,31920.0
2021031505010127,NIFRA,32,57,60,532.0,31920.0
2021031505010126,NIFRA,32,1,60,532.0,31920.0
2021031505010125,NIFRA,42,52,20,533.0,10660.0
2021031505010124,NIFRA,42,42,10,533.0,5330.0
2021031505010137,NIFRA,48,42,40,532.0,21280.0
2021031505010136,NIFRA,48,37,50,532.0,26600.0
2021031505010135,NIFRA,8,52,10,533.0,5330.0
2021031505010134,NIFRA,48,41,60,532.0,31920.0
2021031505010132,NIFRA,48,34,50,532.0,26600.0
2021031505010131,NIFRA,56,35,40,532.0,21280.0
2021031505010143,NIFRA,21,1,10,532.0,5320.0
2021031505010142,NIFRA,17,1,10,532.0,5320.0
2021031505010141,NIFRA,42,1,40,532.0,21280.0
2021031505010140,NIFRA,48,22,60,533.0,31980.0
2021031505010139,NIFRA,48,52,50,533.0,26650.0
2021031505010138,NIFRA,42,42,20,532.0,10640.0
2021031505010151,NIFRA,21,46,10,532.0,5320.0
2021031505010150,NIFRA,21,58,50,532.0,26600.0
2021031505010149,NIFRA,21,36,30,532.0,15960.0
2021031505010148,NIFRA,58,36,30,533.0,15990.0
2021031505010146,NIFRA,21,36,50,532.0,26600.0
2021031505010144,NIFRA,21,58,50,532.0,26600.0
2021031505010157,NIFRA,32,1,60,532.0,31920.0
2021031505010156,NIFRA,32,32,20,532.0,10640.0
2021031505010155,NIFRA,51,32,20,532.0,10640.0
2021031505010154,NIFRA,22,32,10,532.0,5320.0
2021031505010153,NIFRA,22,39,50,532.0,26600.0
2021031505010152,NIFRA,22,46,40,532.0,21280.0
2021031505010166,NIFRA,33,45,60,532.0,31920.0
2021031505010164,NIFRA,33,38,50,532.0,26600.0
2021031505010162,NIFRA,33,58,10,532.0,5320.0
2021031505010161,NIFRA,11,22,10,533.0,5330.0
2021031505010160,NIFRA,32,43,20,532.0,10640.0
2021031505010159,NIFRA,32,52,50,532.0,26600.0
2021031505010173,NIFRA,33,56,60,532.0,31920.0
2021031505010172,NIFRA,33,45,60,532.0,31920.0
2021031505010171,NIFRA,33,34,50,532.0,26600.0
2021031505010169,NIFRA,33,52,50,532.0,26600.0
2021031505010168,NIFRA,1,22,50,533.0,26650.0
2021031505010167,NIFRA,33,57,60,532.0,31920.0
2021031505010180,NIFRA,38,48,50,532.0,26600.0
2021031505010179,NIFRA,38,52,50,532.0,26600.0
2021031505010178,NIFRA,38,58,40,532.0,21280.0
2021031505010177,NIFRA,33,58,10,532.0,5320.0
2021031505010175,NIFRA,33,25,30,532.0,15960.0
2021031505010174,NIFRA,33,38,60,532.0,31920.0
2021031505010186,NIFRA,45,36,60,532.0,31920.0
2021031505010185,NIFRA,58,22,310,533.0,165230.0
2021031505010184,NIFRA,45,58,10,532.0,5320.0
2021031505010183,NIFRA,38,58,40,532.0,21280.0
2021031505010182,NIFRA,38,41,60,532.0,31920.0
2021031505010181,NIFRA,38,36,60,532.0,31920.0
2021031505010192,NIFRA,38,22,630,533.0,335790.0
2021031505010191,NIFRA,38,59,60,532.0,31920.0
2021031505010190,NIFRA,8,45,15,532.0,7980.0
2021031505010189,NIFRA,52,45,35,532.0,18620.0
2021031505010188,NIFRA,51,57,20,532.0,10640.0
2021031505010187,NIFRA,45,57,30,532.0,15960.0
2021031505010199,NIFRA,57,38,35,532.0,18620.0
2021031505010198,NIFRA,8,38,25,532.0,13300.0
2021031505010196,NIFRA,34,32,50,533.0,26650.0
2021031505010195,NIFRA,38,32,60,533.0,31980.0
2021031505010194,NIFRA,38,26,200,533.0,106600.0
2021031505010193,NIFRA,38,17,50,533.0,26650.0
2021031505010207,NIFRA,38,48,50,532.0,26600.0
2021031505010206,NIFRA,57,48,55,532.0,29260.0
2021031505010205,NIFRA,57,48,100,532.0,53200.0
2021031505010204,NIFRA,57,56,45,532.0,23940.0
2021031505010203,NIFRA,57,56,15,532.0,7980.0
2021031505010202,NIFRA,57,45,50,532.0,26600.0
2021031505010213,NIFRA,1,46,20,533.0,10660.0
2021031505010212,NIFRA,45,48,45,532.0,23940.0
2021031505010211,NIFRA,43,48,50,532.0,26600.0
2021031505010210,NIFRA,56,48,50,532.0,26600.0
2021031505010209,NIFRA,48,48,100,532.0,53200.0
2021031505010208,NIFRA,44,48,50,532.0,26600.0
2021031505010221,NIFRA,53,32,50,532.0,26600.0
2021031505010220,NIFRA,59,49,40,533.0,21320.0
2021031505010219,NIFRA,59,38,50,533.0,26650.0
2021031505010218,NIFRA,59,46,30,533.0,15990.0
2021031505010216,NIFRA,45,38,45,532.0,23940.0
2021031505010215,NIFRA,45,22,10,532.0,5320.0
2021031505010227,NIFRA,57,38,50,532.0,26600.0
2021031505010226,NIFRA,57,48,50,532.0,26600.0
2021031505010225,NIFRA,45,49,50,533.0,26650.0
2021031505010224,NIFRA,53,49,50,532.0,26600.0
2021031505010223,NIFRA,53,39,50,532.0,26600.0
2021031505010222,NIFRA,53,45,50,532.0,26600.0
2021031505010234,NIFRA,21,32,40,532.0,21280.0
2021031505010233,NIFRA,48,32,20,532.0,10640.0
2021031505010231,NIFRA,58,55,60,533.0,31980.0
2021031505010230,NIFRA,58,49,50,533.0,26650.0
2021031505010229,NIFRA,48,52,40,532.0,21280.0
2021031505010228,NIFRA,42,52,10,532.0,5320.0
2021031505010242,NIFRA,21,58,60,532.0,31920.0
2021031505010241,NIFRA,44,55,30,533.0,15990.0
2021031505010240,NIFRA,44,45,30,533.0,15990.0
2021031505010238,NIFRA,21,57,50,532.0,26600.0
2021031505010237,NIFRA,21,25,30,532.0,15960.0
2021031505010236,NIFRA,58,45,30,533.0,15990.0
2021031505010249,NIFRA,58,34,430,533.0,229190.0
2021031505010248,NIFRA,58,32,50,533.0,26650.0
2021031505010247,NIFRA,58,55,20,533.0,10660.0
2021031505010246,NIFRA,39,13,50,532.0,26600.0
2021031505010244,NIFRA,39,38,40,532.0,21280.0
2021031505010243,NIFRA,21,38,20,532.0,10640.0
2021031505010255,NIFRA,1,50,50,533.0,26650.0
2021031505010254,NIFRA,1,58,10,533.0,5330.0
2021031505010253,NIFRA,1,55,50,533.0,26650.0
2021031505010252,NIFRA,1,34,170,533.0,90610.0
2021031505010251,NIFRA,22,38,50,532.0,26600.0
2021031505010250,NIFRA,39,38,10,532.0,5320.0
2021031505010261,NIFRA,8,32,20,534.0,10680.0
2021031505010260,NIFRA,1,41,50,533.0,26650.0
2021031505010259,NIFRA,1,57,50,533.0,26650.0
2021031505010258,NIFRA,1,50,60,533.0,31980.0
2021031505010257,NIFRA,1,21,50,533.0,26650.0
2021031505010256,NIFRA,1,58,50,533.0,26650.0
2021031505010272,NIFRA,1,51,"1,000",533.0,533000.0
2021031505010271,NIFRA,1,50,60,533.0,31980.0
2021031505010269,NIFRA,1,38,50,533.0,26650.0
2021031505010268,NIFRA,1,36,60,533.0,31980.0
2021031505010267,NIFRA,1,28,60,533.0,31980.0
2021031505010262,NIFRA,1,50,60,533.0,31980.0
2021031505010278,NIFRA,36,57,10,533.0,5330.0
2021031505010277,NIFRA,1,57,50,533.0,26650.0
2021031505010276,NIFRA,1,56,60,533.0,31980.0
2021031505010275,NIFRA,1,8,60,533.0,31980.0
2021031505010274,NIFRA,41,29,30,534.0,16020.0
2021031505010273,NIFRA,41,32,30,534.0,16020.0
2021031505010286,NIFRA,17,8,50,533.0,26650.0
2021031505010285,NIFRA,17,38,50,533.0,26650.0
2021031505010284,NIFRA,17,44,50,533.0,26650.0
2021031505010282,NIFRA,17,46,50,533.0,26650.0
2021031505010281,NIFRA,17,8,50,533.0,26650.0
2021031505010280,NIFRA,36,8,50,533.0,26650.0
2021031505010293,NIFRA,17,58,20,533.0,10660.0
2021031505010292,NIFRA,17,58,30,533.0,15990.0
2021031505010291,NIFRA,17,32,60,533.0,31980.0
2021031505010289,NIFRA,17,39,60,533.0,31980.0
2021031505010288,NIFRA,17,41,50,533.0,26650.0
2021031505010287,NIFRA,17,49,50,533.0,26650.0
2021031505010299,NIFRA,17,44,50,533.0,26650.0
2021031505010298,NIFRA,17,57,60,533.0,31980.0
2021031505010297,NIFRA,17,38,50,533.0,26650.0
2021031505010296,NIFRA,17,49,50,533.0,26650.0
2021031505010295,NIFRA,17,55,50,533.0,26650.0
2021031505010294,NIFRA,17,8,60,533.0,31980.0
2021031505010308,NIFRA,17,36,10,533.0,5330.0
2021031505010304,NIFRA,17,44,50,533.0,26650.0
2021031505010303,NIFRA,17,55,50,533.0,26650.0
2021031505010302,NIFRA,29,29,450,534.0,240300.0
2021031505010301,NIFRA,29,46,50,534.0,26700.0
2021031505010300,NIFRA,17,8,50,533.0,26650.0
2021031505010315,NIFRA,17,29,20,533.0,10660.0
2021031505010314,NIFRA,17,44,50,533.0,26650.0
2021031505010313,NIFRA,29,29,300,534.0,160200.0
2021031505010312,NIFRA,17,56,50,533.0,26650.0
2021031505010310,NIFRA,17,8,50,533.0,26650.0
2021031505010309,NIFRA,17,36,40,533.0,21320.0
2021031505010321,NIFRA,58,28,50,533.0,26650.0
2021031505010320,NIFRA,58,28,16,533.0,8528.0
2021031505010319,NIFRA,16,28,100,533.0,53300.0
2021031505010318,NIFRA,17,28,270,533.0,143910.0
2021031505010317,NIFRA,34,28,100,533.0,53300.0
2021031505010316,NIFRA,17,17,20,533.0,10660.0
2021031505010327,NIFRA,28,48,50,533.0,26650.0
2021031505010326,NIFRA,28,8,60,533.0,31980.0
2021031505010325,NIFRA,28,28,389,533.0,207337.0
2021031505010324,NIFRA,21,28,205,533.0,109265.0
2021031505010323,NIFRA,52,28,100,533.0,53300.0
2021031505010322,NIFRA,6,28,50,533.0,26650.0
2021031505010335,NIFRA,1,32,50,533.0,26650.0
2021031505010332,NIFRA,1,55,50,533.0,26650.0
2021031505010331,NIFRA,1,57,50,533.0,26650.0
2021031505010330,NIFRA,1,8,50,533.0,26650.0
2021031505010329,NIFRA,1,44,50,533.0,26650.0
2021031505010328,NIFRA,52,29,200,534.0,106800.0
2021031505010341,NIFRA,1,48,60,533.0,31980.0
2021031505010340,NIFRA,1,44,60,533.0,31980.0
2021031505010339,NIFRA,1,17,20,533.0,10660.0
2021031505010338,NIFRA,1,8,50,533.0,26650.0
2021031505010337,NIFRA,38,6,30,534.0,16020.0
2021031505010336,NIFRA,38,29,20,534.0,10680.0
2021031505010349,NIFRA,37,34,50,534.0,26700.0
2021031505010348,NIFRA,37,6,20,534.0,10680.0
2021031505010347,NIFRA,1,36,60,533.0,31980.0
2021031505010344,NIFRA,1,45,50,533.0,26650.0
2021031505010343,NIFRA,1,8,50,533.0,26650.0
2021031505010342,NIFRA,1,57,60,533.0,31980.0
2021031505010356,NIFRA,56,32,20,534.0,10680.0
2021031505010355,NIFRA,56,45,60,534.0,32040.0
2021031505010354,NIFRA,56,45,20,534.0,10680.0
2021031505010352,NIFRA,1,36,200,533.0,106600.0
2021031505010351,NIFRA,1,8,60,533.0,31980.0
2021031505010350,NIFRA,37,45,30,534.0,16020.0
2021031505010362,NIFRA,58,14,60,534.0,32040.0
2021031505010361,NIFRA,58,32,50,534.0,26700.0
2021031505010360,NIFRA,58,13,50,534.0,26700.0
2021031505010359,NIFRA,58,32,30,534.0,16020.0
2021031505010358,NIFRA,58,13,50,534.0,26700.0
2021031505010357,NIFRA,1,41,50,533.0,26650.0
2021031505010368,NIFRA,58,14,50,534.0,26700.0
2021031505010367,NIFRA,58,32,50,534.0,26700.0
2021031505010366,NIFRA,58,39,60,534.0,32040.0
2021031505010365,NIFRA,58,25,20,534.0,10680.0
2021031505010364,NIFRA,58,21,30,534.0,16020.0
2021031505010363,NIFRA,58,8,50,534.0,26700.0
2021031505010376,NIFRA,1,8,50,533.0,26650.0
2021031505010375,NIFRA,34,14,300,534.0,160200.0
2021031505010372,NIFRA,1,6,50,533.0,26650.0
2021031505010371,NIFRA,1,28,40,533.0,21320.0
2021031505010370,NIFRA,1,45,50,533.0,26650.0
2021031505010369,NIFRA,34,14,200,534.0,106800.0
2021031505010383,PLI,53,17,10,715.0,7150.0
2021031505010373,PLI,22,58,10,715.0,7150.0
2021031505010353,PLI,53,14,10,715.0,7150.0
2021031505010346,PLI,53,21,10,715.0,7150.0
2021031505010333,PLI,53,55,10,715.0,7150.0
2021031505010311,PLI,35,55,10,716.0,7160.0
2021031505009913,PLI,52,6,10,716.0,7160.0
2021031505009912,PLI,52,59,10,716.0,7160.0
2021031505009907,PLI,52,37,10,716.0,7160.0
2021031505009919,PLI,14,7,450,716.0,322200.0
2021031505009918,PLI,49,7,50,716.0,35800.0
2021031505009917,PLI,38,7,100,716.0,71600.0
2021031505009916,PLI,48,7,10,716.0,7160.0
2021031505009915,PLI,42,7,10,716.0,7160.0
2021031505009914,PLI,52,7,110,716.0,78760.0
2021031505009925,PLI,45,7,25,715.0,17875.0
2021031505009924,PLI,35,7,30,715.0,21450.0
2021031505009923,PLI,8,7,10,715.0,7150.0
2021031505009922,PLI,13,7,25,715.0,17875.0
2021031505009921,PLI,6,7,100,715.0,71500.0
2021031505009920,PLI,13,7,20,716.0,14320.0
2021031505009931,PLI,21,7,50,715.0,35750.0
2021031505009930,PLI,57,7,10,715.0,7150.0
2021031505009929,PLI,14,7,100,715.0,71500.0
2021031505009928,PLI,32,7,50,715.0,35750.0
2021031505009927,PLI,21,7,80,715.0,57200.0
2021031505009926,PLI,37,7,100,715.0,71500.0
2021031505010019,PLI,13,19,10,715.0,7150.0
2021031505009988,PLI,1,14,10,715.0,7150.0
2021031505009987,PLI,1,45,10,715.0,7150.0
2021031505009976,PLI,1,26,10,715.0,7150.0
2021031505009933,PLI,1,7,120,715.0,85800.0
2021031505009932,PLI,42,7,50,715.0,35750.0
2021031505010052,PLI,34,36,10,715.0,7150.0
2021031505010048,PLI,34,13,10,715.0,7150.0
2021031505010041,PLI,34,56,10,715.0,7150.0
2021031505010035,PLI,34,34,10,715.0,7150.0
2021031505010027,PLI,34,34,10,715.0,7150.0
2021031505010026,PLI,13,17,10,715.0,7150.0
2021031505010077,PLI,51,14,10,715.0,7150.0
2021031505010076,PLI,50,14,50,715.0,35750.0
2021031505010075,PLI,34,14,20,715.0,14300.0
2021031505010073,PLI,34,17,10,715.0,7150.0
2021031505010072,PLI,34,57,10,715.0,7150.0
2021031505010054,PLI,34,45,10,715.0,7150.0
2021031505010121,PLI,59,52,10,715.0,7150.0
2021031505010091,PLI,13,41,10,715.0,7150.0
2021031505010081,PLI,50,58,10,716.0,7160.0
2021031505010080,PLI,13,36,10,715.0,7150.0
2021031505010079,PLI,13,14,10,715.0,7150.0
2021031505010078,PLI,50,14,10,715.0,7150.0
2021031505010163,PLI,14,52,10,714.0,7140.0
2021031505010158,PLI,57,36,10,715.0,7150.0
2021031505010147,PLI,57,1,10,715.0,7150.0
2021031505010145,PLI,57,22,10,715.0,7150.0
2021031505010133,PLI,57,41,10,715.0,7150.0
2021031505010130,PLI,57,42,10,715.0,7150.0
2021031505010214,PLI,7,49,10,714.0,7140.0
2021031505010201,PLI,7,59,10,714.0,7140.0
2021031505010200,PLI,14,57,10,714.0,7140.0
2021031505010197,PLI,14,36,10,714.0,7140.0
2021031505010176,PLI,14,35,10,714.0,7140.0
2021031505010165,PLI,14,59,10,714.0,7140.0
2021031505010265,PLI,35,58,10,716.0,7160.0
2021031505010264,PLI,35,32,10,715.0,7150.0
2021031505010263,PLI,7,41,10,714.0,7140.0
2021031505010245,PLI,7,58,10,714.0,7140.0
2021031505010239,PLI,7,39,10,714.0,7140.0
2021031505010232,PLI,7,25,10,714.0,7140.0
2021031505010307,PLI,35,19,10,716.0,7160.0
2021031505010306,PLI,35,48,10,716.0,7160.0
2021031505010305,PLI,35,39,10,716.0,7160.0
2021031505010290,PLI,35,57,10,716.0,7160.0
2021031505010283,PLI,35,56,10,716.0,7160.0
2021031505010266,PLI,35,47,20,716.0,14320.0
2021031505009857,CGH,47,54,5,972.0,4860.0
2021031505009815,CGH,10,6,10,972.0,9720.0
2021031505009734,CGH,10,25,10,972.0,9720.0
2021031505009706,CGH,47,54,5,972.0,4860.0
2021031505009631,CGH,10,22,10,972.0,9720.0
2021031505009565,CGH,10,17,10,972.0,9720.0
2021031505009411,CGH,10,10,10,972.0,9720.0
2021031505009883,NIFRA,42,52,28,535.0,14980.0
2021031505009882,NIFRA,32,52,50,535.0,26750.0
2021031505009881,NIFRA,39,52,400,535.0,214000.0
2021031505009880,NIFRA,19,52,80,535.0,42800.0
2021031505009879,NIFRA,46,52,10,535.0,5350.0
2021031505009878,NIFRA,1,52,100,535.0,53500.0
2021031505009384,NIFRA,49,58,10,536.0,5360.0
2021031505009390,NIFRA,49,40,60,536.0,32160.0
2021031505009389,NIFRA,49,22,60,536.0,32160.0
2021031505009388,NIFRA,49,44,60,536.0,32160.0
2021031505009387,NIFRA,46,38,50,537.0,26850.0
2021031505009386,NIFRA,46,51,50,537.0,26850.0
2021031505009385,NIFRA,49,35,20,536.0,10720.0
2021031505009396,NIFRA,44,58,10,536.0,5360.0
2021031505009395,NIFRA,32,58,40,536.0,21440.0
2021031505009394,NIFRA,32,10,10,536.0,5360.0
2021031505009393,NIFRA,49,10,40,536.0,21440.0
2021031505009392,NIFRA,49,57,50,536.0,26800.0
2021031505009391,NIFRA,19,38,10,537.0,5370.0
2021031505009402,NIFRA,44,36,50,536.0,26800.0
2021031505009401,NIFRA,44,22,50,536.0,26800.0
2021031505009400,NIFRA,44,19,10,536.0,5360.0
2021031505009399,NIFRA,44,38,30,536.0,16080.0
2021031505009398,NIFRA,44,35,50,536.0,26800.0
2021031505009397,NIFRA,44,44,50,536.0,26800.0
2021031505009409,NIFRA,44,22,60,536.0,32160.0
2021031505009408,NIFRA,44,35,30,536.0,16080.0
2021031505009406,NIFRA,38,45,40,537.0,21480.0
2021031505009405,NIFRA,38,55,50,537.0,26850.0
2021031505009404,NIFRA,38,49,50,537.0,26850.0
2021031505009403,NIFRA,38,11,60,537.0,32220.0
2021031505009419,NIFRA,45,42,100,536.0,53600.0
2021031505009418,NIFRA,44,42,580,536.0,310880.0
2021031505009417,NIFRA,59,42,350,536.0,187600.0
2021031505009416,NIFRA,44,50,50,536.0,26800.0
2021031505009415,NIFRA,44,6,20,536.0,10720.0
2021031505009410,NIFRA,44,34,10,536.0,5360.0
2021031505009425,NIFRA,55,42,50,536.0,26800.0
2021031505009424,NIFRA,17,42,300,536.0,160800.0
2021031505009423,NIFRA,13,42,500,536.0,268000.0
2021031505009422,NIFRA,55,42,100,536.0,53600.0
2021031505009421,NIFRA,29,42,200,536.0,107200.0
2021031505009420,NIFRA,58,42,100,536.0,53600.0
2021031505009432,NIFRA,32,36,50,536.0,26800.0
2021031505009431,NIFRA,32,44,50,536.0,26800.0
2021031505009430,NIFRA,32,49,60,536.0,32160.0
2021031505009428,NIFRA,32,42,160,536.0,85760.0
2021031505009427,NIFRA,25,42,20,536.0,10720.0
2021031505009426,NIFRA,14,42,100,536.0,53600.0
2021031505009441,NIFRA,32,21,50,536.0,26800.0
2021031505009439,NIFRA,32,58,50,536.0,26800.0
2021031505009437,NIFRA,45,55,40,538.0,21520.0
2021031505009436,NIFRA,45,45,10,537.0,5370.0
2021031505009434,NIFRA,32,57,50,536.0,26800.0
2021031505009433,NIFRA,32,19,10,536.0,5360.0
2021031505009447,NIFRA,54,29,30,536.0,16080.0
2021031505009446,NIFRA,19,29,20,536.0,10720.0
2021031505009445,NIFRA,19,22,30,536.0,16080.0
2021031505009444,NIFRA,48,22,20,536.0,10720.0
2021031505009443,NIFRA,48,36,30,536.0,16080.0
2021031505009442,NIFRA,32,36,20,536.0,10720.0
2021031505009457,NIFRA,54,21,10,536.0,5360.0
2021031505009456,NIFRA,54,22,60,536.0,32160.0
2021031505009454,NIFRA,58,10,500,537.0,268500.0
2021031505009453,NIFRA,54,55,50,536.0,26800.0
2021031505009451,NIFRA,50,25,50,537.0,26850.0
2021031505009448,NIFRA,54,57,50,536.0,26800.0
2021031505009463,NIFRA,6,57,21,536.0,11256.0
2021031505009462,NIFRA,6,10,50,536.0,26800.0
2021031505009461,NIFRA,6,22,29,536.0,15544.0
2021031505009460,NIFRA,51,22,21,536.0,11256.0
2021031505009459,NIFRA,51,50,50,536.0,26800.0
2021031505009458,NIFRA,51,21,40,536.0,21440.0
2021031505009469,NIFRA,1,56,30,536.0,16080.0
2021031505009468,NIFRA,1,58,50,536.0,26800.0
2021031505009467,NIFRA,1,32,50,536.0,26800.0
2021031505009466,NIFRA,1,45,50,536.0,26800.0
2021031505009465,NIFRA,1,57,19,536.0,10184.0
2021031505009464,NIFRA,19,57,10,536.0,5360.0
2021031505009477,NIFRA,19,29,440,535.0,235400.0
2021031505009476,NIFRA,19,17,40,535.0,21400.0
2021031505009475,NIFRA,19,21,20,535.0,10700.0
2021031505009474,NIFRA,48,21,30,535.0,16050.0
2021031505009472,NIFRA,48,10,20,535.0,10700.0
2021031505009471,NIFRA,6,10,40,536.0,21440.0
2021031505009484,NIFRA,32,46,20,535.0,10700.0
2021031505009482,NIFRA,32,42,50,535.0,26750.0
2021031505009481,NIFRA,32,42,60,535.0,32100.0
2021031505009480,NIFRA,32,32,50,535.0,26750.0
2021031505009479,NIFRA,32,29,60,535.0,32100.0
2021031505009478,NIFRA,45,29,500,535.0,267500.0
2021031505009491,NIFRA,32,32,15,535.0,8025.0
2021031505009489,NIFRA,32,7,60,535.0,32100.0
2021031505009488,NIFRA,32,20,25,535.0,13375.0
2021031505009487,NIFRA,32,50,50,535.0,26750.0
2021031505009486,NIFRA,32,36,50,535.0,26750.0
2021031505009485,NIFRA,32,10,60,535.0,32100.0
2021031505009500,NIFRA,45,36,50,535.0,26750.0
2021031505009497,NIFRA,45,39,60,535.0,32100.0
2021031505009495,NIFRA,45,57,60,535.0,32100.0
2021031505009494,NIFRA,45,21,50,535.0,26750.0
2021031505009493,NIFRA,45,41,50,535.0,26750.0
2021031505009492,NIFRA,45,32,45,535.0,24075.0
2021031505009506,NIFRA,21,52,15,535.0,8025.0
2021031505009505,NIFRA,21,14,25,535.0,13375.0
2021031505009504,NIFRA,45,14,25,535.0,13375.0
2021031505009503,NIFRA,45,10,60,535.0,32100.0
2021031505009502,NIFRA,45,14,50,535.0,26750.0
2021031505009501,NIFRA,45,21,50,535.0,26750.0
2021031505009512,NIFRA,21,10,10,536.0,5360.0
2021031505009511,NIFRA,21,42,60,536.0,32160.0
2021031505009510,NIFRA,28,36,50,535.0,26750.0
2021031505009509,NIFRA,28,10,60,535.0,32100.0
2021031505009508,NIFRA,28,38,10,535.0,5350.0
2021031505009507,NIFRA,28,52,45,535.0,24075.0
2021031505009518,NIFRA,1,55,60,536.0,32160.0
2021031505009517,NIFRA,1,45,50,536.0,26800.0
2021031505009516,NIFRA,1,29,30,536.0,16080.0
2021031505009515,NIFRA,21,17,30,536.0,16080.0
2021031505009514,NIFRA,21,51,50,536.0,26800.0
2021031505009513,NIFRA,21,58,50,536.0,26800.0
2021031505009524,NIFRA,46,49,15,536.0,8040.0
2021031505009523,NIFRA,46,41,50,536.0,26800.0
2021031505009522,NIFRA,46,58,40,536.0,21440.0
2021031505009521,NIFRA,28,57,50,535.0,26750.0
2021031505009520,NIFRA,28,39,60,535.0,32100.0
2021031505009519,NIFRA,1,58,10,536.0,5360.0
2021031505009531,NIFRA,49,58,5,536.0,2680.0
2021031505009530,NIFRA,49,48,50,536.0,26800.0
2021031505009528,NIFRA,49,7,15,536.0,8040.0
2021031505009527,NIFRA,14,36,25,535.0,13375.0
2021031505009526,NIFRA,28,36,25,535.0,13375.0
2021031505009525,NIFRA,46,7,35,536.0,18760.0
2021031505009538,NIFRA,8,10,50,535.0,26750.0
2021031505009537,NIFRA,14,21,50,535.0,26750.0
2021031505009536,NIFRA,14,39,60,535.0,32100.0
2021031505009535,NIFRA,14,10,50,535.0,26750.0
2021031505009533,NIFRA,14,57,35,535.0,18725.0
2021031505009532,NIFRA,14,57,25,535.0,13375.0
2021031505009545,NIFRA,8,11,50,535.0,26750.0
2021031505009543,NIFRA,8,42,50,535.0,26750.0
2021031505009542,NIFRA,8,42,60,535.0,32100.0
2021031505009541,NIFRA,8,59,50,535.0,26750.0
2021031505009540,NIFRA,46,46,5,525.0,2625.0
2021031505009539,NIFRA,8,56,40,535.0,21400.0
2021031505009551,NIFRA,26,36,30,535.0,16050.0
2021031505009550,NIFRA,36,36,20,535.0,10700.0
2021031505009549,NIFRA,36,57,50,535.0,26750.0
2021031505009548,NIFRA,36,57,30,535.0,16050.0
2021031505009547,NIFRA,8,57,20,535.0,10700.0
2021031505009546,NIFRA,8,58,50,535.0,26750.0
2021031505009558,NIFRA,20,58,50,535.0,26750.0
2021031505009556,NIFRA,20,10,60,535.0,32100.0
2021031505009555,NIFRA,20,10,50,535.0,26750.0
2021031505009554,NIFRA,20,17,30,535.0,16050.0
2021031505009553,NIFRA,13,17,20,535.0,10700.0
2021031505009552,NIFRA,13,36,10,535.0,5350.0
2021031505009564,NIFRA,42,59,50,535.0,26750.0
2021031505009563,NIFRA,58,21,50,535.0,26750.0
2021031505009562,NIFRA,58,41,50,535.0,26750.0
2021031505009561,NIFRA,20,41,10,535.0,5350.0
2021031505009560,NIFRA,20,57,50,535.0,26750.0
2021031505009559,NIFRA,20,17,50,535.0,26750.0
2021031505009572,NIFRA,58,59,110,535.0,58850.0
2021031505009571,NIFRA,8,59,30,535.0,16050.0
2021031505009569,NIFRA,8,34,70,535.0,37450.0
2021031505009568,NIFRA,52,34,30,535.0,16050.0
2021031505009567,NIFRA,34,34,20,535.0,10700.0
2021031505009566,NIFRA,42,34,50,535.0,26750.0
2021031505009580,NIFRA,58,42,60,535.0,32100.0
2021031505009579,NIFRA,58,57,50,535.0,26750.0
2021031505009577,NIFRA,58,57,60,535.0,32100.0
2021031505009576,NIFRA,58,59,50,535.0,26750.0
2021031505009574,NIFRA,58,10,60,535.0,32100.0
2021031505009573,NIFRA,58,58,50,535.0,26750.0
2021031505009586,NIFRA,17,59,50,535.0,26750.0
2021031505009585,NIFRA,34,36,50,535.0,26750.0
2021031505009584,NIFRA,34,17,50,535.0,26750.0
2021031505009583,NIFRA,58,17,10,535.0,5350.0
2021031505009582,NIFRA,45,21,10,536.0,5360.0
2021031505009581,NIFRA,58,38,50,535.0,26750.0
2021031505009592,NIFRA,56,59,50,535.0,26750.0
2021031505009591,NIFRA,56,17,60,535.0,32100.0
2021031505009590,NIFRA,56,21,50,535.0,26750.0
2021031505009589,NIFRA,56,47,60,535.0,32100.0
2021031505009588,NIFRA,56,58,10,535.0,5350.0
2021031505009587,NIFRA,17,58,50,535.0,26750.0
2021031505009598,NIFRA,39,36,10,535.0,5350.0
2021031505009597,NIFRA,39,42,50,535.0,26750.0
2021031505009596,NIFRA,41,42,10,535.0,5350.0
2021031505009595,NIFRA,56,45,50,535.0,26750.0
2021031505009594,NIFRA,56,17,60,535.0,32100.0
2021031505009593,NIFRA,56,58,60,535.0,32100.0
2021031505009605,NIFRA,45,8,50,535.0,26750.0
2021031505009604,NIFRA,45,58,50,535.0,26750.0
2021031505009603,NIFRA,45,35,50,535.0,26750.0
2021031505009602,NIFRA,45,42,30,535.0,16050.0
2021031505009601,NIFRA,39,42,30,535.0,16050.0
2021031505009600,NIFRA,39,41,10,535.0,5350.0
2021031505009612,NIFRA,16,59,50,536.0,26800.0
2021031505009611,NIFRA,16,45,60,536.0,32160.0
2021031505009610,NIFRA,45,57,50,535.0,26750.0
2021031505009609,NIFRA,45,45,30,535.0,16050.0
2021031505009608,NIFRA,45,38,50,535.0,26750.0
2021031505009607,NIFRA,6,21,50,536.0,26800.0
2021031505009618,NIFRA,38,58,20,536.0,10720.0
2021031505009617,NIFRA,45,58,50,535.0,26750.0
2021031505009616,NIFRA,45,35,60,535.0,32100.0
2021031505009615,NIFRA,45,32,60,535.0,32100.0
2021031505009614,NIFRA,16,58,30,536.0,16080.0
2021031505009613,NIFRA,16,19,100,536.0,53600.0
2021031505009624,NIFRA,38,22,30,536.0,16080.0
2021031505009623,NIFRA,38,52,60,536.0,32160.0
2021031505009622,NIFRA,38,8,200,536.0,107200.0
2021031505009621,NIFRA,38,49,10,536.0,5360.0
2021031505009620,NIFRA,38,32,50,536.0,26800.0
2021031505009619,NIFRA,38,14,50,536.0,26800.0
2021031505009630,NIFRA,38,58,50,536.0,26800.0
2021031505009629,NIFRA,38,52,50,536.0,26800.0
2021031505009628,NIFRA,38,45,60,536.0,32160.0
2021031505009627,NIFRA,14,34,5,535.0,2675.0
2021031505009626,NIFRA,38,21,60,536.0,32160.0
2021031505009625,NIFRA,38,58,50,536.0,26800.0
2021031505009639,NIFRA,38,58,50,536.0,26800.0
2021031505009638,NIFRA,38,28,50,536.0,26800.0
2021031505009637,NIFRA,38,57,60,536.0,32160.0
2021031505009636,NIFRA,38,8,50,536.0,26800.0
2021031505009635,NIFRA,38,32,60,536.0,32160.0
2021031505009632,NIFRA,38,25,50,536.0,26800.0
2021031505009647,NIFRA,45,38,10,535.0,5350.0
2021031505009646,NIFRA,45,34,10,535.0,5350.0
2021031505009645,NIFRA,6,26,50,536.0,26800.0
2021031505009642,NIFRA,38,26,930,536.0,498480.0
2021031505009641,NIFRA,38,10,60,536.0,32160.0
2021031505009640,NIFRA,58,46,20,537.0,10740.0
2021031505009654,NIFRA,28,8,10,535.0,5350.0
2021031505009653,NIFRA,22,17,50,536.0,26800.0
2021031505009651,NIFRA,28,57,50,535.0,26750.0
2021031505009650,NIFRA,45,32,30,536.0,16080.0
2021031505009649,NIFRA,45,26,20,536.0,10720.0
2021031505009648,NIFRA,28,38,40,535.0,21400.0
2021031505009660,NIFRA,17,10,50,535.0,26750.0
2021031505009659,NIFRA,58,10,10,535.0,5350.0
2021031505009658,NIFRA,58,10,50,535.0,26750.0
2021031505009657,NIFRA,34,32,18,536.0,9648.0
2021031505009656,NIFRA,11,32,10,536.0,5360.0
2021031505009655,NIFRA,58,8,40,535.0,21400.0
2021031505009669,NIFRA,36,7,160,535.0,85600.0
2021031505009668,NIFRA,17,7,270,535.0,144450.0
2021031505009667,NIFRA,25,7,70,535.0,37450.0
2021031505009666,NIFRA,17,32,60,535.0,32100.0
2021031505009663,NIFRA,17,42,60,535.0,32100.0
2021031505009661,NIFRA,17,35,60,535.0,32100.0
2021031505009676,NIFRA,36,42,60,535.0,32100.0
2021031505009675,NIFRA,36,41,60,535.0,32100.0
2021031505009674,NIFRA,36,17,50,535.0,26750.0
2021031505009673,NIFRA,36,10,60,535.0,32100.0
2021031505009672,NIFRA,36,41,50,535.0,26750.0
2021031505009671,NIFRA,36,34,50,535.0,26750.0
2021031505009682,NIFRA,22,17,50,535.0,26750.0
2021031505009681,NIFRA,22,47,50,535.0,26750.0
2021031505009680,NIFRA,58,25,26,536.0,13936.0
2021031505009679,NIFRA,22,20,40,535.0,21400.0
2021031505009678,NIFRA,22,42,50,535.0,26750.0
2021031505009677,NIFRA,36,42,10,535.0,5350.0
2021031505009688,NIFRA,22,7,500,535.0,267500.0
2021031505009687,NIFRA,6,32,40,536.0,21440.0
2021031505009686,NIFRA,6,41,60,536.0,32160.0
2021031505009685,NIFRA,22,17,50,535.0,26750.0
2021031505009684,NIFRA,22,8,60,535.0,32100.0
2021031505009683,NIFRA,22,42,60,535.0,32100.0
2021031505009694,NIFRA,8,57,100,535.0,53500.0
2021031505009693,NIFRA,29,57,50,535.0,26750.0
2021031505009692,NIFRA,16,57,100,535.0,53500.0
2021031505009691,NIFRA,17,57,50,535.0,26750.0
2021031505009690,NIFRA,48,57,100,535.0,53500.0
2021031505009689,NIFRA,22,57,40,535.0,21400.0
2021031505009702,NIFRA,40,32,20,536.0,10720.0
2021031505009699,NIFRA,3,32,50,535.0,26750.0
2021031505009698,NIFRA,3,45,50,535.0,26750.0
2021031505009697,NIFRA,3,32,60,535.0,32100.0
2021031505009696,NIFRA,3,17,50,535.0,26750.0
2021031505009695,NIFRA,3,57,560,535.0,299600.0
2021031505009709,NIFRA,45,10,500,535.0,267500.0
2021031505009708,NIFRA,3,10,230,535.0,123050.0
2021031505009707,NIFRA,40,10,320,536.0,171520.0
2021031505009705,NIFRA,40,21,50,536.0,26800.0
2021031505009704,NIFRA,40,32,60,536.0,32160.0
2021031505009703,NIFRA,40,32,50,536.0,26800.0
2021031505009715,NIFRA,38,10,30,535.0,16050.0
2021031505009714,NIFRA,57,10,375,535.0,200625.0
2021031505009713,NIFRA,22,10,100,535.0,53500.0
2021031505009712,NIFRA,45,10,380,535.0,203300.0
2021031505009711,NIFRA,45,10,300,535.0,160500.0
2021031505009710,NIFRA,49,10,25,535.0,13375.0
2021031505009722,NIFRA,45,42,50,535.0,26750.0
2021031505009721,NIFRA,45,32,60,535.0,32100.0
2021031505009720,NIFRA,22,57,40,536.0,21440.0
2021031505009719,NIFRA,45,34,40,535.0,21400.0
2021031505009717,NIFRA,45,17,50,535.0,26750.0
2021031505009716,NIFRA,45,10,710,535.0,379850.0
2021031505009729,NIFRA,45,10,20,535.0,10700.0
2021031505009727,NIFRA,45,41,50,535.0,26750.0
2021031505009726,NIFRA,45,1,60,535.0,32100.0
2021031505009725,NIFRA,58,36,480,536.0,257280.0
2021031505009724,NIFRA,58,57,20,536.0,10720.0
2021031505009723,NIFRA,45,32,60,535.0,32100.0
2021031505009739,NIFRA,45,10,60,535.0,32100.0
2021031505009737,NIFRA,45,19,40,535.0,21400.0
2021031505009735,NIFRA,45,10,50,535.0,26750.0
2021031505009733,NIFRA,45,14,10,535.0,5350.0
2021031505009732,NIFRA,50,36,100,536.0,53600.0
2021031505009730,NIFRA,45,37,50,535.0,26750.0
2021031505009746,NIFRA,4,56,40,535.0,21400.0
2021031505009745,NIFRA,45,56,"1,330",535.0,711550.0
2021031505009744,NIFRA,45,58,50,535.0,26750.0
2021031505009742,NIFRA,45,40,200,535.0,107000.0
2021031505009741,NIFRA,45,32,60,535.0,32100.0
2021031505009740,NIFRA,45,54,50,535.0,26750.0
2021031505009752,NIFRA,51,56,30,535.0,16050.0
2021031505009751,NIFRA,45,56,150,535.0,80250.0
2021031505009750,NIFRA,7,56,50,535.0,26750.0
2021031505009749,NIFRA,39,56,50,535.0,26750.0
2021031505009748,NIFRA,26,56,10,535.0,5350.0
2021031505009747,NIFRA,51,56,10,535.0,5350.0
2021031505009758,NIFRA,58,42,60,535.0,32100.0
2021031505009757,NIFRA,58,32,60,535.0,32100.0
2021031505009756,NIFRA,58,56,30,535.0,16050.0
2021031505009755,NIFRA,34,56,100,535.0,53500.0
2021031505009754,NIFRA,44,56,100,535.0,53500.0
2021031505009753,NIFRA,44,56,100,535.0,53500.0
2021031505009764,NIFRA,41,42,10,535.0,5350.0
2021031505009763,NIFRA,41,6,10,535.0,5350.0
2021031505009762,NIFRA,25,6,50,535.0,26750.0
2021031505009761,NIFRA,25,32,50,535.0,26750.0
2021031505009760,NIFRA,39,32,100,535.0,53500.0
2021031505009759,NIFRA,58,32,350,535.0,187250.0
2021031505009770,NIFRA,41,36,110,536.0,58960.0
2021031505009769,NIFRA,47,41,60,535.0,32100.0
2021031505009768,NIFRA,44,25,30,535.0,16050.0
2021031505009767,NIFRA,44,57,50,535.0,26750.0
2021031505009766,NIFRA,44,38,20,535.0,10700.0
2021031505009765,NIFRA,44,42,50,535.0,26750.0
2021031505009776,NIFRA,36,41,50,535.0,26750.0
2021031505009775,NIFRA,36,58,40,535.0,21400.0
2021031505009774,NIFRA,36,41,50,535.0,26750.0
2021031505009773,NIFRA,36,32,30,535.0,16050.0
2021031505009772,NIFRA,47,32,30,535.0,16050.0
2021031505009771,NIFRA,47,17,50,535.0,26750.0
2021031505009785,NIFRA,17,32,60,535.0,32100.0
2021031505009784,NIFRA,17,28,30,535.0,16050.0
2021031505009783,NIFRA,6,28,20,535.0,10700.0
2021031505009782,NIFRA,6,4,50,535.0,26750.0
2021031505009778,NIFRA,6,6,30,535.0,16050.0
2021031505009777,NIFRA,36,6,30,535.0,16050.0
2021031505009791,NIFRA,53,57,40,535.0,21400.0
2021031505009790,NIFRA,53,57,10,535.0,5350.0
2021031505009789,NIFRA,17,57,50,535.0,26750.0
2021031505009788,NIFRA,17,58,60,535.0,32100.0
2021031505009787,NIFRA,21,21,15,536.0,8040.0
2021031505009786,NIFRA,21,36,10,536.0,5360.0
2021031505009797,NIFRA,45,57,10,535.0,5350.0
2021031505009796,NIFRA,42,57,40,535.0,21400.0
2021031505009795,NIFRA,5,57,20,535.0,10700.0
2021031505009794,NIFRA,34,57,100,535.0,53500.0
2021031505009793,NIFRA,38,57,50,535.0,26750.0
2021031505009792,NIFRA,36,57,100,535.0,53500.0
2021031505009803,NIFRA,58,51,35,536.0,18760.0
2021031505009802,NIFRA,16,10,50,535.0,26750.0
2021031505009801,NIFRA,16,26,50,535.0,26750.0
2021031505009800,NIFRA,21,51,15,536.0,8040.0
2021031505009799,NIFRA,21,21,35,536.0,18760.0
2021031505009798,NIFRA,16,57,40,535.0,21400.0
2021031505009809,NIFRA,16,10,50,535.0,26750.0
2021031505009808,NIFRA,16,19,50,535.0,26750.0
2021031505009807,NIFRA,16,52,50,535.0,26750.0
2021031505009806,NIFRA,16,41,50,535.0,26750.0
2021031505009805,NIFRA,58,57,50,536.0,26800.0
2021031505009804,NIFRA,58,51,10,536.0,5360.0
2021031505009817,NIFRA,32,42,20,535.0,10700.0
2021031505009816,NIFRA,50,41,30,535.0,16050.0
2021031505009814,NIFRA,50,52,20,535.0,10700.0
2021031505009813,NIFRA,40,52,30,535.0,16050.0
2021031505009812,NIFRA,16,52,10,535.0,5350.0
2021031505009810,NIFRA,16,32,50,535.0,26750.0
2021031505009824,NIFRA,47,32,50,535.0,26750.0
2021031505009823,NIFRA,47,16,10,535.0,5350.0
2021031505009822,NIFRA,47,19,30,535.0,16050.0
2021031505009821,NIFRA,47,48,20,535.0,10700.0
2021031505009819,NIFRA,47,32,60,535.0,32100.0
2021031505009818,NIFRA,47,42,30,535.0,16050.0
2021031505009830,NIFRA,19,32,700,535.0,374500.0
2021031505009829,NIFRA,19,28,50,535.0,26750.0
2021031505009828,NIFRA,19,14,20,535.0,10700.0
2021031505009827,NIFRA,19,10,60,535.0,32100.0
2021031505009826,NIFRA,19,38,50,535.0,26750.0
2021031505009825,NIFRA,19,38,20,535.0,10700.0
2021031505009836,NIFRA,49,28,35,535.0,18725.0
2021031505009835,NIFRA,11,28,15,535.0,8025.0
2021031505009834,NIFRA,58,41,54,536.0,28944.0
2021031505009833,NIFRA,21,41,50,535.0,26750.0
2021031505009832,NIFRA,22,32,150,535.0,80250.0
2021031505009831,NIFRA,38,32,200,535.0,107000.0
2021031505009842,NIFRA,28,1,50,535.0,26750.0
2021031505009841,NIFRA,28,25,50,535.0,26750.0
2021031505009840,NIFRA,28,38,10,535.0,5350.0
2021031505009839,NIFRA,28,21,50,535.0,26750.0
2021031505009838,NIFRA,28,56,40,535.0,21400.0
2021031505009837,NIFRA,49,56,10,535.0,5350.0
2021031505009849,NIFRA,41,4,140,535.0,74900.0
2021031505009847,NIFRA,41,19,50,535.0,26750.0
2021031505009846,NIFRA,41,21,10,535.0,5350.0
2021031505009845,NIFRA,49,21,40,535.0,21400.0
2021031505009844,NIFRA,49,35,50,535.0,26750.0
2021031505009843,NIFRA,49,1,10,535.0,5350.0
2021031505009855,NIFRA,33,57,20,535.0,10700.0
2021031505009854,NIFRA,33,19,30,535.0,16050.0
2021031505009853,NIFRA,33,32,60,535.0,32100.0
2021031505009852,NIFRA,33,47,60,535.0,32100.0
2021031505009851,NIFRA,33,4,280,535.0,149800.0
2021031505009850,NIFRA,50,4,300,535.0,160500.0
2021031505009863,NIFRA,33,26,50,535.0,26750.0
2021031505009862,NIFRA,33,14,50,535.0,26750.0
2021031505009860,NIFRA,33,42,50,535.0,26750.0
2021031505009859,NIFRA,33,42,60,535.0,32100.0
2021031505009858,NIFRA,33,14,50,535.0,26750.0
2021031505009856,NIFRA,33,6,60,535.0,32100.0
2021031505009869,NIFRA,33,16,20,535.0,10700.0
2021031505009868,NIFRA,33,19,10,535.0,5350.0
2021031505009867,NIFRA,33,32,50,535.0,26750.0
2021031505009866,NIFRA,33,25,50,535.0,26750.0
2021031505009865,NIFRA,33,47,50,535.0,26750.0
2021031505009864,NIFRA,33,42,50,535.0,26750.0
2021031505009877,NIFRA,47,52,50,535.0,26750.0
2021031505009875,NIFRA,47,45,50,535.0,26750.0
2021031505009873,NIFRA,32,21,50,535.0,26750.0
2021031505009872,NIFRA,32,32,50,535.0,26750.0
2021031505009871,NIFRA,41,37,25,535.0,13375.0
2021031505009870,NIFRA,52,16,30,535.0,16050.0
2021031505009876,PLI,52,38,10,716.0,7160.0
2021031505009874,PLI,13,58,10,717.0,7170.0
2021031505009861,PLI,13,48,10,717.0,7170.0
2021031505009848,PLI,52,42,10,716.0,7160.0
2021031505009820,PLI,52,58,10,716.0,7160.0
2021031505009811,PLI,52,45,10,716.0,7160.0
2021031505009435,PLI,48,3,10,717.0,7170.0
2021031505009429,PLI,48,22,10,717.0,7170.0
2021031505009414,PLI,48,39,80,717.0,57360.0
2021031505009413,PLI,29,39,10,717.0,7170.0
2021031505009412,PLI,13,39,10,717.0,7170.0
2021031505009407,PLI,13,36,10,717.0,7170.0
2021031505009455,PLI,19,29,10,717.0,7170.0
2021031505009452,PLI,19,21,10,717.0,7170.0
2021031505009450,PLI,19,22,10,717.0,7170.0
2021031505009449,PLI,19,47,10,717.0,7170.0
2021031505009440,PLI,19,58,10,717.0,7170.0
2021031505009438,PLI,19,50,10,717.0,7170.0
2021031505009498,PLI,19,34,90,717.0,64530.0
2021031505009496,PLI,19,39,10,717.0,7170.0
2021031505009490,PLI,19,45,10,717.0,7170.0
2021031505009483,PLI,19,10,10,717.0,7170.0
2021031505009473,PLI,19,50,10,717.0,7170.0
2021031505009470,PLI,19,45,10,717.0,7170.0
2021031505009570,PLI,52,21,10,716.0,7160.0
2021031505009557,PLI,52,36,10,716.0,7160.0
2021031505009544,PLI,52,21,10,716.0,7160.0
2021031505009534,PLI,52,36,10,716.0,7160.0
2021031505009529,PLI,41,4,10,718.0,7180.0
2021031505009499,PLI,52,34,10,716.0,7160.0
2021031505009634,PLI,52,21,10,716.0,7160.0
2021031505009633,PLI,41,54,10,717.0,7170.0
2021031505009606,PLI,52,21,10,716.0,7160.0
2021031505009599,PLI,52,17,10,716.0,7160.0
2021031505009578,PLI,52,51,10,716.0,7160.0
2021031505009575,PLI,52,17,10,716.0,7160.0
2021031505009665,PLI,58,38,10,716.0,7160.0
2021031505009664,PLI,58,10,10,716.0,7160.0
2021031505009662,PLI,58,17,10,716.0,7160.0
2021031505009652,PLI,4,34,10,718.0,7180.0
2021031505009644,PLI,58,3,10,716.0,7160.0
2021031505009643,PLI,58,45,10,716.0,7160.0
2021031505009731,PLI,58,38,10,716.0,7160.0
2021031505009728,PLI,58,41,10,716.0,7160.0
2021031505009718,PLI,58,41,10,716.0,7160.0
2021031505009701,PLI,58,53,10,716.0,7160.0
2021031505009700,PLI,28,45,10,717.0,7170.0
2021031505009670,PLI,42,45,10,717.0,7170.0
2021031505009781,PLI,58,58,10,717.0,7170.0
2021031505009780,PLI,58,52,10,717.0,7170.0
2021031505009779,PLI,58,21,10,717.0,7170.0
2021031505009743,PLI,52,10,10,716.0,7160.0
2021031505009738,PLI,52,10,10,716.0,7160.0
2021031505009736,PLI,58,37,10,716.0,7160.0
2021031505009376,CGH,10,10,10,972.0,9720.0
2021031505009316,CGH,10,10,10,972.0,9720.0
2021031505009313,CGH,10,49,10,972.0,9720.0
2021031505009272,CGH,10,55,10,972.0,9720.0
2021031505009194,CGH,10,6,10,972.0,9720.0
2021031505009191,CGH,10,51,10,972.0,9720.0
2021031505009132,CGH,10,35,10,972.0,9720.0
2021031505009061,CGH,10,50,10,972.0,9720.0
2021031505009022,CGH,39,46,5,970.0,4850.0
2021031505008890,CGH,10,17,10,972.0,9720.0
2021031505009383,NIFRA,8,39,50,537.0,26850.0
2021031505009382,NIFRA,49,58,60,536.0,32160.0
2021031505009381,NIFRA,49,22,60,536.0,32160.0
2021031505009380,NIFRA,49,40,60,536.0,32160.0
2021031505009379,NIFRA,49,26,10,536.0,5360.0
2021031505009378,NIFRA,49,55,10,536.0,5360.0
2021031505008886,NIFRA,57,17,50,538.0,26900.0
2021031505008885,NIFRA,57,58,30,538.0,16140.0
2021031505008884,NIFRA,35,35,50,537.0,26850.0
2021031505008896,NIFRA,21,17,30,537.0,16110.0
2021031505008895,NIFRA,21,14,60,537.0,32220.0
2021031505008892,NIFRA,21,39,10,537.0,5370.0
2021031505008891,NIFRA,35,39,50,537.0,26850.0
2021031505008888,NIFRA,35,42,30,537.0,16110.0
2021031505008887,NIFRA,57,42,20,538.0,10760.0
2021031505008906,NIFRA,41,42,20,537.0,10740.0
2021031505008903,NIFRA,41,45,30,537.0,16110.0
2021031505008902,NIFRA,26,45,20,537.0,10740.0
2021031505008901,NIFRA,26,40,60,537.0,32220.0
2021031505008899,NIFRA,26,39,20,537.0,10740.0
2021031505008898,NIFRA,42,39,40,537.0,21480.0
2021031505008913,NIFRA,50,41,50,537.0,26850.0
2021031505008912,NIFRA,50,13,50,537.0,26850.0
2021031505008910,NIFRA,50,40,60,537.0,32220.0
2021031505008909,NIFRA,50,39,60,537.0,32220.0
2021031505008908,NIFRA,51,35,50,538.0,26900.0
2021031505008907,NIFRA,50,42,40,537.0,21480.0
2021031505008920,NIFRA,6,39,40,537.0,21480.0
2021031505008918,NIFRA,6,51,10,537.0,5370.0
2021031505008917,NIFRA,58,51,30,537.0,16110.0
2021031505008916,NIFRA,58,45,60,537.0,32220.0
2021031505008915,NIFRA,58,14,10,537.0,5370.0
2021031505008914,NIFRA,50,14,40,537.0,21480.0
2021031505008928,NIFRA,51,39,60,537.0,32220.0
2021031505008927,NIFRA,51,25,20,537.0,10740.0
2021031505008926,NIFRA,51,16,50,537.0,26850.0
2021031505008923,NIFRA,51,34,49,537.0,26313.0
2021031505008922,NIFRA,51,34,50,537.0,26850.0
2021031505008921,NIFRA,51,39,20,537.0,10740.0
2021031505008936,NIFRA,52,45,50,538.0,26900.0
2021031505008935,NIFRA,52,29,50,538.0,26900.0
2021031505008934,NIFRA,52,45,50,538.0,26900.0
2021031505008933,NIFRA,52,38,60,538.0,32280.0
2021031505008932,NIFRA,52,34,210,538.0,112980.0
2021031505008930,NIFRA,51,40,60,537.0,32220.0
2021031505008942,NIFRA,51,38,50,537.0,26850.0
2021031505008941,NIFRA,52,45,10,539.0,5390.0
2021031505008940,NIFRA,52,45,50,539.0,26950.0
2021031505008939,NIFRA,52,58,30,539.0,16170.0
2021031505008938,NIFRA,52,58,50,539.0,26950.0
2021031505008937,NIFRA,52,45,40,539.0,21560.0
2021031505008949,NIFRA,28,38,50,537.0,26850.0
2021031505008948,NIFRA,28,39,60,537.0,32220.0
2021031505008946,NIFRA,28,14,19,537.0,10203.0
2021031505008945,NIFRA,51,14,31,537.0,16647.0
2021031505008944,NIFRA,51,58,60,537.0,32220.0
2021031505008943,NIFRA,51,41,50,537.0,26850.0
2021031505008956,NIFRA,58,39,60,537.0,32220.0
2021031505008955,NIFRA,58,38,60,537.0,32220.0
2021031505008954,NIFRA,58,14,30,537.0,16110.0
2021031505008952,NIFRA,48,26,40,537.0,21480.0
2021031505008951,NIFRA,28,26,11,537.0,5907.0
2021031505008950,NIFRA,28,40,60,537.0,32220.0
2021031505008964,NIFRA,58,26,50,537.0,26850.0
2021031505008962,NIFRA,58,3,30,537.0,16110.0
2021031505008961,NIFRA,58,42,10,537.0,5370.0
2021031505008960,NIFRA,58,14,50,537.0,26850.0
2021031505008959,NIFRA,58,38,50,537.0,26850.0
2021031505008958,NIFRA,58,57,20,537.0,10740.0
2021031505008973,NIFRA,34,19,50,537.0,26850.0
2021031505008972,NIFRA,34,29,60,537.0,32220.0
2021031505008971,NIFRA,34,39,40,537.0,21480.0
2021031505008970,NIFRA,58,39,20,537.0,10740.0
2021031505008969,NIFRA,58,14,60,537.0,32220.0
2021031505008966,NIFRA,58,39,60,537.0,32220.0
2021031505008982,NIFRA,20,50,40,538.0,21520.0
2021031505008981,NIFRA,49,50,10,538.0,5380.0
2021031505008980,NIFRA,17,57,50,538.0,26900.0
2021031505008976,NIFRA,45,14,10,537.0,5370.0
2021031505008975,NIFRA,20,14,50,537.0,26850.0
2021031505008974,NIFRA,34,29,50,538.0,26900.0
2021031505008989,NIFRA,13,14,60,537.0,32220.0
2021031505008988,NIFRA,13,45,50,537.0,26850.0
2021031505008987,NIFRA,13,4,20,537.0,10740.0
2021031505008986,NIFRA,45,4,40,537.0,21480.0
2021031505008985,NIFRA,45,39,50,537.0,26850.0
2021031505008984,NIFRA,20,39,10,538.0,5380.0
2021031505008995,NIFRA,42,16,10,537.0,5370.0
2021031505008994,NIFRA,42,39,60,537.0,32220.0
2021031505008993,NIFRA,42,55,30,537.0,16110.0
2021031505008992,NIFRA,21,55,20,537.0,10740.0
2021031505008991,NIFRA,21,34,30,537.0,16110.0
2021031505008990,NIFRA,13,34,20,537.0,10740.0
2021031505009001,NIFRA,55,38,60,537.0,32220.0
2021031505009000,NIFRA,55,29,400,537.0,214800.0
2021031505008999,NIFRA,1,29,100,537.0,53700.0
2021031505008998,NIFRA,20,29,500,537.0,268500.0
2021031505008997,NIFRA,1,34,50,537.0,26850.0
2021031505008996,NIFRA,1,16,50,537.0,26850.0
2021031505009008,NIFRA,57,34,40,537.0,21480.0
2021031505009007,NIFRA,57,34,10,537.0,5370.0
2021031505009006,NIFRA,42,55,60,538.0,32280.0
2021031505009005,NIFRA,57,39,60,537.0,32220.0
2021031505009003,NIFRA,57,50,10,537.0,5370.0
2021031505009002,NIFRA,55,50,40,537.0,21480.0
2021031505009014,NIFRA,45,45,60,538.0,32280.0
2021031505009013,NIFRA,57,35,20,537.0,10740.0
2021031505009012,NIFRA,45,35,30,538.0,16140.0
2021031505009011,NIFRA,45,59,10,538.0,5380.0
2021031505009010,NIFRA,45,45,50,538.0,26900.0
2021031505009009,NIFRA,45,35,60,538.0,32280.0
2021031505009023,NIFRA,57,38,50,537.0,26850.0
2021031505009021,NIFRA,57,45,50,537.0,26850.0
2021031505009020,NIFRA,57,38,40,537.0,21480.0
2021031505009018,NIFRA,57,39,60,537.0,32220.0
2021031505009016,NIFRA,45,37,60,538.0,32280.0
2021031505009015,NIFRA,45,3,50,538.0,26900.0
2021031505009030,NIFRA,19,35,60,538.0,32280.0
2021031505009029,NIFRA,19,13,50,538.0,26900.0
2021031505009028,NIFRA,19,34,40,538.0,21520.0
2021031505009027,NIFRA,19,14,50,538.0,26900.0
2021031505009026,NIFRA,57,14,60,537.0,32220.0
2021031505009024,NIFRA,57,39,60,537.0,32220.0
2021031505009037,NIFRA,18,43,50,537.0,26850.0
2021031505009036,NIFRA,18,16,50,537.0,26850.0
2021031505009035,NIFRA,42,16,10,537.0,5370.0
2021031505009034,NIFRA,25,57,40,537.0,21480.0
2021031505009032,NIFRA,25,39,60,537.0,32220.0
2021031505009031,NIFRA,57,58,40,537.0,21480.0
2021031505009044,NIFRA,19,36,20,537.0,10740.0
2021031505009043,NIFRA,45,35,10,538.0,5380.0
2021031505009042,NIFRA,18,13,50,537.0,26850.0
2021031505009041,NIFRA,18,39,60,537.0,32220.0
2021031505009039,NIFRA,18,45,50,537.0,26850.0
2021031505009038,NIFRA,18,34,40,537.0,21480.0
2021031505009050,NIFRA,54,34,20,537.0,10740.0
2021031505009049,NIFRA,42,34,20,537.0,10740.0
2021031505009048,NIFRA,42,14,50,537.0,26850.0
2021031505009047,NIFRA,42,16,30,537.0,16110.0
2021031505009046,NIFRA,19,16,20,537.0,10740.0
2021031505009045,NIFRA,19,39,60,537.0,32220.0
2021031505009062,NIFRA,19,45,50,537.0,26850.0
2021031505009060,NIFRA,19,28,20,537.0,10740.0
2021031505009059,NIFRA,54,28,30,537.0,16110.0
2021031505009053,NIFRA,28,44,20,538.0,10760.0
2021031505009052,NIFRA,28,35,40,538.0,21520.0
2021031505009051,NIFRA,54,45,50,537.0,26850.0
2021031505009068,NIFRA,45,45,40,537.0,21480.0
2021031505009067,NIFRA,54,45,10,537.0,5370.0
2021031505009066,NIFRA,45,44,10,538.0,5380.0
2021031505009065,NIFRA,45,10,50,538.0,26900.0
2021031505009064,NIFRA,54,39,30,537.0,16110.0
2021031505009063,NIFRA,19,39,30,537.0,16110.0
2021031505009075,NIFRA,6,44,30,538.0,16140.0
2021031505009074,NIFRA,57,39,60,537.0,32220.0
2021031505009072,NIFRA,57,28,40,537.0,21480.0
2021031505009071,NIFRA,57,45,40,537.0,21480.0
2021031505009070,NIFRA,45,45,10,537.0,5370.0
2021031505009069,NIFRA,45,34,50,537.0,26850.0
2021031505009081,NIFRA,57,45,50,537.0,26850.0
2021031505009080,NIFRA,57,16,50,537.0,26850.0
2021031505009079,NIFRA,57,6,60,537.0,32220.0
2021031505009078,NIFRA,57,14,50,537.0,26850.0
2021031505009077,NIFRA,57,39,60,537.0,32220.0
2021031505009076,NIFRA,6,16,20,538.0,10760.0
2021031505009087,NIFRA,13,39,50,537.0,26850.0
2021031505009086,NIFRA,13,39,60,537.0,32220.0
2021031505009085,NIFRA,13,39,60,537.0,32220.0
2021031505009084,NIFRA,13,34,20,537.0,10740.0
2021031505009083,NIFRA,57,34,30,537.0,16110.0
2021031505009082,NIFRA,57,45,60,537.0,32220.0
2021031505009093,NIFRA,41,45,20,537.0,10740.0
2021031505009092,NIFRA,51,45,30,537.0,16110.0
2021031505009091,NIFRA,51,39,60,537.0,32220.0
2021031505009090,NIFRA,51,28,10,537.0,5370.0
2021031505009089,NIFRA,42,28,30,537.0,16110.0
2021031505009088,NIFRA,13,28,10,537.0,5370.0
2021031505009099,NIFRA,22,45,60,537.0,32220.0
2021031505009098,NIFRA,22,39,30,537.0,16110.0
2021031505009097,NIFRA,41,39,30,537.0,16110.0
2021031505009096,NIFRA,42,44,40,538.0,21520.0
2021031505009095,NIFRA,42,13,60,538.0,32280.0
2021031505009094,NIFRA,41,45,50,537.0,26850.0
2021031505009105,NIFRA,45,34,30,537.0,16110.0
2021031505009104,NIFRA,45,21,60,537.0,32220.0
2021031505009103,NIFRA,45,13,10,537.0,5370.0
