Transact. No.,Symbol,Buyer,Seller,Quantity,Rate,Amount
2021032505018582,CGH,1,32,10,2079.0,20790.0
2021032505018573,CGH,1,29,10,2079.0,20790.0
2021032505018560,CGH,1,41,10,2079.0,20790.0
2021032505018453,CGH,1,29,10,2079.0,20790.0
2021032505018441,CGH,1,32,10,2079.0,20790.0
2021032505018413,CGH,1,41,10,2079.0,20790.0
2021032505018204,CGH,1,58,10,2079.0,20790.0
2021032505018190,CGH,1,58,10,2079.0,20790.0
2021032505018180,CGH,1,32,10,2079.0,20790.0
2021032505018179,CGH,1,59,10,2079.0,20790.0
2021032505018146,CGH,1,51,10,2079.0,20790.0
2021032505018304,CGH,1,38,10,2079.0,20790.0
2021032505018245,CGH,1,35,10,2079.0,20790.0
2021032505018243,CGH,1,35,10,2079.0,20790.0
2021032505018212,CGH,1,42,10,2079.0,20790.0
2021032505018209,CGH,1,59,10,2079.0,20790.0
2021032505018208,CGH,1,45,10,2079.0,20790.0
2021032505018412,CGH,1,33,10,2079.0,20790.0
2021032505018388,CGH,1,32,10,2079.0,20790.0
2021032505018384,CGH,1,16,10,2079.0,20790.0
2021032505018381,CGH,1,56,10,2079.0,20790.0
2021032505018379,CGH,1,49,10,2079.0,20790.0
2021032505018359,CGH,1,38,10,2079.0,20790.0
2021032505018586,GLH,32,38,50,389.0,19450.0
2021032505018565,GLH,21,45,10,388.0,3880.0
2021032505018563,GLH,21,38,29,388.0,11252.0
2021032505018562,GLH,39,38,71,388.0,27548.0
2021032505018458,GLH,45,38,10,389.0,3890.0
2021032505018450,GLH,39,52,29,388.0,11252.0
2021032505018144,GLH,45,58,10,387.0,3870.0
2021032505018231,GLH,19,57,10,388.0,3880.0
2021032505018230,GLH,19,34,10,388.0,3880.0
2021032505018225,GLH,21,34,10,388.0,3880.0
2021032505018224,GLH,42,32,10,387.0,3870.0
2021032505018220,GLH,45,34,90,387.0,34830.0
2021032505018178,GLH,29,34,150,388.0,58200.0
2021032505018320,GLH,19,21,10,388.0,3880.0
2021032505018287,GLH,19,18,10,388.0,3880.0
2021032505018264,GLH,19,58,10,388.0,3880.0
2021032505018234,GLH,19,6,10,388.0,3880.0
2021032505018233,GLH,19,58,119,388.0,46172.0
2021032505018232,GLH,19,46,10,388.0,3880.0
2021032505018336,GLH,17,42,10,390.0,3900.0
2021032505018335,GLH,17,48,10,390.0,3900.0
2021032505018334,GLH,17,17,10,390.0,3900.0
2021032505018333,GLH,17,49,10,390.0,3900.0
2021032505018332,GLH,17,1,10,389.0,3890.0
2021032505018331,GLH,17,13,10,389.0,3890.0
2021032505018377,GLH,16,45,10,390.0,3900.0
2021032505018367,GLH,19,33,10,388.0,3880.0
2021032505018340,GLH,17,16,10,390.0,3900.0
2021032505018339,GLH,17,58,10,390.0,3900.0
2021032505018338,GLH,17,16,10,390.0,3900.0
2021032505018337,GLH,17,34,10,390.0,3900.0
2021032505018449,GLH,38,52,20,388.0,7760.0
2021032505018448,GLH,19,52,51,388.0,19788.0
2021032505018415,GLH,57,38,20,389.0,7780.0
2021032505018414,GLH,41,38,90,389.0,35010.0
2021032505018400,GLH,41,18,10,389.0,3890.0
2021032505018378,GLH,16,11,90,390.0,35100.0
2021032505018588,NIFRA,41,45,648,608.0,393984.0
2021032505018587,NIFRA,22,8,30,607.0,18210.0
2021032505018585,NIFRA,58,45,25,608.0,15200.0
2021032505018584,NIFRA,51,45,40,608.0,24320.0
2021032505018583,NIFRA,33,45,30,608.0,18240.0
2021032505018581,NIFRA,58,45,10,608.0,6080.0
2021032505018090,NIFRA,19,41,390,608.0,237120.0
2021032505018089,NIFRA,57,41,10,608.0,6080.0
2021032505018096,NIFRA,58,4,200,608.0,121600.0
2021032505018095,NIFRA,51,4,150,608.0,91200.0
2021032505018094,NIFRA,43,4,500,608.0,304000.0
2021032505018093,NIFRA,19,4,110,608.0,66880.0
2021032505018092,NIFRA,34,17,41,609.0,24969.0
2021032505018091,NIFRA,34,17,19,609.0,11571.0
2021032505018102,NIFRA,34,4,330,608.0,200640.0
2021032505018101,NIFRA,34,4,200,608.0,121600.0
2021032505018100,NIFRA,48,4,50,608.0,30400.0
2021032505018099,NIFRA,53,4,200,608.0,121600.0
2021032505018098,NIFRA,26,4,70,608.0,42560.0
2021032505018097,NIFRA,47,4,200,608.0,121600.0
2021032505018108,NIFRA,11,4,50,608.0,30400.0
2021032505018107,NIFRA,43,4,20,608.0,12160.0
2021032505018106,NIFRA,59,4,750,608.0,456000.0
2021032505018105,NIFRA,59,4,200,608.0,121600.0
2021032505018104,NIFRA,26,4,200,608.0,121600.0
2021032505018103,NIFRA,25,4,20,608.0,12160.0
2021032505018114,NIFRA,59,58,50,608.0,30400.0
2021032505018113,NIFRA,6,58,50,609.0,30450.0
2021032505018112,NIFRA,6,17,19,609.0,11571.0
2021032505018111,NIFRA,59,4,450,608.0,273600.0
2021032505018110,NIFRA,38,4,250,608.0,152000.0
2021032505018109,NIFRA,38,4,50,608.0,30400.0
2021032505018120,NIFRA,32,46,10,609.0,6090.0
2021032505018119,NIFRA,32,51,670,609.0,408030.0
2021032505018118,NIFRA,29,51,100,609.0,60900.0
2021032505018117,NIFRA,56,51,30,609.0,18270.0
2021032505018116,NIFRA,3,21,50,608.0,30400.0
2021032505018115,NIFRA,3,58,51,608.0,31008.0
2021032505018126,NIFRA,32,34,50,609.0,30450.0
2021032505018125,NIFRA,32,49,50,609.0,30450.0
2021032505018124,NIFRA,32,35,50,609.0,30450.0
2021032505018123,NIFRA,32,58,50,609.0,30450.0
2021032505018122,NIFRA,32,35,35,609.0,21315.0
2021032505018121,NIFRA,32,57,20,609.0,12180.0
2021032505018132,NIFRA,25,42,60,609.0,36540.0
2021032505018131,NIFRA,3,59,200,608.0,121600.0
2021032505018130,NIFRA,3,26,50,608.0,30400.0
2021032505018129,NIFRA,3,49,50,608.0,30400.0
2021032505018128,NIFRA,32,57,45,609.0,27405.0
2021032505018127,NIFRA,32,58,20,609.0,12180.0
2021032505018138,NIFRA,49,35,25,609.0,15225.0
2021032505018137,NIFRA,49,3,250,609.0,152250.0
2021032505018136,NIFRA,49,57,25,609.0,15225.0
2021032505018135,NIFRA,25,57,365,609.0,222285.0
2021032505018134,NIFRA,25,47,50,609.0,30450.0
2021032505018133,NIFRA,25,35,25,609.0,15225.0
2021032505018145,NIFRA,3,22,10,608.0,6080.0
2021032505018143,NIFRA,34,41,30,610.0,18300.0
2021032505018142,NIFRA,49,49,90,609.0,54810.0
2021032505018141,NIFRA,49,41,50,609.0,30450.0
2021032505018140,NIFRA,49,22,10,609.0,6090.0
2021032505018139,NIFRA,49,57,50,609.0,30450.0
2021032505018152,NIFRA,44,17,300,608.0,182400.0
2021032505018151,NIFRA,36,21,50,608.0,30400.0
2021032505018150,NIFRA,32,42,50,609.0,30450.0
2021032505018149,NIFRA,36,59,31,608.0,18848.0
2021032505018148,NIFRA,3,59,79,608.0,48032.0
2021032505018147,NIFRA,3,20,10,608.0,6080.0
2021032505018158,NIFRA,29,17,100,608.0,60800.0
2021032505018157,NIFRA,22,17,300,608.0,182400.0
2021032505018156,NIFRA,57,17,90,608.0,54720.0
2021032505018155,NIFRA,46,17,15,608.0,9120.0
2021032505018154,NIFRA,35,17,140,608.0,85120.0
2021032505018153,NIFRA,17,17,50,608.0,30400.0
2021032505018164,NIFRA,49,17,50,608.0,30400.0
2021032505018163,NIFRA,42,17,100,608.0,60800.0
2021032505018162,NIFRA,34,17,20,608.0,12160.0
2021032505018161,NIFRA,57,17,10,608.0,6080.0
2021032505018160,NIFRA,5,17,500,608.0,304000.0
2021032505018159,NIFRA,35,17,100,608.0,60800.0
2021032505018170,NIFRA,8,17,500,608.0,304000.0
2021032505018169,NIFRA,52,17,400,608.0,243200.0
2021032505018168,NIFRA,58,17,600,608.0,364800.0
2021032505018167,NIFRA,45,17,50,608.0,30400.0
2021032505018166,NIFRA,26,17,100,608.0,60800.0
2021032505018165,NIFRA,7,17,40,608.0,24320.0
2021032505018176,NIFRA,32,17,"1,000",608.0,608000.0
2021032505018175,NIFRA,38,17,70,608.0,42560.0
2021032505018174,NIFRA,58,17,30,608.0,18240.0
2021032505018173,NIFRA,58,17,100,608.0,60800.0
2021032505018172,NIFRA,47,17,50,608.0,30400.0
2021032505018171,NIFRA,56,17,100,608.0,60800.0
2021032505018185,NIFRA,6,17,770,608.0,468160.0
2021032505018184,NIFRA,41,17,500,608.0,304000.0
2021032505018183,NIFRA,53,17,10,608.0,6080.0
2021032505018182,NIFRA,50,17,500,608.0,304000.0
2021032505018181,NIFRA,41,17,280,608.0,170240.0
2021032505018177,NIFRA,46,17,20,608.0,12160.0
2021032505018192,NIFRA,6,17,40,608.0,24320.0
2021032505018191,NIFRA,35,17,60,608.0,36480.0
2021032505018189,NIFRA,7,17,200,608.0,121600.0
2021032505018188,NIFRA,51,17,15,608.0,9120.0
2021032505018187,NIFRA,34,17,30,608.0,18240.0
2021032505018186,NIFRA,57,17,500,608.0,304000.0
2021032505018198,NIFRA,22,17,100,608.0,60800.0
2021032505018197,NIFRA,1,21,35,607.0,21245.0
2021032505018196,NIFRA,34,21,25,607.0,15175.0
2021032505018195,NIFRA,54,17,30,608.0,18240.0
2021032505018194,NIFRA,56,17,150,608.0,91200.0
2021032505018193,NIFRA,34,26,60,607.0,36420.0
2021032505018205,NIFRA,26,17,600,608.0,364800.0
2021032505018203,NIFRA,52,32,60,607.0,36420.0
2021032505018202,NIFRA,47,17,50,608.0,30400.0
2021032505018201,NIFRA,49,17,10,608.0,6080.0
2021032505018200,NIFRA,17,17,100,608.0,60800.0
2021032505018199,NIFRA,1,41,60,607.0,36420.0
2021032505018214,NIFRA,43,17,100,608.0,60800.0
2021032505018213,NIFRA,45,35,25,607.0,15175.0
2021032505018211,NIFRA,45,21,50,607.0,30350.0
2021032505018210,NIFRA,45,40,50,607.0,30350.0
2021032505018207,NIFRA,45,21,90,607.0,54630.0
2021032505018206,NIFRA,52,21,240,607.0,145680.0
2021032505018221,NIFRA,35,21,50,607.0,30350.0
2021032505018219,NIFRA,35,22,75,607.0,45525.0
2021032505018218,NIFRA,45,22,485,607.0,294395.0
2021032505018217,NIFRA,49,17,300,608.0,182400.0
2021032505018216,NIFRA,8,17,40,608.0,24320.0
2021032505018215,NIFRA,59,17,200,608.0,121600.0
2021032505018229,NIFRA,34,17,60,608.0,36480.0
2021032505018228,NIFRA,35,22,10,607.0,6070.0
2021032505018227,NIFRA,35,17,240,607.0,145680.0
2021032505018226,NIFRA,49,17,200,608.0,121600.0
2021032505018223,NIFRA,35,26,60,607.0,36420.0
2021032505018222,NIFRA,54,17,100,608.0,60800.0
2021032505018240,NIFRA,35,59,10,607.0,6070.0
2021032505018239,NIFRA,35,41,50,607.0,30350.0
2021032505018238,NIFRA,35,46,10,607.0,6070.0
2021032505018237,NIFRA,35,21,250,607.0,151750.0
2021032505018236,NIFRA,54,17,50,608.0,30400.0
2021032505018235,NIFRA,35,21,200,607.0,121400.0
2021032505018248,NIFRA,35,35,80,608.0,48640.0
2021032505018247,NIFRA,35,17,50,608.0,30400.0
2021032505018246,NIFRA,35,17,170,608.0,103360.0
2021032505018244,NIFRA,35,29,50,607.0,30350.0
2021032505018242,NIFRA,35,58,60,607.0,36420.0
2021032505018241,NIFRA,35,8,400,607.0,242800.0
2021032505018254,NIFRA,13,51,300,607.0,182100.0
2021032505018253,NIFRA,37,51,125,607.0,75875.0
2021032505018252,NIFRA,5,51,300,607.0,182100.0
2021032505018251,NIFRA,37,59,60,607.0,36420.0
2021032505018250,NIFRA,37,56,15,607.0,9105.0
2021032505018249,NIFRA,35,56,35,607.0,21245.0
2021032505018260,NIFRA,58,35,80,608.0,48640.0
2021032505018259,NIFRA,25,53,25,607.0,15175.0
2021032505018258,NIFRA,32,53,400,607.0,242800.0
2021032505018257,NIFRA,41,53,50,607.0,30350.0
2021032505018256,NIFRA,33,53,25,607.0,15175.0
2021032505018255,NIFRA,33,51,75,607.0,45525.0
2021032505018267,NIFRA,52,35,70,608.0,42560.0
2021032505018266,NIFRA,28,35,200,608.0,121600.0
2021032505018265,NIFRA,59,45,10,607.0,6070.0
2021032505018263,NIFRA,59,41,50,607.0,30350.0
2021032505018262,NIFRA,59,35,50,608.0,30400.0
2021032505018261,NIFRA,32,35,20,608.0,12160.0
2021032505018273,NIFRA,59,34,40,607.0,24280.0
2021032505018272,NIFRA,33,49,40,608.0,24320.0
2021032505018271,NIFRA,33,56,20,608.0,12160.0
2021032505018270,NIFRA,59,51,10,607.0,6070.0
2021032505018269,NIFRA,52,56,40,608.0,24320.0
2021032505018268,NIFRA,52,58,50,608.0,30400.0
2021032505018279,NIFRA,35,10,200,607.0,121400.0
2021032505018278,NIFRA,59,10,240,607.0,145680.0
2021032505018277,NIFRA,59,34,50,607.0,30350.0
2021032505018276,NIFRA,26,51,90,608.0,54720.0
2021032505018275,NIFRA,26,49,10,608.0,6080.0
2021032505018274,NIFRA,59,47,100,607.0,60700.0
2021032505018285,NIFRA,57,49,10,607.0,6070.0
2021032505018284,NIFRA,16,49,100,607.0,60700.0
2021032505018283,NIFRA,58,49,55,607.0,33385.0
2021032505018282,NIFRA,58,10,15,607.0,9105.0
2021032505018281,NIFRA,38,10,25,607.0,15175.0
2021032505018280,NIFRA,38,10,20,607.0,12140.0
2021032505018292,NIFRA,29,51,200,608.0,121600.0
2021032505018291,NIFRA,55,49,50,607.0,30350.0
2021032505018290,NIFRA,55,41,25,607.0,15175.0
2021032505018289,NIFRA,55,41,10,607.0,6070.0
2021032505018288,NIFRA,55,41,50,607.0,30350.0
2021032505018286,NIFRA,55,49,40,607.0,24280.0
2021032505018298,NIFRA,35,21,50,607.0,30350.0
2021032505018297,NIFRA,55,56,50,607.0,30350.0
2021032505018296,NIFRA,55,6,50,607.0,30350.0
2021032505018295,NIFRA,58,51,40,608.0,24320.0
2021032505018294,NIFRA,55,46,20,607.0,12140.0
2021032505018293,NIFRA,6,51,100,608.0,60800.0
2021032505018305,NIFRA,37,51,280,608.0,170240.0
2021032505018303,NIFRA,35,37,60,607.0,36420.0
2021032505018302,NIFRA,35,45,50,607.0,30350.0
2021032505018301,NIFRA,35,47,50,607.0,30350.0
2021032505018300,NIFRA,44,51,40,608.0,24320.0
2021032505018299,NIFRA,35,32,50,607.0,30350.0
2021032505018311,NIFRA,50,10,425,608.0,258400.0
2021032505018310,NIFRA,50,4,50,608.0,30400.0
2021032505018309,NIFRA,50,57,25,608.0,15200.0
2021032505018308,NIFRA,37,57,175,608.0,106400.0
2021032505018307,NIFRA,37,58,20,608.0,12160.0
2021032505018306,NIFRA,37,35,25,608.0,15200.0
2021032505018317,NIFRA,57,10,225,608.0,136800.0
2021032505018316,NIFRA,35,10,370,608.0,224960.0
2021032505018315,NIFRA,50,38,50,607.0,30350.0
2021032505018314,NIFRA,26,10,100,608.0,60800.0
2021032505018313,NIFRA,22,10,65,608.0,39520.0
2021032505018312,NIFRA,35,34,30,607.0,18210.0
2021032505018324,NIFRA,50,50,10,607.0,6070.0
2021032505018323,NIFRA,50,42,10,607.0,6070.0
2021032505018322,NIFRA,50,28,50,607.0,30350.0
2021032505018321,NIFRA,59,10,500,608.0,304000.0
2021032505018319,NIFRA,50,56,50,607.0,30350.0
2021032505018318,NIFRA,50,3,20,607.0,12140.0
2021032505018330,NIFRA,4,51,45,607.0,27315.0
2021032505018329,NIFRA,50,51,10,607.0,6070.0
2021032505018328,NIFRA,32,10,50,608.0,30400.0
2021032505018327,NIFRA,50,34,50,607.0,30350.0
2021032505018326,NIFRA,51,10,50,608.0,30400.0
2021032505018325,NIFRA,8,10,500,608.0,304000.0
2021032505018346,NIFRA,57,57,60,608.0,36480.0
2021032505018345,NIFRA,57,52,50,608.0,30400.0
2021032505018344,NIFRA,57,58,50,608.0,30400.0
2021032505018343,NIFRA,57,34,25,608.0,15200.0
2021032505018342,NIFRA,57,10,280,608.0,170240.0
2021032505018341,NIFRA,46,10,20,608.0,12160.0
2021032505018352,NIFRA,54,59,50,608.0,30400.0
2021032505018351,NIFRA,54,43,50,608.0,30400.0
2021032505018350,NIFRA,54,6,25,608.0,15200.0
2021032505018349,NIFRA,57,6,25,608.0,15200.0
2021032505018348,NIFRA,57,50,50,608.0,30400.0
2021032505018347,NIFRA,57,6,60,608.0,36480.0
2021032505018358,NIFRA,4,29,50,607.0,30350.0
2021032505018357,NIFRA,54,16,35,608.0,21280.0
2021032505018356,NIFRA,54,42,140,608.0,85120.0
2021032505018355,NIFRA,54,57,100,608.0,60800.0
2021032505018354,NIFRA,54,57,50,608.0,30400.0
2021032505018353,NIFRA,54,35,50,608.0,30400.0
2021032505018365,NIFRA,42,6,100,607.0,60700.0
2021032505018364,NIFRA,47,6,50,607.0,30350.0
2021032505018363,NIFRA,42,6,40,607.0,24280.0
2021032505018362,NIFRA,26,6,50,607.0,30350.0
2021032505018361,NIFRA,51,16,10,608.0,6080.0
2021032505018360,NIFRA,58,16,200,608.0,121600.0
2021032505018372,NIFRA,51,45,50,608.0,30400.0
2021032505018371,NIFRA,51,58,60,608.0,36480.0
2021032505018370,NIFRA,51,16,215,608.0,130720.0
2021032505018369,NIFRA,51,44,500,608.0,304000.0
2021032505018368,NIFRA,45,16,40,608.0,24320.0
2021032505018366,NIFRA,41,6,60,607.0,36420.0
2021032505018382,NIFRA,51,41,50,608.0,30400.0
2021032505018380,NIFRA,51,26,200,608.0,121600.0
2021032505018376,NIFRA,51,43,200,608.0,121600.0
2021032505018375,NIFRA,51,21,60,608.0,36480.0
2021032505018374,NIFRA,51,43,300,608.0,182400.0
2021032505018373,NIFRA,51,21,50,608.0,30400.0
2021032505018390,NIFRA,51,21,15,608.0,9120.0
2021032505018389,NIFRA,51,34,150,608.0,91200.0
2021032505018387,NIFRA,51,29,100,608.0,60800.0
2021032505018386,NIFRA,51,17,250,608.0,152000.0
2021032505018385,NIFRA,51,59,50,608.0,30400.0
2021032505018383,NIFRA,51,34,50,608.0,30400.0
2021032505018396,NIFRA,54,43,73,608.0,44384.0
2021032505018395,NIFRA,45,43,12,608.0,7296.0
2021032505018394,NIFRA,6,43,100,608.0,60800.0
2021032505018393,NIFRA,43,43,15,608.0,9120.0
2021032505018392,NIFRA,43,57,100,608.0,60800.0
2021032505018391,NIFRA,43,21,45,608.0,27360.0
2021032505018403,NIFRA,59,14,160,609.0,97440.0
2021032505018402,NIFRA,59,29,450,609.0,274050.0
2021032505018401,NIFRA,58,42,10,609.0,6090.0
2021032505018399,NIFRA,54,48,100,608.0,60800.0
2021032505018398,NIFRA,17,22,50,609.0,30450.0
2021032505018397,NIFRA,54,46,150,608.0,91200.0
2021032505018409,NIFRA,54,34,627,608.0,381216.0
2021032505018408,NIFRA,54,16,50,608.0,30400.0
2021032505018407,NIFRA,59,35,110,609.0,66990.0
2021032505018406,NIFRA,59,26,200,609.0,121800.0
2021032505018405,NIFRA,59,58,50,609.0,30450.0
2021032505018404,NIFRA,59,42,30,609.0,18270.0
2021032505018419,NIFRA,38,41,30,608.0,18240.0
2021032505018418,NIFRA,17,35,40,609.0,24360.0
2021032505018417,NIFRA,38,34,68,608.0,41344.0
2021032505018416,NIFRA,22,34,72,608.0,43776.0
2021032505018411,NIFRA,56,35,200,609.0,121800.0
2021032505018410,NIFRA,22,34,28,608.0,17024.0
2021032505018425,NIFRA,14,45,30,608.0,18240.0
2021032505018424,NIFRA,14,50,260,608.0,158080.0
2021032505018423,NIFRA,58,50,200,608.0,121600.0
2021032505018422,NIFRA,38,50,40,608.0,24320.0
2021032505018421,NIFRA,35,35,50,609.0,30450.0
2021032505018420,NIFRA,38,32,60,608.0,36480.0
2021032505018431,NIFRA,45,35,100,609.0,60900.0
2021032505018430,NIFRA,29,35,700,609.0,426300.0
2021032505018429,NIFRA,56,35,200,609.0,121800.0
2021032505018428,NIFRA,22,35,150,609.0,91350.0
2021032505018427,NIFRA,14,38,50,608.0,30400.0
2021032505018426,NIFRA,14,45,50,608.0,30400.0
2021032505018437,NIFRA,57,35,700,609.0,426300.0
2021032505018436,NIFRA,58,35,10,609.0,6090.0
2021032505018435,NIFRA,14,56,60,608.0,36480.0
2021032505018434,NIFRA,53,35,200,609.0,121800.0
2021032505018433,NIFRA,34,35,30,609.0,18270.0
2021032505018432,NIFRA,19,35,60,609.0,36540.0
2021032505018444,NIFRA,19,40,60,608.0,36480.0
2021032505018443,NIFRA,33,35,50,609.0,30450.0
2021032505018442,NIFRA,38,35,500,609.0,304500.0
2021032505018440,NIFRA,49,35,150,609.0,91350.0
2021032505018439,NIFRA,14,58,50,608.0,30400.0
2021032505018438,NIFRA,4,35,50,609.0,30450.0
2021032505018454,NIFRA,19,38,50,608.0,30400.0
2021032505018452,NIFRA,7,35,36,609.0,21924.0
2021032505018451,NIFRA,40,35,100,609.0,60900.0
2021032505018447,NIFRA,19,3,197,608.0,119776.0
2021032505018446,NIFRA,56,35,100,609.0,60900.0
2021032505018445,NIFRA,19,42,40,608.0,24320.0
2021032505018461,NIFRA,10,35,40,609.0,24360.0
2021032505018460,NIFRA,26,35,780,609.0,475020.0
2021032505018459,NIFRA,19,41,200,608.0,121600.0
2021032505018457,NIFRA,59,35,300,609.0,182700.0
2021032505018456,NIFRA,34,35,500,609.0,304500.0
2021032505018455,NIFRA,19,22,60,608.0,36480.0
2021032505018467,NIFRA,40,45,100,608.0,60800.0
2021032505018466,NIFRA,34,45,100,608.0,60800.0
2021032505018465,NIFRA,54,45,20,608.0,12160.0
2021032505018464,NIFRA,45,45,450,608.0,273600.0
2021032505018463,NIFRA,54,45,"1,100",608.0,668800.0
2021032505018462,NIFRA,19,45,"1,393",608.0,846944.0
2021032505018473,NIFRA,34,45,200,608.0,121600.0
2021032505018472,NIFRA,38,45,500,608.0,304000.0
2021032505018471,NIFRA,21,45,50,608.0,30400.0
2021032505018470,NIFRA,32,45,"1,000",608.0,608000.0
2021032505018469,NIFRA,32,45,50,608.0,30400.0
2021032505018468,NIFRA,47,45,150,608.0,91200.0
2021032505018479,NIFRA,38,45,10,608.0,6080.0
2021032505018478,NIFRA,41,45,"1,000",608.0,608000.0
2021032505018477,NIFRA,53,45,150,608.0,91200.0
2021032505018476,NIFRA,49,45,"1,000",608.0,608000.0
2021032505018475,NIFRA,21,45,200,608.0,121600.0
2021032505018474,NIFRA,6,45,100,608.0,60800.0
2021032505018485,NIFRA,51,45,50,608.0,30400.0
2021032505018484,NIFRA,33,45,100,608.0,60800.0
2021032505018483,NIFRA,51,45,50,608.0,30400.0
2021032505018482,NIFRA,50,45,500,608.0,304000.0
2021032505018481,NIFRA,38,45,60,608.0,36480.0
2021032505018480,NIFRA,42,45,200,608.0,121600.0
2021032505018491,NIFRA,59,45,300,608.0,182400.0
2021032505018490,NIFRA,51,45,500,608.0,304000.0
2021032505018489,NIFRA,37,45,50,608.0,30400.0
2021032505018488,NIFRA,10,45,500,608.0,304000.0
2021032505018487,NIFRA,47,45,150,608.0,91200.0
2021032505018486,NIFRA,25,45,30,608.0,18240.0
2021032505018497,NIFRA,41,45,200,607.0,121400.0
2021032505018496,NIFRA,41,45,38,607.0,23066.0
2021032505018495,NIFRA,42,45,"1,000",607.0,607000.0
2021032505018494,NIFRA,52,45,100,608.0,60800.0
2021032505018493,NIFRA,5,45,100,608.0,60800.0
2021032505018492,NIFRA,32,45,"1,000",608.0,608000.0
2021032505018503,NIFRA,45,45,50,607.0,30350.0
2021032505018502,NIFRA,22,45,150,607.0,91050.0
2021032505018501,NIFRA,58,45,100,607.0,60700.0
2021032505018500,NIFRA,35,45,100,607.0,60700.0
2021032505018499,NIFRA,52,45,500,607.0,303500.0
2021032505018498,NIFRA,18,45,50,607.0,30350.0
2021032505018509,NIFRA,40,45,120,607.0,72840.0
2021032505018508,NIFRA,35,45,100,607.0,60700.0
2021032505018507,NIFRA,44,45,200,607.0,121400.0
2021032505018506,NIFRA,34,45,200,607.0,121400.0
2021032505018505,NIFRA,22,45,100,607.0,60700.0
2021032505018504,NIFRA,25,45,50,607.0,30350.0
2021032505018515,NIFRA,41,45,25,607.0,15175.0
2021032505018514,NIFRA,42,45,50,607.0,30350.0
2021032505018513,NIFRA,32,45,"1,000",607.0,607000.0
2021032505018512,NIFRA,29,45,50,607.0,30350.0
2021032505018511,NIFRA,22,45,20,607.0,12140.0
2021032505018510,NIFRA,53,45,100,607.0,60700.0
2021032505018521,NIFRA,46,45,135,607.0,81945.0
2021032505018520,NIFRA,40,45,100,607.0,60700.0
2021032505018519,NIFRA,21,45,50,607.0,30350.0
2021032505018518,NIFRA,52,45,50,607.0,30350.0
2021032505018517,NIFRA,45,45,80,607.0,48560.0
2021032505018516,NIFRA,20,45,700,607.0,424900.0
2021032505018527,NIFRA,42,45,50,607.0,30350.0
2021032505018526,NIFRA,28,45,100,607.0,60700.0
2021032505018525,NIFRA,38,45,500,607.0,303500.0
2021032505018524,NIFRA,42,45,20,607.0,12140.0
2021032505018523,NIFRA,42,45,100,607.0,60700.0
2021032505018522,NIFRA,47,45,10,607.0,6070.0
2021032505018533,NIFRA,46,45,10,607.0,6070.0
2021032505018532,NIFRA,58,45,25,607.0,15175.0
2021032505018531,NIFRA,44,45,50,607.0,30350.0
2021032505018530,NIFRA,58,45,500,607.0,303500.0
2021032505018529,NIFRA,45,45,"1,000",607.0,607000.0
2021032505018528,NIFRA,6,45,700,607.0,424900.0
2021032505018539,NIFRA,38,34,50,609.0,30450.0
2021032505018538,NIFRA,38,35,40,609.0,24360.0
2021032505018537,NIFRA,20,45,74,607.0,44918.0
2021032505018536,NIFRA,44,45,100,607.0,60700.0
2021032505018535,NIFRA,41,45,80,607.0,48560.0
2021032505018534,NIFRA,49,45,100,607.0,60700.0
2021032505018545,NIFRA,38,29,130,609.0,79170.0
2021032505018544,NIFRA,38,45,50,609.0,30450.0
2021032505018543,NIFRA,38,14,50,609.0,30450.0
2021032505018542,NIFRA,38,21,100,609.0,60900.0
2021032505018541,NIFRA,38,16,50,609.0,30450.0
2021032505018540,NIFRA,38,52,30,609.0,18270.0
2021032505018551,NIFRA,25,7,100,609.0,60900.0
2021032505018550,NIFRA,25,4,10,609.0,6090.0
2021032505018549,NIFRA,25,35,50,609.0,30450.0
2021032505018548,NIFRA,25,29,360,609.0,219240.0
2021032505018547,NIFRA,35,49,50,608.0,30400.0
2021032505018546,NIFRA,38,29,10,609.0,6090.0
2021032505018557,NIFRA,25,48,162,609.0,98658.0
2021032505018556,NIFRA,25,32,60,609.0,36540.0
2021032505018555,NIFRA,25,45,50,609.0,30450.0
2021032505018554,NIFRA,25,41,490,609.0,298410.0
2021032505018553,NIFRA,25,57,10,609.0,6090.0
2021032505018552,NIFRA,25,49,208,609.0,126672.0
2021032505018567,NIFRA,35,45,12,608.0,7296.0
2021032505018566,NIFRA,32,29,100,609.0,60900.0
2021032505018564,NIFRA,57,29,300,609.0,182700.0
2021032505018561,NIFRA,35,8,50,608.0,30400.0
2021032505018559,NIFRA,35,21,50,608.0,30400.0
2021032505018558,NIFRA,35,48,338,608.0,205504.0
2021032505018574,NIFRA,25,45,500,608.0,304000.0
2021032505018572,NIFRA,32,45,55,608.0,33440.0
2021032505018571,NIFRA,25,45,40,608.0,24320.0
2021032505018570,NIFRA,59,45,10,608.0,6080.0
2021032505018569,NIFRA,57,45,100,608.0,60800.0
2021032505018568,NIFRA,38,45,30,608.0,18240.0
2021032505018580,NIFRA,22,58,24,607.0,14568.0
2021032505018579,NIFRA,20,58,26,607.0,15782.0
2021032505018578,NIFRA,33,45,100,608.0,60800.0
2021032505018577,NIFRA,47,45,200,608.0,121600.0
2021032505018576,NIFRA,53,45,150,608.0,91200.0
2021032505018575,NIFRA,29,45,50,608.0,30400.0
2021032505018069,CGH,1,41,10,2079.0,20790.0
2021032505018040,CGH,1,39,10,2079.0,20790.0
2021032505018039,CGH,1,32,10,2079.0,20790.0
2021032505018038,CGH,1,58,10,2079.0,20790.0
2021032505017970,CGH,1,32,10,2079.0,20790.0
2021032505017949,CGH,1,32,10,2079.0,20790.0
2021032505017684,CGH,1,47,10,2079.0,20790.0
2021032505017660,CGH,1,34,10,2079.0,20790.0
2021032505017624,CGH,1,17,10,2079.0,20790.0
2021032505017622,CGH,1,34,10,2079.0,20790.0
2021032505017614,CGH,1,11,10,2079.0,20790.0
2021032505017604,CGH,1,38,10,2079.0,20790.0
2021032505017801,CGH,1,32,10,2079.0,20790.0
2021032505017759,CGH,1,7,10,2079.0,20790.0
2021032505017758,CGH,1,26,10,2079.0,20790.0
2021032505017749,CGH,1,50,10,2079.0,20790.0
2021032505017731,CGH,1,52,10,2079.0,20790.0
2021032505017714,CGH,1,51,10,2079.0,20790.0
2021032505017948,CGH,1,45,10,2079.0,20790.0
2021032505017924,CGH,1,38,10,2079.0,20790.0
2021032505017886,CGH,1,26,10,2079.0,20790.0
2021032505017849,CGH,1,45,10,2079.0,20790.0
2021032505017828,CGH,1,42,10,2079.0,20790.0
2021032505017813,CGH,1,25,10,2079.0,20790.0
2021032505018080,GLH,45,38,10,387.0,3870.0
2021032505018062,GLH,45,58,10,387.0,3870.0
2021032505018026,GLH,45,21,10,387.0,3870.0
2021032505018002,GLH,45,58,10,387.0,3870.0
2021032505017947,GLH,45,38,10,387.0,3870.0
2021032505017945,GLH,45,40,10,387.0,3870.0
2021032505017627,GLH,58,55,10,386.0,3860.0
2021032505017626,GLH,16,51,32,385.0,12320.0
2021032505017625,GLH,36,51,68,385.0,26180.0
2021032505017600,GLH,36,49,10,385.0,3850.0
2021032505017679,GLH,58,32,10,386.0,3860.0
2021032505017674,GLH,58,21,10,386.0,3860.0
2021032505017656,GLH,58,34,40,386.0,15440.0
2021032505017643,GLH,58,47,10,386.0,3860.0
2021032505017636,GLH,58,45,10,386.0,3860.0
2021032505017628,GLH,58,58,10,386.0,3860.0
2021032505017752,GLH,42,26,60,387.0,23220.0
2021032505017746,GLH,58,57,10,386.0,3860.0
2021032505017727,GLH,58,28,10,386.0,3860.0
2021032505017712,GLH,42,41,50,387.0,19350.0
2021032505017711,GLH,58,28,10,386.0,3860.0
2021032505017682,GLH,58,37,10,386.0,3860.0
2021032505017794,GLH,42,45,10,387.0,3870.0
2021032505017784,GLH,58,21,10,387.0,3870.0
2021032505017780,GLH,58,18,10,387.0,3870.0
2021032505017772,GLH,58,58,10,387.0,3870.0
2021032505017770,GLH,58,42,10,387.0,3870.0
2021032505017769,GLH,58,11,10,387.0,3870.0
2021032505017906,GLH,45,32,10,387.0,3870.0
2021032505017872,GLH,45,58,10,387.0,3870.0
2021032505017836,GLH,45,58,10,387.0,3870.0
2021032505017822,GLH,45,18,10,387.0,3870.0
2021032505017815,GLH,45,52,10,387.0,3870.0
2021032505017800,GLH,42,18,10,387.0,3870.0
2021032505017913,GLH,45,38,10,387.0,3870.0
2021032505017911,GLH,41,34,10,388.0,3880.0
2021032505017910,GLH,41,58,10,388.0,3880.0
2021032505017909,GLH,41,38,10,388.0,3880.0
2021032505017908,GLH,41,42,10,388.0,3880.0
2021032505017907,GLH,41,21,10,388.0,3880.0
2021032505017922,GLH,42,58,26,387.0,10062.0
2021032505017921,GLH,49,58,70,387.0,27090.0
2021032505017920,GLH,58,58,20,387.0,7740.0
2021032505017919,GLH,42,58,60,387.0,23220.0
2021032505017918,GLH,45,58,10,387.0,3870.0
2021032505017917,GLH,45,38,10,387.0,3870.0
2021032505017944,GLH,45,21,10,387.0,3870.0
2021032505017943,GLH,45,32,10,387.0,3870.0
2021032505017942,GLH,45,58,14,387.0,5418.0
2021032505017938,GLH,58,29,10,386.0,3860.0
2021032505017929,GLH,33,34,20,388.0,7760.0
2021032505017928,GLH,58,17,10,386.0,3860.0
2021032505018088,NIFRA,13,41,100,608.0,60800.0
2021032505018087,NIFRA,43,41,500,608.0,304000.0
2021032505018086,NIFRA,55,41,500,608.0,304000.0
2021032505018085,NIFRA,25,17,500,609.0,304500.0
2021032505018084,NIFRA,58,17,500,609.0,304500.0
2021032505018083,NIFRA,38,6,5,608.0,3040.0
2021032505017592,NIFRA,38,17,150,608.0,91200.0
2021032505017591,NIFRA,33,17,30,608.0,18240.0
2021032505017590,NIFRA,39,17,30,608.0,18240.0
2021032505017589,NIFRA,39,32,20,608.0,12160.0
2021032505017598,NIFRA,22,21,20,610.0,12200.0
2021032505017597,NIFRA,22,58,20,609.0,12180.0
2021032505017596,NIFRA,22,50,200,609.0,121800.0
2021032505017595,NIFRA,22,48,260,609.0,158340.0
2021032505017594,NIFRA,13,26,50,608.0,30400.0
2021032505017593,NIFRA,13,17,790,608.0,480320.0
2021032505017606,NIFRA,42,38,50,609.0,30450.0
2021032505017605,NIFRA,42,46,50,609.0,30450.0
2021032505017603,NIFRA,14,4,40,610.0,24400.0
2021032505017602,NIFRA,14,25,40,610.0,24400.0
2021032505017601,NIFRA,14,21,20,610.0,12200.0
2021032505017599,NIFRA,42,21,50,609.0,30450.0
2021032505017612,NIFRA,42,58,50,609.0,30450.0
2021032505017611,NIFRA,42,29,10,609.0,6090.0
2021032505017610,NIFRA,42,45,100,609.0,60900.0
2021032505017609,NIFRA,42,26,50,609.0,30450.0
2021032505017608,NIFRA,42,58,50,609.0,30450.0
2021032505017607,NIFRA,42,42,50,609.0,30450.0
2021032505017619,NIFRA,58,25,60,610.0,36600.0
2021032505017618,NIFRA,58,4,10,610.0,6100.0
2021032505017617,NIFRA,42,58,25,609.0,15225.0
2021032505017616,NIFRA,42,47,60,609.0,36540.0
2021032505017615,NIFRA,42,5,50,609.0,30450.0
2021032505017613,NIFRA,42,58,25,609.0,15225.0
2021032505017631,NIFRA,42,34,50,609.0,30450.0
2021032505017630,NIFRA,42,51,60,609.0,36540.0
2021032505017629,NIFRA,42,55,50,609.0,30450.0
2021032505017623,NIFRA,42,44,50,609.0,30450.0
2021032505017621,NIFRA,42,52,30,609.0,18270.0
2021032505017620,NIFRA,58,38,10,610.0,6100.0
2021032505017638,NIFRA,42,36,50,609.0,30450.0
2021032505017637,NIFRA,36,38,200,610.0,122000.0
2021032505017635,NIFRA,11,58,5,613.0,3065.0
2021032505017634,NIFRA,39,38,60,610.0,36600.0
2021032505017633,NIFRA,42,47,50,609.0,30450.0
2021032505017632,NIFRA,42,21,50,609.0,30450.0
2021032505017645,NIFRA,42,21,200,609.0,121800.0
2021032505017644,NIFRA,42,16,50,609.0,30450.0
2021032505017642,NIFRA,42,38,50,609.0,30450.0
2021032505017641,NIFRA,42,51,60,609.0,36540.0
2021032505017640,NIFRA,42,25,50,609.0,30450.0
2021032505017639,NIFRA,42,26,60,609.0,36540.0
2021032505017651,NIFRA,42,28,500,609.0,304500.0
2021032505017650,NIFRA,42,52,"1,000",609.0,609000.0
2021032505017649,NIFRA,34,38,30,610.0,18300.0
2021032505017648,NIFRA,42,48,300,609.0,182700.0
2021032505017647,NIFRA,42,20,100,609.0,60900.0
2021032505017646,NIFRA,42,58,20,609.0,12180.0
2021032505017658,NIFRA,44,42,40,610.0,24400.0
2021032505017657,NIFRA,42,58,60,609.0,36540.0
2021032505017655,NIFRA,42,17,50,609.0,30450.0
2021032505017654,NIFRA,42,39,60,609.0,36540.0
2021032505017653,NIFRA,16,38,200,610.0,122000.0
2021032505017652,NIFRA,42,4,60,609.0,36540.0
2021032505017665,NIFRA,45,58,30,610.0,18300.0
2021032505017664,NIFRA,42,49,60,609.0,36540.0
2021032505017663,NIFRA,14,58,100,610.0,61000.0
2021032505017662,NIFRA,42,43,50,609.0,30450.0
2021032505017661,NIFRA,42,45,20,609.0,12180.0
2021032505017659,NIFRA,44,58,10,610.0,6100.0
2021032505017671,NIFRA,45,21,50,610.0,30500.0
2021032505017670,NIFRA,45,22,60,610.0,36600.0
2021032505017669,NIFRA,45,8,50,610.0,30500.0
2021032505017668,NIFRA,45,48,50,610.0,30500.0
2021032505017667,NIFRA,45,32,50,610.0,30500.0
2021032505017666,NIFRA,45,45,100,610.0,61000.0
2021032505017678,NIFRA,42,50,100,609.0,60900.0
2021032505017677,NIFRA,42,39,60,609.0,36540.0
2021032505017676,NIFRA,42,38,50,609.0,30450.0
2021032505017675,NIFRA,42,32,60,609.0,36540.0
2021032505017673,NIFRA,45,25,50,610.0,30500.0
2021032505017672,NIFRA,45,45,60,610.0,36600.0
2021032505017687,NIFRA,59,50,200,610.0,122000.0
2021032505017686,NIFRA,59,49,60,610.0,36600.0
2021032505017685,NIFRA,59,25,10,610.0,6100.0
2021032505017683,NIFRA,42,21,50,609.0,30450.0
2021032505017681,NIFRA,42,59,50,609.0,30450.0
2021032505017680,NIFRA,42,49,50,609.0,30450.0
2021032505017693,NIFRA,59,21,30,610.0,18300.0
2021032505017692,NIFRA,59,53,325,610.0,198250.0
2021032505017691,NIFRA,59,16,200,610.0,122000.0
2021032505017690,NIFRA,59,21,100,610.0,61000.0
2021032505017689,NIFRA,59,42,100,610.0,61000.0
2021032505017688,NIFRA,59,41,20,610.0,12200.0
2021032505017699,NIFRA,59,45,50,610.0,30500.0
2021032505017698,NIFRA,59,58,10,610.0,6100.0
2021032505017697,NIFRA,59,7,50,610.0,30500.0
2021032505017696,NIFRA,59,58,60,610.0,36600.0
2021032505017695,NIFRA,59,58,60,610.0,36600.0
2021032505017694,NIFRA,59,50,50,610.0,30500.0
2021032505017705,NIFRA,59,14,60,610.0,36600.0
2021032505017704,NIFRA,59,21,50,610.0,30500.0
2021032505017703,NIFRA,59,45,50,610.0,30500.0
2021032505017702,NIFRA,59,54,100,610.0,61000.0
2021032505017701,NIFRA,59,22,40,610.0,24400.0
2021032505017700,NIFRA,59,47,500,610.0,305000.0
2021032505017713,NIFRA,42,39,50,609.0,30450.0
2021032505017710,NIFRA,42,29,60,609.0,36540.0
2021032505017709,NIFRA,42,29,50,609.0,30450.0
2021032505017708,NIFRA,42,53,50,609.0,30450.0
2021032505017707,NIFRA,51,44,10,610.0,6100.0
2021032505017706,NIFRA,42,38,60,609.0,36540.0
2021032505017720,NIFRA,10,45,60,610.0,36600.0
2021032505017719,NIFRA,22,25,100,610.0,61000.0
2021032505017718,NIFRA,42,38,60,609.0,36540.0
2021032505017717,NIFRA,37,8,50,610.0,30500.0
2021032505017716,NIFRA,37,44,40,610.0,24400.0
2021032505017715,NIFRA,42,51,50,609.0,30450.0
2021032505017726,NIFRA,10,38,50,610.0,30500.0
2021032505017725,NIFRA,10,58,50,610.0,30500.0
2021032505017724,NIFRA,10,43,50,610.0,30500.0
2021032505017723,NIFRA,10,58,50,610.0,30500.0
2021032505017722,NIFRA,10,21,160,610.0,97600.0
2021032505017721,NIFRA,10,35,60,610.0,36600.0
2021032505017734,NIFRA,10,58,50,610.0,30500.0
2021032505017733,NIFRA,10,17,50,610.0,30500.0
2021032505017732,NIFRA,10,47,30,610.0,18300.0
2021032505017730,NIFRA,10,53,50,610.0,30500.0
2021032505017729,NIFRA,10,58,10,610.0,6100.0
2021032505017728,NIFRA,10,21,60,610.0,36600.0
2021032505017740,NIFRA,19,41,140,610.0,85400.0
2021032505017739,NIFRA,26,41,50,610.0,30500.0
2021032505017738,NIFRA,10,41,70,610.0,42700.0
2021032505017737,NIFRA,10,3,50,610.0,30500.0
2021032505017736,NIFRA,10,16,50,610.0,30500.0
2021032505017735,NIFRA,10,53,100,610.0,61000.0
2021032505017747,NIFRA,26,44,10,610.0,6100.0
2021032505017745,NIFRA,26,39,50,610.0,30500.0
2021032505017744,NIFRA,26,44,20,610.0,12200.0
2021032505017743,NIFRA,26,49,120,610.0,73200.0
2021032505017742,NIFRA,26,38,60,610.0,36600.0
2021032505017741,NIFRA,26,41,240,610.0,146400.0
2021032505017755,NIFRA,42,38,10,609.0,6090.0
2021032505017754,NIFRA,42,38,50,609.0,30450.0
2021032505017753,NIFRA,10,10,150,610.0,91500.0
2021032505017751,NIFRA,17,10,20,610.0,12200.0
2021032505017750,NIFRA,42,21,30,609.0,18270.0
2021032505017748,NIFRA,42,44,490,609.0,298410.0
2021032505017763,NIFRA,42,10,15,610.0,9150.0
2021032505017762,NIFRA,42,54,20,609.0,12180.0
2021032505017761,NIFRA,42,57,50,609.0,30450.0
2021032505017760,NIFRA,58,10,30,610.0,18300.0
2021032505017757,NIFRA,42,10,40,610.0,24400.0
2021032505017756,NIFRA,42,10,250,610.0,152500.0
2021032505017771,NIFRA,34,10,500,610.0,305000.0
2021032505017768,NIFRA,42,38,50,609.0,30450.0
2021032505017767,NIFRA,42,44,50,609.0,30450.0
2021032505017766,NIFRA,42,57,10,609.0,6090.0
2021032505017765,NIFRA,42,17,75,609.0,45675.0
2021032505017764,NIFRA,33,10,100,610.0,61000.0
2021032505017778,NIFRA,57,10,100,610.0,61000.0
2021032505017777,NIFRA,54,10,81,610.0,49410.0
2021032505017776,NIFRA,58,10,100,610.0,61000.0
2021032505017775,NIFRA,42,45,50,609.0,30450.0
2021032505017774,NIFRA,42,51,60,609.0,36540.0
2021032505017773,NIFRA,42,5,200,609.0,121800.0
2021032505017786,NIFRA,42,26,50,609.0,30450.0
2021032505017785,NIFRA,42,34,60,609.0,36540.0
2021032505017783,NIFRA,42,32,50,609.0,30450.0
2021032505017782,NIFRA,42,38,50,609.0,30450.0
2021032505017781,NIFRA,42,58,25,609.0,15225.0
2021032505017779,NIFRA,42,38,50,609.0,30450.0
2021032505017792,NIFRA,42,38,60,609.0,36540.0
2021032505017791,NIFRA,42,58,50,609.0,30450.0
2021032505017790,NIFRA,42,4,250,609.0,152250.0
2021032505017789,NIFRA,42,8,50,609.0,30450.0
2021032505017788,NIFRA,42,45,20,609.0,12180.0
2021032505017787,NIFRA,42,33,200,609.0,121800.0
2021032505017799,NIFRA,42,25,50,609.0,30450.0
2021032505017798,NIFRA,42,8,50,609.0,30450.0
2021032505017797,NIFRA,42,49,60,609.0,36540.0
2021032505017796,NIFRA,42,49,50,609.0,30450.0
2021032505017795,NIFRA,42,59,100,609.0,60900.0
2021032505017793,NIFRA,42,57,50,609.0,30450.0
2021032505017807,NIFRA,42,10,500,610.0,305000.0
2021032505017806,NIFRA,42,51,50,609.0,30450.0
2021032505017805,NIFRA,49,10,156,610.0,95160.0
2021032505017804,NIFRA,42,32,60,609.0,36540.0
2021032505017803,NIFRA,42,53,195,609.0,118755.0
2021032505017802,NIFRA,43,10,50,610.0,30500.0
2021032505017814,NIFRA,42,8,50,609.0,30450.0
2021032505017812,NIFRA,36,10,200,610.0,122000.0
2021032505017811,NIFRA,42,45,50,609.0,30450.0
2021032505017810,NIFRA,42,14,100,609.0,60900.0
2021032505017809,NIFRA,42,54,300,609.0,182700.0
2021032505017808,NIFRA,42,10,50,609.0,30450.0
2021032505017821,NIFRA,42,10,50,609.0,30450.0
2021032505017820,NIFRA,42,26,100,609.0,60900.0
2021032505017819,NIFRA,42,25,100,609.0,60900.0
2021032505017818,NIFRA,39,10,200,610.0,122000.0
2021032505017817,NIFRA,42,8,50,609.0,30450.0
2021032505017816,NIFRA,54,10,25,610.0,15250.0
2021032505017829,NIFRA,32,10,800,610.0,488000.0
2021032505017827,NIFRA,47,10,50,610.0,30500.0
2021032505017826,NIFRA,42,17,50,609.0,30450.0
2021032505017825,NIFRA,42,7,60,609.0,36540.0
2021032505017824,NIFRA,11,10,500,610.0,305000.0
2021032505017823,NIFRA,42,38,60,609.0,36540.0
2021032505017835,NIFRA,42,8,60,609.0,36540.0
2021032505017834,NIFRA,17,10,50,610.0,30500.0
2021032505017833,NIFRA,42,38,50,609.0,30450.0
2021032505017832,NIFRA,45,10,200,610.0,122000.0
2021032505017831,NIFRA,8,10,30,610.0,18300.0
2021032505017830,NIFRA,42,10,50,609.0,30450.0
2021032505017842,NIFRA,34,49,35,609.0,21315.0
2021032505017841,NIFRA,54,49,15,609.0,9135.0
2021032505017840,NIFRA,54,45,85,609.0,51765.0
2021032505017839,NIFRA,51,45,10,609.0,6090.0
2021032505017838,NIFRA,42,45,12,609.0,7308.0
2021032505017837,NIFRA,42,25,50,609.0,30450.0
2021032505017848,NIFRA,29,10,50,609.0,30450.0
2021032505017847,NIFRA,29,58,50,609.0,30450.0
2021032505017846,NIFRA,29,35,30,609.0,18270.0
2021032505017845,NIFRA,29,42,10,609.0,6090.0
2021032505017844,NIFRA,34,38,55,609.0,33495.0
2021032505017843,NIFRA,34,57,10,609.0,6090.0
2021032505017855,NIFRA,48,49,200,609.0,121800.0
2021032505017854,NIFRA,29,49,110,609.0,66990.0
2021032505017853,NIFRA,39,10,200,610.0,122000.0
2021032505017852,NIFRA,32,10,150,610.0,91500.0
2021032505017851,NIFRA,33,10,50,610.0,30500.0
2021032505017850,NIFRA,19,10,80,610.0,48800.0
2021032505017861,NIFRA,19,49,150,609.0,91350.0
2021032505017860,NIFRA,21,49,40,609.0,24360.0
2021032505017859,NIFRA,57,49,50,609.0,30450.0
2021032505017858,NIFRA,34,49,279,609.0,169911.0
2021032505017857,NIFRA,34,49,200,609.0,121800.0
2021032505017856,NIFRA,43,49,50,609.0,30450.0
2021032505017867,NIFRA,42,57,460,609.0,280140.0
2021032505017866,NIFRA,42,32,40,609.0,24360.0
2021032505017865,NIFRA,41,32,20,609.0,12180.0
2021032505017864,NIFRA,50,49,96,609.0,58464.0
2021032505017863,NIFRA,45,49,15,609.0,9135.0
2021032505017862,NIFRA,42,49,10,609.0,6090.0
2021032505017874,NIFRA,57,45,50,609.0,30450.0
2021032505017873,NIFRA,25,10,100,610.0,61000.0
2021032505017871,NIFRA,32,29,50,609.0,30450.0
2021032505017870,NIFRA,32,57,450,609.0,274050.0
2021032505017869,NIFRA,58,57,100,609.0,60900.0
2021032505017868,NIFRA,33,57,50,609.0,30450.0
2021032505017880,NIFRA,28,8,50,609.0,30450.0
2021032505017879,NIFRA,19,10,"1,000",610.0,610000.0
2021032505017878,NIFRA,28,35,30,609.0,18270.0
2021032505017877,NIFRA,28,10,10,609.0,6090.0
2021032505017876,NIFRA,51,10,40,609.0,24360.0
2021032505017875,NIFRA,51,45,10,609.0,6090.0
2021032505017887,NIFRA,34,35,85,609.0,51765.0
2021032505017885,NIFRA,44,54,50,609.0,30450.0
2021032505017884,NIFRA,17,39,500,609.0,304500.0
2021032505017883,NIFRA,44,39,50,609.0,30450.0
2021032505017882,NIFRA,41,39,100,609.0,60900.0
2021032505017881,NIFRA,28,39,350,609.0,213150.0
2021032505017893,NIFRA,42,10,200,610.0,122000.0
2021032505017892,NIFRA,35,53,10,609.0,6090.0
2021032505017891,NIFRA,35,14,65,609.0,39585.0
2021032505017890,NIFRA,32,14,35,609.0,21315.0
2021032505017889,NIFRA,32,38,50,609.0,30450.0
2021032505017888,NIFRA,32,35,15,609.0,9135.0
2021032505017899,NIFRA,19,47,125,609.0,76125.0
2021032505017898,NIFRA,19,33,175,609.0,106575.0
2021032505017897,NIFRA,54,33,100,609.0,60900.0
2021032505017896,NIFRA,32,33,100,609.0,60900.0
2021032505017895,NIFRA,35,33,25,609.0,15225.0
2021032505017894,NIFRA,25,10,100,610.0,61000.0
2021032505017905,NIFRA,40,10,40,610.0,24400.0
2021032505017904,NIFRA,11,44,50,609.0,30450.0
2021032505017903,NIFRA,11,42,40,609.0,24360.0
2021032505017902,NIFRA,11,17,250,609.0,152250.0
2021032505017901,NIFRA,11,10,50,609.0,30450.0
2021032505017900,NIFRA,11,47,75,609.0,45675.0
2021032505017925,NIFRA,3,14,200,609.0,121800.0
2021032505017923,NIFRA,3,58,40,609.0,24360.0
2021032505017916,NIFRA,3,41,60,609.0,36540.0
2021032505017915,NIFRA,3,35,60,609.0,36540.0
2021032505017914,NIFRA,3,32,15,609.0,9135.0
2021032505017912,NIFRA,11,32,35,609.0,21315.0
2021032505017933,NIFRA,17,45,50,610.0,30500.0
2021032505017932,NIFRA,17,10,243,610.0,148230.0
2021032505017931,NIFRA,58,45,20,609.0,12180.0
2021032505017930,NIFRA,3,45,30,609.0,18270.0
2021032505017927,NIFRA,3,21,45,609.0,27405.0
2021032505017926,NIFRA,3,25,50,609.0,30450.0
2021032505017940,NIFRA,58,49,50,609.0,30450.0
2021032505017939,NIFRA,58,38,60,609.0,36540.0
2021032505017937,NIFRA,58,25,50,609.0,30450.0
2021032505017936,NIFRA,58,41,20,609.0,12180.0
2021032505017935,NIFRA,17,8,237,610.0,144570.0
2021032505017934,NIFRA,17,49,70,610.0,42700.0
2021032505017953,NIFRA,59,58,40,610.0,24400.0
2021032505017952,NIFRA,59,42,50,610.0,30500.0
2021032505017951,NIFRA,38,8,25,610.0,15250.0
2021032505017950,NIFRA,58,17,60,609.0,36540.0
2021032505017946,NIFRA,58,4,50,609.0,30450.0
2021032505017941,NIFRA,56,8,30,610.0,18300.0
2021032505017959,NIFRA,59,35,490,610.0,298900.0
2021032505017958,NIFRA,59,14,200,610.0,122000.0
2021032505017957,NIFRA,59,17,50,610.0,30500.0
2021032505017956,NIFRA,59,43,100,610.0,61000.0
2021032505017955,NIFRA,59,11,20,610.0,12200.0
2021032505017954,NIFRA,59,41,50,610.0,30500.0
2021032505017965,NIFRA,57,58,370,609.0,225330.0
2021032505017964,NIFRA,58,58,130,609.0,79170.0
2021032505017963,NIFRA,58,32,60,609.0,36540.0
2021032505017962,NIFRA,32,45,630,610.0,384300.0
2021032505017961,NIFRA,32,57,60,610.0,36600.0
2021032505017960,NIFRA,32,35,10,610.0,6100.0
2021032505017972,NIFRA,57,38,50,609.0,30450.0
2021032505017971,NIFRA,57,8,50,609.0,30450.0
2021032505017969,NIFRA,57,44,50,609.0,30450.0
2021032505017968,NIFRA,57,34,60,609.0,36540.0
2021032505017967,NIFRA,57,58,60,609.0,36540.0
2021032505017966,NIFRA,17,45,100,610.0,61000.0
2021032505017978,NIFRA,41,10,50,610.0,30500.0
2021032505017977,NIFRA,41,45,100,610.0,61000.0
2021032505017976,NIFRA,41,41,100,610.0,61000.0
2021032505017975,NIFRA,41,21,50,610.0,30500.0
2021032505017974,NIFRA,41,45,320,610.0,195200.0
2021032505017973,NIFRA,57,38,50,609.0,30450.0
2021032505017984,NIFRA,41,42,50,610.0,30500.0
2021032505017983,NIFRA,41,52,60,610.0,36600.0
2021032505017982,NIFRA,41,50,110,610.0,67100.0
2021032505017981,NIFRA,41,59,50,610.0,30500.0
2021032505017980,NIFRA,41,58,50,610.0,30500.0
2021032505017979,NIFRA,41,48,460,610.0,280600.0
2021032505017990,NIFRA,57,40,50,609.0,30450.0
2021032505017989,NIFRA,57,57,200,609.0,121800.0
2021032505017988,NIFRA,57,52,50,609.0,30450.0
2021032505017987,NIFRA,41,25,30,610.0,18300.0
2021032505017986,NIFRA,41,21,60,610.0,36600.0
2021032505017985,NIFRA,41,45,60,610.0,36600.0
2021032505017996,NIFRA,25,54,45,610.0,27450.0
2021032505017995,NIFRA,25,38,50,610.0,30500.0
2021032505017994,NIFRA,25,57,550,610.0,335500.0
2021032505017993,NIFRA,25,25,20,610.0,12200.0
2021032505017992,NIFRA,46,42,50,609.0,30450.0
2021032505017991,NIFRA,57,42,10,609.0,6090.0
2021032505018003,NIFRA,32,29,500,609.0,304500.0
2021032505018001,NIFRA,44,41,5,609.0,3045.0
2021032505018000,NIFRA,33,41,40,609.0,24360.0
2021032505017999,NIFRA,46,41,15,609.0,9135.0
2021032505017998,NIFRA,25,58,285,610.0,173850.0
2021032505017997,NIFRA,25,40,50,610.0,30500.0
2021032505018009,NIFRA,59,58,200,610.0,122000.0
2021032505018008,NIFRA,45,29,335,609.0,204015.0
2021032505018007,NIFRA,41,29,100,609.0,60900.0
2021032505018006,NIFRA,54,29,30,609.0,18270.0
2021032505018005,NIFRA,51,29,30,609.0,18270.0
2021032505018004,NIFRA,34,29,450,609.0,274050.0
2021032505018015,NIFRA,3,58,"1,000",610.0,610000.0
2021032505018014,NIFRA,19,47,25,609.0,15225.0
2021032505018013,NIFRA,26,47,50,609.0,30450.0
2021032505018012,NIFRA,8,47,100,609.0,60900.0
2021032505018011,NIFRA,49,47,160,609.0,97440.0
2021032505018010,NIFRA,45,47,665,609.0,404985.0
2021032505018021,NIFRA,19,38,25,609.0,15225.0
2021032505018020,NIFRA,19,59,60,609.0,36540.0
2021032505018019,NIFRA,19,56,140,609.0,85260.0
2021032505018018,NIFRA,17,58,300,610.0,183000.0
2021032505018017,NIFRA,40,58,100,610.0,61000.0
2021032505018016,NIFRA,19,25,50,609.0,30450.0
2021032505018028,NIFRA,33,6,50,609.0,30450.0
2021032505018027,NIFRA,35,6,111,609.0,67599.0
2021032505018025,NIFRA,35,21,24,609.0,14616.0
2021032505018024,NIFRA,35,38,30,609.0,18270.0
2021032505018023,NIFRA,35,46,60,609.0,36540.0
2021032505018022,NIFRA,35,38,25,609.0,15225.0
2021032505018034,NIFRA,25,21,200,609.0,121800.0
2021032505018033,NIFRA,25,38,50,609.0,30450.0
2021032505018032,NIFRA,25,58,50,609.0,30450.0
2021032505018031,NIFRA,25,6,39,609.0,23751.0
2021032505018030,NIFRA,59,6,100,609.0,60900.0
2021032505018029,NIFRA,35,6,200,609.0,121800.0
2021032505018043,NIFRA,20,10,700,609.0,426300.0
2021032505018042,NIFRA,35,42,35,610.0,21350.0
2021032505018041,NIFRA,35,58,65,610.0,39650.0
2021032505018037,NIFRA,25,57,50,609.0,30450.0
2021032505018036,NIFRA,25,58,50,609.0,30450.0
2021032505018035,NIFRA,45,58,50,610.0,30500.0
2021032505018049,NIFRA,58,21,60,609.0,36540.0
2021032505018048,NIFRA,58,10,24,609.0,14616.0
2021032505018047,NIFRA,44,10,500,609.0,304500.0
2021032505018046,NIFRA,41,10,500,609.0,304500.0
2021032505018045,NIFRA,47,10,200,609.0,121800.0
2021032505018044,NIFRA,25,10,561,609.0,341649.0
2021032505018055,NIFRA,50,33,19,609.0,11571.0
2021032505018054,NIFRA,58,33,400,609.0,243600.0
2021032505018053,NIFRA,44,33,431,609.0,262479.0
2021032505018052,NIFRA,44,59,44,609.0,26796.0
2021032505018051,NIFRA,58,59,16,609.0,9744.0
2021032505018050,NIFRA,44,35,25,609.0,15225.0
2021032505018061,NIFRA,53,28,29,609.0,17661.0
2021032505018060,NIFRA,50,28,31,609.0,18879.0
2021032505018059,NIFRA,50,41,50,609.0,30450.0
2021032505018058,NIFRA,34,41,455,610.0,277550.0
2021032505018057,NIFRA,34,36,30,610.0,18300.0
2021032505018056,NIFRA,34,42,15,610.0,9150.0
2021032505018068,NIFRA,49,17,100,609.0,60900.0
2021032505018067,NIFRA,34,17,500,609.0,304500.0
2021032505018066,NIFRA,4,17,20,609.0,12180.0
2021032505018065,NIFRA,45,17,100,609.0,60900.0
2021032505018064,NIFRA,44,17,300,609.0,182700.0
2021032505018063,NIFRA,53,17,471,609.0,286839.0
2021032505018075,NIFRA,57,17,500,609.0,304500.0
2021032505018074,NIFRA,34,17,50,609.0,30450.0
2021032505018073,NIFRA,14,17,500,609.0,304500.0
2021032505018072,NIFRA,56,17,200,609.0,121800.0
2021032505018071,NIFRA,38,17,60,609.0,36540.0
2021032505018070,NIFRA,51,17,20,609.0,12180.0
2021032505018082,NIFRA,19,6,15,608.0,9120.0
2021032505018081,NIFRA,13,58,50,608.0,30400.0
2021032505018079,NIFRA,6,17,60,609.0,36540.0
2021032505018078,NIFRA,13,21,60,608.0,36480.0
2021032505018077,NIFRA,13,58,50,608.0,30400.0
2021032505018076,NIFRA,41,17,100,609.0,60900.0
2021032505017574,CGH,1,11,10,2079.0,20790.0
2021032505017573,CGH,1,44,10,2079.0,20790.0
2021032505017549,CGH,1,11,10,2079.0,20790.0
2021032505017542,CGH,1,25,10,2079.0,20790.0
2021032505017541,CGH,1,34,10,2079.0,20790.0
2021032505017533,CGH,1,55,10,2079.0,20790.0
2021032505017178,CGH,1,38,10,2079.0,20790.0
2021032505017166,CGH,1,59,10,2079.0,20790.0
2021032505017165,CGH,1,42,10,2079.0,20790.0
2021032505017155,CGH,1,38,10,2079.0,20790.0
2021032505017216,CGH,1,32,10,2079.0,20790.0
2021032505017210,CGH,1,38,10,2079.0,20790.0
2021032505017203,CGH,1,41,10,2079.0,20790.0
2021032505017202,CGH,1,38,10,2079.0,20790.0
2021032505017201,CGH,1,59,10,2079.0,20790.0
2021032505017179,CGH,1,45,10,2079.0,20790.0
2021032505017528,CGH,1,8,10,2079.0,20790.0
2021032505017482,CGH,1,25,10,2079.0,20790.0
2021032505017465,CGH,1,7,10,2079.0,20790.0
2021032505017461,CGH,1,48,10,2079.0,20790.0
2021032505017450,CGH,1,38,10,2079.0,20790.0
2021032505017309,CGH,1,32,10,2079.0,20790.0
2021032505017559,GLH,36,46,22,385.0,8470.0
2021032505017558,GLH,52,46,20,385.0,7700.0
2021032505017557,GLH,16,46,100,385.0,38500.0
2021032505017556,GLH,57,46,10,385.0,3850.0
2021032505017555,GLH,21,46,150,385.0,57750.0
2021032505017554,GLH,6,46,160,385.0,61600.0
2021032505017151,GLH,6,38,10,385.0,3850.0
2021032505017117,GLH,6,33,10,385.0,3850.0
2021032505017115,GLH,6,28,10,385.0,3850.0
2021032505017105,GLH,17,21,10,385.0,3850.0
2021032505017204,GLH,6,50,10,385.0,3850.0
2021032505017199,GLH,6,44,10,385.0,3850.0
2021032505017187,GLH,6,33,200,385.0,77000.0
2021032505017185,GLH,6,38,10,385.0,3850.0
2021032505017180,GLH,6,51,10,385.0,3850.0
2021032505017177,GLH,42,4,10,386.0,3860.0
2021032505017344,GLH,37,4,500,386.0,193000.0
2021032505017343,GLH,6,38,10,385.0,3850.0
2021032505017341,GLH,6,54,10,385.0,3850.0
2021032505017272,GLH,6,54,10,385.0,3850.0
2021032505017243,GLH,19,4,10,386.0,3860.0
2021032505017233,GLH,6,58,10,385.0,3850.0
2021032505017469,GLH,37,10,10,386.0,3860.0
2021032505017399,GLH,37,4,372,386.0,143592.0
2021032505017398,GLH,44,4,30,386.0,11580.0
2021032505017395,GLH,6,10,10,385.0,3850.0
2021032505017392,GLH,6,28,10,385.0,3850.0
2021032505017391,GLH,6,48,10,385.0,3850.0
2021032505017527,GLH,37,14,10,386.0,3860.0
2021032505017526,GLH,37,21,10,386.0,3860.0
2021032505017524,GLH,37,38,10,386.0,3860.0
2021032505017506,GLH,37,48,10,386.0,3860.0
2021032505017487,GLH,37,10,10,386.0,3860.0
2021032505017486,GLH,37,54,10,386.0,3860.0
2021032505017553,GLH,29,46,100,386.0,38600.0
2021032505017552,GLH,37,46,48,386.0,18528.0
2021032505017540,GLH,57,41,80,387.0,30960.0
2021032505017539,GLH,57,56,10,387.0,3870.0
2021032505017538,GLH,57,21,10,387.0,3870.0
2021032505017530,GLH,37,20,10,386.0,3860.0
2021032505017588,NIFRA,22,32,20,608.0,12160.0
2021032505017587,NIFRA,28,32,20,608.0,12160.0
2021032505017586,NIFRA,28,14,30,608.0,18240.0
2021032505017585,NIFRA,58,14,20,608.0,12160.0
2021032505017584,NIFRA,29,48,40,609.0,24360.0
2021032505017583,NIFRA,29,45,50,609.0,30450.0
2021032505017094,NIFRA,47,4,60,611.0,36660.0
2021032505017093,NIFRA,47,44,90,611.0,54990.0
2021032505017092,NIFRA,55,19,60,610.0,36600.0
2021032505017091,NIFRA,55,38,25,610.0,15250.0
2021032505017090,NIFRA,55,42,30,610.0,18300.0
2021032505017089,NIFRA,55,54,50,610.0,30500.0
2021032505017100,NIFRA,52,49,40,610.0,24400.0
2021032505017099,NIFRA,55,49,185,610.0,112850.0
2021032505017098,NIFRA,55,51,50,610.0,30500.0
2021032505017097,NIFRA,55,16,60,610.0,36600.0
2021032505017096,NIFRA,47,50,36,611.0,21996.0
2021032505017095,NIFRA,47,26,14,611.0,8554.0
2021032505017107,NIFRA,16,35,10,611.0,6110.0
2021032505017106,NIFRA,16,43,14,611.0,8554.0
2021032505017104,NIFRA,36,38,50,610.0,30500.0
2021032505017103,NIFRA,34,43,86,611.0,52546.0
2021032505017102,NIFRA,34,50,14,611.0,8554.0
2021032505017101,NIFRA,45,49,35,610.0,21350.0
2021032505017113,NIFRA,42,3,50,611.0,30550.0
2021032505017112,NIFRA,36,26,50,610.0,30500.0
2021032505017111,NIFRA,36,44,60,610.0,36600.0
2021032505017110,NIFRA,36,42,24,610.0,14640.0
2021032505017109,NIFRA,16,42,16,611.0,9776.0
2021032505017108,NIFRA,16,3,60,611.0,36660.0
2021032505017121,NIFRA,42,49,40,611.0,24440.0
2021032505017120,NIFRA,42,51,10,611.0,6110.0
2021032505017119,NIFRA,42,44,60,611.0,36660.0
2021032505017118,NIFRA,42,49,60,611.0,36660.0
2021032505017116,NIFRA,42,51,50,611.0,30550.0
2021032505017114,NIFRA,42,55,200,611.0,122200.0
2021032505017127,NIFRA,36,58,50,610.0,30500.0
2021032505017126,NIFRA,36,21,50,610.0,30500.0
2021032505017125,NIFRA,36,14,26,610.0,15860.0
2021032505017124,NIFRA,17,14,200,611.0,122200.0
2021032505017123,NIFRA,47,14,200,611.0,122200.0
2021032505017122,NIFRA,42,14,174,611.0,106314.0
2021032505017133,NIFRA,29,39,50,610.0,30500.0
2021032505017132,NIFRA,18,39,40,610.0,24400.0
2021032505017131,NIFRA,18,59,10,610.0,6100.0
2021032505017130,NIFRA,29,59,30,610.0,18300.0
2021032505017129,NIFRA,52,59,10,610.0,6100.0
2021032505017128,NIFRA,36,59,190,610.0,115900.0
2021032505017139,NIFRA,39,1,60,610.0,36600.0
2021032505017138,NIFRA,39,5,10,610.0,6100.0
2021032505017137,NIFRA,39,41,10,610.0,6100.0
2021032505017136,NIFRA,39,39,20,610.0,12200.0
2021032505017135,NIFRA,21,39,100,610.0,61000.0
2021032505017134,NIFRA,26,39,90,610.0,54900.0
2021032505017145,NIFRA,57,41,150,610.0,91500.0
2021032505017144,NIFRA,22,41,50,610.0,30500.0
2021032505017143,NIFRA,58,41,100,610.0,61000.0
2021032505017142,NIFRA,47,41,100,610.0,61000.0
2021032505017141,NIFRA,45,41,60,610.0,36600.0
2021032505017140,NIFRA,45,1,40,610.0,24400.0
2021032505017152,NIFRA,44,19,60,611.0,36660.0
2021032505017150,NIFRA,44,58,100,611.0,61100.0
2021032505017149,NIFRA,44,40,40,611.0,24440.0
2021032505017148,NIFRA,44,28,20,611.0,12220.0
2021032505017147,NIFRA,44,34,100,611.0,61100.0
2021032505017146,NIFRA,33,41,40,610.0,24400.0
2021032505017159,NIFRA,33,55,290,610.0,176900.0
2021032505017158,NIFRA,44,55,210,611.0,128310.0
2021032505017157,NIFRA,44,51,50,611.0,30550.0
2021032505017156,NIFRA,44,36,50,611.0,30550.0
2021032505017154,NIFRA,44,59,120,611.0,73320.0
2021032505017153,NIFRA,44,48,50,611.0,30550.0
2021032505017167,NIFRA,19,35,10,611.0,6110.0
2021032505017164,NIFRA,19,38,25,611.0,15275.0
2021032505017163,NIFRA,19,49,60,611.0,36660.0
2021032505017162,NIFRA,19,58,100,611.0,61100.0
2021032505017161,NIFRA,33,26,60,610.0,36600.0
2021032505017160,NIFRA,33,49,50,610.0,30500.0
2021032505017173,NIFRA,51,38,60,610.0,36600.0
2021032505017172,NIFRA,51,39,19,610.0,11590.0
2021032505017171,NIFRA,56,39,30,610.0,18300.0
2021032505017170,NIFRA,33,39,11,610.0,6710.0
2021032505017169,NIFRA,22,49,20,611.0,12220.0
2021032505017168,NIFRA,33,51,60,610.0,36600.0
2021032505017183,NIFRA,39,22,160,610.0,97600.0
2021032505017182,NIFRA,45,22,200,610.0,122000.0
2021032505017181,NIFRA,1,22,61,610.0,37210.0
2021032505017176,NIFRA,1,26,50,610.0,30500.0
2021032505017175,NIFRA,1,16,39,610.0,23790.0
2021032505017174,NIFRA,51,16,21,610.0,12810.0
2021032505017191,NIFRA,57,38,60,610.0,36600.0
2021032505017190,NIFRA,42,45,50,611.0,30550.0
2021032505017189,NIFRA,42,49,20,611.0,12220.0
2021032505017188,NIFRA,45,49,10,611.0,6110.0
2021032505017186,NIFRA,45,49,10,611.0,6110.0
2021032505017184,NIFRA,57,22,29,610.0,17690.0
2021032505017197,NIFRA,56,11,20,610.0,12200.0
2021032505017196,NIFRA,35,1,100,611.0,61100.0
2021032505017195,NIFRA,56,36,40,610.0,24400.0
2021032505017194,NIFRA,22,36,10,610.0,6100.0
2021032505017193,NIFRA,17,1,100,611.0,61100.0
2021032505017192,NIFRA,42,1,40,611.0,24440.0
2021032505017208,NIFRA,6,38,10,610.0,6100.0
2021032505017207,NIFRA,19,38,20,610.0,12200.0
2021032505017206,NIFRA,46,38,20,610.0,12200.0
2021032505017205,NIFRA,46,26,50,610.0,30500.0
2021032505017200,NIFRA,19,1,50,611.0,30550.0
2021032505017198,NIFRA,46,11,30,610.0,18300.0
2021032505017215,NIFRA,7,54,60,610.0,36600.0
2021032505017214,NIFRA,7,10,40,610.0,24400.0
2021032505017213,NIFRA,6,10,20,610.0,12200.0
2021032505017212,NIFRA,6,58,10,610.0,6100.0
2021032505017211,NIFRA,6,38,60,610.0,36600.0
2021032505017209,NIFRA,46,58,100,610.0,61000.0
2021032505017222,NIFRA,55,50,10,611.0,6110.0
2021032505017221,NIFRA,19,50,40,611.0,24440.0
2021032505017220,NIFRA,19,17,50,611.0,30550.0
2021032505017219,NIFRA,19,1,10,611.0,6110.0
2021032505017218,NIFRA,52,38,60,610.0,36600.0
2021032505017217,NIFRA,52,54,50,610.0,30500.0
2021032505017228,NIFRA,36,16,10,610.0,6100.0
2021032505017227,NIFRA,45,16,40,610.0,24400.0
2021032505017226,NIFRA,45,14,10,610.0,6100.0
2021032505017225,NIFRA,52,14,40,610.0,24400.0
2021032505017224,NIFRA,52,39,50,610.0,30500.0
2021032505017223,NIFRA,55,21,30,611.0,18330.0
2021032505017235,NIFRA,26,42,50,611.0,30550.0
2021032505017234,NIFRA,36,47,50,610.0,30500.0
2021032505017232,NIFRA,36,38,20,610.0,12200.0
2021032505017231,NIFRA,36,38,40,610.0,24400.0
2021032505017230,NIFRA,36,26,50,610.0,30500.0
2021032505017229,NIFRA,58,21,30,611.0,18330.0
2021032505017241,NIFRA,49,32,100,610.0,61000.0
2021032505017240,NIFRA,34,32,278,610.0,169580.0
2021032505017239,NIFRA,42,32,13,610.0,7930.0
2021032505017238,NIFRA,42,51,20,610.0,12200.0
2021032505017237,NIFRA,36,51,30,610.0,18300.0
2021032505017236,NIFRA,26,21,50,611.0,30550.0
2021032505017248,NIFRA,32,36,434,610.0,264740.0
2021032505017247,NIFRA,57,21,40,611.0,24440.0
2021032505017246,NIFRA,32,49,50,610.0,30500.0
2021032505017245,NIFRA,32,36,16,610.0,9760.0
2021032505017244,NIFRA,57,36,25,610.0,15250.0
2021032505017242,NIFRA,42,32,100,610.0,61000.0
2021032505017254,NIFRA,6,36,10,610.0,6100.0
2021032505017253,NIFRA,46,36,32,610.0,19520.0
2021032505017252,NIFRA,38,36,200,610.0,122000.0
2021032505017251,NIFRA,50,36,"1,000",610.0,610000.0
2021032505017250,NIFRA,16,36,200,610.0,122000.0
2021032505017249,NIFRA,53,36,100,610.0,61000.0
2021032505017260,NIFRA,41,36,140,610.0,85400.0
2021032505017259,NIFRA,36,36,50,610.0,30500.0
2021032505017258,NIFRA,55,36,100,610.0,61000.0
2021032505017257,NIFRA,35,36,390,610.0,237900.0
2021032505017256,NIFRA,51,36,50,610.0,30500.0
2021032505017255,NIFRA,29,36,20,610.0,12200.0
2021032505017266,NIFRA,21,36,50,610.0,30500.0
2021032505017265,NIFRA,29,36,500,610.0,305000.0
2021032505017264,NIFRA,11,36,25,610.0,15250.0
2021032505017263,NIFRA,45,36,200,610.0,122000.0
2021032505017262,NIFRA,35,36,100,610.0,61000.0
2021032505017261,NIFRA,49,36,300,610.0,183000.0
2021032505017273,NIFRA,8,58,41,610.0,25010.0
2021032505017271,NIFRA,8,36,159,610.0,96990.0
2021032505017270,NIFRA,32,36,90,610.0,54900.0
2021032505017269,NIFRA,55,36,200,610.0,122000.0
2021032505017268,NIFRA,57,36,150,610.0,91500.0
2021032505017267,NIFRA,43,36,500,610.0,305000.0
2021032505017279,NIFRA,21,16,10,610.0,6100.0
2021032505017278,NIFRA,34,16,20,610.0,12200.0
2021032505017277,NIFRA,21,16,10,610.0,6100.0
2021032505017276,NIFRA,21,26,10,610.0,6100.0
2021032505017275,NIFRA,21,26,50,610.0,30500.0
2021032505017274,NIFRA,21,38,50,610.0,30500.0
2021032505017285,NIFRA,49,35,"1,000",611.0,611000.0
2021032505017284,NIFRA,49,33,200,611.0,122200.0
2021032505017283,NIFRA,49,21,460,611.0,281060.0
2021032505017282,NIFRA,42,53,75,610.0,45750.0
2021032505017281,NIFRA,41,53,200,610.0,122000.0
2021032505017280,NIFRA,6,53,70,610.0,42700.0
2021032505017291,NIFRA,49,32,100,611.0,61100.0
2021032505017290,NIFRA,49,53,50,611.0,30550.0
2021032505017289,NIFRA,49,32,15,611.0,9165.0
2021032505017288,NIFRA,49,29,50,611.0,30550.0
2021032505017287,NIFRA,49,17,"1,000",611.0,611000.0
2021032505017286,NIFRA,49,42,300,611.0,183300.0
2021032505017297,NIFRA,49,57,100,611.0,61100.0
2021032505017296,NIFRA,49,53,50,611.0,30550.0
2021032505017295,NIFRA,49,54,400,611.0,244400.0
2021032505017294,NIFRA,49,54,400,611.0,244400.0
2021032505017293,NIFRA,49,38,15,611.0,9165.0
2021032505017292,NIFRA,49,34,50,611.0,30550.0
2021032505017303,NIFRA,49,49,460,611.0,281060.0
2021032505017302,NIFRA,49,45,100,611.0,61100.0
2021032505017301,NIFRA,49,29,80,611.0,48880.0
2021032505017300,NIFRA,49,42,60,611.0,36660.0
2021032505017299,NIFRA,42,35,160,612.0,97920.0
2021032505017298,NIFRA,49,17,110,611.0,67210.0
2021032505017310,NIFRA,14,54,50,611.0,30550.0
2021032505017308,NIFRA,14,17,50,611.0,30550.0
2021032505017307,NIFRA,14,47,40,611.0,24440.0
2021032505017306,NIFRA,14,38,50,611.0,30550.0
2021032505017305,NIFRA,14,47,500,611.0,305500.0
2021032505017304,NIFRA,14,49,40,611.0,24440.0
2021032505017316,NIFRA,41,49,10,611.0,6110.0
2021032505017315,NIFRA,14,49,40,611.0,24440.0
2021032505017314,NIFRA,14,38,60,611.0,36660.0
2021032505017313,NIFRA,14,53,60,611.0,36660.0
2021032505017312,NIFRA,14,51,60,611.0,36660.0
2021032505017311,NIFRA,14,26,50,611.0,30550.0
2021032505017322,NIFRA,42,38,79,610.0,48190.0
2021032505017321,NIFRA,42,41,296,610.0,180560.0
2021032505017320,NIFRA,43,41,500,610.0,305000.0
2021032505017319,NIFRA,41,41,50,611.0,30550.0
2021032505017318,NIFRA,58,41,154,611.0,94094.0
2021032505017317,NIFRA,41,28,40,611.0,24440.0
2021032505017328,NIFRA,55,36,150,610.0,91500.0
2021032505017327,NIFRA,45,36,69,610.0,42090.0
2021032505017326,NIFRA,45,53,60,610.0,36600.0
2021032505017325,NIFRA,45,47,50,610.0,30500.0
2021032505017324,NIFRA,45,38,321,610.0,195810.0
2021032505017323,NIFRA,57,38,100,610.0,61000.0
2021032505017334,NIFRA,41,36,250,609.0,152250.0
2021032505017333,NIFRA,58,36,80,609.0,48720.0
2021032505017332,NIFRA,49,36,200,609.0,121800.0
2021032505017331,NIFRA,36,36,20,609.0,12180.0
2021032505017330,NIFRA,56,36,100,609.0,60900.0
2021032505017329,NIFRA,38,36,440,609.0,267960.0
2021032505017340,NIFRA,59,38,50,609.0,30450.0
2021032505017339,NIFRA,59,36,81,609.0,49329.0
2021032505017338,NIFRA,25,36,50,609.0,30450.0
2021032505017337,NIFRA,59,36,50,609.0,30450.0
2021032505017336,NIFRA,49,36,500,609.0,304500.0
2021032505017335,NIFRA,57,36,10,609.0,6090.0
2021032505017349,NIFRA,59,53,20,609.0,12180.0
2021032505017348,NIFRA,33,53,30,610.0,18300.0
2021032505017347,NIFRA,33,22,20,610.0,12200.0
2021032505017346,NIFRA,33,19,50,610.0,30500.0
2021032505017345,NIFRA,59,44,50,609.0,30450.0
2021032505017342,NIFRA,54,48,10,610.0,6100.0
2021032505017355,NIFRA,44,10,60,611.0,36660.0
2021032505017354,NIFRA,44,45,200,611.0,122200.0
2021032505017353,NIFRA,44,51,100,611.0,61100.0
2021032505017352,NIFRA,44,14,50,610.0,30500.0
2021032505017351,NIFRA,44,17,60,610.0,36600.0
2021032505017350,NIFRA,44,14,50,610.0,30500.0
2021032505017361,NIFRA,34,37,60,610.0,36600.0
2021032505017360,NIFRA,47,45,100,611.0,61100.0
2021032505017359,NIFRA,47,45,50,610.0,30500.0
2021032505017358,NIFRA,43,51,50,610.0,30500.0
2021032505017357,NIFRA,59,32,50,609.0,30450.0
2021032505017356,NIFRA,44,45,30,611.0,18330.0
2021032505017367,NIFRA,22,36,10,610.0,6100.0
2021032505017366,NIFRA,22,47,50,610.0,30500.0
2021032505017365,NIFRA,59,58,50,609.0,30450.0
2021032505017364,NIFRA,59,38,50,609.0,30450.0
2021032505017363,NIFRA,34,36,30,610.0,18300.0
2021032505017362,NIFRA,34,41,10,610.0,6100.0
2021032505017373,NIFRA,59,32,50,609.0,30450.0
2021032505017372,NIFRA,59,38,60,609.0,36540.0
2021032505017371,NIFRA,34,6,36,610.0,21960.0
2021032505017370,NIFRA,34,48,100,610.0,61000.0
2021032505017369,NIFRA,34,22,60,610.0,36600.0
2021032505017368,NIFRA,34,36,20,610.0,12200.0
2021032505017379,NIFRA,34,29,10,609.0,6090.0
2021032505017378,NIFRA,40,29,500,609.0,304500.0
2021032505017377,NIFRA,57,29,50,609.0,30450.0
2021032505017376,NIFRA,29,29,50,609.0,30450.0
2021032505017375,NIFRA,48,29,100,609.0,60900.0
2021032505017374,NIFRA,59,29,39,609.0,23751.0
2021032505017385,NIFRA,44,29,80,609.0,48720.0
2021032505017384,NIFRA,42,29,50,609.0,30450.0
2021032505017383,NIFRA,7,29,60,609.0,36540.0
2021032505017382,NIFRA,59,29,500,609.0,304500.0
2021032505017381,NIFRA,41,29,20,609.0,12180.0
2021032505017380,NIFRA,35,29,20,609.0,12180.0
2021032505017393,NIFRA,10,59,244,609.0,148596.0
2021032505017390,NIFRA,19,59,20,609.0,12180.0
2021032505017389,NIFRA,34,59,100,609.0,60900.0
2021032505017388,NIFRA,42,38,50,608.0,30400.0
2021032505017387,NIFRA,22,59,20,609.0,12180.0
2021032505017386,NIFRA,44,59,270,609.0,164430.0
2021032505017402,NIFRA,42,59,266,609.0,161994.0
2021032505017401,NIFRA,42,38,40,608.0,24320.0
2021032505017400,NIFRA,57,59,150,609.0,91350.0
2021032505017397,NIFRA,55,59,50,609.0,30450.0
2021032505017396,NIFRA,57,59,60,609.0,36540.0
2021032505017394,NIFRA,29,59,20,609.0,12180.0
2021032505017408,NIFRA,42,14,40,610.0,24400.0
2021032505017407,NIFRA,42,6,14,610.0,8540.0
2021032505017406,NIFRA,42,58,50,609.0,30450.0
2021032505017405,NIFRA,42,53,50,609.0,30450.0
2021032505017404,NIFRA,42,21,20,609.0,12180.0
2021032505017403,NIFRA,42,7,60,609.0,36540.0
2021032505017414,NIFRA,42,36,25,610.0,15250.0
2021032505017413,NIFRA,42,16,500,610.0,305000.0
2021032505017412,NIFRA,42,49,60,610.0,36600.0
2021032505017411,NIFRA,42,57,50,610.0,30500.0
2021032505017410,NIFRA,42,14,10,610.0,6100.0
2021032505017409,NIFRA,42,14,100,609.0,60900.0
2021032505017420,NIFRA,32,58,51,608.0,31008.0
2021032505017419,NIFRA,58,58,10,608.0,6080.0
2021032505017418,NIFRA,42,58,39,608.0,23712.0
2021032505017417,NIFRA,42,7,60,608.0,36480.0
2021032505017416,NIFRA,42,58,4,610.0,2440.0
2021032505017415,NIFRA,42,50,100,610.0,61000.0
2021032505017426,NIFRA,49,45,50,609.0,30450.0
2021032505017425,NIFRA,49,35,500,609.0,304500.0
2021032505017424,NIFRA,32,38,60,608.0,36480.0
2021032505017423,NIFRA,32,38,50,608.0,30400.0
2021032505017422,NIFRA,32,8,60,608.0,36480.0
2021032505017421,NIFRA,25,16,8,600.0,4800.0
2021032505017432,NIFRA,49,34,20,610.0,12200.0
2021032505017431,NIFRA,49,52,50,610.0,30500.0
2021032505017430,NIFRA,49,43,20,610.0,12200.0
2021032505017429,NIFRA,49,47,60,610.0,36600.0
2021032505017428,NIFRA,49,34,60,610.0,36600.0
2021032505017427,NIFRA,49,45,50,609.0,30450.0
2021032505017438,NIFRA,49,47,50,610.0,30500.0
2021032505017437,NIFRA,49,58,40,610.0,24400.0
2021032505017436,NIFRA,49,33,100,610.0,61000.0
2021032505017435,NIFRA,49,29,50,610.0,30500.0
2021032505017434,NIFRA,49,36,60,610.0,36600.0
2021032505017433,NIFRA,49,50,500,610.0,305000.0
2021032505017444,NIFRA,49,20,50,610.0,30500.0
2021032505017443,NIFRA,49,42,50,610.0,30500.0
2021032505017442,NIFRA,49,53,50,610.0,30500.0
2021032505017441,NIFRA,49,55,200,610.0,122000.0
2021032505017440,NIFRA,49,38,50,610.0,30500.0
2021032505017439,NIFRA,49,58,60,610.0,36600.0
2021032505017451,NIFRA,49,3,30,610.0,18300.0
2021032505017449,NIFRA,49,11,30,610.0,18300.0
2021032505017448,NIFRA,49,21,200,610.0,122000.0
2021032505017447,NIFRA,49,34,50,610.0,30500.0
2021032505017446,NIFRA,49,49,60,610.0,36600.0
2021032505017445,NIFRA,49,38,550,610.0,335500.0
2021032505017457,NIFRA,49,7,250,610.0,152500.0
2021032505017456,NIFRA,49,47,50,610.0,30500.0
2021032505017455,NIFRA,49,53,200,610.0,122000.0
2021032505017454,NIFRA,49,58,50,610.0,30500.0
2021032505017453,NIFRA,49,47,10,610.0,6100.0
2021032505017452,NIFRA,51,45,50,611.0,30550.0
2021032505017464,NIFRA,49,57,30,610.0,18300.0
2021032505017463,NIFRA,8,45,10,611.0,6110.0
2021032505017462,NIFRA,49,45,60,610.0,36600.0
2021032505017460,NIFRA,49,10,50,610.0,30500.0
2021032505017459,NIFRA,49,21,50,610.0,30500.0
2021032505017458,NIFRA,49,45,50,610.0,30500.0
2021032505017472,NIFRA,49,29,50,610.0,30500.0
2021032505017471,NIFRA,49,17,50,610.0,30500.0
2021032505017470,NIFRA,49,48,50,610.0,30500.0
2021032505017468,NIFRA,49,25,50,610.0,30500.0
2021032505017467,NIFRA,49,38,60,610.0,36600.0
2021032505017466,NIFRA,49,38,60,610.0,36600.0
2021032505017478,NIFRA,22,59,60,609.0,36540.0
2021032505017477,NIFRA,33,25,100,610.0,61000.0
2021032505017476,NIFRA,34,25,24,610.0,14640.0
2021032505017475,NIFRA,49,25,640,610.0,390400.0
2021032505017474,NIFRA,49,45,50,610.0,30500.0
2021032505017473,NIFRA,49,54,50,610.0,30500.0
2021032505017485,NIFRA,11,25,50,610.0,30500.0
2021032505017484,NIFRA,51,25,15,610.0,9150.0
2021032505017483,NIFRA,32,38,60,608.0,36480.0
2021032505017481,NIFRA,32,38,10,608.0,6080.0
2021032505017480,NIFRA,22,38,40,609.0,24360.0
2021032505017479,NIFRA,41,25,100,610.0,61000.0
2021032505017493,NIFRA,3,34,100,610.0,61000.0
2021032505017492,NIFRA,32,38,50,608.0,30400.0
2021032505017491,NIFRA,42,34,39,610.0,23790.0
2021032505017490,NIFRA,42,36,50,610.0,30500.0
2021032505017489,NIFRA,42,16,50,610.0,30500.0
2021032505017488,NIFRA,42,25,131,610.0,79910.0
2021032505017499,NIFRA,59,38,50,609.0,30450.0
2021032505017498,NIFRA,59,44,60,609.0,36540.0
2021032505017497,NIFRA,59,10,50,609.0,30450.0
2021032505017496,NIFRA,59,51,60,609.0,36540.0
2021032505017495,NIFRA,38,45,34,611.0,20774.0
2021032505017494,NIFRA,38,34,41,610.0,25010.0
2021032505017505,NIFRA,59,38,50,609.0,30450.0
2021032505017504,NIFRA,38,34,75,610.0,45750.0
2021032505017503,NIFRA,57,34,186,610.0,113460.0
2021032505017502,NIFRA,57,58,60,610.0,36600.0
2021032505017501,NIFRA,59,32,100,609.0,60900.0
2021032505017500,NIFRA,59,48,50,609.0,30450.0
2021032505017512,NIFRA,32,10,10,608.0,6080.0
2021032505017511,NIFRA,51,10,10,609.0,6090.0
2021032505017510,NIFRA,59,10,30,609.0,18270.0
2021032505017509,NIFRA,34,34,100,610.0,61000.0
2021032505017508,NIFRA,59,32,50,609.0,30450.0
2021032505017507,NIFRA,21,34,100,610.0,61000.0
2021032505017518,NIFRA,42,17,100,610.0,61000.0
2021032505017517,NIFRA,42,34,339,610.0,206790.0
2021032505017516,NIFRA,42,28,35,609.0,21315.0
2021032505017515,NIFRA,32,38,50,608.0,30400.0
2021032505017514,NIFRA,45,28,15,609.0,9135.0
2021032505017513,NIFRA,32,38,50,608.0,30400.0
2021032505017525,NIFRA,42,35,660,609.0,401940.0
2021032505017523,NIFRA,42,7,50,609.0,30450.0
2021032505017522,NIFRA,42,39,40,609.0,24360.0
2021032505017521,NIFRA,42,52,60,610.0,36600.0
2021032505017520,NIFRA,42,4,60,610.0,36600.0
2021032505017519,NIFRA,42,45,50,610.0,30500.0
2021032505017536,NIFRA,42,48,15,609.0,9135.0
2021032505017535,NIFRA,42,34,60,609.0,36540.0
2021032505017534,NIFRA,42,38,50,609.0,30450.0
2021032505017532,NIFRA,42,36,40,609.0,24360.0
2021032505017531,NIFRA,8,21,10,610.0,6100.0
2021032505017529,NIFRA,42,36,50,609.0,30450.0
2021032505017547,NIFRA,32,25,49,608.0,29792.0
2021032505017546,NIFRA,3,38,100,609.0,60900.0
2021032505017545,NIFRA,25,38,65,609.0,39585.0
2021032505017544,NIFRA,25,32,35,609.0,21315.0
2021032505017543,NIFRA,57,32,15,609.0,9135.0
2021032505017537,NIFRA,57,48,85,609.0,51765.0
2021032505017562,NIFRA,57,17,200,608.0,121600.0
2021032505017561,NIFRA,59,17,500,608.0,304000.0
2021032505017560,NIFRA,33,17,139,608.0,84512.0
2021032505017551,NIFRA,33,38,50,608.0,30400.0
2021032505017550,NIFRA,33,32,100,608.0,60800.0
2021032505017548,NIFRA,33,25,711,608.0,432288.0
2021032505017568,NIFRA,14,17,481,608.0,292448.0
2021032505017567,NIFRA,41,17,250,608.0,152000.0
2021032505017566,NIFRA,6,17,80,608.0,48640.0
2021032505017565,NIFRA,49,17,100,608.0,60800.0
2021032505017564,NIFRA,43,17,200,608.0,121600.0
2021032505017563,NIFRA,28,17,50,608.0,30400.0
2021032505017576,NIFRA,45,49,40,608.0,24320.0
2021032505017575,NIFRA,41,49,10,609.0,6090.0
2021032505017572,NIFRA,45,58,50,608.0,30400.0
2021032505017571,NIFRA,38,38,650,609.0,395850.0
2021032505017570,NIFRA,45,53,31,608.0,18848.0
2021032505017569,NIFRA,14,53,19,608.0,11552.0
2021032505017582,NIFRA,29,47,50,609.0,30450.0
2021032505017581,NIFRA,29,45,60,609.0,36540.0
2021032505017580,NIFRA,11,43,50,609.0,30450.0
2021032505017579,NIFRA,11,25,45,609.0,27405.0
2021032505017578,NIFRA,22,25,15,609.0,9135.0
2021032505017577,NIFRA,22,38,185,609.0,112665.0
2021032505017030,CGH,1,42,10,2079.0,20790.0
2021032505016966,CGH,1,11,10,2079.0,20790.0
2021032505016949,CGH,1,36,10,2079.0,20790.0
2021032505016929,CGH,1,33,10,2079.0,20790.0
2021032505016928,CGH,1,14,10,2079.0,20790.0
2021032505016896,CGH,1,52,10,2079.0,20790.0
2021032505016619,CGH,1,22,10,2079.0,20790.0
2021032505016618,CGH,1,49,10,2079.0,20790.0
2021032505016612,CGH,1,21,10,2079.0,20790.0
2021032505016603,CGH,1,36,10,2079.0,20790.0
2021032505016589,CGH,1,13,10,2079.0,20790.0
2021032505016678,CGH,1,6,10,2079.0,20790.0
2021032505016669,CGH,1,42,10,2079.0,20790.0
2021032505016659,CGH,1,38,10,2079.0,20790.0
2021032505016655,CGH,1,10,10,2079.0,20790.0
2021032505016629,CGH,1,5,10,2079.0,20790.0
2021032505016620,CGH,1,59,10,2079.0,20790.0
2021032505016805,CGH,1,59,10,2079.0,20790.0
2021032505016768,CGH,1,55,10,2079.0,20790.0
2021032505016742,CGH,1,34,10,2079.0,20790.0
2021032505016723,CGH,1,45,10,2079.0,20790.0
2021032505016700,CGH,1,6,10,2079.0,20790.0
2021032505016680,CGH,1,58,10,2079.0,20790.0
2021032505016832,CGH,1,57,10,2079.0,20790.0
2021032505016822,CGH,1,35,10,2079.0,20790.0
2021032505016818,CGH,1,58,10,2079.0,20790.0
2021032505016813,CGH,1,58,10,2079.0,20790.0
2021032505016811,CGH,1,29,10,2079.0,20790.0
2021032505016806,CGH,1,6,10,2079.0,20790.0
2021032505016882,CGH,1,17,10,2079.0,20790.0
2021032505016871,CGH,1,57,10,2079.0,20790.0
2021032505016865,CGH,1,58,10,2079.0,20790.0
2021032505016854,CGH,1,39,10,2079.0,20790.0
2021032505016847,CGH,1,49,10,2079.0,20790.0
2021032505016834,CGH,1,22,10,2079.0,20790.0
2021032505017086,GLH,17,21,10,385.0,3850.0
2021032505017073,GLH,17,44,10,385.0,3850.0
2021032505017068,GLH,17,7,10,385.0,3850.0
2021032505017043,GLH,17,28,10,385.0,3850.0
2021032505017034,GLH,21,4,100,386.0,38600.0
2021032505017022,GLH,34,4,50,386.0,19300.0
2021032505016664,GLH,59,38,10,386.0,3860.0
2021032505016650,GLH,59,21,10,386.0,3860.0
2021032505016649,GLH,59,38,10,386.0,3860.0
2021032505016628,GLH,59,21,10,386.0,3860.0
2021032505016706,GLH,17,52,20,386.0,7720.0
2021032505016705,GLH,59,52,10,386.0,3860.0
2021032505016691,GLH,59,21,10,386.0,3860.0
2021032505016688,GLH,59,34,10,386.0,3860.0
2021032505016681,GLH,59,38,10,386.0,3860.0
2021032505016665,GLH,59,47,10,386.0,3860.0
2021032505016763,GLH,17,21,10,386.0,3860.0
2021032505016762,GLH,17,45,10,386.0,3860.0
2021032505016743,GLH,17,58,10,386.0,3860.0
2021032505016722,GLH,17,45,10,386.0,3860.0
2021032505016715,GLH,17,38,10,386.0,3860.0
2021032505016707,GLH,17,4,10,386.0,3860.0
2021032505016799,GLH,17,49,220,386.0,84920.0
2021032505016798,GLH,39,56,10,387.0,3870.0
2021032505016797,GLH,39,21,10,387.0,3870.0
2021032505016794,GLH,17,45,10,386.0,3860.0
2021032505016779,GLH,17,48,10,386.0,3860.0
2021032505016767,GLH,17,42,10,386.0,3860.0
2021032505016904,GLH,17,44,10,386.0,3860.0
2021032505016887,GLH,17,14,30,386.0,11580.0
2021032505016885,GLH,17,38,10,386.0,3860.0
2021032505016883,GLH,17,49,10,386.0,3860.0
2021032505016880,GLH,17,43,80,386.0,30880.0
2021032505016844,GLH,17,22,10,386.0,3860.0
2021032505016974,GLH,41,57,200,386.0,77200.0
2021032505016973,GLH,42,57,250,386.0,96500.0
2021032505016972,GLH,35,57,90,386.0,34740.0
2021032505016951,GLH,35,50,10,386.0,3860.0
2021032505016917,GLH,17,32,10,386.0,3860.0
2021032505016914,GLH,17,34,10,386.0,3860.0
2021032505016980,GLH,41,57,100,386.0,38600.0
2021032505016979,GLH,25,57,100,386.0,38600.0
2021032505016978,GLH,25,57,20,386.0,7720.0
2021032505016977,GLH,42,57,40,386.0,15440.0
2021032505016976,GLH,21,57,35,386.0,13510.0
2021032505016975,GLH,21,57,50,386.0,19300.0
2021032505017021,GLH,39,4,75,386.0,28950.0
2021032505017019,GLH,39,57,10,386.0,3860.0
2021032505017008,GLH,39,32,10,386.0,3860.0
2021032505016983,GLH,39,57,55,386.0,21230.0
2021032505016982,GLH,47,57,50,386.0,19300.0
2021032505016981,GLH,57,57,10,386.0,3860.0
2021032505017088,NIFRA,55,26,40,610.0,24400.0
2021032505017087,NIFRA,59,26,10,610.0,6100.0
2021032505017085,NIFRA,59,42,60,610.0,36600.0
2021032505017084,NIFRA,59,38,60,610.0,36600.0
2021032505017083,NIFRA,48,44,210,611.0,128310.0
2021032505017082,NIFRA,48,29,50,611.0,30550.0
2021032505016594,NIFRA,45,42,20,613.0,12260.0
2021032505016593,NIFRA,6,42,30,613.0,18390.0
2021032505016592,NIFRA,6,10,50,613.0,30650.0
2021032505016591,NIFRA,6,32,50,613.0,30650.0
2021032505016590,NIFRA,6,51,50,613.0,30650.0
2021032505016600,NIFRA,38,39,10,613.0,6130.0
2021032505016599,NIFRA,45,39,50,613.0,30650.0
2021032505016598,NIFRA,45,58,50,613.0,30650.0
2021032505016597,NIFRA,45,57,50,613.0,30650.0
2021032505016596,NIFRA,45,45,10,613.0,6130.0
2021032505016595,NIFRA,45,45,50,613.0,30650.0
2021032505016607,NIFRA,45,38,50,613.0,30650.0
2021032505016606,NIFRA,45,52,50,613.0,30650.0
2021032505016605,NIFRA,45,44,50,613.0,30650.0
2021032505016604,NIFRA,45,3,50,613.0,30650.0
2021032505016602,NIFRA,45,32,30,613.0,18390.0
2021032505016601,NIFRA,38,32,20,613.0,12260.0
2021032505016614,NIFRA,45,37,10,613.0,6130.0
2021032505016613,NIFRA,45,39,50,613.0,30650.0
2021032505016611,NIFRA,45,41,20,613.0,12260.0
2021032505016610,NIFRA,45,46,60,613.0,36780.0
2021032505016609,NIFRA,45,3,50,613.0,30650.0
2021032505016608,NIFRA,45,58,60,613.0,36780.0
2021032505016623,NIFRA,58,51,10,614.0,6140.0
2021032505016622,NIFRA,45,22,10,613.0,6130.0
2021032505016621,NIFRA,45,39,50,613.0,30650.0
2021032505016617,NIFRA,55,58,50,614.0,30700.0
2021032505016616,NIFRA,55,36,50,614.0,30700.0
2021032505016615,NIFRA,45,32,50,613.0,30650.0
2021032505016631,NIFRA,47,51,25,614.0,15350.0
2021032505016630,NIFRA,45,38,60,613.0,36780.0
2021032505016627,NIFRA,45,50,50,613.0,30650.0
2021032505016626,NIFRA,45,58,60,613.0,36780.0
2021032505016625,NIFRA,45,34,60,613.0,36780.0
2021032505016624,NIFRA,54,51,25,614.0,15350.0
2021032505016637,NIFRA,49,16,20,613.0,12260.0
2021032505016636,NIFRA,45,16,30,613.0,18390.0
2021032505016635,NIFRA,45,59,50,613.0,30650.0
2021032505016634,NIFRA,45,45,100,613.0,61300.0
2021032505016633,NIFRA,40,19,"1,000",614.0,614000.0
2021032505016632,NIFRA,47,19,75,614.0,46050.0
2021032505016643,NIFRA,45,10,60,613.0,36780.0
2021032505016642,NIFRA,45,42,60,613.0,36780.0
2021032505016641,NIFRA,45,39,50,613.0,30650.0
2021032505016640,NIFRA,45,57,50,613.0,30650.0
2021032505016639,NIFRA,45,20,10,613.0,6130.0
2021032505016638,NIFRA,49,20,40,613.0,24520.0
2021032505016651,NIFRA,52,19,40,614.0,24560.0
2021032505016648,NIFRA,45,4,200,613.0,122600.0
2021032505016647,NIFRA,45,55,20,613.0,12260.0
2021032505016646,NIFRA,45,14,240,613.0,147120.0
2021032505016645,NIFRA,45,14,510,613.0,312630.0
2021032505016644,NIFRA,45,38,60,613.0,36780.0
2021032505016658,NIFRA,38,43,10,613.0,6130.0
2021032505016657,NIFRA,8,43,40,613.0,24520.0
2021032505016656,NIFRA,45,5,200,613.0,122600.0
2021032505016654,NIFRA,45,52,20,613.0,12260.0
2021032505016653,NIFRA,45,57,60,613.0,36780.0
2021032505016652,NIFRA,45,32,60,613.0,36780.0
2021032505016667,NIFRA,28,59,34,613.0,20842.0
2021032505016666,NIFRA,1,59,26,613.0,15938.0
2021032505016663,NIFRA,1,35,10,613.0,6130.0
2021032505016662,NIFRA,38,35,40,613.0,24520.0
2021032505016661,NIFRA,38,32,50,613.0,30650.0
2021032505016660,NIFRA,41,19,25,614.0,15350.0
2021032505016674,NIFRA,42,58,50,613.0,30650.0
2021032505016673,NIFRA,42,39,20,613.0,12260.0
2021032505016672,NIFRA,29,39,30,613.0,18390.0
2021032505016671,NIFRA,42,8,24,613.0,14712.0
2021032505016670,NIFRA,28,8,76,613.0,46588.0
2021032505016668,NIFRA,28,7,50,613.0,30650.0
2021032505016683,NIFRA,45,41,40,613.0,24520.0
2021032505016682,NIFRA,41,41,100,613.0,61300.0
2021032505016679,NIFRA,56,32,50,613.0,30650.0
2021032505016677,NIFRA,53,19,100,614.0,61400.0
2021032505016676,NIFRA,41,43,30,613.0,18390.0
2021032505016675,NIFRA,42,43,12,613.0,7356.0
2021032505016690,NIFRA,42,38,50,613.0,30650.0
2021032505016689,NIFRA,42,57,50,613.0,30650.0
2021032505016687,NIFRA,42,47,50,613.0,30650.0
2021032505016686,NIFRA,42,57,10,613.0,6130.0
2021032505016685,NIFRA,35,57,40,613.0,24520.0
2021032505016684,NIFRA,35,41,60,613.0,36780.0
2021032505016697,NIFRA,36,43,30,614.0,18420.0
2021032505016696,NIFRA,36,21,60,614.0,36840.0
2021032505016695,NIFRA,36,4,50,614.0,30700.0
2021032505016694,NIFRA,36,19,200,614.0,122800.0
2021032505016693,NIFRA,42,39,50,613.0,30650.0
2021032505016692,NIFRA,42,14,50,613.0,30650.0
2021032505016704,NIFRA,42,40,50,613.0,30650.0
2021032505016703,NIFRA,42,49,60,613.0,36780.0
2021032505016702,NIFRA,42,44,50,613.0,30650.0
2021032505016701,NIFRA,42,45,250,613.0,153250.0
2021032505016699,NIFRA,36,56,30,614.0,18420.0
2021032505016698,NIFRA,36,58,30,614.0,18420.0
2021032505016713,NIFRA,55,41,50,613.0,30650.0
2021032505016712,NIFRA,55,38,50,613.0,30650.0
2021032505016711,NIFRA,55,51,60,613.0,36780.0
2021032505016710,NIFRA,55,7,470,613.0,288110.0
2021032505016709,NIFRA,42,7,30,613.0,18390.0
2021032505016708,NIFRA,16,7,500,613.0,306500.0
2021032505016720,NIFRA,55,38,50,613.0,30650.0
2021032505016719,NIFRA,38,56,25,614.0,15350.0
2021032505016718,NIFRA,55,54,60,613.0,36780.0
2021032505016717,NIFRA,55,57,50,613.0,30650.0
2021032505016716,NIFRA,55,39,50,613.0,30650.0
2021032505016714,NIFRA,55,51,20,613.0,12260.0
2021032505016728,NIFRA,39,43,10,613.0,6130.0
2021032505016727,NIFRA,39,58,60,613.0,36780.0
2021032505016726,NIFRA,39,38,30,613.0,18390.0
2021032505016725,NIFRA,55,38,30,613.0,18390.0
2021032505016724,NIFRA,55,10,60,613.0,36780.0
2021032505016721,NIFRA,55,57,50,613.0,30650.0
2021032505016734,NIFRA,49,34,55,613.0,33715.0
2021032505016733,NIFRA,50,34,75,613.0,45975.0
2021032505016732,NIFRA,50,36,25,613.0,15325.0
2021032505016731,NIFRA,32,36,75,613.0,45975.0
2021032505016730,NIFRA,32,43,25,613.0,15325.0
2021032505016729,NIFRA,53,43,25,613.0,15325.0
2021032505016740,NIFRA,58,39,50,613.0,30650.0
2021032505016739,NIFRA,58,48,60,613.0,36780.0
2021032505016738,NIFRA,58,3,60,613.0,36780.0
2021032505016737,NIFRA,58,39,60,613.0,36780.0
2021032505016736,NIFRA,41,34,90,613.0,55170.0
2021032505016735,NIFRA,57,34,280,613.0,171640.0
2021032505016748,NIFRA,42,19,50,613.0,30650.0
2021032505016747,NIFRA,42,34,50,613.0,30650.0
2021032505016746,NIFRA,42,29,60,613.0,36780.0
2021032505016745,NIFRA,42,47,60,613.0,36780.0
2021032505016744,NIFRA,20,38,50,612.0,30600.0
2021032505016741,NIFRA,51,56,45,614.0,27630.0
2021032505016754,NIFRA,13,43,25,613.0,15325.0
2021032505016753,NIFRA,13,33,340,613.0,208420.0
2021032505016752,NIFRA,20,14,60,612.0,36720.0
2021032505016751,NIFRA,35,33,160,613.0,98080.0
2021032505016750,NIFRA,35,57,40,613.0,24520.0
2021032505016749,NIFRA,42,57,10,613.0,6130.0
2021032505016760,NIFRA,13,6,50,613.0,30650.0
2021032505016759,NIFRA,13,6,500,613.0,306500.0
2021032505016758,NIFRA,13,42,60,613.0,36780.0
2021032505016757,NIFRA,13,58,20,613.0,12260.0
2021032505016756,NIFRA,13,33,60,613.0,36780.0
2021032505016755,NIFRA,13,52,50,613.0,30650.0
2021032505016770,NIFRA,13,34,100,613.0,61300.0
2021032505016769,NIFRA,13,38,50,613.0,30650.0
2021032505016766,NIFRA,13,57,50,613.0,30650.0
2021032505016765,NIFRA,13,43,25,613.0,15325.0
2021032505016764,NIFRA,39,44,10,614.0,6140.0
2021032505016761,NIFRA,13,49,50,613.0,30650.0
2021032505016776,NIFRA,17,57,20,613.0,12260.0
2021032505016775,NIFRA,49,57,150,613.0,91950.0
2021032505016774,NIFRA,13,57,"1,470",613.0,901110.0
2021032505016773,NIFRA,13,57,50,613.0,30650.0
2021032505016772,NIFRA,13,32,50,613.0,30650.0
2021032505016771,NIFRA,13,52,50,613.0,30650.0
2021032505016783,NIFRA,6,49,150,613.0,91950.0
2021032505016782,NIFRA,20,6,50,612.0,30600.0
2021032505016781,NIFRA,14,49,440,613.0,269720.0
2021032505016780,NIFRA,14,43,60,613.0,36780.0
2021032505016778,NIFRA,20,57,315,612.0,192780.0
2021032505016777,NIFRA,42,57,45,613.0,27585.0
2021032505016789,NIFRA,49,49,410,613.0,251330.0
2021032505016788,NIFRA,20,10,50,612.0,30600.0
2021032505016787,NIFRA,20,38,50,612.0,30600.0
2021032505016786,NIFRA,20,51,60,612.0,36720.0
2021032505016785,NIFRA,20,57,60,612.0,36720.0
2021032505016784,NIFRA,20,38,50,612.0,30600.0
2021032505016796,NIFRA,20,51,50,612.0,30600.0
2021032505016795,NIFRA,20,10,30,612.0,18360.0
2021032505016793,NIFRA,20,51,40,612.0,24480.0
2021032505016792,NIFRA,49,47,200,613.0,122600.0
2021032505016791,NIFRA,49,43,30,613.0,18390.0
2021032505016790,NIFRA,49,16,60,613.0,36780.0
2021032505016807,NIFRA,20,20,305,612.0,186660.0
2021032505016804,NIFRA,20,38,50,612.0,30600.0
2021032505016803,NIFRA,20,38,20,612.0,12240.0
2021032505016802,NIFRA,20,16,50,612.0,30600.0
2021032505016801,NIFRA,48,47,100,613.0,61300.0
2021032505016800,NIFRA,20,38,60,612.0,36720.0
2021032505016815,NIFRA,16,47,115,613.0,70495.0
2021032505016814,NIFRA,20,42,200,612.0,122400.0
2021032505016812,NIFRA,40,47,100,613.0,61300.0
2021032505016810,NIFRA,59,47,500,613.0,306500.0
2021032505016809,NIFRA,57,47,100,613.0,61300.0
2021032505016808,NIFRA,13,47,108,613.0,66204.0
2021032505016823,NIFRA,5,47,231,613.0,141603.0
2021032505016821,NIFRA,20,5,10,612.0,6120.0
2021032505016820,NIFRA,20,38,50,612.0,30600.0
2021032505016819,NIFRA,20,38,50,612.0,30600.0
2021032505016817,NIFRA,20,57,10,612.0,6120.0
2021032505016816,NIFRA,42,47,106,613.0,64978.0
2021032505016829,NIFRA,5,43,25,613.0,15325.0
2021032505016828,NIFRA,5,13,200,613.0,122600.0
2021032505016827,NIFRA,5,45,50,613.0,30650.0
2021032505016826,NIFRA,5,43,30,613.0,18390.0
2021032505016825,NIFRA,5,44,200,613.0,122600.0
2021032505016824,NIFRA,5,45,50,613.0,30650.0
2021032505016837,NIFRA,6,45,60,613.0,36780.0
2021032505016836,NIFRA,6,43,25,613.0,15325.0
2021032505016835,NIFRA,6,14,136,613.0,83368.0
2021032505016833,NIFRA,20,40,50,612.0,30600.0
2021032505016831,NIFRA,5,14,164,613.0,100532.0
2021032505016830,NIFRA,5,59,50,613.0,30650.0
2021032505016843,NIFRA,5,16,"1,000",613.0,613000.0
2021032505016842,NIFRA,8,16,300,613.0,183900.0
2021032505016841,NIFRA,6,43,30,613.0,18390.0
2021032505016840,NIFRA,6,14,50,613.0,30650.0
2021032505016839,NIFRA,6,17,50,613.0,30650.0
2021032505016838,NIFRA,6,43,25,613.0,15325.0
2021032505016851,NIFRA,20,42,60,612.0,36720.0
2021032505016850,NIFRA,5,16,"1,000",613.0,613000.0
2021032505016849,NIFRA,20,45,50,612.0,30600.0
2021032505016848,NIFRA,16,16,60,613.0,36780.0
2021032505016846,NIFRA,20,44,50,612.0,30600.0
2021032505016845,NIFRA,20,45,50,612.0,30600.0
2021032505016858,NIFRA,42,16,400,613.0,245200.0
2021032505016857,NIFRA,20,58,50,612.0,30600.0
2021032505016856,NIFRA,35,16,75,613.0,45975.0
2021032505016855,NIFRA,34,16,500,613.0,306500.0
2021032505016853,NIFRA,20,45,30,612.0,18360.0
2021032505016852,NIFRA,34,16,65,613.0,39845.0
2021032505016864,NIFRA,34,16,500,613.0,306500.0
2021032505016863,NIFRA,20,42,550,612.0,336600.0
2021032505016862,NIFRA,20,38,150,612.0,91800.0
2021032505016861,NIFRA,20,39,40,612.0,24480.0
2021032505016860,NIFRA,1,16,170,613.0,104210.0
2021032505016859,NIFRA,20,45,50,612.0,30600.0
2021032505016872,NIFRA,42,16,100,613.0,61300.0
2021032505016870,NIFRA,20,5,50,612.0,30600.0
2021032505016869,NIFRA,20,16,50,612.0,30600.0
2021032505016868,NIFRA,20,1,10,612.0,6120.0
2021032505016867,NIFRA,20,38,60,612.0,36720.0
2021032505016866,NIFRA,38,16,15,613.0,9195.0
2021032505016878,NIFRA,39,33,16,612.0,9792.0
2021032505016877,NIFRA,42,33,118,612.0,72216.0
2021032505016876,NIFRA,36,33,100,612.0,61200.0
2021032505016875,NIFRA,20,33,224,612.0,137088.0
2021032505016874,NIFRA,20,22,50,612.0,30600.0
2021032505016873,NIFRA,34,16,500,613.0,306500.0
2021032505016889,NIFRA,42,26,100,612.0,61200.0
2021032505016888,NIFRA,48,26,200,612.0,122400.0
2021032505016886,NIFRA,39,45,50,612.0,30600.0
2021032505016884,NIFRA,16,16,760,613.0,465880.0
2021032505016881,NIFRA,39,58,60,612.0,36720.0
2021032505016879,NIFRA,39,33,42,612.0,25704.0
2021032505016895,NIFRA,58,42,25,612.0,15300.0
2021032505016894,NIFRA,19,42,20,612.0,12240.0
2021032505016893,NIFRA,39,42,15,612.0,9180.0
2021032505016892,NIFRA,39,26,85,612.0,52020.0
2021032505016891,NIFRA,38,26,40,612.0,24480.0
2021032505016890,NIFRA,39,26,135,612.0,82620.0
2021032505016902,NIFRA,58,16,500,613.0,306500.0
2021032505016901,NIFRA,55,58,50,612.0,30600.0
2021032505016900,NIFRA,55,58,10,612.0,6120.0
2021032505016899,NIFRA,55,38,25,612.0,15300.0
2021032505016898,NIFRA,58,38,25,612.0,15300.0
2021032505016897,NIFRA,28,16,500,613.0,306500.0
2021032505016909,NIFRA,50,6,50,612.0,30600.0
2021032505016908,NIFRA,42,6,300,612.0,183600.0
2021032505016907,NIFRA,45,6,100,612.0,61200.0
2021032505016906,NIFRA,55,6,805,612.0,492660.0
2021032505016905,NIFRA,55,4,60,612.0,36720.0
2021032505016903,NIFRA,55,32,50,612.0,30600.0
2021032505016916,NIFRA,52,59,20,612.0,12240.0
2021032505016915,NIFRA,49,59,20,612.0,12240.0
2021032505016913,NIFRA,49,6,180,612.0,110160.0
2021032505016912,NIFRA,58,6,65,612.0,39780.0
2021032505016911,NIFRA,52,6,200,612.0,122400.0
2021032505016910,NIFRA,33,6,100,612.0,61200.0
2021032505016923,NIFRA,48,50,10,612.0,6120.0
2021032505016922,NIFRA,48,45,20,612.0,12240.0
2021032505016921,NIFRA,45,45,40,612.0,24480.0
2021032505016920,NIFRA,52,45,320,612.0,195840.0
2021032505016919,NIFRA,52,16,50,612.0,30600.0
2021032505016918,NIFRA,52,34,60,612.0,36720.0
2021032505016931,NIFRA,59,35,500,612.0,306000.0
2021032505016930,NIFRA,32,35,90,612.0,55080.0
2021032505016927,NIFRA,13,38,21,612.0,12852.0
2021032505016926,NIFRA,13,38,27,612.0,16524.0
2021032505016925,NIFRA,13,58,32,612.0,19584.0
2021032505016924,NIFRA,48,58,20,612.0,12240.0
2021032505016937,NIFRA,39,35,200,612.0,122400.0
2021032505016936,NIFRA,57,35,141,612.0,86292.0
2021032505016935,NIFRA,42,35,"1,000",612.0,612000.0
2021032505016934,NIFRA,21,35,400,612.0,244800.0
2021032505016933,NIFRA,38,35,40,612.0,24480.0
2021032505016932,NIFRA,17,35,100,612.0,61200.0
2021032505016943,NIFRA,16,35,28,612.0,17136.0
2021032505016942,NIFRA,41,35,400,612.0,244800.0
2021032505016941,NIFRA,13,35,600,612.0,367200.0
2021032505016940,NIFRA,35,35,20,612.0,12240.0
2021032505016939,NIFRA,57,35,200,612.0,122400.0
2021032505016938,NIFRA,55,35,50,612.0,30600.0
2021032505016950,NIFRA,53,35,30,612.0,18360.0
2021032505016948,NIFRA,34,44,50,611.0,30550.0
2021032505016947,NIFRA,34,26,50,611.0,30550.0
2021032505016946,NIFRA,7,26,10,611.0,6110.0
2021032505016945,NIFRA,7,38,10,611.0,6110.0
2021032505016944,NIFRA,29,38,40,611.0,24440.0
2021032505016957,NIFRA,34,58,50,611.0,30550.0
2021032505016956,NIFRA,34,38,60,611.0,36660.0
2021032505016955,NIFRA,34,38,60,611.0,36660.0
2021032505016954,NIFRA,38,35,10,612.0,6120.0
2021032505016953,NIFRA,34,38,60,611.0,36660.0
2021032505016952,NIFRA,34,34,50,611.0,30550.0
2021032505016963,NIFRA,35,10,50,611.0,30550.0
2021032505016962,NIFRA,35,38,25,611.0,15275.0
2021032505016961,NIFRA,35,26,50,611.0,30550.0
2021032505016960,NIFRA,35,22,910,611.0,556010.0
2021032505016959,NIFRA,42,22,170,611.0,103870.0
2021032505016958,NIFRA,34,22,120,611.0,73320.0
2021032505016970,NIFRA,35,44,355,611.0,216905.0
2021032505016969,NIFRA,45,35,100,612.0,61200.0
2021032505016968,NIFRA,35,3,60,611.0,36660.0
2021032505016967,NIFRA,35,1,50,611.0,30550.0
2021032505016965,NIFRA,4,35,100,612.0,61200.0
2021032505016964,NIFRA,58,35,100,612.0,61200.0
2021032505016988,NIFRA,42,26,300,611.0,183300.0
2021032505016987,NIFRA,54,26,500,611.0,305500.0
2021032505016986,NIFRA,34,26,100,611.0,61100.0
2021032505016985,NIFRA,16,26,200,611.0,122200.0
2021032505016984,NIFRA,42,26,155,611.0,94705.0
2021032505016971,NIFRA,42,44,145,611.0,88595.0
2021032505016994,NIFRA,22,26,305,611.0,186355.0
2021032505016993,NIFRA,22,56,50,611.0,30550.0
2021032505016992,NIFRA,22,50,10,611.0,6110.0
2021032505016991,NIFRA,22,26,135,611.0,82485.0
2021032505016990,NIFRA,58,26,10,611.0,6110.0
2021032505016989,NIFRA,50,26,200,611.0,122200.0
2021032505017000,NIFRA,45,35,150,612.0,91800.0
2021032505016999,NIFRA,39,38,10,611.0,6110.0
2021032505016998,NIFRA,7,38,50,611.0,30550.0
2021032505016997,NIFRA,7,46,60,611.0,36660.0
2021032505016996,NIFRA,7,26,40,611.0,24440.0
2021032505016995,NIFRA,47,26,10,611.0,6110.0
2021032505017006,NIFRA,39,16,50,611.0,30550.0
2021032505017005,NIFRA,39,58,10,611.0,6110.0
2021032505017004,NIFRA,39,38,60,611.0,36660.0
2021032505017003,NIFRA,39,45,480,611.0,293280.0
2021032505017002,NIFRA,46,45,"2,500",611.0,1527500.0
2021032505017001,NIFRA,39,57,10,611.0,6110.0
2021032505017013,NIFRA,59,49,460,611.0,281060.0
2021032505017012,NIFRA,32,49,70,611.0,42770.0
2021032505017011,NIFRA,34,49,50,611.0,30550.0
2021032505017010,NIFRA,45,49,40,611.0,24440.0
2021032505017009,NIFRA,39,49,380,611.0,232180.0
2021032505017007,NIFRA,10,35,10,612.0,6120.0
2021032505017020,NIFRA,41,35,325,612.0,198900.0
2021032505017018,NIFRA,45,49,20,611.0,12220.0
2021032505017017,NIFRA,45,26,"1,000",611.0,611000.0
2021032505017016,NIFRA,45,39,50,611.0,30550.0
2021032505017015,NIFRA,45,45,460,611.0,281060.0
2021032505017014,NIFRA,59,45,40,611.0,24440.0
2021032505017028,NIFRA,49,1,20,611.0,12220.0
2021032505017027,NIFRA,45,1,310,611.0,189410.0
2021032505017026,NIFRA,45,44,100,611.0,61100.0
2021032505017025,NIFRA,45,49,50,611.0,30550.0
2021032505017024,NIFRA,58,35,50,612.0,30600.0
2021032505017023,NIFRA,45,50,10,611.0,6110.0
2021032505017036,NIFRA,45,1,50,611.0,30550.0
2021032505017035,NIFRA,58,1,30,611.0,18330.0
2021032505017033,NIFRA,13,58,50,610.0,30500.0
2021032505017032,NIFRA,13,38,50,610.0,30500.0
2021032505017031,NIFRA,13,10,60,610.0,36600.0
2021032505017029,NIFRA,13,26,50,610.0,30500.0
2021032505017042,NIFRA,13,56,20,610.0,12200.0
2021032505017041,NIFRA,13,56,50,610.0,30500.0
2021032505017040,NIFRA,13,26,60,610.0,36600.0
2021032505017039,NIFRA,38,26,75,611.0,45825.0
2021032505017038,NIFRA,38,59,60,611.0,36660.0
2021032505017037,NIFRA,38,1,90,611.0,54990.0
2021032505017049,NIFRA,58,16,220,610.0,134200.0
2021032505017048,NIFRA,58,38,60,610.0,36600.0
2021032505017047,NIFRA,58,28,200,610.0,122000.0
2021032505017046,NIFRA,6,26,100,611.0,61100.0
2021032505017045,NIFRA,58,38,20,610.0,12200.0
2021032505017044,NIFRA,13,38,40,610.0,24400.0
2021032505017055,NIFRA,56,16,30,610.0,18300.0
2021032505017054,NIFRA,19,16,200,610.0,122000.0
2021032505017053,NIFRA,14,16,500,610.0,305000.0
2021032505017052,NIFRA,57,16,10,610.0,6100.0
2021032505017051,NIFRA,59,16,100,610.0,61000.0
2021032505017050,NIFRA,58,16,10,610.0,6100.0
2021032505017061,NIFRA,55,26,10,610.0,6100.0
2021032505017060,NIFRA,55,14,160,610.0,97600.0
2021032505017059,NIFRA,55,58,50,610.0,30500.0
2021032505017058,NIFRA,55,57,50,610.0,30500.0
2021032505017057,NIFRA,55,16,230,610.0,140300.0
2021032505017056,NIFRA,5,16,200,610.0,122000.0
2021032505017067,NIFRA,59,57,40,610.0,24400.0
2021032505017066,NIFRA,53,57,160,610.0,97600.0
2021032505017065,NIFRA,53,44,40,610.0,24400.0
2021032505017064,NIFRA,45,44,10,610.0,6100.0
2021032505017063,NIFRA,45,54,50,610.0,30500.0
2021032505017062,NIFRA,45,26,40,610.0,24400.0
2021032505017075,NIFRA,59,56,50,610.0,30500.0
2021032505017074,NIFRA,59,38,60,610.0,36600.0
2021032505017072,NIFRA,45,32,30,611.0,18330.0
2021032505017071,NIFRA,45,34,10,611.0,6110.0
2021032505017070,NIFRA,45,5,10,611.0,6110.0
2021032505017069,NIFRA,45,26,45,611.0,27495.0
2021032505017081,NIFRA,48,21,100,611.0,61100.0
2021032505017080,NIFRA,48,56,60,611.0,36660.0
2021032505017079,NIFRA,59,43,60,610.0,36600.0
2021032505017078,NIFRA,59,49,50,610.0,30500.0
2021032505017077,NIFRA,59,58,50,610.0,30500.0
2021032505017076,NIFRA,59,26,60,610.0,36600.0
2021032505016570,CGH,1,46,10,2079.0,20790.0
2021032505016565,CGH,1,42,10,2079.0,20790.0
2021032505016548,CGH,1,47,10,2079.0,20790.0
2021032505016542,CGH,1,13,10,2079.0,20790.0
2021032505016524,CGH,1,33,10,2079.0,20790.0
2021032505016522,CGH,1,45,10,2079.0,20790.0
2021032505016103,CGH,1,58,10,2079.0,20790.0
2021032505016093,CGH,1,32,10,2079.0,20790.0
2021032505016124,CGH,1,38,10,2079.0,20790.0
2021032505016118,CGH,1,22,10,2079.0,20790.0
2021032505016115,CGH,1,38,10,2079.0,20790.0
2021032505016114,CGH,1,29,10,2079.0,20790.0
2021032505016107,CGH,1,38,10,2079.0,20790.0
2021032505016104,CGH,1,4,10,2079.0,20790.0
2021032505016139,CGH,1,1,10,2079.0,20790.0
2021032505016134,CGH,1,17,10,2079.0,20790.0
2021032505016133,CGH,1,39,10,2079.0,20790.0
2021032505016130,CGH,1,1,10,2079.0,20790.0
2021032505016127,CGH,1,40,10,2079.0,20790.0
2021032505016126,CGH,1,7,10,2079.0,20790.0
2021032505016188,CGH,1,45,10,2079.0,20790.0
2021032505016177,CGH,1,45,10,2079.0,20790.0
2021032505016169,CGH,1,21,10,2079.0,20790.0
2021032505016161,CGH,1,17,10,2079.0,20790.0
2021032505016153,CGH,1,38,10,2079.0,20790.0
2021032505016152,CGH,1,38,10,2079.0,20790.0
2021032505016266,CGH,1,37,10,2079.0,20790.0
2021032505016226,CGH,1,8,10,2079.0,20790.0
2021032505016225,CGH,1,32,10,2079.0,20790.0
2021032505016209,CGH,1,48,10,2079.0,20790.0
2021032505016206,CGH,1,45,10,2079.0,20790.0
2021032505016195,CGH,1,26,10,2079.0,20790.0
2021032505016302,CGH,1,34,10,2079.0,20790.0
2021032505016299,CGH,1,18,10,2079.0,20790.0
2021032505016297,CGH,1,36,10,2079.0,20790.0
2021032505016280,CGH,1,38,10,2079.0,20790.0
2021032505016279,CGH,1,50,10,2079.0,20790.0
2021032505016276,CGH,1,58,10,2079.0,20790.0
2021032505016353,CGH,1,38,10,2079.0,20790.0
2021032505016350,CGH,1,8,10,2079.0,20790.0
2021032505016341,CGH,1,56,10,2079.0,20790.0
2021032505016339,CGH,1,58,10,2079.0,20790.0
2021032505016332,CGH,1,53,10,2079.0,20790.0
2021032505016303,CGH,1,58,10,2079.0,20790.0
2021032505016408,CGH,1,21,10,2079.0,20790.0
2021032505016406,CGH,1,3,10,2079.0,20790.0
2021032505016402,CGH,1,58,10,2079.0,20790.0
2021032505016390,CGH,1,45,10,2079.0,20790.0
2021032505016377,CGH,1,26,10,2079.0,20790.0
2021032505016374,CGH,1,36,10,2079.0,20790.0
2021032505016476,CGH,1,45,10,2079.0,20790.0
2021032505016473,CGH,1,47,10,2079.0,20790.0
2021032505016456,CGH,1,58,10,2079.0,20790.0
2021032505016443,CGH,1,17,10,2079.0,20790.0
2021032505016421,CGH,1,36,10,2079.0,20790.0
2021032505016410,CGH,1,38,10,2079.0,20790.0
2021032505016585,GLH,16,33,30,387.0,11610.0
2021032505016584,GLH,57,33,30,387.0,11610.0
2021032505016583,GLH,57,33,490,387.0,189630.0
2021032505016582,GLH,11,33,100,387.0,38700.0
2021032505016581,GLH,49,33,100,387.0,38700.0
2021032505016580,GLH,38,33,20,387.0,7740.0
2021032505016113,GLH,34,38,10,388.0,3880.0
2021032505016106,GLH,34,6,10,388.0,3880.0
2021032505016092,GLH,34,37,10,388.0,3880.0
2021032505016198,GLH,34,21,10,388.0,3880.0
2021032505016166,GLH,34,32,10,388.0,3880.0
2021032505016125,GLH,34,57,10,388.0,3880.0
2021032505016119,GLH,36,19,100,389.0,38900.0
2021032505016117,GLH,34,6,10,388.0,3880.0
2021032505016116,GLH,34,56,10,388.0,3880.0
2021032505016274,GLH,36,50,10,388.0,3880.0
2021032505016223,GLH,36,45,10,388.0,3880.0
2021032505016217,GLH,57,19,10,387.0,3870.0
2021032505016210,GLH,1,45,90,388.0,34920.0
2021032505016208,GLH,1,11,10,388.0,3880.0
2021032505016204,GLH,38,40,10,388.0,3880.0
2021032505016322,GLH,36,26,10,388.0,3880.0
2021032505016313,GLH,36,21,10,388.0,3880.0
2021032505016304,GLH,36,37,10,388.0,3880.0
2021032505016285,GLH,36,38,10,388.0,3880.0
2021032505016283,GLH,36,11,10,388.0,3880.0
2021032505016277,GLH,36,41,10,388.0,3880.0
2021032505016369,GLH,57,45,10,387.0,3870.0
2021032505016347,GLH,57,37,10,387.0,3870.0
2021032505016340,GLH,57,51,10,387.0,3870.0
2021032505016333,GLH,57,38,10,388.0,3880.0
2021032505016324,GLH,36,3,10,388.0,3880.0
2021032505016323,GLH,36,48,10,388.0,3880.0
2021032505016428,GLH,54,21,10,387.0,3870.0
2021032505016420,GLH,54,48,10,387.0,3870.0
2021032505016415,GLH,54,21,10,387.0,3870.0
2021032505016401,GLH,48,57,10,388.0,3880.0
2021032505016394,GLH,54,38,10,387.0,3870.0
2021032505016382,GLH,54,46,10,387.0,3870.0
2021032505016517,GLH,13,21,10,387.0,3870.0
2021032505016500,GLH,13,56,10,387.0,3870.0
2021032505016490,GLH,13,38,10,387.0,3870.0
2021032505016486,GLH,13,21,10,387.0,3870.0
2021032505016484,GLH,13,56,10,387.0,3870.0
2021032505016474,GLH,13,17,10,387.0,3870.0
2021032505016534,GLH,13,21,10,387.0,3870.0
2021032505016532,GLH,13,56,10,387.0,3870.0
2021032505016523,GLH,13,38,10,387.0,3870.0
2021032505016521,GLH,34,49,30,388.0,11640.0
2021032505016520,GLH,34,46,10,388.0,3880.0
2021032505016519,GLH,34,21,10,388.0,3880.0
2021032505016564,GLH,59,51,40,387.0,15480.0
2021032505016563,GLH,13,51,70,387.0,27090.0
2021032505016557,GLH,13,56,10,387.0,3870.0
2021032505016556,GLH,13,48,10,387.0,3870.0
2021032505016555,GLH,13,21,10,387.0,3870.0
2021032505016541,GLH,13,56,10,387.0,3870.0
2021032505016579,GLH,59,33,10,387.0,3870.0
2021032505016578,GLH,59,36,10,387.0,3870.0
2021032505016577,GLH,59,58,10,387.0,3870.0
2021032505016575,GLH,59,38,10,387.0,3870.0
2021032505016572,GLH,59,36,10,387.0,3870.0
2021032505016571,GLH,59,56,10,387.0,3870.0
2021032505016588,NIFRA,6,32,50,613.0,30650.0
2021032505016587,NIFRA,6,39,60,613.0,36780.0
2021032505016586,NIFRA,6,36,190,613.0,116470.0
2021032505016576,NIFRA,6,48,50,613.0,30650.0
2021032505016574,NIFRA,6,32,50,613.0,30650.0
2021032505016573,NIFRA,6,56,60,613.0,36780.0
2021032505016091,NIFRA,11,36,20,613.0,12260.0
2021032505016090,NIFRA,11,45,10,613.0,6130.0
2021032505016089,NIFRA,11,34,60,613.0,36780.0
2021032505016099,NIFRA,50,38,40,613.0,24520.0
2021032505016098,NIFRA,42,38,20,613.0,12260.0
2021032505016097,NIFRA,42,36,30,613.0,18390.0
2021032505016096,NIFRA,42,37,60,613.0,36780.0
2021032505016095,NIFRA,42,17,500,613.0,306500.0
2021032505016094,NIFRA,55,50,10,612.0,6120.0
2021032505016109,NIFRA,26,52,150,613.0,91950.0
2021032505016108,NIFRA,26,14,240,613.0,147120.0
2021032505016105,NIFRA,55,21,18,612.0,11016.0
2021032505016102,NIFRA,50,14,60,613.0,36780.0
2021032505016101,NIFRA,50,19,50,613.0,30650.0
2021032505016100,NIFRA,50,14,50,613.0,30650.0
2021032505016122,NIFRA,44,38,10,613.0,6130.0
2021032505016121,NIFRA,44,36,50,613.0,30650.0
2021032505016120,NIFRA,44,28,100,613.0,61300.0
2021032505016112,NIFRA,55,19,50,612.0,30600.0
2021032505016111,NIFRA,26,14,60,613.0,36780.0
2021032505016110,NIFRA,26,6,50,613.0,30650.0
2021032505016135,NIFRA,10,29,50,613.0,30650.0
2021032505016132,NIFRA,10,19,60,613.0,36780.0
2021032505016131,NIFRA,10,6,50,613.0,30650.0
2021032505016129,NIFRA,10,38,40,613.0,24520.0
2021032505016128,NIFRA,10,5,60,613.0,36780.0
2021032505016123,NIFRA,55,38,50,612.0,30600.0
2021032505016142,NIFRA,6,7,40,613.0,24520.0
2021032505016141,NIFRA,13,7,20,613.0,12260.0
2021032505016140,NIFRA,13,45,50,613.0,30650.0
2021032505016138,NIFRA,42,59,62,614.0,38068.0
2021032505016137,NIFRA,42,55,438,614.0,268932.0
2021032505016136,NIFRA,10,48,40,613.0,24520.0
2021032505016148,NIFRA,42,51,50,614.0,30700.0
2021032505016147,NIFRA,42,21,50,614.0,30700.0
2021032505016146,NIFRA,42,4,60,614.0,36840.0
2021032505016145,NIFRA,42,50,110,614.0,67540.0
2021032505016144,NIFRA,42,59,38,614.0,23332.0
2021032505016143,NIFRA,42,7,50,613.0,30650.0
2021032505016156,NIFRA,42,13,40,613.0,24520.0
2021032505016155,NIFRA,45,13,20,613.0,12260.0
2021032505016154,NIFRA,57,19,50,612.0,30600.0
2021032505016151,NIFRA,42,33,32,614.0,19648.0
2021032505016150,NIFRA,42,14,60,614.0,36840.0
2021032505016149,NIFRA,42,55,50,614.0,30700.0
2021032505016163,NIFRA,21,33,50,614.0,30700.0
2021032505016162,NIFRA,42,33,500,614.0,307000.0
2021032505016160,NIFRA,55,1,20,612.0,12240.0
2021032505016159,NIFRA,42,33,300,614.0,184200.0
2021032505016158,NIFRA,42,29,100,613.0,61300.0
2021032505016157,NIFRA,42,47,60,613.0,36780.0
2021032505016171,NIFRA,42,51,50,613.0,30650.0
2021032505016170,NIFRA,42,51,335,613.0,205355.0
2021032505016168,NIFRA,42,11,15,613.0,9195.0
2021032505016167,NIFRA,42,19,50,613.0,30650.0
2021032505016165,NIFRA,57,22,25,612.0,15300.0
2021032505016164,NIFRA,55,22,25,612.0,15300.0
