Transact. No.,Symbol,Buyer,Seller,Quantity,Rate,Amount
2021032105022857,CGH,58,58,10,1421.0,14210.0
2021032105022856,CGH,58,38,10,1421.0,14210.0
2021032105022844,CGH,58,38,10,1421.0,14210.0
2021032105022735,CGH,58,58,10,1421.0,14210.0
2021032105022730,CGH,58,36,10,1421.0,14210.0
2021032105022635,CGH,58,17,10,1421.0,14210.0
2021032105022621,CGH,58,58,10,1421.0,14210.0
2021032105022584,CGH,58,34,10,1421.0,14210.0
2021032105022521,CGH,58,43,10,1421.0,14210.0
2021032105022449,CGH,58,29,10,1421.0,14210.0
2021032105022444,CGH,58,1,10,1421.0,14210.0
2021032105022927,GLH,14,34,10,372.0,3720.0
2021032105022926,GLH,14,29,10,372.0,3720.0
2021032105022925,GLH,14,58,10,372.0,3720.0
2021032105022924,GLH,14,21,10,372.0,3720.0
2021032105022923,GLH,14,32,10,372.0,3720.0
2021032105022922,GLH,14,19,10,372.0,3720.0
2021032105022440,GLH,46,13,10,369.0,3690.0
2021032105022439,GLH,46,29,10,369.0,3690.0
2021032105022436,GLH,46,33,10,369.0,3690.0
2021032105022433,GLH,46,49,10,369.0,3690.0
2021032105022431,GLH,46,17,10,369.0,3690.0
2021032105022454,GLH,46,58,10,369.0,3690.0
2021032105022453,GLH,46,34,10,369.0,3690.0
2021032105022448,GLH,46,10,10,369.0,3690.0
2021032105022447,GLH,46,38,10,369.0,3690.0
2021032105022446,GLH,46,17,10,369.0,3690.0
2021032105022441,GLH,46,38,10,369.0,3690.0
2021032105022478,GLH,46,58,10,369.0,3690.0
2021032105022475,GLH,46,7,10,369.0,3690.0
2021032105022469,GLH,46,17,10,369.0,3690.0
2021032105022463,GLH,46,57,10,369.0,3690.0
2021032105022462,GLH,46,58,10,369.0,3690.0
2021032105022455,GLH,46,29,10,369.0,3690.0
2021032105022488,GLH,46,7,10,369.0,3690.0
2021032105022487,GLH,46,55,10,369.0,3690.0
2021032105022486,GLH,46,17,10,369.0,3690.0
2021032105022485,GLH,46,38,10,369.0,3690.0
2021032105022482,GLH,46,8,10,369.0,3690.0
2021032105022479,GLH,46,34,10,369.0,3690.0
2021032105022503,GLH,46,34,10,369.0,3690.0
2021032105022498,GLH,46,38,10,369.0,3690.0
2021032105022497,GLH,46,7,10,369.0,3690.0
2021032105022495,GLH,46,57,10,369.0,3690.0
2021032105022494,GLH,46,58,10,369.0,3690.0
2021032105022489,GLH,46,58,10,369.0,3690.0
2021032105022516,GLH,46,42,10,369.0,3690.0
2021032105022515,GLH,46,57,10,369.0,3690.0
2021032105022510,GLH,46,38,10,369.0,3690.0
2021032105022509,GLH,46,57,10,369.0,3690.0
2021032105022508,GLH,46,42,10,369.0,3690.0
2021032105022507,GLH,46,48,10,369.0,3690.0
2021032105022523,GLH,46,7,10,369.0,3690.0
2021032105022522,GLH,46,21,10,369.0,3690.0
2021032105022520,GLH,46,29,10,369.0,3690.0
2021032105022519,GLH,46,38,10,369.0,3690.0
2021032105022518,GLH,46,45,10,369.0,3690.0
2021032105022517,GLH,46,58,10,369.0,3690.0
2021032105022534,GLH,32,6,10,370.0,3700.0
2021032105022533,GLH,32,34,10,370.0,3700.0
2021032105022532,GLH,32,36,10,370.0,3700.0
2021032105022531,GLH,32,6,10,370.0,3700.0
2021032105022530,GLH,46,34,10,369.0,3690.0
2021032105022524,GLH,46,14,10,369.0,3690.0
2021032105022546,GLH,46,16,10,369.0,3690.0
2021032105022541,GLH,46,45,10,369.0,3690.0
2021032105022540,GLH,46,48,10,369.0,3690.0
2021032105022537,GLH,46,17,10,369.0,3690.0
2021032105022536,GLH,46,58,10,369.0,3690.0
2021032105022535,GLH,32,58,10,370.0,3700.0
2021032105022575,GLH,46,34,10,369.0,3690.0
2021032105022569,GLH,46,45,10,369.0,3690.0
2021032105022563,GLH,46,7,10,369.0,3690.0
2021032105022559,GLH,46,45,10,369.0,3690.0
2021032105022556,GLH,46,21,10,369.0,3690.0
2021032105022550,GLH,46,21,10,369.0,3690.0
2021032105022592,GLH,46,57,10,369.0,3690.0
2021032105022591,GLH,46,45,10,369.0,3690.0
2021032105022590,GLH,46,34,10,369.0,3690.0
2021032105022583,GLH,46,49,10,369.0,3690.0
2021032105022579,GLH,46,45,10,369.0,3690.0
2021032105022576,GLH,46,7,10,369.0,3690.0
2021032105022600,GLH,42,50,10,370.0,3700.0
2021032105022599,GLH,42,13,10,370.0,3700.0
2021032105022598,GLH,42,53,10,370.0,3700.0
2021032105022597,GLH,42,13,10,370.0,3700.0
2021032105022594,GLH,46,29,10,369.0,3690.0
2021032105022593,GLH,46,34,10,369.0,3690.0
2021032105022606,GLH,42,53,10,370.0,3700.0
2021032105022605,GLH,42,34,10,370.0,3700.0
2021032105022604,GLH,42,22,10,370.0,3700.0
2021032105022603,GLH,42,55,10,370.0,3700.0
2021032105022602,GLH,42,13,10,370.0,3700.0
2021032105022601,GLH,42,13,10,370.0,3700.0
2021032105022612,GLH,42,58,10,370.0,3700.0
2021032105022611,GLH,42,55,10,370.0,3700.0
2021032105022610,GLH,42,28,10,370.0,3700.0
2021032105022609,GLH,42,58,10,370.0,3700.0
2021032105022608,GLH,42,39,10,370.0,3700.0
2021032105022607,GLH,42,55,10,370.0,3700.0
2021032105022618,GLH,42,43,10,370.0,3700.0
2021032105022617,GLH,42,58,10,370.0,3700.0
2021032105022616,GLH,42,49,10,370.0,3700.0
2021032105022615,GLH,42,22,10,370.0,3700.0
2021032105022614,GLH,42,22,10,370.0,3700.0
2021032105022613,GLH,42,43,10,370.0,3700.0
2021032105022633,GLH,42,50,10,370.0,3700.0
2021032105022629,GLH,42,7,10,370.0,3700.0
2021032105022628,GLH,42,58,10,370.0,3700.0
2021032105022625,GLH,42,26,10,370.0,3700.0
2021032105022622,GLH,42,45,10,370.0,3700.0
2021032105022620,GLH,42,34,10,370.0,3700.0
2021032105022649,GLH,42,44,10,370.0,3700.0
2021032105022648,GLH,42,8,10,370.0,3700.0
2021032105022647,GLH,42,32,10,370.0,3700.0
2021032105022642,GLH,42,21,10,370.0,3700.0
2021032105022639,GLH,42,21,10,370.0,3700.0
2021032105022637,GLH,42,45,10,370.0,3700.0
2021032105022657,GLH,10,58,10,371.0,3710.0
2021032105022654,GLH,42,45,10,370.0,3700.0
2021032105022653,GLH,4,14,500,370.0,185000.0
2021032105022652,GLH,42,21,10,370.0,3700.0
2021032105022651,GLH,42,4,10,370.0,3700.0
2021032105022650,GLH,42,22,10,370.0,3700.0
2021032105022686,GLH,42,21,10,370.0,3700.0
2021032105022679,GLH,42,57,10,370.0,3700.0
2021032105022676,GLH,10,44,10,371.0,3710.0
2021032105022661,GLH,10,53,10,371.0,3710.0
2021032105022659,GLH,10,21,10,371.0,3710.0
2021032105022658,GLH,10,16,10,371.0,3710.0
2021032105022704,GLH,41,22,10,370.0,3700.0
2021032105022703,GLH,41,21,10,370.0,3700.0
2021032105022702,GLH,29,44,10,371.0,3710.0
2021032105022692,GLH,41,13,10,370.0,3700.0
2021032105022688,GLH,41,58,10,370.0,3700.0
2021032105022687,GLH,41,48,10,370.0,3700.0
2021032105022716,GLH,41,47,10,370.0,3700.0
2021032105022714,GLH,41,48,10,370.0,3700.0
2021032105022713,GLH,41,34,10,370.0,3700.0
2021032105022710,GLH,43,49,10,372.0,3720.0
2021032105022707,GLH,41,13,10,370.0,3700.0
2021032105022705,GLH,41,41,10,370.0,3700.0
2021032105022734,GLH,41,44,10,370.0,3700.0
2021032105022731,GLH,41,4,10,370.0,3700.0
2021032105022729,GLH,41,38,10,370.0,3700.0
2021032105022722,GLH,41,55,10,370.0,3700.0
2021032105022720,GLH,41,29,10,370.0,3700.0
2021032105022719,GLH,41,36,10,370.0,3700.0
2021032105022778,GLH,41,59,10,370.0,3700.0
2021032105022754,GLH,41,21,10,370.0,3700.0
2021032105022752,GLH,3,48,10,371.0,3710.0
2021032105022751,GLH,3,50,10,371.0,3710.0
2021032105022750,GLH,41,32,10,371.0,3710.0
2021032105022737,GLH,41,58,10,370.0,3700.0
2021032105022803,GLH,41,56,10,370.0,3700.0
2021032105022801,GLH,41,35,10,370.0,3700.0
2021032105022800,GLH,41,58,10,370.0,3700.0
2021032105022787,GLH,41,49,10,370.0,3700.0
2021032105022784,GLH,44,28,10,371.0,3710.0
2021032105022783,GLH,41,45,10,370.0,3700.0
2021032105022816,GLH,8,48,10,370.0,3700.0
2021032105022815,GLH,41,17,10,370.0,3700.0
2021032105022814,GLH,41,48,10,370.0,3700.0
2021032105022811,GLH,41,47,10,370.0,3700.0
2021032105022810,GLH,41,21,10,370.0,3700.0
2021032105022807,GLH,41,35,10,370.0,3700.0
2021032105022837,GLH,41,58,10,372.0,3720.0
2021032105022836,GLH,41,41,10,371.0,3710.0
2021032105022835,GLH,41,14,10,371.0,3710.0
2021032105022834,GLH,41,58,10,371.0,3710.0
2021032105022833,GLH,8,58,10,370.0,3700.0
2021032105022828,GLH,8,38,10,370.0,3700.0
2021032105022843,GLH,41,17,10,372.0,3720.0
2021032105022842,GLH,41,40,10,372.0,3720.0
2021032105022841,GLH,41,38,10,372.0,3720.0
2021032105022840,GLH,41,58,10,372.0,3720.0
2021032105022839,GLH,41,49,10,372.0,3720.0
2021032105022838,GLH,41,25,10,372.0,3720.0
2021032105022866,GLH,21,48,10,370.0,3700.0
2021032105022863,GLH,1,17,10,370.0,3700.0
2021032105022862,GLH,1,10,10,370.0,3700.0
2021032105022855,GLH,8,54,10,370.0,3700.0
2021032105022847,GLH,8,51,10,370.0,3700.0
2021032105022846,GLH,8,11,10,370.0,3700.0
2021032105022883,GLH,59,48,10,370.0,3700.0
2021032105022882,GLH,59,57,10,370.0,3700.0
2021032105022874,GLH,21,38,10,370.0,3700.0
2021032105022872,GLH,21,50,10,370.0,3700.0
2021032105022871,GLH,21,11,10,370.0,3700.0
2021032105022869,GLH,21,22,10,370.0,3700.0
2021032105022891,GLH,59,36,10,370.0,3700.0
2021032105022889,GLH,41,45,10,371.0,3710.0
2021032105022887,GLH,41,41,10,371.0,3710.0
2021032105022886,GLH,41,38,10,371.0,3710.0
2021032105022885,GLH,41,14,10,371.0,3710.0
2021032105022884,GLH,41,51,10,371.0,3710.0
2021032105022905,GLH,59,22,10,370.0,3700.0
2021032105022904,GLH,59,48,10,370.0,3700.0
2021032105022903,GLH,59,34,10,370.0,3700.0
2021032105022894,GLH,59,38,10,370.0,3700.0
2021032105022893,GLH,59,56,10,370.0,3700.0
2021032105022892,GLH,59,32,10,370.0,3700.0
2021032105022915,GLH,14,17,10,371.0,3710.0
2021032105022914,GLH,14,49,10,371.0,3710.0
2021032105022913,GLH,14,41,10,371.0,3710.0
2021032105022912,GLH,44,45,10,370.0,3700.0
2021032105022909,GLH,44,11,10,370.0,3700.0
2021032105022908,GLH,59,34,10,370.0,3700.0
2021032105022921,GLH,14,35,10,372.0,3720.0
2021032105022920,GLH,14,57,10,372.0,3720.0
2021032105022919,GLH,14,8,10,372.0,3720.0
2021032105022918,GLH,14,38,10,372.0,3720.0
2021032105022917,GLH,14,11,10,371.0,3710.0
2021032105022916,GLH,14,58,10,371.0,3710.0
2021032105022930,NIFRA,16,44,25,528.0,13200.0
2021032105022929,NIFRA,16,52,100,528.0,52800.0
2021032105022928,NIFRA,16,36,50,528.0,26400.0
2021032105022911,NIFRA,16,29,30,528.0,15840.0
2021032105022910,NIFRA,14,29,30,528.0,15840.0
2021032105022907,NIFRA,16,44,30,528.0,15840.0
2021032105022437,NIFRA,45,45,50,529.0,26450.0
2021032105022435,NIFRA,11,8,50,528.0,26400.0
2021032105022434,NIFRA,58,45,50,529.0,26450.0
2021032105022432,NIFRA,1,41,50,528.0,26400.0
2021032105022451,NIFRA,58,55,60,528.0,31680.0
2021032105022450,NIFRA,45,55,100,528.0,52800.0
2021032105022445,NIFRA,58,40,50,528.0,26400.0
2021032105022443,NIFRA,58,53,40,528.0,21120.0
2021032105022442,NIFRA,11,53,10,528.0,5280.0
2021032105022438,NIFRA,11,58,50,528.0,26400.0
2021032105022460,NIFRA,53,14,60,528.0,31680.0
2021032105022459,NIFRA,53,43,50,528.0,26400.0
2021032105022458,NIFRA,53,36,60,528.0,31680.0
2021032105022457,NIFRA,53,55,20,528.0,10560.0
2021032105022456,NIFRA,51,38,50,527.0,26350.0
2021032105022452,NIFRA,46,55,20,528.0,10560.0
2021032105022468,NIFRA,32,6,50,528.0,26400.0
2021032105022467,NIFRA,32,7,60,528.0,31680.0
2021032105022466,NIFRA,32,52,60,528.0,31680.0
2021032105022465,NIFRA,32,37,50,528.0,26400.0
2021032105022464,NIFRA,32,53,40,528.0,21120.0
2021032105022461,NIFRA,53,53,10,528.0,5280.0
2021032105022476,NIFRA,36,45,258,529.0,136482.0
2021032105022474,NIFRA,50,59,30,528.0,15840.0
2021032105022473,NIFRA,48,59,20,528.0,10560.0
2021032105022472,NIFRA,21,45,600,529.0,317400.0
2021032105022471,NIFRA,48,36,10,528.0,5280.0
2021032105022470,NIFRA,32,36,40,528.0,21120.0
2021032105022490,NIFRA,47,40,60,528.0,31680.0
2021032105022484,NIFRA,49,45,450,529.0,238050.0
2021032105022483,NIFRA,49,53,50,528.0,26400.0
2021032105022481,NIFRA,51,17,50,527.0,26350.0
2021032105022480,NIFRA,50,53,10,528.0,5280.0
2021032105022477,NIFRA,50,51,60,528.0,31680.0
2021032105022500,NIFRA,42,32,100,528.0,52800.0
2021032105022499,NIFRA,21,32,20,528.0,10560.0
2021032105022496,NIFRA,16,32,50,528.0,26400.0
2021032105022493,NIFRA,47,32,130,528.0,68640.0
2021032105022492,NIFRA,47,16,60,528.0,31680.0
2021032105022491,NIFRA,47,43,50,528.0,26400.0
2021032105022511,NIFRA,42,33,40,528.0,21120.0
2021032105022506,NIFRA,42,52,50,528.0,26400.0
2021032105022505,NIFRA,42,53,60,528.0,31680.0
2021032105022504,NIFRA,42,6,50,528.0,26400.0
2021032105022502,NIFRA,42,36,50,528.0,26400.0
2021032105022501,NIFRA,42,35,50,528.0,26400.0
2021032105022527,NIFRA,42,42,55,527.0,28985.0
2021032105022526,NIFRA,41,42,50,527.0,26350.0
2021032105022525,NIFRA,50,42,100,527.0,52700.0
2021032105022514,NIFRA,45,33,50,528.0,26400.0
2021032105022513,NIFRA,41,38,50,527.0,26350.0
2021032105022512,NIFRA,45,33,80,528.0,42240.0
2021032105022543,NIFRA,35,45,60,528.0,31680.0
2021032105022542,NIFRA,35,38,50,527.0,26350.0
2021032105022539,NIFRA,38,51,20,528.0,10560.0
2021032105022538,NIFRA,38,33,30,528.0,15840.0
2021032105022529,NIFRA,35,42,95,527.0,50065.0
2021032105022528,NIFRA,45,42,100,527.0,52700.0
2021032105022551,NIFRA,42,42,10,527.0,5270.0
2021032105022549,NIFRA,42,11,10,527.0,5270.0
2021032105022548,NIFRA,42,19,15,527.0,7905.0
2021032105022547,NIFRA,35,19,35,527.0,18445.0
2021032105022545,NIFRA,57,45,40,528.0,21120.0
2021032105022544,NIFRA,35,45,440,528.0,232320.0
2021032105022558,NIFRA,21,45,100,528.0,52800.0
2021032105022557,NIFRA,26,58,50,527.0,26350.0
2021032105022555,NIFRA,26,42,10,527.0,5270.0
2021032105022554,NIFRA,51,42,100,527.0,52700.0
2021032105022553,NIFRA,58,42,50,527.0,26350.0
2021032105022552,NIFRA,42,42,30,527.0,15810.0
2021032105022566,NIFRA,51,17,40,527.0,21080.0
2021032105022565,NIFRA,57,45,278,528.0,146784.0
2021032105022564,NIFRA,51,58,50,527.0,26350.0
2021032105022562,NIFRA,51,17,10,527.0,5270.0
2021032105022561,NIFRA,26,17,40,527.0,21080.0
2021032105022560,NIFRA,26,38,50,527.0,26350.0
2021032105022573,NIFRA,45,45,10,527.0,5270.0
2021032105022572,NIFRA,25,45,40,527.0,21080.0
2021032105022571,NIFRA,52,45,100,528.0,52800.0
2021032105022570,NIFRA,25,4,50,527.0,26350.0
2021032105022568,NIFRA,1,45,"1,000",528.0,528000.0
2021032105022567,NIFRA,25,17,10,527.0,5270.0
2021032105022582,NIFRA,45,58,50,527.0,26350.0
2021032105022581,NIFRA,55,45,100,528.0,52800.0
2021032105022580,NIFRA,48,45,160,528.0,84480.0
2021032105022578,NIFRA,45,22,50,527.0,26350.0
2021032105022577,NIFRA,45,17,50,527.0,26350.0
2021032105022574,NIFRA,45,45,10,527.0,5270.0
2021032105022595,NIFRA,7,57,50,527.0,26350.0
2021032105022589,NIFRA,17,58,60,527.0,31620.0
2021032105022588,NIFRA,17,17,40,527.0,21080.0
2021032105022587,NIFRA,45,17,20,527.0,10540.0
2021032105022586,NIFRA,45,38,10,527.0,5270.0
2021032105022585,NIFRA,45,43,100,527.0,52700.0
2021032105022627,NIFRA,41,46,10,527.0,5270.0
2021032105022626,NIFRA,34,45,50,528.0,26400.0
2021032105022624,NIFRA,41,45,60,527.0,31620.0
2021032105022623,NIFRA,57,45,40,527.0,21080.0
2021032105022619,NIFRA,57,58,50,527.0,26350.0
2021032105022596,NIFRA,57,57,10,527.0,5270.0
2021032105022638,NIFRA,41,19,50,527.0,26350.0
2021032105022636,NIFRA,21,45,340,528.0,179520.0
2021032105022634,NIFRA,13,45,100,528.0,52800.0
2021032105022632,NIFRA,41,22,60,527.0,31620.0
2021032105022631,NIFRA,41,58,60,527.0,31620.0
2021032105022630,NIFRA,19,45,50,528.0,26400.0
2021032105022646,NIFRA,41,7,30,527.0,15810.0
2021032105022645,NIFRA,41,43,50,527.0,26350.0
2021032105022644,NIFRA,41,57,60,527.0,31620.0
2021032105022643,NIFRA,41,58,60,527.0,31620.0
2021032105022641,NIFRA,32,45,530,528.0,279840.0
2021032105022640,NIFRA,41,17,50,527.0,26350.0
2021032105022664,NIFRA,45,53,50,527.0,26350.0
2021032105022663,NIFRA,41,53,400,527.0,210800.0
2021032105022662,NIFRA,32,53,500,527.0,263500.0
2021032105022660,NIFRA,41,58,50,527.0,26350.0
2021032105022656,NIFRA,41,11,50,527.0,26350.0
2021032105022655,NIFRA,41,42,10,527.0,5270.0
2021032105022670,NIFRA,7,40,50,528.0,26400.0
2021032105022669,NIFRA,7,6,50,528.0,26400.0
2021032105022668,NIFRA,7,45,712,528.0,375936.0
2021032105022667,NIFRA,59,16,60,527.0,31620.0
2021032105022666,NIFRA,59,53,25,527.0,13175.0
2021032105022665,NIFRA,21,53,25,527.0,13175.0
2021032105022677,NIFRA,59,29,130,527.0,68510.0
2021032105022675,NIFRA,51,40,20,528.0,10560.0
2021032105022674,NIFRA,7,40,28,528.0,14784.0
2021032105022673,NIFRA,7,53,50,528.0,26400.0
2021032105022672,NIFRA,7,42,60,528.0,31680.0
2021032105022671,NIFRA,7,53,50,528.0,26400.0
2021032105022684,NIFRA,36,58,50,527.0,26350.0
2021032105022683,NIFRA,21,58,6,528.0,3168.0
2021032105022682,NIFRA,21,40,12,528.0,6336.0
2021032105022681,NIFRA,36,19,15,527.0,7905.0
2021032105022680,NIFRA,59,19,35,527.0,18445.0
2021032105022678,NIFRA,59,7,250,527.0,131750.0
2021032105022694,NIFRA,8,53,20,528.0,10560.0
2021032105022693,NIFRA,36,52,50,527.0,26350.0
2021032105022691,NIFRA,36,42,50,527.0,26350.0
2021032105022690,NIFRA,21,53,20,528.0,10560.0
2021032105022689,NIFRA,36,14,40,527.0,21080.0
2021032105022685,NIFRA,36,22,60,527.0,31620.0
2021032105022700,NIFRA,36,57,10,527.0,5270.0
2021032105022699,NIFRA,36,22,60,527.0,31620.0
2021032105022698,NIFRA,36,58,50,527.0,26350.0
2021032105022697,NIFRA,21,47,30,528.0,15840.0
2021032105022696,NIFRA,21,36,50,528.0,26400.0
2021032105022695,NIFRA,21,53,20,528.0,10560.0
2021032105022712,NIFRA,35,58,40,528.0,21120.0
2021032105022711,NIFRA,35,48,10,528.0,5280.0
2021032105022709,NIFRA,52,48,90,528.0,47520.0
2021032105022708,NIFRA,52,47,10,528.0,5280.0
2021032105022706,NIFRA,43,47,20,528.0,10560.0
2021032105022701,NIFRA,36,52,50,527.0,26350.0
2021032105022724,NIFRA,53,38,10,528.0,5280.0
2021032105022723,NIFRA,53,58,10,528.0,5280.0
2021032105022721,NIFRA,36,58,60,527.0,31620.0
2021032105022718,NIFRA,36,36,35,527.0,18445.0
2021032105022717,NIFRA,36,36,15,527.0,7905.0
2021032105022715,NIFRA,36,26,50,527.0,26350.0
2021032105022733,NIFRA,51,53,30,528.0,15840.0
2021032105022732,NIFRA,51,53,20,528.0,10560.0
2021032105022728,NIFRA,36,59,60,527.0,31620.0
2021032105022727,NIFRA,36,38,250,527.0,131750.0
2021032105022726,NIFRA,36,14,50,527.0,26350.0
2021032105022725,NIFRA,53,53,30,528.0,15840.0
2021032105022742,NIFRA,28,36,50,528.0,26400.0
2021032105022741,NIFRA,28,28,90,528.0,47520.0
2021032105022740,NIFRA,28,37,60,528.0,31680.0
2021032105022739,NIFRA,28,57,25,528.0,13200.0
2021032105022738,NIFRA,28,53,20,528.0,10560.0
2021032105022736,NIFRA,36,42,40,527.0,21080.0
2021032105022748,NIFRA,28,32,60,527.0,31620.0
2021032105022747,NIFRA,28,53,45,528.0,23760.0
2021032105022746,NIFRA,28,40,50,528.0,26400.0
2021032105022745,NIFRA,28,36,50,528.0,26400.0
2021032105022744,NIFRA,28,49,50,528.0,26400.0
2021032105022743,NIFRA,28,34,60,528.0,31680.0
2021032105022758,NIFRA,28,58,50,527.0,26350.0
2021032105022757,NIFRA,28,59,50,527.0,26350.0
2021032105022756,NIFRA,57,42,10,528.0,5280.0
2021032105022755,NIFRA,57,53,15,528.0,7920.0
2021032105022753,NIFRA,28,22,60,527.0,31620.0
2021032105022749,NIFRA,28,38,60,527.0,31620.0
2021032105022764,NIFRA,28,52,50,527.0,26350.0
2021032105022763,NIFRA,4,37,50,528.0,26400.0
2021032105022762,NIFRA,4,44,50,528.0,26400.0
2021032105022761,NIFRA,4,32,60,528.0,31680.0
2021032105022760,NIFRA,4,42,40,528.0,21120.0
2021032105022759,NIFRA,50,42,50,528.0,26400.0
2021032105022770,NIFRA,16,32,60,528.0,31680.0
2021032105022769,NIFRA,16,58,20,528.0,10560.0
2021032105022768,NIFRA,16,55,30,528.0,15840.0
2021032105022767,NIFRA,16,8,60,528.0,31680.0
2021032105022766,NIFRA,16,57,40,528.0,21120.0
2021032105022765,NIFRA,16,37,10,528.0,5280.0
2021032105022776,NIFRA,16,34,10,528.0,5280.0
2021032105022775,NIFRA,16,21,50,528.0,26400.0
2021032105022774,NIFRA,16,21,50,528.0,26400.0
2021032105022773,NIFRA,16,34,60,528.0,31680.0
2021032105022772,NIFRA,16,58,60,528.0,31680.0
2021032105022771,NIFRA,16,37,50,528.0,26400.0
2021032105022785,NIFRA,28,58,50,527.0,26350.0
2021032105022782,NIFRA,5,35,37,528.0,19536.0
2021032105022781,NIFRA,5,34,13,528.0,6864.0
2021032105022780,NIFRA,49,34,37,528.0,19536.0
2021032105022779,NIFRA,28,44,60,527.0,31620.0
2021032105022777,NIFRA,28,19,10,527.0,5270.0
2021032105022792,NIFRA,17,45,50,528.0,26400.0
2021032105022791,NIFRA,17,32,50,528.0,26400.0
2021032105022790,NIFRA,17,59,40,528.0,21120.0
2021032105022789,NIFRA,17,35,13,528.0,6864.0
2021032105022788,NIFRA,35,34,10,527.0,5270.0
2021032105022786,NIFRA,35,58,10,527.0,5270.0
2021032105022798,NIFRA,17,14,10,528.0,5280.0
2021032105022797,NIFRA,17,19,30,528.0,15840.0
2021032105022796,NIFRA,17,42,60,528.0,31680.0
2021032105022795,NIFRA,17,19,15,528.0,7920.0
2021032105022794,NIFRA,17,14,60,528.0,31680.0
2021032105022793,NIFRA,17,33,50,528.0,26400.0
2021032105022808,NIFRA,52,44,42,528.0,22176.0
2021032105022806,NIFRA,52,45,368,528.0,194304.0
2021032105022805,NIFRA,1,45,100,528.0,52800.0
2021032105022804,NIFRA,17,45,32,528.0,16896.0
2021032105022802,NIFRA,17,59,60,528.0,31680.0
2021032105022799,NIFRA,17,49,30,528.0,15840.0
2021032105022819,NIFRA,38,11,50,528.0,26400.0
2021032105022818,NIFRA,38,37,60,528.0,31680.0
2021032105022817,NIFRA,38,44,18,528.0,9504.0
2021032105022813,NIFRA,42,58,40,527.0,21080.0
2021032105022812,NIFRA,35,58,20,527.0,10540.0
2021032105022809,NIFRA,35,17,50,527.0,26350.0
2021032105022825,NIFRA,25,54,202,527.0,106454.0
2021032105022824,NIFRA,26,54,20,527.0,10540.0
2021032105022823,NIFRA,46,54,20,527.0,10540.0
2021032105022822,NIFRA,39,54,40,527.0,21080.0
2021032105022821,NIFRA,42,54,10,527.0,5270.0
2021032105022820,NIFRA,38,54,22,528.0,11616.0
2021032105022832,NIFRA,53,50,50,528.0,26400.0
2021032105022831,NIFRA,53,22,48,528.0,25344.0
2021032105022830,NIFRA,35,22,12,528.0,6336.0
2021032105022829,NIFRA,20,46,50,527.0,26350.0
2021032105022827,NIFRA,20,54,96,527.0,50592.0
2021032105022826,NIFRA,17,54,90,527.0,47430.0
2021032105022852,NIFRA,54,47,450,528.0,237600.0
2021032105022851,NIFRA,53,47,112,528.0,59136.0
2021032105022850,NIFRA,53,58,60,528.0,31680.0
2021032105022849,NIFRA,53,58,10,528.0,5280.0
2021032105022848,NIFRA,53,58,20,528.0,10560.0
2021032105022845,NIFRA,41,45,250,529.0,132250.0
2021032105022861,NIFRA,46,47,18,528.0,9504.0
2021032105022860,NIFRA,20,37,50,527.0,26350.0
2021032105022859,NIFRA,57,47,50,528.0,26400.0
2021032105022858,NIFRA,20,58,60,527.0,31620.0
2021032105022854,NIFRA,56,47,40,528.0,21120.0
2021032105022853,NIFRA,56,47,30,528.0,15840.0
2021032105022873,NIFRA,49,29,60,528.0,31680.0
2021032105022870,NIFRA,49,52,50,528.0,26400.0
2021032105022868,NIFRA,49,58,60,528.0,31680.0
2021032105022867,NIFRA,49,34,60,528.0,31680.0
2021032105022865,NIFRA,49,45,50,528.0,26400.0
2021032105022864,NIFRA,49,52,50,528.0,26400.0
2021032105022880,NIFRA,41,21,30,528.0,15840.0
2021032105022879,NIFRA,17,45,70,529.0,37030.0
2021032105022878,NIFRA,41,3,30,528.0,15840.0
2021032105022877,NIFRA,41,5,40,528.0,21120.0
2021032105022876,NIFRA,49,5,10,528.0,5280.0
2021032105022875,NIFRA,49,36,60,528.0,31680.0
2021032105022897,NIFRA,53,10,40,528.0,21120.0
2021032105022896,NIFRA,51,10,10,528.0,5280.0
2021032105022895,NIFRA,51,37,50,528.0,26400.0
2021032105022890,NIFRA,51,36,370,528.0,195360.0
2021032105022888,NIFRA,51,45,50,528.0,26400.0
2021032105022881,NIFRA,51,21,20,528.0,10560.0
2021032105022906,NIFRA,16,36,50,528.0,26400.0
2021032105022902,NIFRA,16,47,50,528.0,26400.0
2021032105022901,NIFRA,16,57,10,528.0,5280.0
2021032105022900,NIFRA,16,10,360,528.0,190080.0
2021032105022899,NIFRA,22,10,40,528.0,21120.0
2021032105022898,NIFRA,54,10,50,528.0,26400.0
2021032105022341,CGH,58,41,10,1421.0,14210.0
2021032105022328,CGH,58,45,10,1421.0,14210.0
2021032105022317,CGH,58,33,10,1421.0,14210.0
2021032105022282,CGH,58,8,10,1421.0,14210.0
2021032105022245,CGH,58,34,10,1421.0,14210.0
2021032105022208,CGH,58,1,10,1421.0,14210.0
2021032105022191,CGH,58,57,10,1421.0,14210.0
2021032105022178,CGH,58,1,10,1421.0,14210.0
2021032105022174,CGH,58,11,10,1421.0,14210.0
2021032105022142,CGH,58,45,10,1421.0,14210.0
2021032105021968,CGH,58,59,10,1421.0,14210.0
2021032105022425,GLH,46,29,10,369.0,3690.0
2021032105022423,GLH,46,47,10,369.0,3690.0
2021032105022421,GLH,46,58,10,369.0,3690.0
2021032105022420,GLH,46,43,10,369.0,3690.0
2021032105022418,GLH,46,1,10,369.0,3690.0
2021032105022417,GLH,46,57,10,369.0,3690.0
2021032105021936,GLH,49,3,10,368.0,3680.0
2021032105021932,GLH,19,22,10,368.0,3680.0
2021032105021931,GLH,19,51,10,368.0,3680.0
2021032105021945,GLH,49,41,10,368.0,3680.0
2021032105021944,GLH,49,44,10,368.0,3680.0
2021032105021943,GLH,49,20,10,368.0,3680.0
2021032105021942,GLH,49,13,10,368.0,3680.0
2021032105021940,GLH,49,45,10,368.0,3680.0
2021032105021939,GLH,49,50,10,368.0,3680.0
2021032105021966,GLH,13,45,10,368.0,3680.0
2021032105021961,GLH,13,32,10,368.0,3680.0
2021032105021960,GLH,13,58,10,368.0,3680.0
2021032105021952,GLH,13,21,10,368.0,3680.0
2021032105021951,GLH,13,58,10,368.0,3680.0
2021032105021950,GLH,13,34,10,368.0,3680.0
2021032105021976,GLH,13,34,10,368.0,3680.0
2021032105021975,GLH,13,45,10,368.0,3680.0
2021032105021973,GLH,13,57,10,368.0,3680.0
2021032105021972,GLH,13,58,10,368.0,3680.0
2021032105021970,GLH,13,8,10,368.0,3680.0
2021032105021969,GLH,13,35,10,368.0,3680.0
2021032105022028,GLH,13,57,10,368.0,3680.0
2021032105022027,GLH,13,38,10,368.0,3680.0
2021032105022025,GLH,13,45,10,368.0,3680.0
2021032105022022,GLH,13,8,10,368.0,3680.0
2021032105021978,GLH,13,58,10,368.0,3680.0
2021032105021977,GLH,13,34,10,368.0,3680.0
2021032105022037,GLH,13,56,10,368.0,3680.0
2021032105022036,GLH,13,58,10,368.0,3680.0
2021032105022032,GLH,13,58,10,368.0,3680.0
2021032105022031,GLH,13,58,10,368.0,3680.0
2021032105022030,GLH,13,8,10,368.0,3680.0
2021032105022029,GLH,13,42,10,368.0,3680.0
2021032105022060,GLH,13,29,10,368.0,3680.0
2021032105022053,GLH,13,36,10,368.0,3680.0
2021032105022050,GLH,13,21,10,368.0,3680.0
2021032105022047,GLH,13,45,10,368.0,3680.0
2021032105022042,GLH,13,11,10,368.0,3680.0
2021032105022038,GLH,13,17,10,368.0,3680.0
2021032105022074,GLH,14,3,10,368.0,3680.0
2021032105022073,GLH,13,21,10,368.0,3680.0
2021032105022072,GLH,13,4,10,368.0,3680.0
2021032105022071,GLH,13,45,10,368.0,3680.0
2021032105022067,GLH,13,56,10,368.0,3680.0
2021032105022063,GLH,13,58,10,368.0,3680.0
2021032105022093,GLH,14,42,10,368.0,3680.0
2021032105022090,GLH,14,34,10,368.0,3680.0
2021032105022089,GLH,14,47,10,368.0,3680.0
2021032105022088,GLH,14,22,10,368.0,3680.0
2021032105022077,GLH,14,43,10,368.0,3680.0
2021032105022076,GLH,14,14,10,368.0,3680.0
2021032105022108,GLH,46,34,10,368.0,3680.0
2021032105022107,GLH,46,28,10,368.0,3680.0
2021032105022106,GLH,46,4,10,368.0,3680.0
2021032105022105,GLH,14,21,10,368.0,3680.0
2021032105022099,GLH,14,35,10,368.0,3680.0
2021032105022094,GLH,14,7,10,368.0,3680.0
2021032105022117,GLH,26,45,10,369.0,3690.0
2021032105022116,GLH,26,32,10,369.0,3690.0
2021032105022115,GLH,26,32,10,369.0,3690.0
2021032105022114,GLH,26,3,10,369.0,3690.0
2021032105022110,GLH,21,19,10,369.0,3690.0
2021032105022109,GLH,21,19,10,369.0,3690.0
2021032105022126,GLH,46,22,10,368.0,3680.0
2021032105022124,GLH,46,21,10,368.0,3680.0
2021032105022123,GLH,46,58,10,368.0,3680.0
2021032105022122,GLH,46,41,10,368.0,3680.0
2021032105022119,GLH,26,38,10,369.0,3690.0
2021032105022118,GLH,26,45,10,369.0,3690.0
2021032105022145,GLH,46,35,10,368.0,3680.0
2021032105022141,GLH,46,59,10,368.0,3680.0
2021032105022140,GLH,46,14,10,368.0,3680.0
2021032105022130,GLH,46,34,10,368.0,3680.0
2021032105022129,GLH,46,41,10,368.0,3680.0
2021032105022127,GLH,51,1,10,370.0,3700.0
2021032105022153,GLH,46,14,10,368.0,3680.0
2021032105022152,GLH,46,34,10,368.0,3680.0
2021032105022150,GLH,46,45,10,368.0,3680.0
2021032105022149,GLH,46,54,10,368.0,3680.0
2021032105022148,GLH,46,59,10,368.0,3680.0
2021032105022146,GLH,46,21,10,368.0,3680.0
2021032105022167,GLH,46,45,10,368.0,3680.0
2021032105022166,GLH,45,42,10,369.0,3690.0
2021032105022161,GLH,46,21,10,368.0,3680.0
2021032105022157,GLH,46,57,10,368.0,3680.0
2021032105022156,GLH,46,32,10,368.0,3680.0
2021032105022154,GLH,46,21,10,368.0,3680.0
2021032105022183,GLH,46,34,10,368.0,3680.0
2021032105022181,GLH,46,22,10,368.0,3680.0
2021032105022180,GLH,46,59,10,368.0,3680.0
2021032105022179,GLH,46,58,10,368.0,3680.0
2021032105022176,GLH,51,45,10,369.0,3690.0
2021032105022171,GLH,46,14,10,368.0,3680.0
2021032105022198,GLH,46,45,10,368.0,3680.0
2021032105022194,GLH,46,48,10,368.0,3680.0
2021032105022192,GLH,46,16,10,368.0,3680.0
2021032105022187,GLH,46,48,10,368.0,3680.0
2021032105022185,GLH,46,45,10,368.0,3680.0
2021032105022184,GLH,46,58,10,368.0,3680.0
2021032105022213,GLH,58,34,10,369.0,3690.0
2021032105022211,GLH,58,45,10,369.0,3690.0
2021032105022209,GLH,58,58,10,369.0,3690.0
2021032105022204,GLH,46,58,10,368.0,3680.0
2021032105022200,GLH,46,48,10,368.0,3680.0
2021032105022199,GLH,46,44,10,368.0,3680.0
2021032105022228,GLH,8,45,10,369.0,3690.0
2021032105022227,GLH,51,8,10,369.0,3690.0
2021032105022224,GLH,58,47,10,369.0,3690.0
2021032105022223,GLH,58,48,10,369.0,3690.0
2021032105022221,GLH,58,22,10,369.0,3690.0
2021032105022220,GLH,58,22,10,369.0,3690.0
2021032105022252,GLH,8,45,10,369.0,3690.0
2021032105022251,GLH,8,59,10,369.0,3690.0
2021032105022247,GLH,6,11,10,370.0,3700.0
2021032105022244,GLH,8,34,10,369.0,3690.0
2021032105022243,GLH,8,1,10,369.0,3690.0
2021032105022231,GLH,8,59,10,369.0,3690.0
2021032105022263,GLH,46,34,10,368.0,3680.0
2021032105022257,GLH,46,13,10,368.0,3680.0
2021032105022256,GLH,8,21,10,369.0,3690.0
2021032105022255,GLH,8,11,10,369.0,3690.0
2021032105022254,GLH,8,58,10,369.0,3690.0
2021032105022253,GLH,8,45,10,369.0,3690.0
2021032105022277,GLH,46,1,10,368.0,3680.0
2021032105022276,GLH,46,8,10,368.0,3680.0
2021032105022274,GLH,46,17,10,368.0,3680.0
2021032105022270,GLH,46,45,10,368.0,3680.0
2021032105022269,GLH,46,38,10,368.0,3680.0
2021032105022267,GLH,46,48,10,368.0,3680.0
2021032105022285,GLH,46,59,10,368.0,3680.0
2021032105022284,GLH,46,34,10,368.0,3680.0
2021032105022283,GLH,46,46,10,368.0,3680.0
2021032105022281,GLH,51,1,10,369.0,3690.0
2021032105022280,GLH,51,42,10,369.0,3690.0
2021032105022278,GLH,46,49,10,368.0,3680.0
2021032105022296,GLH,39,45,10,368.0,3680.0
2021032105022295,GLH,39,55,10,368.0,3680.0
2021032105022294,GLH,39,48,10,368.0,3680.0
2021032105022288,GLH,46,34,10,368.0,3680.0
2021032105022287,GLH,46,56,10,368.0,3680.0
2021032105022286,GLH,46,21,10,368.0,3680.0
2021032105022314,GLH,39,49,10,368.0,3680.0
2021032105022310,GLH,41,21,10,369.0,3690.0
2021032105022309,GLH,41,58,10,369.0,3690.0
2021032105022308,GLH,41,58,10,369.0,3690.0
2021032105022307,GLH,41,21,10,369.0,3690.0
2021032105022306,GLH,41,58,10,369.0,3690.0
2021032105022322,GLH,39,34,10,368.0,3680.0
2021032105022321,GLH,39,13,10,368.0,3680.0
2021032105022320,GLH,39,1,10,368.0,3680.0
2021032105022319,GLH,39,56,10,368.0,3680.0
2021032105022318,GLH,39,45,10,368.0,3680.0
2021032105022315,GLH,39,6,10,368.0,3680.0
2021032105022346,GLH,39,1,10,368.0,3680.0
2021032105022343,GLH,44,46,10,369.0,3690.0
2021032105022329,GLH,39,48,10,368.0,3680.0
2021032105022327,GLH,39,45,10,368.0,3680.0
2021032105022325,GLH,39,58,10,368.0,3680.0
2021032105022324,GLH,39,49,10,368.0,3680.0
2021032105022353,GLH,46,21,10,369.0,3690.0
2021032105022352,GLH,46,58,10,369.0,3690.0
2021032105022351,GLH,39,13,10,368.0,3680.0
2021032105022350,GLH,39,46,10,368.0,3680.0
2021032105022349,GLH,39,34,10,368.0,3680.0
2021032105022348,GLH,39,34,10,368.0,3680.0
2021032105022362,GLH,46,41,10,369.0,3690.0
2021032105022361,GLH,46,53,10,369.0,3690.0
2021032105022357,GLH,46,42,10,369.0,3690.0
2021032105022356,GLH,46,34,10,369.0,3690.0
2021032105022355,GLH,46,58,10,369.0,3690.0
2021032105022354,GLH,46,58,10,369.0,3690.0
2021032105022373,GLH,46,29,10,369.0,3690.0
2021032105022370,GLH,46,58,10,369.0,3690.0
2021032105022369,GLH,46,57,10,369.0,3690.0
2021032105022366,GLH,46,21,10,369.0,3690.0
2021032105022365,GLH,46,45,10,369.0,3690.0
2021032105022363,GLH,46,41,10,369.0,3690.0
2021032105022379,GLH,52,42,10,370.0,3700.0
2021032105022378,GLH,52,19,10,370.0,3700.0
2021032105022377,GLH,52,33,10,370.0,3700.0
2021032105022376,GLH,52,42,10,370.0,3700.0
2021032105022375,GLH,52,21,10,370.0,3700.0
2021032105022374,GLH,46,16,10,369.0,3690.0
2021032105022385,GLH,52,45,10,370.0,3700.0
2021032105022384,GLH,52,56,10,370.0,3700.0
2021032105022383,GLH,52,51,10,370.0,3700.0
2021032105022382,GLH,52,49,10,370.0,3700.0
2021032105022381,GLH,52,58,10,370.0,3700.0
2021032105022380,GLH,52,34,10,370.0,3700.0
2021032105022391,GLH,52,55,10,370.0,3700.0
2021032105022390,GLH,52,52,10,370.0,3700.0
2021032105022389,GLH,52,14,10,370.0,3700.0
2021032105022388,GLH,52,49,10,370.0,3700.0
2021032105022387,GLH,52,57,10,370.0,3700.0
2021032105022386,GLH,52,21,10,370.0,3700.0
2021032105022416,GLH,46,58,10,369.0,3690.0
2021032105022415,GLH,46,49,10,369.0,3690.0
2021032105022414,GLH,46,34,10,369.0,3690.0
2021032105022413,GLH,46,34,10,369.0,3690.0
2021032105022394,GLH,41,44,10,370.0,3700.0
2021032105022392,GLH,52,16,10,370.0,3700.0
2021032105022430,NIFRA,1,58,15,528.0,7920.0
2021032105022429,NIFRA,1,36,30,528.0,15840.0
2021032105022428,NIFRA,41,36,30,528.0,15840.0
2021032105022427,NIFRA,41,35,60,528.0,31680.0
2021032105022426,NIFRA,41,45,100,529.0,52900.0
2021032105022424,NIFRA,41,10,60,528.0,31680.0
2021032105021941,NIFRA,10,51,20,528.0,10560.0
2021032105021938,NIFRA,10,40,60,528.0,31680.0
2021032105021937,NIFRA,10,57,50,528.0,26400.0
2021032105021935,NIFRA,10,41,30,528.0,15840.0
2021032105021934,NIFRA,58,41,20,528.0,10560.0
2021032105021933,NIFRA,58,54,30,528.0,15840.0
2021032105021954,NIFRA,22,45,60,528.0,31680.0
2021032105021953,NIFRA,22,45,60,528.0,31680.0
2021032105021949,NIFRA,22,54,40,528.0,21120.0
2021032105021948,NIFRA,22,42,25,528.0,13200.0
2021032105021947,NIFRA,49,42,25,528.0,13200.0
2021032105021946,NIFRA,10,45,40,528.0,21120.0
2021032105021962,NIFRA,41,58,10,528.0,5280.0
2021032105021959,NIFRA,19,28,60,528.0,31680.0
2021032105021958,NIFRA,57,59,45,528.0,23760.0
2021032105021957,NIFRA,22,59,15,528.0,7920.0
2021032105021956,NIFRA,22,14,50,528.0,26400.0
2021032105021955,NIFRA,28,55,30,529.0,15870.0
2021032105021974,NIFRA,41,14,60,528.0,31680.0
2021032105021971,NIFRA,41,57,50,528.0,26400.0
2021032105021967,NIFRA,41,29,60,528.0,31680.0
2021032105021965,NIFRA,41,57,50,528.0,26400.0
2021032105021964,NIFRA,13,55,40,529.0,21160.0
2021032105021963,NIFRA,41,58,10,528.0,5280.0
2021032105021984,NIFRA,41,56,60,529.0,31740.0
2021032105021983,NIFRA,41,21,60,529.0,31740.0
2021032105021982,NIFRA,41,26,500,529.0,264500.0
2021032105021981,NIFRA,41,3,60,529.0,31740.0
2021032105021980,NIFRA,41,28,60,529.0,31740.0
2021032105021979,NIFRA,41,55,45,529.0,23805.0
2021032105021990,NIFRA,41,19,60,529.0,31740.0
2021032105021989,NIFRA,41,25,500,529.0,264500.0
2021032105021988,NIFRA,41,59,"1,000",529.0,529000.0
2021032105021987,NIFRA,41,19,50,529.0,26450.0
2021032105021986,NIFRA,41,22,60,529.0,31740.0
2021032105021985,NIFRA,41,44,50,529.0,26450.0
2021032105021996,NIFRA,41,4,50,529.0,26450.0
2021032105021995,NIFRA,41,19,50,529.0,26450.0
2021032105021994,NIFRA,41,51,50,529.0,26450.0
2021032105021993,NIFRA,41,42,50,529.0,26450.0
2021032105021992,NIFRA,41,4,50,529.0,26450.0
2021032105021991,NIFRA,41,17,50,529.0,26450.0
2021032105022002,NIFRA,41,51,20,529.0,10580.0
2021032105022001,NIFRA,41,51,50,529.0,26450.0
2021032105022000,NIFRA,41,21,60,529.0,31740.0
2021032105021999,NIFRA,41,39,60,529.0,31740.0
2021032105021998,NIFRA,41,49,60,529.0,31740.0
2021032105021997,NIFRA,41,58,50,529.0,26450.0
2021032105022008,NIFRA,41,46,60,529.0,31740.0
2021032105022007,NIFRA,41,21,50,529.0,26450.0
2021032105022006,NIFRA,41,57,460,529.0,243340.0
2021032105022005,NIFRA,41,51,50,529.0,26450.0
2021032105022004,NIFRA,41,43,50,529.0,26450.0
2021032105022003,NIFRA,41,41,100,529.0,52900.0
2021032105022014,NIFRA,41,54,60,529.0,31740.0
2021032105022013,NIFRA,41,49,50,529.0,26450.0
2021032105022012,NIFRA,41,35,20,529.0,10580.0
2021032105022011,NIFRA,41,34,30,529.0,15870.0
2021032105022010,NIFRA,41,44,50,529.0,26450.0
2021032105022009,NIFRA,41,48,50,529.0,26450.0
2021032105022020,NIFRA,41,37,50,529.0,26450.0
2021032105022019,NIFRA,41,58,50,529.0,26450.0
2021032105022018,NIFRA,41,45,50,529.0,26450.0
2021032105022017,NIFRA,41,45,50,529.0,26450.0
2021032105022016,NIFRA,41,3,50,529.0,26450.0
2021032105022015,NIFRA,41,45,560,529.0,296240.0
2021032105022034,NIFRA,58,44,20,528.0,10560.0
2021032105022033,NIFRA,38,3,40,529.0,21160.0
2021032105022026,NIFRA,58,54,30,528.0,15840.0
2021032105022024,NIFRA,41,58,10,528.0,5280.0
2021032105022023,NIFRA,41,44,50,528.0,26400.0
2021032105022021,NIFRA,41,34,50,529.0,26450.0
2021032105022044,NIFRA,45,11,15,529.0,7935.0
2021032105022043,NIFRA,45,3,10,529.0,5290.0
2021032105022041,NIFRA,25,59,50,528.0,26400.0
2021032105022040,NIFRA,45,59,10,528.0,5280.0
2021032105022039,NIFRA,45,59,50,528.0,26400.0
2021032105022035,NIFRA,45,44,40,528.0,21120.0
2021032105022052,NIFRA,34,16,5,528.0,2640.0
2021032105022051,NIFRA,56,16,35,528.0,18480.0
2021032105022049,NIFRA,56,34,15,528.0,7920.0
2021032105022048,NIFRA,25,34,35,528.0,18480.0
2021032105022046,NIFRA,25,6,15,528.0,7920.0
2021032105022045,NIFRA,45,34,25,529.0,13225.0
2021032105022059,NIFRA,11,41,30,528.0,15840.0
2021032105022058,NIFRA,57,45,35,529.0,18515.0
2021032105022057,NIFRA,57,34,25,529.0,13225.0
2021032105022056,NIFRA,11,13,10,528.0,5280.0
2021032105022055,NIFRA,16,13,40,528.0,21120.0
2021032105022054,NIFRA,16,51,60,528.0,31680.0
2021032105022068,NIFRA,1,56,50,528.0,26400.0
2021032105022066,NIFRA,58,45,50,528.0,26400.0
2021032105022065,NIFRA,42,45,10,528.0,5280.0
2021032105022064,NIFRA,42,10,50,528.0,26400.0
2021032105022062,NIFRA,42,19,40,528.0,21120.0
2021032105022061,NIFRA,11,43,60,528.0,31680.0
2021032105022080,NIFRA,50,17,20,529.0,10580.0
2021032105022079,NIFRA,50,48,10,529.0,5290.0
2021032105022078,NIFRA,50,45,15,529.0,7935.0
2021032105022075,NIFRA,28,32,11,528.0,5808.0
2021032105022070,NIFRA,28,44,10,528.0,5280.0
2021032105022069,NIFRA,1,44,50,528.0,26400.0
2021032105022086,NIFRA,50,46,50,529.0,26450.0
2021032105022085,NIFRA,50,58,50,529.0,26450.0
2021032105022084,NIFRA,50,45,50,529.0,26450.0
2021032105022083,NIFRA,50,45,60,529.0,31740.0
2021032105022082,NIFRA,50,38,50,529.0,26450.0
2021032105022081,NIFRA,50,45,50,529.0,26450.0
2021032105022097,NIFRA,13,21,70,529.0,37030.0
2021032105022096,NIFRA,13,44,35,529.0,18515.0
2021032105022095,NIFRA,50,44,15,529.0,7935.0
2021032105022092,NIFRA,50,45,60,529.0,31740.0
2021032105022091,NIFRA,50,21,40,529.0,21160.0
2021032105022087,NIFRA,50,14,30,529.0,15870.0
2021032105022104,NIFRA,59,35,41,528.0,21648.0
2021032105022103,NIFRA,28,35,19,528.0,10032.0
2021032105022102,NIFRA,28,21,50,528.0,26400.0
2021032105022101,NIFRA,28,52,30,528.0,15840.0
2021032105022100,NIFRA,28,32,50,528.0,26400.0
2021032105022098,NIFRA,28,21,230,528.0,121440.0
2021032105022125,NIFRA,50,19,40,528.0,21120.0
2021032105022121,NIFRA,50,29,50,528.0,26400.0
2021032105022120,NIFRA,50,58,50,528.0,26400.0
2021032105022113,NIFRA,50,43,50,528.0,26400.0
2021032105022112,NIFRA,50,28,50,528.0,26400.0
2021032105022111,NIFRA,59,52,50,528.0,26400.0
2021032105022135,NIFRA,21,45,60,529.0,31740.0
2021032105022134,NIFRA,21,42,10,529.0,5290.0
2021032105022133,NIFRA,21,33,50,529.0,26450.0
2021032105022132,NIFRA,50,40,60,528.0,31680.0
2021032105022131,NIFRA,50,26,60,528.0,31680.0
2021032105022128,NIFRA,50,58,10,528.0,5280.0
2021032105022144,NIFRA,42,26,60,529.0,31740.0
2021032105022143,NIFRA,42,21,40,529.0,21160.0
2021032105022139,NIFRA,42,45,40,529.0,21160.0
2021032105022138,NIFRA,21,6,355,530.0,188150.0
2021032105022137,NIFRA,21,59,50,529.0,26450.0
2021032105022136,NIFRA,21,46,35,529.0,18515.0
2021032105022160,NIFRA,13,13,60,529.0,31740.0
2021032105022159,NIFRA,13,44,45,529.0,23805.0
2021032105022158,NIFRA,42,44,15,529.0,7935.0
2021032105022155,NIFRA,42,45,40,529.0,21160.0
2021032105022151,NIFRA,42,40,60,529.0,31740.0
2021032105022147,NIFRA,42,43,50,529.0,26450.0
2021032105022169,NIFRA,38,51,200,529.0,105800.0
2021032105022168,NIFRA,28,51,60,529.0,31740.0
2021032105022165,NIFRA,28,40,40,529.0,21160.0
2021032105022164,NIFRA,16,40,20,529.0,10580.0
2021032105022163,NIFRA,16,56,10,529.0,5290.0
2021032105022162,NIFRA,13,56,50,529.0,26450.0
2021032105022182,NIFRA,13,21,40,529.0,21160.0
2021032105022177,NIFRA,13,11,50,529.0,26450.0
2021032105022175,NIFRA,13,45,60,529.0,31740.0
2021032105022173,NIFRA,13,52,50,529.0,26450.0
2021032105022172,NIFRA,13,58,60,529.0,31740.0
2021032105022170,NIFRA,13,51,240,529.0,126960.0
2021032105022195,NIFRA,17,17,50,529.0,26450.0
2021032105022193,NIFRA,50,16,60,528.0,31680.0
2021032105022190,NIFRA,50,21,50,528.0,26400.0
2021032105022189,NIFRA,8,21,20,529.0,10580.0
2021032105022188,NIFRA,50,8,50,528.0,26400.0
2021032105022186,NIFRA,50,40,50,528.0,26400.0
2021032105022205,NIFRA,37,58,20,529.0,10580.0
2021032105022203,NIFRA,50,40,50,528.0,26400.0
2021032105022202,NIFRA,6,58,30,529.0,15870.0
2021032105022201,NIFRA,6,32,80,529.0,42320.0
2021032105022197,NIFRA,17,32,20,529.0,10580.0
2021032105022196,NIFRA,17,53,50,529.0,26450.0
2021032105022215,NIFRA,56,52,10,529.0,5290.0
2021032105022214,NIFRA,56,26,320,529.0,169280.0
2021032105022212,NIFRA,50,40,50,528.0,26400.0
2021032105022210,NIFRA,50,21,50,528.0,26400.0
2021032105022207,NIFRA,50,49,50,528.0,26400.0
2021032105022206,NIFRA,37,26,180,529.0,95220.0
2021032105022225,NIFRA,17,35,50,529.0,26450.0
2021032105022222,NIFRA,17,40,50,529.0,26450.0
2021032105022219,NIFRA,56,6,20,530.0,10600.0
2021032105022218,NIFRA,56,34,40,529.0,21160.0
2021032105022217,NIFRA,56,37,60,529.0,31740.0
2021032105022216,NIFRA,56,52,50,529.0,26450.0
2021032105022234,NIFRA,17,45,50,529.0,26450.0
2021032105022233,NIFRA,17,58,60,529.0,31740.0
2021032105022232,NIFRA,17,58,50,529.0,26450.0
2021032105022230,NIFRA,17,40,60,529.0,31740.0
2021032105022229,NIFRA,17,57,50,529.0,26450.0
2021032105022226,NIFRA,17,52,50,529.0,26450.0
2021032105022240,NIFRA,38,29,30,529.0,15870.0
2021032105022239,NIFRA,17,29,20,529.0,10580.0
2021032105022238,NIFRA,17,35,50,529.0,26450.0
2021032105022237,NIFRA,17,13,50,529.0,26450.0
2021032105022236,NIFRA,17,17,50,529.0,26450.0
2021032105022235,NIFRA,17,40,50,529.0,26450.0
2021032105022250,NIFRA,45,40,50,529.0,26450.0
2021032105022249,NIFRA,45,40,60,529.0,31740.0
2021032105022248,NIFRA,45,45,50,529.0,26450.0
2021032105022246,NIFRA,45,13,50,529.0,26450.0
2021032105022242,NIFRA,45,43,230,529.0,121670.0
2021032105022241,NIFRA,38,43,70,529.0,37030.0
2021032105022264,NIFRA,50,38,50,528.0,26400.0
2021032105022262,NIFRA,1,44,10,529.0,5290.0
2021032105022261,NIFRA,57,44,10,529.0,5290.0
2021032105022260,NIFRA,57,39,50,529.0,26450.0
2021032105022259,NIFRA,57,32,40,529.0,21160.0
2021032105022258,NIFRA,45,32,10,529.0,5290.0
2021032105022273,NIFRA,4,44,90,529.0,47610.0
2021032105022272,NIFRA,25,44,98,529.0,51842.0
2021032105022271,NIFRA,50,40,50,528.0,26400.0
2021032105022268,NIFRA,50,58,50,528.0,26400.0
2021032105022266,NIFRA,17,44,10,529.0,5290.0
2021032105022265,NIFRA,6,44,50,529.0,26450.0
2021032105022292,NIFRA,17,42,78,529.0,41262.0
2021032105022291,NIFRA,17,52,30,529.0,15870.0
2021032105022290,NIFRA,17,48,50,529.0,26450.0
2021032105022289,NIFRA,17,44,42,529.0,22218.0
2021032105022279,NIFRA,50,38,50,528.0,26400.0
2021032105022275,NIFRA,56,44,250,529.0,132250.0
2021032105022301,NIFRA,6,40,50,528.0,26400.0
2021032105022300,NIFRA,6,49,50,528.0,26400.0
2021032105022299,NIFRA,6,38,30,528.0,15840.0
2021032105022298,NIFRA,50,38,20,528.0,10560.0
2021032105022297,NIFRA,6,21,20,529.0,10580.0
2021032105022293,NIFRA,17,45,115,529.0,60835.0
2021032105022312,NIFRA,21,38,50,528.0,26400.0
2021032105022311,NIFRA,21,41,50,528.0,26400.0
2021032105022305,NIFRA,21,6,30,528.0,15840.0
2021032105022304,NIFRA,54,6,20,528.0,10560.0
2021032105022303,NIFRA,54,40,30,528.0,15840.0
2021032105022302,NIFRA,6,40,20,528.0,10560.0
2021032105022331,NIFRA,21,49,50,528.0,26400.0
2021032105022330,NIFRA,21,44,50,528.0,26400.0
2021032105022326,NIFRA,21,40,60,528.0,31680.0
2021032105022323,NIFRA,21,22,30,528.0,15840.0
2021032105022316,NIFRA,21,28,50,528.0,26400.0
2021032105022313,NIFRA,21,52,50,528.0,26400.0
2021032105022337,NIFRA,50,35,50,529.0,26450.0
2021032105022336,NIFRA,50,13,60,529.0,31740.0
2021032105022335,NIFRA,50,17,60,529.0,31740.0
2021032105022334,NIFRA,50,28,40,529.0,21160.0
2021032105022333,NIFRA,50,21,10,529.0,5290.0
2021032105022332,NIFRA,21,58,50,528.0,26400.0
2021032105022345,NIFRA,33,45,200,529.0,105800.0
2021032105022344,NIFRA,17,45,220,529.0,116380.0
2021032105022342,NIFRA,45,17,20,528.0,10560.0
2021032105022340,NIFRA,45,38,30,528.0,15840.0
2021032105022339,NIFRA,21,38,30,528.0,15840.0
2021032105022338,NIFRA,50,45,280,529.0,148120.0
2021032105022367,NIFRA,32,43,10,528.0,5280.0
2021032105022364,NIFRA,6,45,10,529.0,5290.0
2021032105022360,NIFRA,32,17,50,528.0,26400.0
2021032105022359,NIFRA,32,40,40,528.0,21120.0
2021032105022358,NIFRA,45,40,20,528.0,10560.0
2021032105022347,NIFRA,45,14,30,528.0,15840.0
2021032105022396,NIFRA,52,38,500,528.0,264000.0
2021032105022395,NIFRA,28,38,390,528.0,205920.0
2021032105022393,NIFRA,57,45,50,529.0,26450.0
2021032105022372,NIFRA,56,45,20,529.0,10580.0
2021032105022371,NIFRA,28,38,60,528.0,31680.0
2021032105022368,NIFRA,28,43,50,528.0,26400.0
2021032105022402,NIFRA,55,38,500,528.0,264000.0
2021032105022401,NIFRA,43,38,100,528.0,52800.0
2021032105022400,NIFRA,58,38,10,528.0,5280.0
2021032105022399,NIFRA,42,38,500,528.0,264000.0
2021032105022398,NIFRA,1,38,50,528.0,26400.0
2021032105022397,NIFRA,18,38,200,528.0,105600.0
2021032105022408,NIFRA,42,38,110,528.0,58080.0
2021032105022407,NIFRA,28,38,200,528.0,105600.0
2021032105022406,NIFRA,35,38,500,528.0,264000.0
2021032105022405,NIFRA,29,38,100,528.0,52800.0
2021032105022404,NIFRA,42,38,60,528.0,31680.0
2021032105022403,NIFRA,51,38,100,528.0,52800.0
2021032105022422,NIFRA,41,53,50,528.0,26400.0
2021032105022419,NIFRA,41,40,50,528.0,26400.0
2021032105022412,NIFRA,41,38,250,528.0,132000.0
2021032105022411,NIFRA,18,38,100,528.0,52800.0
2021032105022410,NIFRA,21,38,500,528.0,264000.0
2021032105022409,NIFRA,25,38,300,528.0,158400.0
2021032105021916,CGH,58,17,10,1421.0,14210.0
2021032105021832,CGH,58,49,10,1421.0,14210.0
2021032105021795,CGH,58,39,10,1421.0,14210.0
2021032105021646,CGH,58,43,10,1421.0,14210.0
2021032105021578,CGH,58,57,10,1421.0,14210.0
2021032105021559,CGH,58,42,10,1421.0,14210.0
2021032105021506,CGH,58,57,10,1421.0,14210.0
2021032105021473,CGH,58,51,10,1421.0,14210.0
2021032105021447,CGH,58,36,10,1421.0,14210.0
2021032105021441,CGH,58,11,10,1421.0,14210.0
2021032105021930,GLH,19,4,10,368.0,3680.0
2021032105021927,GLH,8,58,10,367.0,3670.0
2021032105021924,GLH,8,51,10,367.0,3670.0
2021032105021921,GLH,8,8,10,367.0,3670.0
2021032105021920,GLH,8,28,10,367.0,3670.0
2021032105021918,GLH,8,58,10,367.0,3670.0
2021032105021432,GLH,26,36,10,369.0,3690.0
2021032105021431,GLH,26,52,10,369.0,3690.0
2021032105021464,GLH,19,14,10,369.0,3690.0
2021032105021461,GLH,19,25,10,369.0,3690.0
2021032105021460,GLH,19,56,10,369.0,3690.0
2021032105021445,GLH,19,16,10,369.0,3690.0
2021032105021444,GLH,19,14,10,369.0,3690.0
2021032105021443,GLH,26,38,10,369.0,3690.0
2021032105021479,GLH,49,38,10,369.0,3690.0
2021032105021477,GLH,49,14,10,369.0,3690.0
2021032105021476,GLH,49,18,10,369.0,3690.0
2021032105021471,GLH,17,16,10,369.0,3690.0
2021032105021468,GLH,17,48,10,369.0,3690.0
2021032105021465,GLH,19,56,10,369.0,3690.0
2021032105021487,GLH,41,42,10,370.0,3700.0
2021032105021486,GLH,41,21,10,370.0,3700.0
2021032105021485,GLH,41,29,10,370.0,3700.0
2021032105021484,GLH,41,20,10,370.0,3700.0
2021032105021483,GLH,49,36,10,369.0,3690.0
2021032105021481,GLH,49,56,10,369.0,3690.0
2021032105021503,GLH,49,18,10,369.0,3690.0
2021032105021502,GLH,49,48,10,369.0,3690.0
2021032105021491,GLH,49,17,10,369.0,3690.0
2021032105021490,GLH,49,53,10,369.0,3690.0
2021032105021489,GLH,49,51,10,369.0,3690.0
2021032105021488,GLH,41,56,10,370.0,3700.0
2021032105021514,GLH,19,21,10,369.0,3690.0
2021032105021513,GLH,49,16,10,369.0,3690.0
2021032105021512,GLH,49,49,10,369.0,3690.0
2021032105021511,GLH,49,19,10,369.0,3690.0
2021032105021508,GLH,49,17,10,369.0,3690.0
2021032105021505,GLH,49,14,10,369.0,3690.0
2021032105021531,GLH,19,48,10,369.0,3690.0
2021032105021522,GLH,19,14,10,369.0,3690.0
2021032105021521,GLH,19,33,10,369.0,3690.0
2021032105021520,GLH,19,8,10,369.0,3690.0
2021032105021517,GLH,19,48,10,369.0,3690.0
2021032105021516,GLH,19,56,10,369.0,3690.0
2021032105021541,GLH,49,14,10,368.0,3680.0
2021032105021537,GLH,49,16,10,368.0,3680.0
2021032105021536,GLH,8,56,10,369.0,3690.0
2021032105021535,GLH,19,19,10,369.0,3690.0
2021032105021533,GLH,19,35,10,369.0,3690.0
2021032105021532,GLH,19,21,10,369.0,3690.0
2021032105021556,GLH,49,39,10,368.0,3680.0
2021032105021555,GLH,49,51,10,368.0,3680.0
2021032105021554,GLH,49,16,10,368.0,3680.0
2021032105021552,GLH,49,14,10,368.0,3680.0
2021032105021547,GLH,49,19,10,368.0,3680.0
2021032105021546,GLH,49,48,10,368.0,3680.0
2021032105021573,GLH,47,14,10,368.0,3680.0
2021032105021572,GLH,49,14,10,368.0,3680.0
2021032105021571,GLH,49,42,10,368.0,3680.0
2021032105021570,GLH,49,48,10,368.0,3680.0
2021032105021568,GLH,49,19,10,368.0,3680.0
2021032105021563,GLH,49,49,10,368.0,3680.0
2021032105021590,GLH,56,50,10,367.0,3670.0
2021032105021587,GLH,56,16,10,367.0,3670.0
2021032105021583,GLH,56,48,10,367.0,3670.0
2021032105021581,GLH,47,39,10,368.0,3680.0
2021032105021580,GLH,47,21,10,368.0,3680.0
2021032105021579,GLH,47,16,10,368.0,3680.0
2021032105021598,GLH,47,57,10,368.0,3680.0
2021032105021597,GLH,47,21,10,368.0,3680.0
2021032105021596,GLH,47,25,10,368.0,3680.0
2021032105021595,GLH,47,21,10,368.0,3680.0
2021032105021594,GLH,47,8,10,368.0,3680.0
2021032105021593,GLH,47,17,10,368.0,3680.0
2021032105021604,GLH,47,43,10,369.0,3690.0
2021032105021603,GLH,47,18,10,369.0,3690.0
2021032105021602,GLH,47,57,10,369.0,3690.0
2021032105021601,GLH,47,58,10,369.0,3690.0
2021032105021600,GLH,47,21,10,368.0,3680.0
2021032105021599,GLH,47,49,10,368.0,3680.0
2021032105021610,GLH,47,25,10,369.0,3690.0
2021032105021609,GLH,47,38,10,369.0,3690.0
2021032105021608,GLH,47,18,10,369.0,3690.0
2021032105021607,GLH,47,39,10,369.0,3690.0
2021032105021606,GLH,47,21,10,369.0,3690.0
2021032105021605,GLH,47,18,10,369.0,3690.0
2021032105021618,GLH,28,53,10,369.0,3690.0
2021032105021617,GLH,28,18,10,369.0,3690.0
2021032105021616,GLH,22,55,10,368.0,3680.0
2021032105021615,GLH,56,1,10,367.0,3670.0
2021032105021614,GLH,47,16,10,369.0,3690.0
2021032105021611,GLH,47,19,10,369.0,3690.0
2021032105021624,GLH,28,29,10,370.0,3700.0
2021032105021623,GLH,28,21,10,370.0,3700.0
2021032105021622,GLH,28,58,10,370.0,3700.0
2021032105021621,GLH,28,42,10,370.0,3700.0
2021032105021620,GLH,28,29,10,370.0,3700.0
2021032105021619,GLH,28,49,10,369.0,3690.0
2021032105021630,GLH,28,10,10,370.0,3700.0
2021032105021629,GLH,28,29,10,370.0,3700.0
2021032105021628,GLH,28,48,10,370.0,3700.0
2021032105021627,GLH,28,42,10,370.0,3700.0
2021032105021626,GLH,28,29,10,370.0,3700.0
2021032105021625,GLH,28,42,10,370.0,3700.0
2021032105021636,GLH,28,57,10,370.0,3700.0
2021032105021635,GLH,28,21,10,370.0,3700.0
2021032105021634,GLH,28,58,10,370.0,3700.0
2021032105021633,GLH,28,21,10,370.0,3700.0
2021032105021632,GLH,28,39,10,370.0,3700.0
2021032105021631,GLH,28,38,10,370.0,3700.0
2021032105021642,GLH,33,32,10,370.0,3700.0
2021032105021641,GLH,33,58,10,370.0,3700.0
2021032105021640,GLH,33,58,10,370.0,3700.0
2021032105021639,GLH,33,47,10,370.0,3700.0
2021032105021638,GLH,28,38,10,370.0,3700.0
2021032105021637,GLH,28,57,10,370.0,3700.0
2021032105021651,GLH,33,57,10,370.0,3700.0
2021032105021650,GLH,33,18,10,370.0,3700.0
2021032105021648,GLH,33,49,10,370.0,3700.0
2021032105021645,GLH,33,25,10,370.0,3700.0
2021032105021644,GLH,33,48,10,370.0,3700.0
2021032105021643,GLH,33,42,10,370.0,3700.0
2021032105021667,GLH,29,58,10,371.0,3710.0
2021032105021666,GLH,29,59,10,371.0,3710.0
2021032105021664,GLH,33,51,10,370.0,3700.0
2021032105021663,GLH,33,49,10,370.0,3700.0
2021032105021659,GLH,33,16,10,370.0,3700.0
2021032105021655,GLH,33,48,10,370.0,3700.0
2021032105021673,GLH,29,20,10,371.0,3710.0
2021032105021672,GLH,29,58,10,371.0,3710.0
2021032105021671,GLH,29,58,10,371.0,3710.0
2021032105021670,GLH,29,55,10,371.0,3710.0
2021032105021669,GLH,29,55,10,371.0,3710.0
2021032105021668,GLH,29,36,10,371.0,3710.0
2021032105021682,GLH,33,19,10,370.0,3700.0
2021032105021679,GLH,45,53,5,375.0,1875.0
2021032105021678,GLH,33,48,10,370.0,3700.0
2021032105021676,GLH,29,22,10,371.0,3710.0
2021032105021675,GLH,29,33,10,371.0,3710.0
2021032105021674,GLH,29,41,10,371.0,3710.0
2021032105021696,GLH,33,49,10,370.0,3700.0
2021032105021693,GLH,33,56,10,370.0,3700.0
2021032105021692,GLH,33,34,10,370.0,3700.0
2021032105021690,GLH,33,16,10,370.0,3700.0
2021032105021688,GLH,33,6,10,370.0,3700.0
2021032105021684,GLH,33,48,10,370.0,3700.0
2021032105021711,GLH,33,42,10,370.0,3700.0
2021032105021708,GLH,33,57,10,370.0,3700.0
2021032105021705,GLH,33,16,10,370.0,3700.0
2021032105021701,GLH,33,43,10,370.0,3700.0
2021032105021700,GLH,33,56,10,370.0,3700.0
2021032105021699,GLH,33,21,10,370.0,3700.0
2021032105021720,GLH,33,42,10,370.0,3700.0
2021032105021719,GLH,33,48,10,370.0,3700.0
2021032105021717,GLH,33,49,10,370.0,3700.0
2021032105021716,GLH,33,19,10,370.0,3700.0
2021032105021715,GLH,33,44,10,370.0,3700.0
2021032105021712,GLH,33,48,10,370.0,3700.0
2021032105021728,GLH,33,56,10,370.0,3700.0
2021032105021727,GLH,33,49,10,370.0,3700.0
2021032105021726,GLH,33,16,10,370.0,3700.0
2021032105021725,GLH,33,43,10,370.0,3700.0
2021032105021724,GLH,33,17,10,370.0,3700.0
2021032105021721,GLH,33,8,10,370.0,3700.0
2021032105021739,GLH,33,35,10,370.0,3700.0
2021032105021738,GLH,33,49,10,370.0,3700.0
2021032105021737,GLH,33,42,10,370.0,3700.0
2021032105021734,GLH,33,57,10,370.0,3700.0
2021032105021733,GLH,33,21,10,370.0,3700.0
2021032105021732,GLH,33,21,10,370.0,3700.0
2021032105021749,GLH,57,19,10,370.0,3700.0
2021032105021748,GLH,57,49,10,370.0,3700.0
2021032105021747,GLH,33,49,10,370.0,3700.0
2021032105021744,GLH,33,38,10,370.0,3700.0
2021032105021743,GLH,33,16,10,370.0,3700.0
2021032105021741,GLH,33,19,10,370.0,3700.0
2021032105021762,GLH,8,1,10,369.0,3690.0
2021032105021760,GLH,8,43,10,369.0,3690.0
2021032105021759,GLH,8,49,10,369.0,3690.0
2021032105021756,GLH,8,57,10,369.0,3690.0
2021032105021752,GLH,8,49,10,369.0,3690.0
2021032105021750,GLH,57,35,10,370.0,3700.0
2021032105021774,GLH,34,49,10,368.0,3680.0
2021032105021772,GLH,8,21,10,369.0,3690.0
2021032105021766,GLH,8,19,10,369.0,3690.0
2021032105021765,GLH,8,49,10,369.0,3690.0
2021032105021764,GLH,8,42,10,369.0,3690.0
2021032105021763,GLH,8,35,10,369.0,3690.0
2021032105021787,GLH,34,32,10,368.0,3680.0
2021032105021783,GLH,50,44,10,369.0,3690.0
2021032105021782,GLH,50,19,10,369.0,3690.0
2021032105021781,GLH,50,8,10,369.0,3690.0
2021032105021780,GLH,50,21,10,369.0,3690.0
2021032105021779,GLH,50,51,10,369.0,3690.0
2021032105021804,GLH,34,21,10,368.0,3680.0
2021032105021803,GLH,34,18,10,368.0,3680.0
2021032105021802,GLH,34,32,10,368.0,3680.0
2021032105021797,GLH,34,6,10,368.0,3680.0
2021032105021793,GLH,34,41,10,368.0,3680.0
2021032105021792,GLH,34,18,10,368.0,3680.0
2021032105021821,GLH,34,59,10,368.0,3680.0
2021032105021818,GLH,34,38,10,368.0,3680.0
2021032105021814,GLH,34,17,10,368.0,3680.0
2021032105021811,GLH,34,32,10,368.0,3680.0
2021032105021810,GLH,34,21,10,368.0,3680.0
2021032105021808,GLH,34,38,10,368.0,3680.0
2021032105021835,GLH,34,57,10,368.0,3680.0
2021032105021831,GLH,34,57,10,368.0,3680.0
2021032105021828,GLH,19,4,10,369.0,3690.0
2021032105021827,GLH,19,19,10,369.0,3690.0
2021032105021826,GLH,19,19,10,369.0,3690.0
2021032105021825,GLH,19,32,10,369.0,3690.0
2021032105021845,GLH,34,32,10,368.0,3680.0
2021032105021843,GLH,34,6,10,368.0,3680.0
2021032105021842,GLH,34,53,10,368.0,3680.0
2021032105021841,GLH,34,11,10,368.0,3680.0
2021032105021840,GLH,34,7,10,368.0,3680.0
2021032105021839,GLH,34,59,10,368.0,3680.0
2021032105021861,GLH,34,6,10,368.0,3680.0
2021032105021856,GLH,34,19,10,368.0,3680.0
2021032105021852,GLH,34,8,10,368.0,3680.0
2021032105021851,GLH,34,58,10,368.0,3680.0
2021032105021849,GLH,41,22,10,369.0,3690.0
2021032105021846,GLH,34,58,10,368.0,3680.0
2021032105021877,GLH,38,19,10,368.0,3680.0
2021032105021876,GLH,38,25,10,368.0,3680.0
2021032105021872,GLH,3,53,10,367.0,3670.0
2021032105021865,GLH,34,17,10,368.0,3680.0
2021032105021864,GLH,34,49,10,368.0,3680.0
2021032105021862,GLH,34,21,10,368.0,3680.0
2021032105021891,GLH,19,58,10,368.0,3680.0
2021032105021890,GLH,19,35,10,368.0,3680.0
2021032105021886,GLH,8,14,10,367.0,3670.0
2021032105021885,GLH,34,45,10,367.0,3670.0
2021032105021883,GLH,34,21,10,367.0,3670.0
2021032105021880,GLH,34,17,10,367.0,3670.0
2021032105021908,GLH,8,29,10,367.0,3670.0
2021032105021907,GLH,8,58,10,367.0,3670.0
2021032105021904,GLH,8,50,10,367.0,3670.0
2021032105021902,GLH,8,45,10,367.0,3670.0
2021032105021897,GLH,8,58,10,367.0,3670.0
2021032105021892,GLH,19,19,10,368.0,3680.0
2021032105021915,GLH,17,4,10,368.0,3680.0
2021032105021914,GLH,17,32,10,368.0,3680.0
2021032105021913,GLH,17,45,10,368.0,3680.0
2021032105021912,GLH,17,53,10,368.0,3680.0
2021032105021911,GLH,8,45,10,367.0,3670.0
2021032105021909,GLH,8,19,10,368.0,3680.0
2021032105021929,NIFRA,42,55,200,529.0,105800.0
2021032105021928,NIFRA,21,55,500,529.0,264500.0
2021032105021926,NIFRA,41,54,30,528.0,15840.0
2021032105021925,NIFRA,33,45,50,528.0,26400.0
2021032105021923,NIFRA,33,8,50,528.0,26400.0
2021032105021922,NIFRA,33,34,50,528.0,26400.0
2021032105021434,NIFRA,42,57,60,528.0,31680.0
2021032105021433,NIFRA,42,21,10,528.0,5280.0
2021032105021440,NIFRA,33,36,10,527.0,5270.0
2021032105021439,NIFRA,33,52,60,527.0,31620.0
2021032105021438,NIFRA,33,21,50,527.0,26350.0
2021032105021437,NIFRA,33,21,50,527.0,26350.0
2021032105021436,NIFRA,42,34,40,528.0,21120.0
2021032105021435,NIFRA,42,7,50,528.0,26400.0
2021032105021451,NIFRA,50,37,50,528.0,26400.0
2021032105021450,NIFRA,50,34,50,528.0,26400.0
2021032105021449,NIFRA,50,42,50,528.0,26400.0
2021032105021448,NIFRA,50,34,20,528.0,10560.0
2021032105021446,NIFRA,33,19,50,527.0,26350.0
2021032105021442,NIFRA,33,28,50,527.0,26350.0
2021032105021457,NIFRA,50,7,50,528.0,26400.0
2021032105021456,NIFRA,50,34,60,528.0,31680.0
2021032105021455,NIFRA,50,54,50,528.0,26400.0
2021032105021454,NIFRA,50,14,50,528.0,26400.0
2021032105021453,NIFRA,50,37,50,528.0,26400.0
2021032105021452,NIFRA,50,50,50,528.0,26400.0
2021032105021467,NIFRA,50,42,50,528.0,26400.0
2021032105021466,NIFRA,50,58,10,528.0,5280.0
2021032105021463,NIFRA,50,19,60,528.0,31680.0
2021032105021462,NIFRA,50,49,50,528.0,26400.0
2021032105021459,NIFRA,50,52,10,528.0,5280.0
2021032105021458,NIFRA,50,57,60,528.0,31680.0
2021032105021478,NIFRA,42,19,50,528.0,26400.0
2021032105021475,NIFRA,42,36,40,528.0,21120.0
2021032105021474,NIFRA,3,36,20,528.0,10560.0
2021032105021472,NIFRA,3,37,50,528.0,26400.0
2021032105021470,NIFRA,3,50,30,528.0,15840.0
2021032105021469,NIFRA,50,50,20,528.0,10560.0
2021032105021495,NIFRA,33,19,14,527.0,7378.0
2021032105021494,NIFRA,48,19,10,528.0,5280.0
2021032105021493,NIFRA,42,19,16,528.0,8448.0
2021032105021492,NIFRA,42,19,20,528.0,10560.0
2021032105021482,NIFRA,42,35,30,528.0,15840.0
2021032105021480,NIFRA,42,57,60,528.0,31680.0
2021032105021501,NIFRA,38,29,50,529.0,26450.0
2021032105021500,NIFRA,38,58,10,529.0,5290.0
2021032105021499,NIFRA,38,58,50,529.0,26450.0
2021032105021498,NIFRA,38,25,30,529.0,15870.0
2021032105021497,NIFRA,38,32,60,528.0,31680.0
2021032105021496,NIFRA,33,58,50,527.0,26350.0
2021032105021518,NIFRA,28,43,50,528.0,26400.0
2021032105021515,NIFRA,28,49,50,528.0,26400.0
2021032105021510,NIFRA,28,58,60,528.0,31680.0
2021032105021509,NIFRA,28,19,50,528.0,26400.0
2021032105021507,NIFRA,28,51,50,528.0,26400.0
2021032105021504,NIFRA,28,50,50,528.0,26400.0
2021032105021527,NIFRA,41,17,5,528.0,2640.0
2021032105021526,NIFRA,41,17,15,528.0,7920.0
2021032105021525,NIFRA,28,17,30,528.0,15840.0
2021032105021524,NIFRA,28,48,60,528.0,31680.0
2021032105021523,NIFRA,28,19,50,528.0,26400.0
2021032105021519,NIFRA,28,50,50,528.0,26400.0
2021032105021539,NIFRA,55,43,50,528.0,26400.0
2021032105021538,NIFRA,55,44,60,528.0,31680.0
2021032105021534,NIFRA,55,38,50,528.0,26400.0
2021032105021530,NIFRA,55,42,50,528.0,26400.0
2021032105021529,NIFRA,42,42,10,528.0,5280.0
2021032105021528,NIFRA,42,58,50,528.0,26400.0
2021032105021548,NIFRA,58,43,100,529.0,52900.0
2021032105021545,NIFRA,55,6,50,528.0,26400.0
2021032105021544,NIFRA,55,49,50,528.0,26400.0
2021032105021543,NIFRA,55,19,60,528.0,31680.0
2021032105021542,NIFRA,55,58,50,528.0,26400.0
2021032105021540,NIFRA,55,58,50,528.0,26400.0
2021032105021558,NIFRA,8,19,10,528.0,5280.0
2021032105021557,NIFRA,52,19,50,528.0,26400.0
2021032105021553,NIFRA,52,46,60,528.0,31680.0
2021032105021551,NIFRA,52,56,60,528.0,31680.0
2021032105021550,NIFRA,52,35,30,528.0,15840.0
2021032105021549,NIFRA,55,35,30,528.0,15840.0
2021032105021566,NIFRA,21,21,60,528.0,31680.0
2021032105021565,NIFRA,21,39,60,528.0,31680.0
2021032105021564,NIFRA,21,32,100,528.0,52800.0
2021032105021562,NIFRA,36,19,7,528.0,3696.0
2021032105021561,NIFRA,8,19,65,528.0,34320.0
2021032105021560,NIFRA,42,19,230,528.0,121440.0
2021032105021577,NIFRA,57,46,50,528.0,26400.0
2021032105021576,NIFRA,57,44,30,528.0,15840.0
2021032105021575,NIFRA,33,19,50,527.0,26350.0
2021032105021574,NIFRA,33,35,50,527.0,26350.0
2021032105021569,NIFRA,21,44,30,528.0,15840.0
2021032105021567,NIFRA,21,26,50,528.0,26400.0
2021032105021589,NIFRA,33,38,50,527.0,26350.0
2021032105021588,NIFRA,33,57,50,527.0,26350.0
2021032105021586,NIFRA,38,35,40,528.0,21120.0
2021032105021585,NIFRA,57,19,40,528.0,21120.0
2021032105021584,NIFRA,57,19,20,528.0,10560.0
2021032105021582,NIFRA,3,21,40,529.0,21160.0
2021032105021649,NIFRA,33,38,50,527.0,26350.0
2021032105021647,NIFRA,33,48,40,527.0,21080.0
2021032105021613,NIFRA,17,42,40,528.0,21120.0
2021032105021612,NIFRA,17,35,10,528.0,5280.0
2021032105021592,NIFRA,33,19,60,527.0,31620.0
2021032105021591,NIFRA,33,26,60,527.0,31620.0
2021032105021658,NIFRA,14,38,40,528.0,21120.0
2021032105021657,NIFRA,14,44,50,528.0,26400.0
2021032105021656,NIFRA,14,42,10,528.0,5280.0
2021032105021654,NIFRA,33,55,60,527.0,31620.0
2021032105021653,NIFRA,33,42,50,527.0,26350.0
2021032105021652,NIFRA,33,16,50,527.0,26350.0
2021032105021680,NIFRA,33,17,60,527.0,31620.0
2021032105021677,NIFRA,33,59,50,527.0,26350.0
2021032105021665,NIFRA,33,26,50,527.0,26350.0
2021032105021662,NIFRA,49,49,30,528.0,15840.0
2021032105021661,NIFRA,49,38,20,528.0,10560.0
2021032105021660,NIFRA,33,6,50,527.0,26350.0
2021032105021689,NIFRA,57,17,10,528.0,5280.0
2021032105021687,NIFRA,57,17,20,528.0,10560.0
2021032105021686,NIFRA,57,50,50,528.0,26400.0
2021032105021685,NIFRA,57,49,30,528.0,15840.0
2021032105021683,NIFRA,33,36,50,527.0,26350.0
2021032105021681,NIFRA,33,54,10,527.0,5270.0
2021032105021702,NIFRA,50,17,20,528.0,10560.0
2021032105021698,NIFRA,59,17,14,527.0,7378.0
2021032105021697,NIFRA,33,17,16,527.0,8432.0
2021032105021695,NIFRA,33,49,10,527.0,5270.0
2021032105021694,NIFRA,33,43,50,527.0,26350.0
2021032105021691,NIFRA,33,26,50,527.0,26350.0
2021032105021710,NIFRA,38,52,30,528.0,15840.0
2021032105021709,NIFRA,50,52,30,528.0,15840.0
2021032105021707,NIFRA,42,55,200,529.0,105800.0
2021032105021706,NIFRA,42,21,10,529.0,5290.0
2021032105021704,NIFRA,50,48,50,528.0,26400.0
2021032105021703,NIFRA,50,32,50,528.0,26400.0
2021032105021729,NIFRA,48,44,50,528.0,26400.0
2021032105021723,NIFRA,59,6,50,527.0,26350.0
2021032105021722,NIFRA,3,55,50,529.0,26450.0
2021032105021718,NIFRA,59,59,50,527.0,26350.0
2021032105021714,NIFRA,59,41,60,527.0,31620.0
2021032105021713,NIFRA,1,55,360,529.0,190440.0
2021032105021742,NIFRA,59,54,10,527.0,5270.0
2021032105021740,NIFRA,59,58,50,527.0,26350.0
2021032105021736,NIFRA,59,49,50,527.0,26350.0
2021032105021735,NIFRA,59,21,50,527.0,26350.0
2021032105021731,NIFRA,59,38,50,527.0,26350.0
2021032105021730,NIFRA,48,32,10,528.0,5280.0
2021032105021755,NIFRA,42,11,10,528.0,5280.0
2021032105021754,NIFRA,42,4,30,528.0,15840.0
2021032105021753,NIFRA,4,14,10,527.0,5270.0
2021032105021751,NIFRA,59,57,50,527.0,26350.0
2021032105021746,NIFRA,32,32,90,528.0,47520.0
2021032105021745,NIFRA,59,42,60,527.0,31620.0
2021032105021769,NIFRA,21,57,10,528.0,5280.0
2021032105021768,NIFRA,32,57,30,528.0,15840.0
2021032105021767,NIFRA,45,55,100,529.0,52900.0
2021032105021761,NIFRA,32,4,50,528.0,26400.0
2021032105021758,NIFRA,57,6,50,528.0,26400.0
2021032105021757,NIFRA,57,11,40,528.0,21120.0
2021032105021777,NIFRA,57,6,30,528.0,15840.0
2021032105021776,NIFRA,14,6,30,528.0,15840.0
2021032105021775,NIFRA,14,38,50,528.0,26400.0
2021032105021773,NIFRA,14,38,60,528.0,31680.0
2021032105021771,NIFRA,14,49,50,528.0,26400.0
2021032105021770,NIFRA,14,57,10,528.0,5280.0
2021032105021789,NIFRA,52,3,50,528.0,26400.0
2021032105021788,NIFRA,52,28,50,528.0,26400.0
2021032105021786,NIFRA,52,45,10,528.0,5280.0
2021032105021785,NIFRA,52,58,40,528.0,21120.0
2021032105021784,NIFRA,57,58,10,528.0,5280.0
2021032105021778,NIFRA,57,45,60,528.0,31680.0
2021032105021799,NIFRA,52,29,50,528.0,26400.0
2021032105021798,NIFRA,52,6,15,528.0,7920.0
2021032105021796,NIFRA,52,38,50,528.0,26400.0
2021032105021794,NIFRA,52,21,50,528.0,26400.0
2021032105021791,NIFRA,52,57,50,528.0,26400.0
2021032105021790,NIFRA,52,52,60,528.0,31680.0
2021032105021809,NIFRA,52,6,50,528.0,26400.0
2021032105021807,NIFRA,52,38,20,528.0,10560.0
2021032105021806,NIFRA,52,19,60,528.0,31680.0
2021032105021805,NIFRA,52,46,50,528.0,26400.0
2021032105021801,NIFRA,59,55,50,529.0,26450.0
2021032105021800,NIFRA,52,57,50,528.0,26400.0
2021032105021819,NIFRA,52,48,20,528.0,10560.0
2021032105021817,NIFRA,45,55,40,529.0,21160.0
2021032105021816,NIFRA,52,1,10,528.0,5280.0
2021032105021815,NIFRA,36,55,50,529.0,26450.0
2021032105021813,NIFRA,52,6,60,528.0,31680.0
2021032105021812,NIFRA,52,29,50,528.0,26400.0
2021032105021830,NIFRA,28,8,50,528.0,26400.0
2021032105021829,NIFRA,28,6,25,528.0,13200.0
2021032105021824,NIFRA,28,57,50,528.0,26400.0
2021032105021823,NIFRA,28,47,50,528.0,26400.0
2021032105021822,NIFRA,52,59,50,528.0,26400.0
2021032105021820,NIFRA,52,3,150,528.0,79200.0
2021032105021844,NIFRA,7,41,50,528.0,26400.0
2021032105021838,NIFRA,7,44,45,528.0,23760.0
2021032105021837,NIFRA,28,44,205,528.0,108240.0
2021032105021836,NIFRA,28,49,60,528.0,31680.0
2021032105021834,NIFRA,28,38,50,528.0,26400.0
2021032105021833,NIFRA,28,41,10,528.0,5280.0
2021032105021855,NIFRA,35,8,60,528.0,31680.0
2021032105021854,NIFRA,35,44,50,528.0,26400.0
2021032105021853,NIFRA,38,49,50,528.0,26400.0
2021032105021850,NIFRA,38,6,50,528.0,26400.0
2021032105021848,NIFRA,38,57,50,528.0,26400.0
2021032105021847,NIFRA,38,22,50,528.0,26400.0
2021032105021866,NIFRA,35,45,60,528.0,31680.0
2021032105021863,NIFRA,35,49,60,528.0,31680.0
2021032105021860,NIFRA,35,43,60,528.0,31680.0
2021032105021859,NIFRA,28,55,150,529.0,79350.0
2021032105021858,NIFRA,35,42,60,528.0,31680.0
2021032105021857,NIFRA,35,34,50,528.0,26400.0
2021032105021873,NIFRA,58,49,30,528.0,15840.0
2021032105021871,NIFRA,58,52,50,528.0,26400.0
2021032105021870,NIFRA,58,6,20,528.0,10560.0
2021032105021869,NIFRA,35,6,30,528.0,15840.0
2021032105021868,NIFRA,35,45,50,528.0,26400.0
2021032105021867,NIFRA,35,50,20,528.0,10560.0
2021032105021882,NIFRA,35,32,100,528.0,52800.0
2021032105021881,NIFRA,45,55,150,529.0,79350.0
2021032105021879,NIFRA,35,50,60,528.0,31680.0
2021032105021878,NIFRA,35,8,60,528.0,31680.0
2021032105021875,NIFRA,35,57,50,528.0,26400.0
2021032105021874,NIFRA,35,49,30,528.0,15840.0
2021032105021894,NIFRA,35,49,50,528.0,26400.0
2021032105021893,NIFRA,35,16,20,528.0,10560.0
2021032105021889,NIFRA,35,50,60,528.0,31680.0
2021032105021888,NIFRA,35,45,10,528.0,5280.0
2021032105021887,NIFRA,35,49,50,528.0,26400.0
2021032105021884,NIFRA,22,55,35,529.0,18515.0
2021032105021901,NIFRA,33,25,30,528.0,15840.0
2021032105021900,NIFRA,33,25,20,528.0,10560.0
2021032105021899,NIFRA,33,57,30,528.0,15840.0
2021032105021898,NIFRA,57,57,20,528.0,10560.0
2021032105021896,NIFRA,57,58,30,528.0,15840.0
2021032105021895,NIFRA,35,58,10,528.0,5280.0
2021032105021919,NIFRA,33,57,50,528.0,26400.0
2021032105021917,NIFRA,33,21,50,528.0,26400.0
2021032105021910,NIFRA,33,6,60,528.0,31680.0
2021032105021906,NIFRA,33,48,50,528.0,26400.0
2021032105021905,NIFRA,33,57,50,528.0,26400.0
2021032105021903,NIFRA,33,8,60,528.0,31680.0
2021032105021408,CGH,58,17,10,1421.0,14210.0
2021032105021403,CGH,58,6,10,1421.0,14210.0
2021032105021306,CGH,58,8,10,1421.0,14210.0
2021032105021266,CGH,58,38,10,1421.0,14210.0
2021032105021220,CGH,58,58,10,1421.0,14210.0
2021032105021209,CGH,58,38,10,1421.0,14210.0
2021032105021127,CGH,58,8,10,1421.0,14210.0
2021032105021116,CGH,58,22,10,1421.0,14210.0
2021032105021064,CGH,58,41,10,1421.0,14210.0
2021032105021054,CGH,58,8,10,1421.0,14210.0
2021032105021010,CGH,58,8,10,1421.0,14210.0
2021032105021207,CGH,58,57,10,1421.0,14210.0
2021032105021200,CGH,58,32,10,1421.0,14210.0
2021032105021176,CGH,58,21,10,1421.0,14210.0
2021032105021163,CGH,58,8,10,1421.0,14210.0
2021032105021142,CGH,58,16,10,1421.0,14210.0
2021032105021132,CGH,58,8,10,1421.0,14210.0
2021032105021430,GLH,26,56,10,369.0,3690.0
2021032105021429,GLH,26,51,10,369.0,3690.0
2021032105021426,GLH,26,3,10,369.0,3690.0
2021032105021424,GLH,26,14,10,369.0,3690.0
2021032105021422,GLH,26,16,10,369.0,3690.0
2021032105021416,GLH,26,56,10,369.0,3690.0
2021032105020942,GLH,58,3,10,372.0,3720.0
2021032105020949,GLH,34,53,100,370.0,37000.0
2021032105020948,GLH,32,53,20,370.0,7400.0
2021032105020947,GLH,6,53,500,370.0,185000.0
2021032105020946,GLH,35,53,100,370.0,37000.0
2021032105020945,GLH,58,53,130,372.0,48360.0
2021032105020944,GLH,58,8,10,372.0,3720.0
2021032105020955,GLH,52,53,20,370.0,7400.0
2021032105020954,GLH,16,53,10,370.0,3700.0
2021032105020953,GLH,16,53,20,370.0,7400.0
2021032105020952,GLH,52,53,100,370.0,37000.0
2021032105020951,GLH,6,53,20,370.0,7400.0
2021032105020950,GLH,49,53,10,370.0,3700.0
2021032105020961,GLH,42,53,20,370.0,7400.0
2021032105020960,GLH,4,53,100,370.0,37000.0
2021032105020959,GLH,11,53,100,370.0,37000.0
2021032105020958,GLH,57,53,100,370.0,37000.0
2021032105020957,GLH,57,53,100,370.0,37000.0
2021032105020956,GLH,57,53,100,370.0,37000.0
2021032105020967,GLH,6,53,100,370.0,37000.0
2021032105020966,GLH,45,53,20,370.0,7400.0
2021032105020965,GLH,47,53,10,370.0,3700.0
2021032105020964,GLH,52,53,100,370.0,37000.0
2021032105020963,GLH,52,53,50,370.0,18500.0
2021032105020962,GLH,58,53,10,370.0,3700.0
2021032105020984,GLH,26,3,10,370.0,3700.0
2021032105020983,GLH,26,36,10,370.0,3700.0
2021032105020975,GLH,26,3,10,370.0,3700.0
2021032105020974,GLH,26,3,10,370.0,3700.0
2021032105020969,GLH,26,53,135,370.0,49950.0
2021032105020968,GLH,57,53,25,370.0,9250.0
2021032105020998,GLH,26,58,10,370.0,3700.0
2021032105020991,GLH,26,1,10,370.0,3700.0
2021032105020989,GLH,26,3,10,370.0,3700.0
2021032105020988,GLH,26,50,10,370.0,3700.0
2021032105020986,GLH,26,41,10,370.0,3700.0
2021032105020985,GLH,26,22,10,370.0,3700.0
2021032105021009,GLH,1,42,10,372.0,3720.0
2021032105021008,GLH,1,49,10,372.0,3720.0
2021032105021007,GLH,1,8,10,372.0,3720.0
2021032105021006,GLH,1,53,10,371.0,3710.0
2021032105021001,GLH,26,58,10,370.0,3700.0
2021032105020999,GLH,26,3,10,370.0,3700.0
2021032105021020,GLH,1,49,10,372.0,3720.0
2021032105021019,GLH,1,38,10,372.0,3720.0
2021032105021015,GLH,1,41,10,372.0,3720.0
2021032105021014,GLH,1,3,10,372.0,3720.0
2021032105021013,GLH,1,17,10,372.0,3720.0
2021032105021012,GLH,1,8,10,372.0,3720.0
2021032105021034,GLH,52,32,10,372.0,3720.0
2021032105021033,GLH,52,1,10,372.0,3720.0
2021032105021025,GLH,26,3,10,370.0,3700.0
2021032105021024,GLH,26,58,10,370.0,3700.0
2021032105021023,GLH,26,58,10,370.0,3700.0
2021032105021021,GLH,26,58,10,370.0,3700.0
2021032105021041,GLH,26,3,10,370.0,3700.0
2021032105021039,GLH,26,44,10,370.0,3700.0
2021032105021038,GLH,8,46,10,371.0,3710.0
2021032105021037,GLH,52,21,10,373.0,3730.0
2021032105021036,GLH,52,58,10,373.0,3730.0
2021032105021035,GLH,52,49,10,372.0,3720.0
2021032105021055,GLH,26,17,10,370.0,3700.0
2021032105021053,GLH,26,1,10,370.0,3700.0
2021032105021052,GLH,26,21,10,370.0,3700.0
2021032105021051,GLH,26,35,10,370.0,3700.0
2021032105021044,GLH,26,58,10,370.0,3700.0
2021032105021043,GLH,26,17,10,370.0,3700.0
2021032105021068,GLH,26,21,10,370.0,3700.0
2021032105021066,GLH,26,38,10,370.0,3700.0
2021032105021065,GLH,26,57,10,370.0,3700.0
2021032105021059,GLH,58,19,10,374.0,3740.0
2021032105021058,GLH,45,32,10,372.0,3720.0
2021032105021056,GLH,26,21,10,370.0,3700.0
2021032105021077,GLH,26,58,10,370.0,3700.0
2021032105021076,GLH,26,42,10,370.0,3700.0
2021032105021073,GLH,26,21,10,370.0,3700.0
2021032105021071,GLH,26,44,10,370.0,3700.0
2021032105021070,GLH,26,35,10,370.0,3700.0
2021032105021069,GLH,26,58,10,370.0,3700.0
2021032105021091,GLH,45,38,10,369.0,3690.0
2021032105021087,GLH,45,3,10,369.0,3690.0
2021032105021085,GLH,45,38,10,369.0,3690.0
2021032105021084,GLH,42,21,10,370.0,3700.0
2021032105021083,GLH,42,44,10,370.0,3700.0
2021032105021082,GLH,26,38,10,370.0,3700.0
2021032105021097,GLH,46,58,10,370.0,3700.0
2021032105021096,GLH,46,21,10,370.0,3700.0
2021032105021095,GLH,46,21,10,370.0,3700.0
2021032105021094,GLH,46,11,10,370.0,3700.0
2021032105021093,GLH,46,58,10,370.0,3700.0
2021032105021092,GLH,46,45,10,370.0,3700.0
2021032105021106,GLH,21,3,10,369.0,3690.0
2021032105021105,GLH,21,10,10,369.0,3690.0
2021032105021103,GLH,29,57,10,369.0,3690.0
2021032105021102,GLH,46,21,10,370.0,3700.0
2021032105021099,GLH,46,42,10,370.0,3700.0
2021032105021098,GLH,46,25,10,370.0,3700.0
2021032105021119,GLH,46,21,10,370.0,3700.0
2021032105021112,GLH,46,42,10,370.0,3700.0
2021032105021111,GLH,46,14,10,370.0,3700.0
2021032105021110,GLH,46,58,10,370.0,3700.0
2021032105021109,GLH,46,21,10,370.0,3700.0
2021032105021108,GLH,46,58,10,369.0,3690.0
2021032105021136,GLH,11,21,10,370.0,3700.0
2021032105021134,GLH,11,55,10,370.0,3700.0
2021032105021131,GLH,46,58,10,370.0,3700.0
2021032105021128,GLH,46,14,10,370.0,3700.0
2021032105021126,GLH,46,19,10,370.0,3700.0
2021032105021125,GLH,46,58,10,370.0,3700.0
2021032105021144,GLH,57,51,10,371.0,3710.0
2021032105021143,GLH,57,57,10,371.0,3710.0
2021032105021141,GLH,11,21,10,370.0,3700.0
2021032105021140,GLH,11,14,10,370.0,3700.0
2021032105021139,GLH,11,58,10,370.0,3700.0
2021032105021138,GLH,11,57,10,370.0,3700.0
2021032105021165,GLH,11,21,10,370.0,3700.0
2021032105021159,GLH,11,38,10,370.0,3700.0
2021032105021156,GLH,11,21,10,370.0,3700.0
2021032105021149,GLH,11,21,10,370.0,3700.0
2021032105021148,GLH,11,58,10,370.0,3700.0
2021032105021146,GLH,11,17,10,370.0,3700.0
2021032105021189,GLH,11,4,10,370.0,3700.0
2021032105021188,GLH,11,46,10,370.0,3700.0
2021032105021187,GLH,11,42,10,370.0,3700.0
2021032105021180,GLH,11,42,10,370.0,3700.0
2021032105021178,GLH,11,58,10,370.0,3700.0
2021032105021172,GLH,11,44,10,370.0,3700.0
2021032105021214,GLH,11,55,10,370.0,3700.0
2021032105021208,GLH,11,21,10,370.0,3700.0
2021032105021195,GLH,11,14,10,370.0,3700.0
2021032105021192,GLH,11,58,10,370.0,3700.0
2021032105021191,GLH,11,14,10,370.0,3700.0
2021032105021190,GLH,11,21,10,370.0,3700.0
2021032105021233,GLH,11,3,10,370.0,3700.0
2021032105021232,GLH,11,36,10,370.0,3700.0
2021032105021229,GLH,11,11,10,370.0,3700.0
2021032105021226,GLH,11,46,10,370.0,3700.0
2021032105021222,GLH,11,58,10,370.0,3700.0
2021032105021219,GLH,11,46,10,370.0,3700.0
2021032105021256,GLH,58,58,10,371.0,3710.0
2021032105021254,GLH,38,42,10,371.0,3710.0
2021032105021253,GLH,11,46,10,370.0,3700.0
2021032105021252,GLH,11,6,10,370.0,3700.0
2021032105021251,GLH,11,58,10,370.0,3700.0
2021032105021234,GLH,11,21,10,370.0,3700.0
2021032105021268,GLH,11,40,10,370.0,3700.0
2021032105021264,GLH,11,19,10,370.0,3700.0
2021032105021263,GLH,11,59,10,370.0,3700.0
2021032105021260,GLH,11,21,10,370.0,3700.0
2021032105021258,GLH,58,28,10,371.0,3710.0
2021032105021257,GLH,58,21,10,371.0,3710.0
2021032105021276,GLH,11,36,10,370.0,3700.0
2021032105021275,GLH,16,21,10,371.0,3710.0
2021032105021272,GLH,16,34,10,371.0,3710.0
2021032105021271,GLH,16,42,10,371.0,3710.0
2021032105021270,GLH,16,5,10,371.0,3710.0
2021032105021269,GLH,16,8,10,371.0,3710.0
2021032105021292,GLH,11,33,10,370.0,3700.0
2021032105021288,GLH,11,21,10,370.0,3700.0
2021032105021285,GLH,11,21,10,370.0,3700.0
2021032105021284,GLH,11,48,10,370.0,3700.0
2021032105021283,GLH,11,49,10,370.0,3700.0
2021032105021277,GLH,11,59,10,370.0,3700.0
2021032105021307,GLH,20,28,10,371.0,3710.0
2021032105021304,GLH,11,58,10,370.0,3700.0
2021032105021301,GLH,11,21,10,370.0,3700.0
2021032105021300,GLH,11,17,10,370.0,3700.0
2021032105021299,GLH,11,58,10,370.0,3700.0
2021032105021296,GLH,11,38,10,370.0,3700.0
2021032105021317,GLH,11,22,10,370.0,3700.0
2021032105021315,GLH,11,29,10,370.0,3700.0
2021032105021314,GLH,11,58,10,370.0,3700.0
2021032105021311,GLH,11,59,10,370.0,3700.0
2021032105021310,GLH,11,55,10,370.0,3700.0
2021032105021309,GLH,11,21,10,370.0,3700.0
2021032105021329,GLH,11,59,10,370.0,3700.0
2021032105021328,GLH,11,55,10,370.0,3700.0
2021032105021326,GLH,11,29,10,370.0,3700.0
2021032105021325,GLH,11,14,10,370.0,3700.0
2021032105021324,GLH,11,17,10,370.0,3700.0
2021032105021319,GLH,11,21,10,370.0,3700.0
2021032105021337,GLH,11,22,10,370.0,3700.0
2021032105021336,GLH,11,58,10,370.0,3700.0
2021032105021335,GLH,11,19,10,370.0,3700.0
2021032105021334,GLH,11,29,10,370.0,3700.0
2021032105021333,GLH,11,58,10,370.0,3700.0
2021032105021330,GLH,11,21,10,370.0,3700.0
2021032105021349,GLH,56,29,10,370.0,3700.0
2021032105021347,GLH,56,49,10,370.0,3700.0
2021032105021346,GLH,56,48,10,370.0,3700.0
2021032105021345,GLH,56,18,10,370.0,3700.0
2021032105021340,GLH,11,7,10,370.0,3700.0
2021032105021338,GLH,11,14,10,370.0,3700.0
2021032105021360,GLH,18,42,10,370.0,3700.0
2021032105021357,GLH,18,1,10,370.0,3700.0
2021032105021356,GLH,18,29,10,370.0,3700.0
2021032105021354,GLH,18,21,10,370.0,3700.0
2021032105021351,GLH,18,49,10,370.0,3700.0
2021032105021350,GLH,56,55,10,370.0,3700.0
2021032105021372,GLH,38,55,10,370.0,3700.0
2021032105021369,GLH,38,48,10,370.0,3700.0
2021032105021368,GLH,46,18,10,370.0,3700.0
2021032105021367,GLH,18,14,10,370.0,3700.0
2021032105021363,GLH,18,29,10,370.0,3700.0
2021032105021362,GLH,18,21,10,370.0,3700.0
2021032105021380,GLH,29,56,10,370.0,3700.0
2021032105021379,GLH,29,21,10,370.0,3700.0
2021032105021377,GLH,16,55,10,371.0,3710.0
2021032105021376,GLH,38,29,10,370.0,3700.0
2021032105021374,GLH,38,18,10,370.0,3700.0
2021032105021373,GLH,38,25,10,370.0,3700.0
2021032105021406,GLH,26,18,10,369.0,3690.0
2021032105021397,GLH,26,21,10,369.0,3690.0
2021032105021396,GLH,26,48,10,369.0,3690.0
2021032105021391,GLH,26,14,10,369.0,3690.0
2021032105021382,GLH,26,16,10,369.0,3690.0
2021032105021381,GLH,29,42,10,370.0,3700.0
2021032105021415,GLH,26,42,10,369.0,3690.0
2021032105021414,GLH,26,14,10,369.0,3690.0
2021032105021413,GLH,26,14,10,369.0,3690.0
2021032105021412,GLH,26,34,10,369.0,3690.0
2021032105021409,GLH,26,56,10,369.0,3690.0
2021032105021407,GLH,26,16,10,369.0,3690.0
2021032105021428,NIFRA,33,3,50,527.0,26350.0
2021032105021427,NIFRA,33,58,50,527.0,26350.0
2021032105021425,NIFRA,33,46,30,527.0,15810.0
2021032105021423,NIFRA,33,48,50,527.0,26350.0
2021032105021421,NIFRA,33,21,50,527.0,26350.0
2021032105021420,NIFRA,33,21,50,527.0,26350.0
2021032105020932,NIFRA,40,21,40,528.0,21120.0
2021032105020931,NIFRA,50,39,10,527.0,5270.0
2021032105020938,NIFRA,40,58,60,528.0,31680.0
2021032105020937,NIFRA,40,8,60,528.0,31680.0
2021032105020936,NIFRA,40,7,50,528.0,26400.0
2021032105020935,NIFRA,40,58,50,528.0,26400.0
2021032105020934,NIFRA,40,36,60,528.0,31680.0
2021032105020933,NIFRA,40,58,50,528.0,26400.0
2021032105020971,NIFRA,59,4,20,528.0,10560.0
2021032105020970,NIFRA,50,10,60,527.0,31620.0
2021032105020943,NIFRA,50,36,50,527.0,26350.0
2021032105020941,NIFRA,40,4,30,528.0,15840.0
2021032105020940,NIFRA,40,49,50,528.0,26400.0
2021032105020939,NIFRA,40,8,50,528.0,26400.0
2021032105020979,NIFRA,50,56,60,527.0,31620.0
2021032105020978,NIFRA,50,6,60,527.0,31620.0
2021032105020977,NIFRA,50,52,50,527.0,26350.0
2021032105020976,NIFRA,50,58,50,527.0,26350.0
2021032105020973,NIFRA,50,38,50,527.0,26350.0
2021032105020972,NIFRA,50,52,50,527.0,26350.0
2021032105020992,NIFRA,49,21,20,528.0,10560.0
2021032105020990,NIFRA,49,58,10,528.0,5280.0
2021032105020987,NIFRA,49,52,60,528.0,31680.0
2021032105020982,NIFRA,50,46,20,527.0,10540.0
2021032105020981,NIFRA,55,46,40,528.0,21120.0
2021032105020980,NIFRA,55,58,60,528.0,31680.0
2021032105021000,NIFRA,1,49,60,528.0,31680.0
2021032105020997,NIFRA,1,38,50,528.0,26400.0
2021032105020996,NIFRA,50,52,50,527.0,26350.0
2021032105020995,NIFRA,59,21,9,528.0,4752.0
2021032105020994,NIFRA,59,55,40,528.0,21120.0
2021032105020993,NIFRA,49,55,10,528.0,5280.0
2021032105021016,NIFRA,1,39,50,528.0,26400.0
2021032105021011,NIFRA,1,19,50,528.0,26400.0
2021032105021005,NIFRA,1,21,30,528.0,15840.0
2021032105021004,NIFRA,1,52,50,528.0,26400.0
2021032105021003,NIFRA,1,58,50,528.0,26400.0
2021032105021002,NIFRA,1,58,50,528.0,26400.0
2021032105021028,NIFRA,19,26,50,528.0,26400.0
2021032105021027,NIFRA,19,58,10,528.0,5280.0
2021032105021026,NIFRA,19,45,12,528.0,6336.0
2021032105021022,NIFRA,11,45,38,528.0,20064.0
2021032105021018,NIFRA,11,58,10,528.0,5280.0
2021032105021017,NIFRA,1,52,50,528.0,26400.0
2021032105021042,NIFRA,50,58,50,528.0,26400.0
2021032105021040,NIFRA,19,59,75,529.0,39675.0
2021032105021032,NIFRA,50,32,50,528.0,26400.0
2021032105021031,NIFRA,50,49,50,528.0,26400.0
2021032105021030,NIFRA,50,39,50,528.0,26400.0
2021032105021029,NIFRA,19,59,28,529.0,14812.0
2021032105021050,NIFRA,52,39,50,528.0,26400.0
2021032105021049,NIFRA,52,56,50,528.0,26400.0
2021032105021048,NIFRA,17,58,30,528.0,15840.0
2021032105021047,NIFRA,17,32,50,528.0,26400.0
2021032105021046,NIFRA,17,21,50,528.0,26400.0
2021032105021045,NIFRA,17,45,40,528.0,21120.0
2021032105021067,NIFRA,17,38,50,528.0,26400.0
2021032105021063,NIFRA,17,42,50,528.0,26400.0
2021032105021062,NIFRA,17,32,50,528.0,26400.0
2021032105021061,NIFRA,17,38,20,528.0,10560.0
2021032105021060,NIFRA,17,58,10,528.0,5280.0
2021032105021057,NIFRA,47,58,10,528.0,5280.0
2021032105021080,NIFRA,7,41,40,528.0,21120.0
2021032105021079,NIFRA,17,41,210,528.0,110880.0
2021032105021078,NIFRA,17,21,50,528.0,26400.0
2021032105021075,NIFRA,21,59,188,529.0,99452.0
2021032105021074,NIFRA,17,45,50,528.0,26400.0
2021032105021072,NIFRA,17,42,10,528.0,5280.0
2021032105021100,NIFRA,41,42,50,528.0,26400.0
2021032105021090,NIFRA,41,42,50,528.0,26400.0
2021032105021089,NIFRA,41,11,10,528.0,5280.0
2021032105021088,NIFRA,41,41,10,528.0,5280.0
2021032105021086,NIFRA,41,58,60,528.0,31680.0
2021032105021081,NIFRA,41,41,50,528.0,26400.0
2021032105021115,NIFRA,17,42,10,528.0,5280.0
2021032105021114,NIFRA,41,42,40,528.0,21120.0
2021032105021113,NIFRA,41,19,60,528.0,31680.0
2021032105021107,NIFRA,41,38,60,528.0,31680.0
2021032105021104,NIFRA,41,46,60,528.0,31680.0
2021032105021101,NIFRA,41,42,50,528.0,26400.0
2021032105021123,NIFRA,25,35,60,528.0,31680.0
2021032105021122,NIFRA,25,56,33,528.0,17424.0
2021032105021121,NIFRA,38,56,27,528.0,14256.0
2021032105021120,NIFRA,38,49,50,528.0,26400.0
2021032105021118,NIFRA,38,17,23,528.0,12144.0
2021032105021117,NIFRA,17,17,27,528.0,14256.0
2021032105021137,NIFRA,14,59,40,529.0,21160.0
2021032105021135,NIFRA,25,21,50,528.0,26400.0
2021032105021133,NIFRA,25,32,60,528.0,31680.0
2021032105021130,NIFRA,25,42,60,528.0,31680.0
2021032105021129,NIFRA,25,58,50,528.0,26400.0
2021032105021124,NIFRA,25,57,50,528.0,26400.0
2021032105021153,NIFRA,38,38,30,528.0,15840.0
2021032105021152,NIFRA,38,38,50,528.0,26400.0
2021032105021151,NIFRA,36,42,13,528.0,6864.0
2021032105021150,NIFRA,25,42,37,528.0,19536.0
2021032105021147,NIFRA,25,58,60,528.0,31680.0
2021032105021145,NIFRA,25,57,40,528.0,21120.0
2021032105021161,NIFRA,42,7,10,528.0,5280.0
2021032105021160,NIFRA,42,22,50,528.0,26400.0
2021032105021158,NIFRA,42,58,40,528.0,21120.0
2021032105021157,NIFRA,17,58,10,528.0,5280.0
2021032105021155,NIFRA,17,3,60,528.0,31680.0
2021032105021154,NIFRA,17,38,30,528.0,15840.0
2021032105021169,NIFRA,21,26,25,528.0,13200.0
2021032105021168,NIFRA,25,59,50,529.0,26450.0
2021032105021167,NIFRA,41,38,25,528.0,13200.0
2021032105021166,NIFRA,41,38,33,528.0,17424.0
2021032105021164,NIFRA,41,16,60,528.0,31680.0
2021032105021162,NIFRA,41,7,30,528.0,15840.0
2021032105021177,NIFRA,21,58,10,528.0,5280.0
2021032105021175,NIFRA,21,35,50,528.0,26400.0
2021032105021174,NIFRA,21,47,60,528.0,31680.0
2021032105021173,NIFRA,21,39,50,528.0,26400.0
2021032105021171,NIFRA,47,59,50,529.0,26450.0
2021032105021170,NIFRA,21,26,25,528.0,13200.0
2021032105021185,NIFRA,38,11,50,529.0,26450.0
2021032105021184,NIFRA,38,51,60,529.0,31740.0
2021032105021183,NIFRA,38,59,231,529.0,122199.0
2021032105021182,NIFRA,21,11,10,528.0,5280.0
2021032105021181,NIFRA,21,40,50,528.0,26400.0
2021032105021179,NIFRA,21,8,50,528.0,26400.0
2021032105021198,NIFRA,21,21,15,528.0,7920.0
2021032105021197,NIFRA,21,39,50,528.0,26400.0
2021032105021196,NIFRA,21,46,50,528.0,26400.0
2021032105021194,NIFRA,21,58,50,528.0,26400.0
2021032105021193,NIFRA,21,8,30,528.0,15840.0
2021032105021186,NIFRA,38,21,9,529.0,4761.0
2021032105021205,NIFRA,50,3,60,527.0,31620.0
2021032105021204,NIFRA,58,21,30,529.0,15870.0
2021032105021203,NIFRA,58,43,50,529.0,26450.0
2021032105021202,NIFRA,58,1,20,529.0,10580.0
2021032105021201,NIFRA,38,4,3,528.0,1584.0
2021032105021199,NIFRA,41,21,45,528.0,23760.0
2021032105021215,NIFRA,50,39,50,527.0,26350.0
2021032105021213,NIFRA,39,58,10,528.0,5280.0
2021032105021212,NIFRA,39,42,60,528.0,31680.0
2021032105021211,NIFRA,39,8,60,528.0,31680.0
2021032105021210,NIFRA,39,16,50,528.0,26400.0
2021032105021206,NIFRA,50,57,50,527.0,26350.0
2021032105021224,NIFRA,57,16,40,528.0,21120.0
2021032105021223,NIFRA,38,16,10,528.0,5280.0
2021032105021221,NIFRA,38,8,10,528.0,5280.0
2021032105021218,NIFRA,10,8,50,528.0,26400.0
2021032105021217,NIFRA,10,21,10,528.0,5280.0
2021032105021216,NIFRA,10,58,40,528.0,21120.0
2021032105021235,NIFRA,50,38,20,527.0,10540.0
2021032105021231,NIFRA,50,38,40,527.0,21080.0
2021032105021230,NIFRA,7,38,10,528.0,5280.0
2021032105021228,NIFRA,57,58,50,528.0,26400.0
2021032105021227,NIFRA,57,42,50,528.0,26400.0
2021032105021225,NIFRA,57,58,60,528.0,31680.0
2021032105021241,NIFRA,14,16,60,528.0,31680.0
2021032105021240,NIFRA,17,58,10,529.0,5290.0
2021032105021239,NIFRA,17,46,50,529.0,26450.0
2021032105021238,NIFRA,17,21,30,529.0,15870.0
2021032105021237,NIFRA,17,16,60,528.0,31680.0
2021032105021236,NIFRA,17,6,50,528.0,26400.0
2021032105021247,NIFRA,38,37,60,529.0,31740.0
2021032105021246,NIFRA,38,49,50,529.0,26450.0
2021032105021245,NIFRA,38,44,20,529.0,10580.0
2021032105021244,NIFRA,14,44,40,529.0,21160.0
2021032105021243,NIFRA,14,58,50,529.0,26450.0
2021032105021242,NIFRA,14,58,40,529.0,21160.0
2021032105021261,NIFRA,50,21,36,527.0,18972.0
2021032105021259,NIFRA,19,49,50,528.0,26400.0
2021032105021255,NIFRA,50,38,20,527.0,10540.0
2021032105021250,NIFRA,50,38,50,527.0,26350.0
2021032105021249,NIFRA,50,36,50,527.0,26350.0
2021032105021248,NIFRA,38,25,20,529.0,10580.0
2021032105021278,NIFRA,34,46,60,527.0,31620.0
2021032105021274,NIFRA,34,58,50,527.0,26350.0
2021032105021273,NIFRA,34,38,60,527.0,31620.0
2021032105021267,NIFRA,34,32,60,527.0,31620.0
2021032105021265,NIFRA,38,41,10,528.0,5280.0
2021032105021262,NIFRA,34,21,14,527.0,7378.0
2021032105021287,NIFRA,34,3,50,527.0,26350.0
2021032105021286,NIFRA,34,48,50,527.0,26350.0
2021032105021282,NIFRA,34,38,50,527.0,26350.0
2021032105021281,NIFRA,34,16,50,527.0,26350.0
2021032105021280,NIFRA,58,26,15,528.0,7920.0
2021032105021279,NIFRA,58,41,30,528.0,15840.0
2021032105021295,NIFRA,21,26,10,528.0,5280.0
2021032105021294,NIFRA,48,16,60,527.0,31620.0
2021032105021293,NIFRA,48,49,50,527.0,26350.0
2021032105021291,NIFRA,34,41,50,527.0,26350.0
2021032105021290,NIFRA,34,6,50,527.0,26350.0
2021032105021289,NIFRA,34,40,56,527.0,29512.0
2021032105021308,NIFRA,1,1,20,527.0,10540.0
2021032105021305,NIFRA,1,58,20,527.0,10540.0
2021032105021303,NIFRA,34,26,35,528.0,18480.0
2021032105021302,NIFRA,1,40,50,527.0,26350.0
2021032105021298,NIFRA,1,55,10,527.0,5270.0
2021032105021297,NIFRA,48,55,40,527.0,21080.0
2021032105021321,NIFRA,21,26,60,528.0,31680.0
2021032105021320,NIFRA,21,10,60,528.0,31680.0
2021032105021318,NIFRA,55,40,60,527.0,31620.0
2021032105021316,NIFRA,55,25,60,527.0,31620.0
2021032105021313,NIFRA,55,58,60,527.0,31620.0
2021032105021312,NIFRA,55,32,50,527.0,26350.0
2021032105021339,NIFRA,55,22,50,527.0,26350.0
2021032105021332,NIFRA,29,43,10,528.0,5280.0
2021032105021331,NIFRA,29,10,40,528.0,21120.0
2021032105021327,NIFRA,55,58,50,527.0,26350.0
2021032105021323,NIFRA,21,10,20,528.0,10560.0
2021032105021322,NIFRA,21,49,60,528.0,31680.0
2021032105021352,NIFRA,55,17,60,527.0,31620.0
2021032105021348,NIFRA,55,40,50,527.0,26350.0
2021032105021344,NIFRA,55,6,20,527.0,10540.0
2021032105021343,NIFRA,14,43,100,528.0,52800.0
2021032105021342,NIFRA,55,49,60,527.0,31620.0
2021032105021341,NIFRA,55,17,30,527.0,15810.0
2021032105021364,NIFRA,55,43,10,528.0,5280.0
2021032105021361,NIFRA,55,40,50,527.0,26350.0
2021032105021359,NIFRA,55,21,50,527.0,26350.0
2021032105021358,NIFRA,55,48,50,527.0,26350.0
2021032105021355,NIFRA,55,55,60,527.0,31620.0
2021032105021353,NIFRA,55,7,50,527.0,26350.0
2021032105021378,NIFRA,55,38,50,527.0,26350.0
2021032105021375,NIFRA,55,28,60,527.0,31620.0
2021032105021371,NIFRA,34,38,200,528.0,105600.0
2021032105021370,NIFRA,55,36,50,527.0,26350.0
2021032105021366,NIFRA,58,38,50,528.0,26400.0
2021032105021365,NIFRA,55,38,90,528.0,47520.0
2021032105021388,NIFRA,57,40,30,527.0,15810.0
2021032105021387,NIFRA,57,7,20,527.0,10540.0
2021032105021386,NIFRA,17,7,30,527.0,15810.0
2021032105021385,NIFRA,34,38,200,528.0,105600.0
2021032105021384,NIFRA,17,41,20,527.0,10540.0
2021032105021383,NIFRA,55,41,30,527.0,15810.0
2021032105021395,NIFRA,1,38,50,527.0,26350.0
2021032105021394,NIFRA,1,46,50,527.0,26350.0
2021032105021393,NIFRA,1,38,50,527.0,26350.0
2021032105021392,NIFRA,1,21,50,527.0,26350.0
2021032105021390,NIFRA,1,35,60,527.0,31620.0
2021032105021389,NIFRA,1,40,30,527.0,15810.0
2021032105021404,NIFRA,1,58,10,527.0,5270.0
2021032105021402,NIFRA,21,21,40,528.0,21120.0
2021032105021401,NIFRA,21,54,50,528.0,26400.0
2021032105021400,NIFRA,21,26,10,528.0,5280.0
2021032105021399,NIFRA,5,26,40,528.0,21120.0
2021032105021398,NIFRA,5,38,460,528.0,242880.0
2021032105021419,NIFRA,33,50,60,527.0,31620.0
2021032105021418,NIFRA,33,42,10,527.0,5270.0
2021032105021417,NIFRA,33,42,60,527.0,31620.0
2021032105021411,NIFRA,33,40,50,527.0,26350.0
2021032105021410,NIFRA,33,21,50,527.0,26350.0
2021032105021405,NIFRA,33,58,190,527.0,100130.0
2021032105020774,CGH,58,11,10,1421.0,14210.0
2021032105020692,CGH,58,21,10,1421.0,14210.0
2021032105020655,CGH,58,8,10,1421.0,14210.0
2021032105020638,CGH,58,8,10,1421.0,14210.0
2021032105020589,CGH,58,21,10,1421.0,14210.0
2021032105020583,CGH,58,21,10,1421.0,14210.0
2021032105020466,CGH,58,58,10,1421.0,14210.0
2021032105020456,CGH,58,55,10,1421.0,14210.0
2021032105020582,CGH,58,18,10,1421.0,14210.0
2021032105020546,CGH,58,32,10,1421.0,14210.0
2021032105020539,CGH,58,56,10,1421.0,14210.0
2021032105020527,CGH,58,21,10,1421.0,14210.0
2021032105020491,CGH,58,41,10,1421.0,14210.0
2021032105020469,CGH,58,21,10,1421.0,14210.0
2021032105020929,GLH,58,3,10,372.0,3720.0
2021032105020924,GLH,58,6,10,372.0,3720.0
2021032105020923,GLH,58,3,10,372.0,3720.0
2021032105020921,GLH,58,18,10,372.0,3720.0
2021032105020913,GLH,58,58,10,372.0,3720.0
2021032105020911,GLH,19,17,10,372.0,3720.0
2021032105020435,GLH,19,52,10,376.0,3760.0
2021032105020434,GLH,19,7,10,376.0,3760.0
2021032105020433,GLH,19,44,10,376.0,3760.0
2021032105020432,GLH,19,45,10,376.0,3760.0
2021032105020431,GLH,19,21,10,376.0,3760.0
2021032105020451,GLH,19,55,10,376.0,3760.0
2021032105020450,GLH,19,32,10,376.0,3760.0
2021032105020448,GLH,58,17,10,377.0,3770.0
2021032105020447,GLH,19,44,10,376.0,3760.0
2021032105020446,GLH,19,21,10,376.0,3760.0
2021032105020445,GLH,19,42,10,376.0,3760.0
2021032105020458,GLH,19,42,10,376.0,3760.0
2021032105020457,GLH,19,45,10,376.0,3760.0
2021032105020455,GLH,19,34,10,376.0,3760.0
2021032105020454,GLH,19,51,10,376.0,3760.0
2021032105020453,GLH,19,44,10,376.0,3760.0
2021032105020452,GLH,19,46,10,376.0,3760.0
2021032105020471,GLH,19,33,10,376.0,3760.0
2021032105020468,GLH,19,44,10,376.0,3760.0
2021032105020467,GLH,19,34,10,376.0,3760.0
2021032105020464,GLH,19,6,10,376.0,3760.0
2021032105020463,GLH,19,41,10,376.0,3760.0
2021032105020461,GLH,19,44,10,376.0,3760.0
2021032105020489,GLH,19,55,10,376.0,3760.0
2021032105020487,GLH,19,44,10,376.0,3760.0
2021032105020486,GLH,19,49,10,376.0,3760.0
2021032105020483,GLH,19,58,10,376.0,3760.0
2021032105020473,GLH,19,40,10,376.0,3760.0
2021032105020472,GLH,43,17,20,377.0,7540.0
2021032105020498,GLH,17,29,10,376.0,3760.0
2021032105020497,GLH,17,51,10,376.0,3760.0
2021032105020496,GLH,17,49,10,376.0,3760.0
2021032105020495,GLH,17,44,10,376.0,3760.0
2021032105020492,GLH,19,49,10,376.0,3760.0
2021032105020490,GLH,19,41,10,376.0,3760.0
2021032105020505,GLH,48,57,10,377.0,3770.0
2021032105020504,GLH,48,49,10,377.0,3770.0
2021032105020503,GLH,48,52,10,377.0,3770.0
2021032105020502,GLH,48,42,10,377.0,3770.0
2021032105020501,GLH,48,41,10,377.0,3770.0
2021032105020499,GLH,17,22,10,376.0,3760.0
2021032105020511,GLH,48,40,10,377.0,3770.0
2021032105020510,GLH,48,56,10,377.0,3770.0
2021032105020509,GLH,48,53,10,377.0,3770.0
2021032105020508,GLH,48,49,10,377.0,3770.0
2021032105020507,GLH,48,14,10,377.0,3770.0
2021032105020506,GLH,48,7,10,377.0,3770.0
2021032105020517,GLH,48,49,10,377.0,3770.0
2021032105020516,GLH,48,47,10,377.0,3770.0
2021032105020515,GLH,48,41,10,377.0,3770.0
2021032105020514,GLH,48,49,10,377.0,3770.0
2021032105020513,GLH,48,58,10,377.0,3770.0
2021032105020512,GLH,48,49,10,377.0,3770.0
2021032105020530,GLH,58,49,10,377.0,3770.0
2021032105020523,GLH,47,36,10,376.0,3760.0
2021032105020521,GLH,48,58,10,377.0,3770.0
2021032105020520,GLH,48,58,10,377.0,3770.0
2021032105020519,GLH,48,59,10,377.0,3770.0
2021032105020518,GLH,48,58,10,377.0,3770.0
2021032105020543,GLH,10,49,10,375.0,3750.0
2021032105020542,GLH,21,21,10,376.0,3760.0
2021032105020541,GLH,25,44,10,375.0,3750.0
2021032105020538,GLH,47,8,10,376.0,3760.0
2021032105020537,GLH,47,35,10,376.0,3760.0
2021032105020536,GLH,47,49,10,376.0,3760.0
2021032105020562,GLH,48,34,10,376.0,3760.0
2021032105020561,GLH,48,6,10,376.0,3760.0
2021032105020560,GLH,48,8,10,376.0,3760.0
2021032105020557,GLH,10,44,10,375.0,3750.0
2021032105020545,GLH,10,49,10,375.0,3750.0
2021032105020544,GLH,10,47,10,375.0,3750.0
2021032105020568,GLH,48,57,10,377.0,3770.0
2021032105020567,GLH,48,40,10,377.0,3770.0
2021032105020566,GLH,48,57,10,377.0,3770.0
2021032105020565,GLH,48,51,10,376.0,3760.0
2021032105020564,GLH,48,44,10,376.0,3760.0
2021032105020563,GLH,48,8,10,376.0,3760.0
2021032105020574,GLH,48,17,10,378.0,3780.0
2021032105020573,GLH,48,28,10,378.0,3780.0
2021032105020572,GLH,48,17,10,378.0,3780.0
2021032105020571,GLH,48,28,10,378.0,3780.0
2021032105020570,GLH,48,13,10,378.0,3780.0
2021032105020569,GLH,48,39,10,378.0,3780.0
2021032105020580,GLH,48,17,90,378.0,34020.0
2021032105020579,GLH,48,45,10,378.0,3780.0
2021032105020578,GLH,48,28,10,378.0,3780.0
2021032105020577,GLH,48,28,10,378.0,3780.0
2021032105020576,GLH,48,28,10,378.0,3780.0
2021032105020575,GLH,48,6,10,378.0,3780.0
2021032105020595,GLH,48,42,10,375.0,3750.0
2021032105020592,GLH,48,57,10,375.0,3750.0
2021032105020591,GLH,48,49,10,375.0,3750.0
2021032105020587,GLH,48,51,10,375.0,3750.0
2021032105020586,GLH,48,44,10,375.0,3750.0
2021032105020581,GLH,10,49,10,375.0,3750.0
2021032105020608,GLH,48,1,10,375.0,3750.0
2021032105020607,GLH,48,42,10,375.0,3750.0
2021032105020602,GLH,48,38,10,375.0,3750.0
2021032105020598,GLH,48,57,10,375.0,3750.0
2021032105020597,GLH,48,26,10,375.0,3750.0
2021032105020596,GLH,48,44,10,375.0,3750.0
2021032105020621,GLH,48,17,10,375.0,3750.0
2021032105020620,GLH,48,58,10,375.0,3750.0
2021032105020619,GLH,34,8,10,376.0,3760.0
2021032105020618,GLH,34,8,10,376.0,3760.0
2021032105020617,GLH,48,44,10,375.0,3750.0
2021032105020616,GLH,48,6,10,375.0,3750.0
2021032105020654,GLH,35,44,10,374.0,3740.0
2021032105020639,GLH,13,47,10,375.0,3750.0
2021032105020637,GLH,13,44,10,375.0,3750.0
2021032105020634,GLH,7,40,10,375.0,3750.0
2021032105020630,GLH,7,14,10,375.0,3750.0
2021032105020622,GLH,7,57,10,375.0,3750.0
2021032105020665,GLH,59,8,10,376.0,3760.0
2021032105020664,GLH,59,51,10,376.0,3760.0
2021032105020663,GLH,59,45,10,376.0,3760.0
2021032105020662,GLH,59,8,10,376.0,3760.0
2021032105020659,GLH,22,14,10,375.0,3750.0
2021032105020657,GLH,22,14,10,375.0,3750.0
2021032105020672,GLH,59,13,10,377.0,3770.0
2021032105020671,GLH,59,3,10,377.0,3770.0
2021032105020669,GLH,59,8,10,377.0,3770.0
2021032105020668,GLH,59,28,10,377.0,3770.0
2021032105020667,GLH,59,45,10,377.0,3770.0
2021032105020666,GLH,59,8,10,376.0,3760.0
2021032105020685,GLH,58,41,10,375.0,3750.0
2021032105020682,GLH,47,21,10,375.0,3750.0
2021032105020680,GLH,47,44,10,375.0,3750.0
2021032105020679,GLH,58,3,10,375.0,3750.0
2021032105020676,GLH,58,5,10,375.0,3750.0
2021032105020673,GLH,22,44,10,375.0,3750.0
2021032105020691,GLH,58,16,10,375.0,3750.0
2021032105020690,GLH,58,3,10,375.0,3750.0
2021032105020689,GLH,58,52,10,375.0,3750.0
2021032105020688,GLH,55,17,280,378.0,105840.0
2021032105020687,GLH,55,8,10,376.0,3760.0
2021032105020686,GLH,55,8,10,376.0,3760.0
2021032105020699,GLH,32,32,10,377.0,3770.0
2021032105020698,GLH,32,44,10,377.0,3770.0
2021032105020697,GLH,32,22,10,377.0,3770.0
2021032105020696,GLH,32,3,10,377.0,3770.0
2021032105020695,GLH,32,58,10,377.0,3770.0
2021032105020693,GLH,58,44,10,375.0,3750.0
2021032105020708,GLH,35,44,10,374.0,3740.0
2021032105020707,GLH,58,41,10,375.0,3750.0
2021032105020705,GLH,58,3,10,375.0,3750.0
2021032105020704,GLH,58,38,10,375.0,3750.0
2021032105020701,GLH,58,41,10,375.0,3750.0
2021032105020700,GLH,58,49,10,375.0,3750.0
2021032105020722,GLH,47,3,10,374.0,3740.0
2021032105020718,GLH,47,3,10,374.0,3740.0
2021032105020715,GLH,18,20,10,375.0,3750.0
2021032105020713,GLH,47,22,10,374.0,3740.0
2021032105020712,GLH,47,38,10,374.0,3740.0
2021032105020710,GLH,35,3,10,374.0,3740.0
2021032105020736,GLH,41,45,10,374.0,3740.0
2021032105020735,GLH,8,36,10,375.0,3750.0
2021032105020734,GLH,41,3,10,374.0,3740.0
2021032105020733,GLH,41,20,10,374.0,3740.0
2021032105020724,GLH,41,21,10,374.0,3740.0
2021032105020723,GLH,41,42,10,374.0,3740.0
2021032105020747,GLH,21,3,10,374.0,3740.0
2021032105020746,GLH,21,17,10,374.0,3740.0
2021032105020745,GLH,21,45,10,374.0,3740.0
2021032105020739,GLH,21,3,10,374.0,3740.0
2021032105020738,GLH,21,37,10,374.0,3740.0
2021032105020737,GLH,41,25,10,374.0,3740.0
2021032105020755,GLH,50,43,10,375.0,3750.0
2021032105020754,GLH,50,51,10,375.0,3750.0
2021032105020753,GLH,50,58,10,375.0,3750.0
2021032105020752,GLH,45,57,10,375.0,3750.0
2021032105020750,GLH,21,46,10,374.0,3740.0
2021032105020748,GLH,21,37,10,374.0,3740.0
2021032105020762,GLH,21,45,10,374.0,3740.0
2021032105020760,GLH,50,17,30,378.0,11340.0
2021032105020759,GLH,50,58,10,377.0,3770.0
2021032105020758,GLH,50,25,10,377.0,3770.0
2021032105020757,GLH,50,21,10,376.0,3760.0
2021032105020756,GLH,50,57,10,375.0,3750.0
2021032105020771,GLH,21,41,10,374.0,3740.0
2021032105020770,GLH,21,45,10,374.0,3740.0
2021032105020769,GLH,39,3,10,375.0,3750.0
2021032105020765,GLH,39,38,10,375.0,3750.0
2021032105020764,GLH,39,42,10,375.0,3750.0
2021032105020763,GLH,21,3,10,374.0,3740.0
2021032105020796,GLH,38,49,10,374.0,3740.0
2021032105020795,GLH,21,49,10,374.0,3740.0
2021032105020786,GLH,52,3,10,375.0,3750.0
2021032105020785,GLH,52,49,10,375.0,3750.0
2021032105020775,GLH,52,49,10,375.0,3750.0
2021032105020772,GLH,21,57,10,374.0,3740.0
2021032105020818,GLH,17,17,10,373.0,3730.0
2021032105020816,GLH,17,1,10,373.0,3730.0
2021032105020813,GLH,17,3,10,373.0,3730.0
2021032105020812,GLH,17,49,10,373.0,3730.0
2021032105020804,GLH,17,3,10,373.0,3730.0
2021032105020797,GLH,17,3,10,373.0,3730.0
2021032105020831,GLH,55,21,10,374.0,3740.0
2021032105020830,GLH,51,3,10,373.0,3730.0
2021032105020824,GLH,25,42,10,373.0,3730.0
2021032105020823,GLH,25,42,10,373.0,3730.0
2021032105020822,GLH,25,21,10,373.0,3730.0
2021032105020819,GLH,17,3,10,373.0,3730.0
2021032105020847,GLH,51,3,10,373.0,3730.0
2021032105020841,GLH,51,57,10,373.0,3730.0
2021032105020838,GLH,51,3,10,373.0,3730.0
2021032105020836,GLH,52,42,10,374.0,3740.0
2021032105020835,GLH,52,58,10,374.0,3740.0
2021032105020834,GLH,51,38,10,373.0,3730.0
2021032105020864,GLH,37,18,10,375.0,3750.0
2021032105020862,GLH,51,35,10,373.0,3730.0
2021032105020861,GLH,51,32,10,373.0,3730.0
2021032105020857,GLH,22,3,10,374.0,3740.0
2021032105020855,GLH,22,55,10,374.0,3740.0
2021032105020848,GLH,51,49,10,373.0,3730.0
2021032105020873,GLH,55,51,10,376.0,3760.0
2021032105020872,GLH,37,38,10,375.0,3750.0
2021032105020871,GLH,37,3,10,375.0,3750.0
2021032105020869,GLH,37,47,10,375.0,3750.0
2021032105020866,GLH,37,33,10,375.0,3750.0
2021032105020865,GLH,37,41,10,375.0,3750.0
2021032105020885,GLH,51,47,10,373.0,3730.0
2021032105020883,GLH,51,1,10,373.0,3730.0
2021032105020881,GLH,37,3,10,375.0,3750.0
2021032105020879,GLH,37,47,10,375.0,3750.0
2021032105020878,GLH,37,58,10,375.0,3750.0
2021032105020876,GLH,37,43,10,375.0,3750.0
2021032105020910,GLH,51,6,10,372.0,3720.0
2021032105020907,GLH,34,3,10,372.0,3720.0
2021032105020899,GLH,34,42,10,372.0,3720.0
2021032105020895,GLH,34,45,10,372.0,3720.0
2021032105020893,GLH,34,3,10,372.0,3720.0
2021032105020887,GLH,34,3,10,372.0,3720.0
2021032105020930,NIFRA,50,58,14,527.0,7378.0
