Transact. No.,Symbol,Buyer,Seller,Quantity,Rate,Amount
2021032405014092,CGH,6,4,10,1890.0,18900.0
2021032405014284,GLH,38,42,10,399.0,3990.0
2021032405014283,GLH,38,46,10,398.0,3980.0
2021032405014282,GLH,38,51,10,398.0,3980.0
2021032405014281,GLH,38,45,10,397.0,3970.0
2021032405014280,GLH,38,32,10,397.0,3970.0
2021032405014270,GLH,38,14,10,396.0,3960.0
2021032405013879,GLH,38,29,10,396.0,3960.0
2021032405014083,GLH,35,52,10,398.0,3980.0
2021032405014082,GLH,35,42,10,398.0,3980.0
2021032405014079,GLH,38,40,10,396.0,3960.0
2021032405014062,GLH,38,14,10,396.0,3960.0
2021032405013973,GLH,38,14,10,396.0,3960.0
2021032405013964,GLH,38,28,10,396.0,3960.0
2021032405014175,GLH,38,38,10,396.0,3960.0
2021032405014139,GLH,48,48,10,398.0,3980.0
2021032405014135,GLH,48,55,10,398.0,3980.0
2021032405014134,GLH,48,14,10,398.0,3980.0
2021032405014087,GLH,35,29,10,398.0,3980.0
2021032405014086,GLH,35,48,10,398.0,3980.0
2021032405014267,GLH,38,48,10,396.0,3960.0
2021032405014266,GLH,38,48,10,396.0,3960.0
2021032405014255,GLH,38,48,10,396.0,3960.0
2021032405014253,GLH,38,16,10,396.0,3960.0
2021032405014219,GLH,38,14,10,396.0,3960.0
2021032405014218,GLH,38,59,10,396.0,3960.0
2021032405014299,NIFRA,14,44,30,581.0,17430.0
2021032405014298,NIFRA,19,44,100,581.0,58100.0
2021032405014297,NIFRA,29,44,100,581.0,58100.0
2021032405014296,NIFRA,13,44,200,581.0,116200.0
2021032405014295,NIFRA,57,44,50,581.0,29050.0
2021032405014294,NIFRA,40,38,50,580.0,29000.0
2021032405013805,NIFRA,57,55,100,580.0,58000.0
2021032405013804,NIFRA,57,47,10,580.0,5800.0
2021032405013803,NIFRA,57,47,50,580.0,29000.0
2021032405013802,NIFRA,57,17,100,580.0,58000.0
2021032405013801,NIFRA,57,47,60,580.0,34800.0
2021032405013800,NIFRA,57,44,25,580.0,14500.0
2021032405013811,NIFRA,57,17,40,580.0,23200.0
2021032405013810,NIFRA,57,57,50,580.0,29000.0
2021032405013809,NIFRA,57,58,10,580.0,5800.0
2021032405013808,NIFRA,57,56,"1,000",580.0,580000.0
2021032405013807,NIFRA,57,19,25,580.0,14500.0
2021032405013806,NIFRA,57,51,60,580.0,34800.0
2021032405013817,NIFRA,57,58,50,580.0,29000.0
2021032405013816,NIFRA,57,58,50,580.0,29000.0
2021032405013815,NIFRA,57,57,50,580.0,29000.0
2021032405013814,NIFRA,57,43,50,580.0,29000.0
2021032405013813,NIFRA,57,16,10,580.0,5800.0
2021032405013812,NIFRA,57,49,60,580.0,34800.0
2021032405013823,NIFRA,57,1,50,580.0,29000.0
2021032405013822,NIFRA,57,34,10,580.0,5800.0
2021032405013821,NIFRA,57,58,50,580.0,29000.0
2021032405013820,NIFRA,57,21,50,580.0,29000.0
2021032405013819,NIFRA,57,38,50,580.0,29000.0
2021032405013818,NIFRA,57,6,50,580.0,29000.0
2021032405013829,NIFRA,57,8,60,580.0,34800.0
2021032405013828,NIFRA,57,58,50,580.0,29000.0
2021032405013827,NIFRA,57,36,50,580.0,29000.0
2021032405013826,NIFRA,57,21,60,580.0,34800.0
2021032405013825,NIFRA,57,41,50,580.0,29000.0
2021032405013824,NIFRA,57,49,60,580.0,34800.0
2021032405013835,NIFRA,57,45,10,580.0,5800.0
2021032405013834,NIFRA,57,55,50,580.0,29000.0
2021032405013833,NIFRA,57,45,30,580.0,17400.0
2021032405013832,NIFRA,57,58,60,580.0,34800.0
2021032405013831,NIFRA,57,45,50,580.0,29000.0
2021032405013830,NIFRA,57,36,10,580.0,5800.0
2021032405013841,NIFRA,57,47,60,580.0,34800.0
2021032405013840,NIFRA,57,57,50,580.0,29000.0
2021032405013839,NIFRA,57,13,10,580.0,5800.0
2021032405013838,NIFRA,57,21,60,580.0,34800.0
2021032405013837,NIFRA,57,44,150,580.0,87000.0
2021032405013836,NIFRA,57,14,50,580.0,29000.0
2021032405013847,NIFRA,57,48,10,580.0,5800.0
2021032405013846,NIFRA,57,7,10,580.0,5800.0
2021032405013845,NIFRA,57,6,50,580.0,29000.0
2021032405013844,NIFRA,57,6,50,580.0,29000.0
2021032405013843,NIFRA,57,50,100,580.0,58000.0
2021032405013842,NIFRA,57,58,50,580.0,29000.0
2021032405013853,NIFRA,57,50,30,580.0,17400.0
2021032405013852,NIFRA,57,7,20,580.0,11600.0
2021032405013851,NIFRA,57,58,50,580.0,29000.0
2021032405013850,NIFRA,57,41,30,580.0,17400.0
2021032405013849,NIFRA,57,29,500,580.0,290000.0
2021032405013848,NIFRA,57,16,50,580.0,29000.0
2021032405013859,NIFRA,8,34,30,580.0,17400.0
2021032405013858,NIFRA,49,34,20,580.0,11600.0
2021032405013857,NIFRA,49,28,50,580.0,29000.0
2021032405013856,NIFRA,49,58,30,580.0,17400.0
2021032405013855,NIFRA,44,29,50,579.0,28950.0
2021032405013854,NIFRA,57,52,10,580.0,5800.0
2021032405013865,NIFRA,8,42,30,580.0,17400.0
2021032405013864,NIFRA,8,22,20,580.0,11600.0
2021032405013863,NIFRA,8,4,50,580.0,29000.0
2021032405013862,NIFRA,8,58,50,580.0,29000.0
2021032405013861,NIFRA,8,33,"1,020",580.0,591600.0
2021032405013860,NIFRA,8,36,30,580.0,17400.0
2021032405013871,NIFRA,8,58,50,580.0,29000.0
2021032405013870,NIFRA,8,47,50,580.0,29000.0
2021032405013869,NIFRA,8,58,100,580.0,58000.0
2021032405013868,NIFRA,8,58,60,580.0,34800.0
2021032405013867,NIFRA,8,57,60,580.0,34800.0
2021032405013866,NIFRA,8,7,60,580.0,34800.0
2021032405013877,NIFRA,44,33,200,579.0,115800.0
2021032405013876,NIFRA,44,57,60,579.0,34740.0
2021032405013875,NIFRA,35,55,10,580.0,5800.0
2021032405013874,NIFRA,8,55,15,580.0,8700.0
2021032405013873,NIFRA,8,40,60,580.0,34800.0
2021032405013872,NIFRA,8,3,15,580.0,8700.0
2021032405013884,NIFRA,49,55,100,579.0,57900.0
2021032405013883,NIFRA,38,55,100,579.0,57900.0
2021032405013882,NIFRA,44,55,"1,320",579.0,764280.0
2021032405013881,NIFRA,32,55,"1,000",579.0,579000.0
2021032405013880,NIFRA,44,57,50,579.0,28950.0
2021032405013878,NIFRA,35,55,120,580.0,69600.0
2021032405013890,NIFRA,59,21,60,579.0,34740.0
2021032405013889,NIFRA,35,55,10,580.0,5800.0
2021032405013888,NIFRA,59,8,60,579.0,34740.0
2021032405013887,NIFRA,59,55,330,579.0,191070.0
2021032405013886,NIFRA,34,55,50,579.0,28950.0
2021032405013885,NIFRA,45,55,100,579.0,57900.0
2021032405013896,NIFRA,29,44,60,580.0,34800.0
2021032405013895,NIFRA,29,29,50,580.0,29000.0
2021032405013894,NIFRA,14,45,100,580.0,58000.0
2021032405013893,NIFRA,14,50,50,580.0,29000.0
2021032405013892,NIFRA,59,44,60,579.0,34740.0
2021032405013891,NIFRA,21,55,45,580.0,26100.0
2021032405013902,NIFRA,29,55,20,580.0,11600.0
2021032405013901,NIFRA,29,41,10,580.0,5800.0
2021032405013900,NIFRA,29,19,350,580.0,203000.0
2021032405013899,NIFRA,29,11,130,580.0,75400.0
2021032405013898,NIFRA,29,16,10,580.0,5800.0
2021032405013897,NIFRA,29,5,60,580.0,34800.0
2021032405013908,NIFRA,29,21,100,580.0,58000.0
2021032405013907,NIFRA,29,7,60,580.0,34800.0
2021032405013906,NIFRA,29,49,60,580.0,34800.0
2021032405013905,NIFRA,29,48,60,580.0,34800.0
2021032405013904,NIFRA,29,50,10,580.0,5800.0
2021032405013903,NIFRA,29,17,20,580.0,11600.0
2021032405013914,NIFRA,55,45,100,580.0,58000.0
2021032405013913,NIFRA,55,21,220,580.0,127600.0
2021032405013912,NIFRA,55,50,500,580.0,290000.0
2021032405013911,NIFRA,45,21,20,580.0,11600.0
2021032405013910,NIFRA,59,16,20,579.0,11580.0
2021032405013909,NIFRA,44,21,100,580.0,58000.0
2021032405013920,NIFRA,21,6,30,580.0,17400.0
2021032405013919,NIFRA,21,55,50,580.0,29000.0
2021032405013918,NIFRA,21,57,220,580.0,127600.0
2021032405013917,NIFRA,1,57,150,580.0,87000.0
2021032405013916,NIFRA,55,57,130,580.0,75400.0
2021032405013915,NIFRA,55,44,50,580.0,29000.0
2021032405013926,NIFRA,59,28,100,579.0,57900.0
2021032405013925,NIFRA,35,6,10,580.0,5800.0
2021032405013924,NIFRA,59,25,50,579.0,28950.0
2021032405013923,NIFRA,25,6,130,580.0,75400.0
2021032405013922,NIFRA,25,52,50,580.0,29000.0
2021032405013921,NIFRA,25,6,20,580.0,11600.0
2021032405013932,NIFRA,54,28,50,579.0,28950.0
2021032405013931,NIFRA,49,28,200,579.0,115800.0
2021032405013930,NIFRA,39,28,100,579.0,57900.0
2021032405013929,NIFRA,58,28,400,579.0,231600.0
2021032405013928,NIFRA,7,28,155,579.0,89745.0
2021032405013927,NIFRA,49,28,250,579.0,144750.0
2021032405013938,NIFRA,40,28,50,579.0,28950.0
2021032405013937,NIFRA,58,28,311,579.0,180069.0
2021032405013936,NIFRA,34,28,20,579.0,11580.0
2021032405013935,NIFRA,51,28,25,579.0,14475.0
2021032405013934,NIFRA,35,28,500,579.0,289500.0
2021032405013933,NIFRA,19,28,40,579.0,23160.0
2021032405013944,NIFRA,37,38,10,580.0,5800.0
2021032405013943,NIFRA,37,6,20,580.0,11600.0
2021032405013942,NIFRA,20,6,40,580.0,23200.0
2021032405013941,NIFRA,20,34,60,579.0,34740.0
2021032405013940,NIFRA,51,14,50,579.0,28950.0
2021032405013939,NIFRA,51,28,799,579.0,462621.0
2021032405013950,NIFRA,37,58,60,580.0,34800.0
2021032405013949,NIFRA,37,58,50,580.0,29000.0
2021032405013948,NIFRA,37,58,30,580.0,17400.0
2021032405013947,NIFRA,37,47,60,580.0,34800.0
2021032405013946,NIFRA,37,41,50,580.0,29000.0
2021032405013945,NIFRA,37,45,50,580.0,29000.0
2021032405013956,NIFRA,38,57,50,580.0,29000.0
2021032405013955,NIFRA,38,58,50,580.0,29000.0
2021032405013954,NIFRA,38,57,30,580.0,17400.0
2021032405013953,NIFRA,37,57,30,580.0,17400.0
2021032405013952,NIFRA,37,8,100,580.0,58000.0
2021032405013951,NIFRA,37,58,40,580.0,23200.0
2021032405013962,NIFRA,29,6,300,579.0,173700.0
2021032405013961,NIFRA,43,38,19,579.0,11001.0
2021032405013960,NIFRA,45,38,20,579.0,11580.0
2021032405013959,NIFRA,51,38,11,579.0,6369.0
2021032405013958,NIFRA,38,58,70,580.0,40600.0
2021032405013957,NIFRA,38,58,100,580.0,58000.0
2021032405013969,NIFRA,32,58,20,580.0,11600.0
2021032405013968,NIFRA,29,28,50,579.0,28950.0
2021032405013967,NIFRA,29,40,50,579.0,28950.0
2021032405013966,NIFRA,34,58,100,580.0,58000.0
2021032405013965,NIFRA,29,46,50,579.0,28950.0
2021032405013963,NIFRA,55,58,500,580.0,290000.0
2021032405013976,NIFRA,45,32,170,580.0,98600.0
2021032405013975,NIFRA,45,21,60,580.0,34800.0
2021032405013974,NIFRA,45,58,310,580.0,179800.0
2021032405013972,NIFRA,29,21,60,579.0,34740.0
2021032405013971,NIFRA,29,38,25,579.0,14475.0
2021032405013970,NIFRA,29,57,50,579.0,28950.0
2021032405013982,NIFRA,21,50,50,580.0,29000.0
2021032405013981,NIFRA,21,52,30,580.0,17400.0
2021032405013980,NIFRA,29,45,360,579.0,208440.0
2021032405013979,NIFRA,57,52,70,580.0,40600.0
2021032405013978,NIFRA,57,32,230,580.0,133400.0
2021032405013977,NIFRA,37,32,100,580.0,58000.0
2021032405013988,NIFRA,21,19,50,580.0,29000.0
2021032405013987,NIFRA,21,45,50,580.0,29000.0
2021032405013986,NIFRA,21,38,60,580.0,34800.0
2021032405013985,NIFRA,21,17,100,580.0,58000.0
2021032405013984,NIFRA,21,49,50,580.0,29000.0
2021032405013983,NIFRA,21,51,50,580.0,29000.0
2021032405013994,NIFRA,29,36,500,579.0,289500.0
2021032405013993,NIFRA,29,54,60,579.0,34740.0
2021032405013992,NIFRA,21,35,60,580.0,34800.0
2021032405013991,NIFRA,21,16,200,580.0,116000.0
2021032405013990,NIFRA,21,16,50,580.0,29000.0
2021032405013989,NIFRA,21,38,50,580.0,29000.0
2021032405014000,NIFRA,35,35,10,580.0,5800.0
2021032405013999,NIFRA,29,48,20,579.0,11580.0
2021032405013998,NIFRA,29,16,40,579.0,23160.0
2021032405013997,NIFRA,29,38,50,579.0,28950.0
2021032405013996,NIFRA,45,35,100,580.0,58000.0
2021032405013995,NIFRA,49,35,100,580.0,58000.0
2021032405014006,NIFRA,21,1,50,580.0,29000.0
2021032405014005,NIFRA,21,21,30,580.0,17400.0
2021032405014004,NIFRA,21,1,100,580.0,58000.0
2021032405014003,NIFRA,21,41,50,580.0,29000.0
2021032405014002,NIFRA,21,35,530,580.0,307400.0
2021032405014001,NIFRA,21,35,200,580.0,116000.0
2021032405014012,NIFRA,54,56,50,580.0,29000.0
2021032405014011,NIFRA,54,50,50,580.0,29000.0
2021032405014010,NIFRA,54,4,50,580.0,29000.0
2021032405014009,NIFRA,54,58,10,580.0,5800.0
2021032405014008,NIFRA,54,34,60,580.0,34800.0
2021032405014007,NIFRA,21,21,40,580.0,23200.0
2021032405014018,NIFRA,56,45,30,580.0,17400.0
2021032405014017,NIFRA,56,46,70,580.0,40600.0
2021032405014016,NIFRA,54,46,30,580.0,17400.0
2021032405014015,NIFRA,54,35,150,580.0,87000.0
2021032405014014,NIFRA,54,35,50,580.0,29000.0
2021032405014013,NIFRA,54,14,50,580.0,29000.0
2021032405014024,NIFRA,19,54,30,580.0,17400.0
2021032405014023,NIFRA,19,40,60,580.0,34800.0
2021032405014022,NIFRA,19,38,500,580.0,290000.0
2021032405014021,NIFRA,19,57,10,580.0,5800.0
2021032405014020,NIFRA,19,21,50,580.0,29000.0
2021032405014019,NIFRA,19,43,300,580.0,174000.0
2021032405014030,NIFRA,19,21,50,580.0,29000.0
2021032405014029,NIFRA,19,44,200,580.0,116000.0
2021032405014028,NIFRA,19,4,100,580.0,58000.0
2021032405014027,NIFRA,19,22,50,580.0,29000.0
2021032405014026,NIFRA,19,21,20,580.0,11600.0
2021032405014025,NIFRA,19,32,60,580.0,34800.0
2021032405014036,NIFRA,19,34,60,580.0,34800.0
2021032405014035,NIFRA,19,29,60,580.0,34800.0
2021032405014034,NIFRA,19,55,60,580.0,34800.0
2021032405014033,NIFRA,19,19,130,580.0,75400.0
2021032405014032,NIFRA,19,45,15,580.0,8700.0
2021032405014031,NIFRA,19,4,50,580.0,29000.0
2021032405014042,NIFRA,19,41,50,580.0,29000.0
2021032405014041,NIFRA,19,53,50,580.0,29000.0
2021032405014040,NIFRA,19,45,50,580.0,29000.0
2021032405014039,NIFRA,19,45,10,580.0,5800.0
2021032405014038,NIFRA,19,22,50,580.0,29000.0
2021032405014037,NIFRA,19,1,50,580.0,29000.0
2021032405014048,NIFRA,19,57,100,580.0,58000.0
2021032405014047,NIFRA,19,51,50,580.0,29000.0
2021032405014046,NIFRA,19,32,50,580.0,29000.0
2021032405014045,NIFRA,19,46,10,580.0,5800.0
2021032405014044,NIFRA,19,1,260,580.0,150800.0
2021032405014043,NIFRA,19,50,100,580.0,58000.0
2021032405014054,NIFRA,19,45,10,580.0,5800.0
2021032405014053,NIFRA,19,6,50,580.0,29000.0
2021032405014052,NIFRA,19,58,50,580.0,29000.0
2021032405014051,NIFRA,19,50,10,580.0,5800.0
2021032405014050,NIFRA,19,52,30,580.0,17400.0
2021032405014049,NIFRA,19,57,40,580.0,23200.0
2021032405014060,NIFRA,21,45,40,580.0,23200.0
2021032405014059,NIFRA,21,56,50,580.0,29000.0
2021032405014058,NIFRA,21,59,135,580.0,78300.0
2021032405014057,NIFRA,45,59,50,580.0,29000.0
2021032405014056,NIFRA,19,59,625,580.0,362500.0
2021032405014055,NIFRA,19,21,50,580.0,29000.0
2021032405014067,NIFRA,54,16,50,581.0,29050.0
2021032405014066,NIFRA,54,17,100,581.0,58100.0
2021032405014065,NIFRA,21,1,50,580.0,29000.0
2021032405014064,NIFRA,21,38,10,580.0,5800.0
2021032405014063,NIFRA,21,57,50,580.0,29000.0
2021032405014061,NIFRA,21,34,50,580.0,29000.0
2021032405014073,NIFRA,21,32,100,580.0,58000.0
2021032405014072,NIFRA,21,21,210,580.0,121800.0
2021032405014071,NIFRA,54,59,200,581.0,116200.0
2021032405014070,NIFRA,54,46,50,581.0,29050.0
2021032405014069,NIFRA,54,13,50,581.0,29050.0
2021032405014068,NIFRA,54,13,50,581.0,29050.0
2021032405014080,NIFRA,1,38,35,580.0,20300.0
2021032405014078,NIFRA,1,59,25,580.0,14500.0
2021032405014077,NIFRA,1,39,40,580.0,23200.0
2021032405014076,NIFRA,35,39,10,580.0,5800.0
2021032405014075,NIFRA,21,7,50,580.0,29000.0
2021032405014074,NIFRA,21,22,50,580.0,29000.0
2021032405014090,NIFRA,38,47,20,580.0,11600.0
2021032405014089,NIFRA,38,41,10,580.0,5800.0
2021032405014088,NIFRA,38,16,60,580.0,34800.0
2021032405014085,NIFRA,38,38,60,580.0,34800.0
2021032405014084,NIFRA,44,59,150,581.0,87150.0
2021032405014081,NIFRA,38,38,15,580.0,8700.0
2021032405014097,NIFRA,35,34,10,580.0,5800.0
2021032405014096,NIFRA,32,34,50,580.0,29000.0
2021032405014095,NIFRA,47,34,50,580.0,29000.0
2021032405014094,NIFRA,38,34,105,580.0,60900.0
2021032405014093,NIFRA,38,57,200,580.0,116000.0
2021032405014091,NIFRA,38,17,30,580.0,17400.0
2021032405014103,NIFRA,1,38,20,580.0,11600.0
2021032405014102,NIFRA,1,34,75,580.0,43500.0
2021032405014101,NIFRA,51,34,100,580.0,58000.0
2021032405014100,NIFRA,51,34,20,580.0,11600.0
2021032405014099,NIFRA,22,34,50,580.0,29000.0
2021032405014098,NIFRA,6,34,40,580.0,23200.0
2021032405014109,NIFRA,54,38,40,580.0,23200.0
2021032405014108,NIFRA,54,7,25,580.0,14500.0
2021032405014107,NIFRA,1,7,25,580.0,14500.0
2021032405014106,NIFRA,1,33,60,580.0,34800.0
2021032405014105,NIFRA,1,44,100,580.0,58000.0
2021032405014104,NIFRA,1,58,60,580.0,34800.0
2021032405014115,NIFRA,5,59,500,581.0,290500.0
2021032405014114,NIFRA,44,59,150,581.0,87150.0
2021032405014113,NIFRA,29,34,34,580.0,19720.0
2021032405014112,NIFRA,54,34,26,580.0,15080.0
2021032405014111,NIFRA,54,38,209,580.0,121220.0
2021032405014110,NIFRA,54,49,200,580.0,116000.0
2021032405014121,NIFRA,59,14,100,581.0,58100.0
2021032405014120,NIFRA,59,52,30,581.0,17430.0
2021032405014119,NIFRA,59,22,15,581.0,8715.0
2021032405014118,NIFRA,29,53,50,580.0,29000.0
2021032405014117,NIFRA,29,55,10,580.0,5800.0
2021032405014116,NIFRA,29,55,50,580.0,29000.0
2021032405014127,NIFRA,41,36,30,581.0,17430.0
2021032405014126,NIFRA,29,49,30,580.0,17400.0
2021032405014125,NIFRA,29,34,50,580.0,29000.0
2021032405014124,NIFRA,29,10,50,580.0,29000.0
2021032405014123,NIFRA,51,36,20,581.0,11620.0
2021032405014122,NIFRA,51,58,10,581.0,5810.0
2021032405014133,NIFRA,41,32,103,581.0,59843.0
2021032405014132,NIFRA,41,34,27,581.0,15687.0
2021032405014131,NIFRA,41,49,20,581.0,11620.0
2021032405014130,NIFRA,41,45,50,581.0,29050.0
2021032405014129,NIFRA,41,58,20,581.0,11620.0
2021032405014128,NIFRA,41,45,50,581.0,29050.0
2021032405014142,NIFRA,29,14,50,580.0,29000.0
2021032405014141,NIFRA,29,38,40,580.0,23200.0
2021032405014140,NIFRA,29,6,10,580.0,5800.0
2021032405014138,NIFRA,29,1,50,580.0,29000.0
2021032405014137,NIFRA,29,50,500,580.0,290000.0
2021032405014136,NIFRA,29,45,35,580.0,20300.0
2021032405014148,NIFRA,3,32,17,581.0,9877.0
2021032405014147,NIFRA,36,58,50,580.0,29000.0
2021032405014146,NIFRA,35,58,10,580.0,5800.0
2021032405014145,NIFRA,49,35,9,580.0,5220.0
2021032405014144,NIFRA,29,35,41,580.0,23780.0
2021032405014143,NIFRA,21,32,50,581.0,29050.0
2021032405014154,NIFRA,3,58,10,581.0,5810.0
2021032405014153,NIFRA,3,6,50,581.0,29050.0
2021032405014152,NIFRA,3,11,20,581.0,11620.0
2021032405014151,NIFRA,3,16,200,581.0,116200.0
2021032405014150,NIFRA,3,13,50,581.0,29050.0
2021032405014149,NIFRA,3,34,60,581.0,34860.0
2021032405014160,NIFRA,36,21,50,580.0,29000.0
2021032405014159,NIFRA,36,26,30,580.0,17400.0
2021032405014158,NIFRA,3,36,43,581.0,24983.0
2021032405014157,NIFRA,3,42,100,581.0,58100.0
2021032405014156,NIFRA,3,45,50,581.0,29050.0
2021032405014155,NIFRA,3,22,100,581.0,58100.0
2021032405014166,NIFRA,19,51,68,581.0,39508.0
2021032405014165,NIFRA,19,28,100,581.0,58100.0
2021032405014164,NIFRA,19,32,32,581.0,18592.0
2021032405014163,NIFRA,17,32,68,581.0,39508.0
2021032405014162,NIFRA,17,42,15,581.0,8715.0
2021032405014161,NIFRA,17,36,17,581.0,9877.0
2021032405014172,NIFRA,36,59,50,580.0,29000.0
2021032405014171,NIFRA,36,58,50,580.0,29000.0
2021032405014170,NIFRA,36,40,50,580.0,29000.0
2021032405014169,NIFRA,36,7,60,580.0,34800.0
2021032405014168,NIFRA,36,58,550,580.0,319000.0
2021032405014167,NIFRA,36,44,60,580.0,34800.0
2021032405014179,NIFRA,25,32,100,581.0,58100.0
2021032405014178,NIFRA,25,57,100,581.0,58100.0
2021032405014177,NIFRA,25,45,10,581.0,5810.0
2021032405014176,NIFRA,25,51,132,581.0,76692.0
2021032405014174,NIFRA,38,41,40,580.0,23200.0
2021032405014173,NIFRA,36,41,50,580.0,29000.0
2021032405014185,NIFRA,35,34,48,581.0,27888.0
2021032405014184,NIFRA,35,52,12,581.0,6972.0
2021032405014183,NIFRA,25,52,88,581.0,51128.0
2021032405014182,NIFRA,25,50,10,581.0,5810.0
2021032405014181,NIFRA,25,13,10,581.0,5810.0
2021032405014180,NIFRA,25,55,50,581.0,29050.0
2021032405014191,NIFRA,10,41,50,581.0,29050.0
2021032405014190,NIFRA,10,59,10,581.0,5810.0
2021032405014189,NIFRA,10,58,20,581.0,11620.0
2021032405014188,NIFRA,10,45,50,581.0,29050.0
2021032405014187,NIFRA,10,34,152,581.0,88312.0
2021032405014186,NIFRA,38,39,10,580.0,5800.0
2021032405014197,NIFRA,14,56,100,581.0,58100.0
2021032405014196,NIFRA,10,4,48,581.0,27888.0
2021032405014195,NIFRA,10,50,500,581.0,290500.0
2021032405014194,NIFRA,10,39,100,581.0,58100.0
2021032405014193,NIFRA,10,41,60,581.0,34860.0
2021032405014192,NIFRA,10,52,10,581.0,5810.0
2021032405014203,NIFRA,55,56,200,580.0,116000.0
2021032405014202,NIFRA,34,56,120,580.0,69600.0
2021032405014201,NIFRA,57,56,100,580.0,58000.0
2021032405014200,NIFRA,46,56,50,580.0,29000.0
2021032405014199,NIFRA,21,56,800,580.0,464000.0
2021032405014198,NIFRA,38,56,25,580.0,14500.0
2021032405014209,NIFRA,52,56,200,580.0,116000.0
2021032405014208,NIFRA,33,56,150,580.0,87000.0
2021032405014207,NIFRA,55,56,25,580.0,14500.0
2021032405014206,NIFRA,22,56,100,580.0,58000.0
2021032405014205,NIFRA,55,56,68,580.0,39440.0
2021032405014204,NIFRA,35,56,10,580.0,5800.0
2021032405014215,NIFRA,35,56,10,580.0,5800.0
2021032405014214,NIFRA,19,56,50,580.0,29000.0
2021032405014213,NIFRA,38,56,170,580.0,98600.0
2021032405014212,NIFRA,55,56,100,580.0,58000.0
2021032405014211,NIFRA,55,56,25,580.0,14500.0
2021032405014210,NIFRA,8,56,170,580.0,98600.0
2021032405014223,NIFRA,40,33,160,582.0,93120.0
2021032405014222,NIFRA,44,25,50,581.0,29050.0
2021032405014221,NIFRA,34,47,50,581.0,29050.0
2021032405014220,NIFRA,34,29,50,581.0,29050.0
2021032405014217,NIFRA,48,48,5,580.0,2900.0
2021032405014216,NIFRA,50,56,27,580.0,15660.0
2021032405014229,NIFRA,40,47,50,582.0,29100.0
2021032405014228,NIFRA,40,6,100,582.0,58200.0
2021032405014227,NIFRA,40,21,50,582.0,29100.0
2021032405014226,NIFRA,40,47,50,582.0,29100.0
2021032405014225,NIFRA,40,32,10,582.0,5820.0
2021032405014224,NIFRA,40,16,50,582.0,29100.0
2021032405014235,NIFRA,40,45,60,582.0,34920.0
2021032405014234,NIFRA,40,48,50,582.0,29100.0
2021032405014233,NIFRA,40,42,10,582.0,5820.0
2021032405014232,NIFRA,40,57,60,582.0,34920.0
2021032405014231,NIFRA,40,7,50,582.0,29100.0
2021032405014230,NIFRA,40,58,10,582.0,5820.0
2021032405014241,NIFRA,40,45,10,582.0,5820.0
2021032405014240,NIFRA,40,3,50,582.0,29100.0
2021032405014239,NIFRA,40,57,20,582.0,11640.0
2021032405014238,NIFRA,40,45,50,582.0,29100.0
2021032405014237,NIFRA,40,47,50,582.0,29100.0
2021032405014236,NIFRA,40,38,60,582.0,34920.0
2021032405014247,NIFRA,21,52,15,581.0,8715.0
2021032405014246,NIFRA,21,8,115,581.0,66815.0
2021032405014245,NIFRA,1,8,300,581.0,174300.0
2021032405014244,NIFRA,6,8,35,581.0,20335.0
2021032405014243,NIFRA,44,8,50,581.0,29050.0
2021032405014242,NIFRA,44,58,50,581.0,29050.0
2021032405014254,NIFRA,48,46,10,580.0,5800.0
2021032405014252,NIFRA,48,13,150,580.0,87000.0
2021032405014251,NIFRA,48,20,537,580.0,311460.0
2021032405014250,NIFRA,22,20,190,580.0,110200.0
2021032405014249,NIFRA,50,20,73,580.0,42340.0
2021032405014248,NIFRA,56,20,200,581.0,116200.0
2021032405014261,NIFRA,29,32,200,581.0,116200.0
2021032405014260,NIFRA,19,32,50,581.0,29050.0
2021032405014259,NIFRA,25,32,500,581.0,290500.0
2021032405014258,NIFRA,19,32,26,581.0,15106.0
2021032405014257,NIFRA,41,32,35,581.0,20335.0
2021032405014256,NIFRA,41,52,15,581.0,8715.0
2021032405014269,NIFRA,40,8,30,580.0,17400.0
2021032405014268,NIFRA,5,32,10,581.0,5810.0
2021032405014265,NIFRA,49,32,50,581.0,29050.0
2021032405014264,NIFRA,40,48,20,580.0,11600.0
2021032405014263,NIFRA,40,56,50,580.0,29000.0
2021032405014262,NIFRA,49,32,30,581.0,17430.0
2021032405014276,NIFRA,39,51,50,581.0,29050.0
2021032405014275,NIFRA,39,59,50,581.0,29050.0
2021032405014274,NIFRA,39,16,60,581.0,34860.0
2021032405014273,NIFRA,39,32,89,581.0,51709.0
2021032405014272,NIFRA,40,32,10,581.0,5810.0
2021032405014271,NIFRA,40,51,25,580.0,14500.0
2021032405014287,NIFRA,46,58,50,581.0,29050.0
2021032405014286,NIFRA,40,49,50,580.0,29000.0
2021032405014285,NIFRA,40,38,60,580.0,34800.0
2021032405014279,NIFRA,40,28,100,580.0,58000.0
2021032405014278,NIFRA,39,29,41,581.0,23821.0
2021032405014277,NIFRA,39,45,60,581.0,34860.0
2021032405014293,NIFRA,54,44,178,581.0,103418.0
2021032405014292,NIFRA,54,14,50,581.0,29050.0
2021032405014291,NIFRA,54,29,20,581.0,11620.0
2021032405014290,NIFRA,54,19,25,581.0,14525.0
2021032405014289,NIFRA,54,58,20,581.0,11620.0
2021032405014288,NIFRA,54,48,207,581.0,120267.0
2021032405013634,CGH,6,38,10,1890.0,18900.0
2021032405013501,CGH,6,11,10,1890.0,18900.0
2021032405013385,CGH,6,17,10,1890.0,18900.0
2021032405013361,CGH,6,41,10,1890.0,18900.0
2021032405013719,GLH,13,14,10,396.0,3960.0
2021032405013637,GLH,13,46,10,396.0,3960.0
2021032405013546,GLH,13,14,10,396.0,3960.0
2021032405013544,GLH,13,34,10,396.0,3960.0
2021032405013516,GLH,13,34,10,396.0,3960.0
2021032405013480,GLH,34,46,60,400.0,24000.0
2021032405013400,GLH,1,21,10,396.0,3960.0
2021032405013372,GLH,1,37,10,396.0,3960.0
2021032405013371,GLH,1,58,10,396.0,3960.0
2021032405013314,GLH,7,34,10,396.0,3960.0
2021032405013303,GLH,36,37,10,395.0,3950.0
2021032405013300,GLH,36,58,10,395.0,3950.0
2021032405013433,GLH,38,48,10,400.0,4000.0
2021032405013428,GLH,13,21,10,396.0,3960.0
2021032405013414,GLH,13,13,10,396.0,3960.0
2021032405013408,GLH,13,21,10,396.0,3960.0
2021032405013404,GLH,36,34,10,395.0,3950.0
2021032405013403,GLH,1,19,10,396.0,3960.0
2021032405013439,GLH,38,25,10,400.0,4000.0
2021032405013438,GLH,38,54,10,400.0,4000.0
2021032405013437,GLH,38,7,10,400.0,4000.0
2021032405013436,GLH,38,51,10,400.0,4000.0
2021032405013435,GLH,38,58,10,400.0,4000.0
2021032405013434,GLH,38,21,10,400.0,4000.0
2021032405013479,GLH,13,58,10,396.0,3960.0
2021032405013444,GLH,38,46,40,400.0,16000.0
2021032405013443,GLH,38,21,10,400.0,4000.0
2021032405013442,GLH,38,21,10,400.0,4000.0
2021032405013441,GLH,38,32,10,400.0,4000.0
2021032405013440,GLH,38,13,10,400.0,4000.0
2021032405013799,NIFRA,57,51,50,580.0,29000.0
2021032405013798,NIFRA,57,53,20,580.0,11600.0
2021032405013797,NIFRA,57,32,50,580.0,29000.0
2021032405013796,NIFRA,57,13,60,580.0,34800.0
2021032405013795,NIFRA,57,35,20,580.0,11600.0
2021032405013794,NIFRA,57,41,50,580.0,29000.0
2021032405013305,NIFRA,21,6,50,579.0,28950.0
2021032405013304,NIFRA,21,55,590,579.0,341610.0
2021032405013302,NIFRA,44,55,410,579.0,237390.0
2021032405013301,NIFRA,44,29,90,579.0,52110.0
2021032405013311,NIFRA,4,36,50,579.0,28950.0
2021032405013310,NIFRA,4,55,355,579.0,205545.0
2021032405013309,NIFRA,55,55,25,579.0,14475.0
2021032405013308,NIFRA,28,44,60,578.0,34680.0
2021032405013307,NIFRA,21,55,70,579.0,40530.0
2021032405013306,NIFRA,21,54,50,579.0,28950.0
2021032405013318,NIFRA,57,34,10,580.0,5800.0
2021032405013317,NIFRA,57,45,25,580.0,14500.0
2021032405013316,NIFRA,57,41,100,579.0,57900.0
2021032405013315,NIFRA,57,34,110,579.0,63690.0
2021032405013313,NIFRA,4,38,45,579.0,26055.0
2021032405013312,NIFRA,4,58,50,579.0,28950.0
2021032405013324,NIFRA,57,34,10,580.0,5800.0
2021032405013323,NIFRA,57,6,200,580.0,116000.0
2021032405013322,NIFRA,57,36,60,580.0,34800.0
2021032405013321,NIFRA,57,36,50,580.0,29000.0
2021032405013320,NIFRA,57,38,60,580.0,34800.0
2021032405013319,NIFRA,57,6,10,580.0,5800.0
2021032405013330,NIFRA,57,25,50,580.0,29000.0
2021032405013329,NIFRA,57,28,50,580.0,29000.0
2021032405013328,NIFRA,57,58,25,580.0,14500.0
2021032405013327,NIFRA,57,10,50,579.0,28950.0
2021032405013326,NIFRA,57,58,25,580.0,14500.0
2021032405013325,NIFRA,57,8,50,580.0,29000.0
2021032405013336,NIFRA,57,52,25,580.0,14500.0
2021032405013335,NIFRA,57,21,50,580.0,29000.0
2021032405013334,NIFRA,57,57,200,580.0,116000.0
2021032405013333,NIFRA,57,42,20,580.0,11600.0
2021032405013332,NIFRA,57,21,50,580.0,29000.0
2021032405013331,NIFRA,57,42,30,580.0,17400.0
2021032405013342,NIFRA,58,55,65,579.0,37635.0
2021032405013341,NIFRA,34,55,45,579.0,26055.0
2021032405013340,NIFRA,42,55,250,579.0,144750.0
2021032405013339,NIFRA,57,55,640,579.0,370560.0
2021032405013338,NIFRA,57,38,50,579.0,28950.0
2021032405013337,NIFRA,57,41,50,579.0,28950.0
2021032405013348,NIFRA,58,10,60,579.0,34740.0
2021032405013347,NIFRA,51,57,35,580.0,20300.0
2021032405013346,NIFRA,51,13,50,580.0,29000.0
2021032405013345,NIFRA,51,21,50,580.0,29000.0
2021032405013344,NIFRA,51,52,35,580.0,20300.0
2021032405013343,NIFRA,58,57,50,579.0,28950.0
2021032405013354,NIFRA,28,38,200,578.0,115600.0
2021032405013353,NIFRA,41,21,25,579.0,14475.0
2021032405013352,NIFRA,41,39,60,579.0,34740.0
2021032405013351,NIFRA,41,57,15,579.0,8685.0
2021032405013350,NIFRA,58,57,45,579.0,26055.0
2021032405013349,NIFRA,58,45,80,579.0,46320.0
2021032405013360,NIFRA,28,10,50,578.0,28900.0
2021032405013359,NIFRA,53,55,10,579.0,5790.0
2021032405013358,NIFRA,28,55,100,579.0,57900.0
2021032405013357,NIFRA,45,55,100,579.0,57900.0
2021032405013356,NIFRA,51,55,275,579.0,159225.0
2021032405013355,NIFRA,51,21,25,579.0,14475.0
2021032405013367,NIFRA,28,52,60,578.0,34680.0
2021032405013366,NIFRA,28,10,50,578.0,28900.0
2021032405013365,NIFRA,38,55,20,579.0,11580.0
2021032405013364,NIFRA,6,55,50,579.0,28950.0
2021032405013363,NIFRA,28,40,50,578.0,28900.0
2021032405013362,NIFRA,28,38,50,578.0,28900.0
2021032405013375,NIFRA,6,50,20,579.0,11580.0
2021032405013374,NIFRA,6,17,500,579.0,289500.0
2021032405013373,NIFRA,6,55,245,579.0,141855.0
2021032405013370,NIFRA,35,55,200,579.0,115800.0
2021032405013369,NIFRA,28,16,60,578.0,34680.0
2021032405013368,NIFRA,28,36,50,578.0,28900.0
2021032405013381,NIFRA,46,58,50,579.0,28950.0
2021032405013380,NIFRA,46,11,35,579.0,20265.0
2021032405013379,NIFRA,28,10,50,578.0,28900.0
2021032405013378,NIFRA,6,11,25,579.0,14475.0
2021032405013377,NIFRA,6,51,10,579.0,5790.0
2021032405013376,NIFRA,6,11,200,579.0,115800.0
2021032405013388,NIFRA,25,57,50,579.0,28950.0
2021032405013387,NIFRA,25,7,15,579.0,8685.0
2021032405013386,NIFRA,28,45,60,578.0,34680.0
2021032405013384,NIFRA,7,7,20,579.0,11580.0
2021032405013383,NIFRA,28,16,60,578.0,34680.0
2021032405013382,NIFRA,46,7,15,579.0,8685.0
2021032405013394,NIFRA,13,48,65,579.0,37635.0
2021032405013393,NIFRA,28,11,50,578.0,28900.0
2021032405013392,NIFRA,28,4,50,578.0,28900.0
2021032405013391,NIFRA,49,48,100,579.0,57900.0
2021032405013390,NIFRA,28,45,"1,151",578.0,665278.0
2021032405013389,NIFRA,25,48,135,579.0,78165.0
2021032405013401,NIFRA,28,10,50,578.0,28900.0
2021032405013399,NIFRA,28,38,50,578.0,28900.0
2021032405013398,NIFRA,28,21,60,578.0,34680.0
2021032405013397,NIFRA,51,38,170,579.0,98430.0
2021032405013396,NIFRA,28,16,40,578.0,23120.0
2021032405013395,NIFRA,13,38,110,579.0,63690.0
2021032405013410,NIFRA,41,4,60,579.0,34740.0
2021032405013409,NIFRA,41,38,320,579.0,185280.0
2021032405013407,NIFRA,28,57,60,578.0,34680.0
2021032405013406,NIFRA,35,38,10,579.0,5790.0
2021032405013405,NIFRA,34,38,40,579.0,23160.0
2021032405013402,NIFRA,54,38,200,579.0,115800.0
2021032405013417,NIFRA,48,57,50,579.0,28950.0
2021032405013416,NIFRA,48,19,30,579.0,17370.0
2021032405013415,NIFRA,48,58,10,579.0,5790.0
2021032405013413,NIFRA,28,4,60,578.0,34680.0
2021032405013412,NIFRA,41,58,20,579.0,11580.0
2021032405013411,NIFRA,41,57,50,579.0,28950.0
2021032405013423,NIFRA,48,38,50,579.0,28950.0
2021032405013422,NIFRA,48,10,50,579.0,28950.0
2021032405013421,NIFRA,48,44,150,579.0,86850.0
2021032405013420,NIFRA,48,16,250,579.0,144750.0
2021032405013419,NIFRA,48,11,100,579.0,57900.0
2021032405013418,NIFRA,48,21,40,579.0,23160.0
2021032405013430,NIFRA,48,38,50,579.0,28950.0
2021032405013429,NIFRA,48,48,30,579.0,17370.0
2021032405013427,NIFRA,48,38,60,579.0,34740.0
2021032405013426,NIFRA,48,21,50,579.0,28950.0
2021032405013425,NIFRA,48,40,44,579.0,25476.0
2021032405013424,NIFRA,48,44,60,579.0,34740.0
2021032405013448,NIFRA,48,58,60,579.0,34740.0
2021032405013447,NIFRA,48,58,50,579.0,28950.0
2021032405013446,NIFRA,48,17,50,579.0,28950.0
2021032405013445,NIFRA,48,16,50,579.0,28950.0
2021032405013432,NIFRA,48,17,50,579.0,28950.0
2021032405013431,NIFRA,48,57,60,579.0,34740.0
2021032405013454,NIFRA,45,10,29,579.0,16791.0
2021032405013453,NIFRA,35,10,10,579.0,5790.0
2021032405013452,NIFRA,58,10,11,579.0,6369.0
2021032405013451,NIFRA,58,59,14,579.0,8106.0
2021032405013450,NIFRA,35,59,40,579.0,23160.0
2021032405013449,NIFRA,48,59,656,579.0,379824.0
2021032405013460,NIFRA,57,21,50,579.0,28950.0
2021032405013459,NIFRA,57,8,429,579.0,248391.0
2021032405013458,NIFRA,35,8,10,579.0,5790.0
2021032405013457,NIFRA,39,8,61,579.0,35319.0
2021032405013456,NIFRA,39,53,39,579.0,22581.0
2021032405013455,NIFRA,45,53,21,579.0,12159.0
2021032405013466,NIFRA,52,49,60,579.0,34740.0
2021032405013465,NIFRA,52,55,39,579.0,22581.0
2021032405013464,NIFRA,57,55,21,579.0,12159.0
2021032405013463,NIFRA,41,38,25,580.0,14500.0
2021032405013462,NIFRA,41,21,60,580.0,34800.0
2021032405013461,NIFRA,41,57,15,580.0,8700.0
2021032405013472,NIFRA,58,21,50,580.0,29000.0
2021032405013471,NIFRA,52,51,50,579.0,28950.0
2021032405013470,NIFRA,51,16,20,580.0,11600.0
2021032405013469,NIFRA,45,38,25,580.0,14500.0
2021032405013468,NIFRA,52,10,50,579.0,28950.0
2021032405013467,NIFRA,52,40,60,579.0,34740.0
2021032405013478,NIFRA,52,40,50,579.0,28950.0
2021032405013477,NIFRA,49,22,110,580.0,63800.0
2021032405013476,NIFRA,49,17,50,580.0,29000.0
2021032405013475,NIFRA,49,16,40,580.0,23200.0
2021032405013474,NIFRA,52,38,30,579.0,17370.0
2021032405013473,NIFRA,52,21,30,579.0,17370.0
2021032405013486,NIFRA,44,54,35,580.0,20300.0
2021032405013485,NIFRA,44,45,25,580.0,14500.0
2021032405013484,NIFRA,44,22,40,580.0,23200.0
2021032405013483,NIFRA,34,58,50,579.0,28950.0
2021032405013482,NIFRA,34,6,244,579.0,141276.0
2021032405013481,NIFRA,52,6,56,579.0,32424.0
2021032405013492,NIFRA,4,1,20,580.0,11600.0
2021032405013491,NIFRA,4,45,25,580.0,14500.0
2021032405013490,NIFRA,34,47,50,579.0,28950.0
2021032405013489,NIFRA,11,45,25,580.0,14500.0
2021032405013488,NIFRA,11,54,15,580.0,8700.0
2021032405013487,NIFRA,11,21,60,580.0,34800.0
2021032405013498,NIFRA,34,4,200,580.0,116000.0
2021032405013497,NIFRA,28,4,170,580.0,98600.0
2021032405013496,NIFRA,28,14,50,580.0,29000.0
2021032405013495,NIFRA,28,13,50,580.0,29000.0
2021032405013494,NIFRA,28,54,200,580.0,116000.0
2021032405013493,NIFRA,28,1,30,580.0,17400.0
2021032405013505,NIFRA,34,38,50,579.0,28950.0
2021032405013504,NIFRA,34,17,50,579.0,28950.0
2021032405013503,NIFRA,34,58,50,579.0,28950.0
2021032405013502,NIFRA,34,55,10,579.0,5790.0
2021032405013500,NIFRA,34,21,120,579.0,69480.0
2021032405013499,NIFRA,34,4,20,579.0,11580.0
2021032405013511,NIFRA,34,43,10,579.0,5790.0
2021032405013510,NIFRA,5,59,30,580.0,17400.0
2021032405013509,NIFRA,5,39,30,580.0,17400.0
2021032405013508,NIFRA,5,4,500,580.0,290000.0
2021032405013507,NIFRA,5,35,10,580.0,5800.0
2021032405013506,NIFRA,5,4,130,580.0,75400.0
2021032405013518,NIFRA,51,40,44,579.0,25476.0
2021032405013517,NIFRA,45,40,16,579.0,9264.0
2021032405013515,NIFRA,45,11,50,579.0,28950.0
2021032405013514,NIFRA,45,17,34,579.0,19686.0
2021032405013513,NIFRA,34,17,16,579.0,9264.0
2021032405013512,NIFRA,34,35,50,579.0,28950.0
2021032405013524,NIFRA,45,58,20,579.0,11580.0
2021032405013523,NIFRA,58,58,140,579.0,81060.0
2021032405013522,NIFRA,58,35,60,579.0,34740.0
2021032405013521,NIFRA,28,35,30,579.0,17370.0
2021032405013520,NIFRA,35,35,10,579.0,5790.0
2021032405013519,NIFRA,51,58,50,579.0,28950.0
2021032405013530,NIFRA,45,55,100,579.0,57900.0
2021032405013529,NIFRA,4,55,310,579.0,179490.0
2021032405013528,NIFRA,48,55,700,579.0,405300.0
2021032405013527,NIFRA,4,58,190,579.0,110010.0
2021032405013526,NIFRA,19,58,50,579.0,28950.0
2021032405013525,NIFRA,36,58,100,579.0,57900.0
2021032405013536,NIFRA,34,13,50,580.0,29000.0
2021032405013535,NIFRA,34,41,50,580.0,29000.0
2021032405013534,NIFRA,34,59,20,580.0,11600.0
2021032405013533,NIFRA,34,55,240,579.0,138960.0
2021032405013532,NIFRA,34,55,500,579.0,289500.0
2021032405013531,NIFRA,16,55,150,579.0,86850.0
2021032405013542,NIFRA,34,11,10,580.0,5800.0
2021032405013541,NIFRA,34,13,50,580.0,29000.0
2021032405013540,NIFRA,34,5,20,580.0,11600.0
2021032405013539,NIFRA,34,3,350,580.0,203000.0
2021032405013538,NIFRA,34,41,50,580.0,29000.0
2021032405013537,NIFRA,34,17,150,580.0,87000.0
2021032405013550,NIFRA,49,4,50,580.0,29000.0
2021032405013549,NIFRA,49,38,30,580.0,17400.0
2021032405013548,NIFRA,49,22,50,580.0,29000.0
2021032405013547,NIFRA,41,44,60,579.0,34740.0
2021032405013545,NIFRA,35,38,10,580.0,5800.0
2021032405013543,NIFRA,34,38,10,580.0,5800.0
2021032405013556,NIFRA,5,38,50,580.0,29000.0
2021032405013555,NIFRA,17,38,30,580.0,17400.0
2021032405013554,NIFRA,57,59,60,579.0,34740.0
2021032405013553,NIFRA,41,59,40,579.0,23160.0
2021032405013552,NIFRA,49,38,20,580.0,11600.0
2021032405013551,NIFRA,49,11,100,580.0,58000.0
2021032405013562,NIFRA,5,21,20,580.0,11600.0
2021032405013561,NIFRA,5,6,50,580.0,29000.0
2021032405013560,NIFRA,5,58,50,580.0,29000.0
2021032405013559,NIFRA,5,52,60,580.0,34800.0
2021032405013558,NIFRA,5,28,50,580.0,29000.0
2021032405013557,NIFRA,5,52,50,580.0,29000.0
2021032405013568,NIFRA,5,26,60,580.0,34800.0
2021032405013567,NIFRA,5,1,50,580.0,29000.0
2021032405013566,NIFRA,5,57,60,580.0,34800.0
2021032405013565,NIFRA,5,52,60,580.0,34800.0
2021032405013564,NIFRA,5,45,50,580.0,29000.0
2021032405013563,NIFRA,5,57,100,580.0,58000.0
2021032405013574,NIFRA,21,21,10,580.0,5800.0
2021032405013573,NIFRA,35,21,10,580.0,5800.0
2021032405013572,NIFRA,59,14,60,579.0,34740.0
2021032405013571,NIFRA,57,14,40,579.0,23160.0
2021032405013570,NIFRA,5,21,40,580.0,23200.0
2021032405013569,NIFRA,5,59,50,580.0,29000.0
2021032405013580,NIFRA,21,1,50,580.0,29000.0
2021032405013579,NIFRA,21,38,50,580.0,29000.0
2021032405013578,NIFRA,21,58,60,580.0,34800.0
2021032405013577,NIFRA,21,26,60,580.0,34800.0
2021032405013576,NIFRA,21,4,50,580.0,29000.0
2021032405013575,NIFRA,21,32,50,580.0,29000.0
2021032405013586,NIFRA,50,28,60,580.0,34800.0
2021032405013585,NIFRA,50,45,50,580.0,29000.0
2021032405013584,NIFRA,21,57,30,580.0,17400.0
2021032405013583,NIFRA,21,38,60,580.0,34800.0
2021032405013582,NIFRA,21,45,30,580.0,17400.0
2021032405013581,NIFRA,21,38,50,580.0,29000.0
2021032405013592,NIFRA,50,21,60,580.0,34800.0
2021032405013591,NIFRA,50,14,40,580.0,23200.0
2021032405013590,NIFRA,50,58,50,580.0,29000.0
2021032405013589,NIFRA,50,4,50,580.0,29000.0
2021032405013588,NIFRA,50,6,60,580.0,34800.0
2021032405013587,NIFRA,50,18,20,580.0,11600.0
2021032405013598,NIFRA,50,28,50,580.0,29000.0
2021032405013597,NIFRA,50,48,60,580.0,34800.0
2021032405013596,NIFRA,50,43,60,580.0,34800.0
2021032405013595,NIFRA,50,45,60,580.0,34800.0
2021032405013594,NIFRA,50,36,60,580.0,34800.0
2021032405013593,NIFRA,50,36,10,580.0,5800.0
2021032405013604,NIFRA,50,38,50,580.0,29000.0
2021032405013603,NIFRA,50,17,50,580.0,29000.0
2021032405013602,NIFRA,50,38,50,580.0,29000.0
2021032405013601,NIFRA,50,21,50,580.0,29000.0
2021032405013600,NIFRA,50,38,60,580.0,34800.0
2021032405013599,NIFRA,50,3,10,580.0,5800.0
2021032405013610,NIFRA,51,57,30,579.0,17370.0
2021032405013609,NIFRA,59,57,30,579.0,17370.0
2021032405013608,NIFRA,59,22,50,579.0,28950.0
2021032405013607,NIFRA,59,45,50,579.0,28950.0
2021032405013606,NIFRA,59,16,10,579.0,5790.0
2021032405013605,NIFRA,50,17,40,580.0,23200.0
2021032405013616,NIFRA,39,16,50,580.0,29000.0
2021032405013615,NIFRA,39,28,50,580.0,29000.0
2021032405013614,NIFRA,39,59,30,580.0,17400.0
2021032405013613,NIFRA,39,19,10,580.0,5800.0
2021032405013612,NIFRA,39,38,50,580.0,29000.0
2021032405013611,NIFRA,39,17,10,580.0,5800.0
2021032405013622,NIFRA,13,49,40,580.0,23200.0
2021032405013621,NIFRA,51,52,200,579.0,115800.0
2021032405013620,NIFRA,35,49,10,580.0,5800.0
2021032405013619,NIFRA,51,45,50,579.0,28950.0
2021032405013618,NIFRA,13,39,200,580.0,116000.0
2021032405013617,NIFRA,51,38,50,579.0,28950.0
2021032405013628,NIFRA,51,10,160,579.0,92640.0
2021032405013627,NIFRA,28,58,150,580.0,87000.0
2021032405013626,NIFRA,28,20,30,580.0,17400.0
2021032405013625,NIFRA,51,42,10,579.0,5790.0
2021032405013624,NIFRA,13,20,20,580.0,11600.0
2021032405013623,NIFRA,13,51,40,580.0,23200.0
2021032405013635,NIFRA,44,45,50,579.0,28950.0
2021032405013633,NIFRA,41,6,50,580.0,29000.0
2021032405013632,NIFRA,41,58,50,580.0,29000.0
2021032405013631,NIFRA,44,14,40,579.0,23160.0
2021032405013630,NIFRA,44,10,20,579.0,11580.0
2021032405013629,NIFRA,59,10,320,579.0,185280.0
2021032405013642,NIFRA,44,49,30,580.0,17400.0
2021032405013641,NIFRA,44,14,50,580.0,29000.0
2021032405013640,NIFRA,44,28,30,580.0,17400.0
2021032405013639,NIFRA,44,21,550,580.0,319000.0
2021032405013638,NIFRA,29,28,30,580.0,17400.0
2021032405013636,NIFRA,44,34,50,579.0,28950.0
2021032405013648,NIFRA,44,55,30,580.0,17400.0
2021032405013647,NIFRA,44,16,50,580.0,29000.0
2021032405013646,NIFRA,44,28,60,580.0,34800.0
2021032405013645,NIFRA,44,55,30,580.0,17400.0
2021032405013644,NIFRA,44,38,80,580.0,46400.0
2021032405013643,NIFRA,44,35,20,580.0,11600.0
2021032405013654,NIFRA,44,36,20,580.0,11600.0
2021032405013653,NIFRA,44,59,60,580.0,34800.0
2021032405013652,NIFRA,44,38,50,580.0,29000.0
2021032405013651,NIFRA,44,17,50,580.0,29000.0
2021032405013650,NIFRA,44,44,10,580.0,5800.0
2021032405013649,NIFRA,44,28,60,580.0,34800.0
2021032405013660,NIFRA,44,17,60,580.0,34800.0
2021032405013659,NIFRA,44,57,160,580.0,92800.0
2021032405013658,NIFRA,44,28,50,580.0,29000.0
2021032405013657,NIFRA,44,18,100,580.0,58000.0
2021032405013656,NIFRA,44,25,35,580.0,20300.0
2021032405013655,NIFRA,44,26,50,580.0,29000.0
2021032405013666,NIFRA,44,28,60,580.0,34800.0
2021032405013665,NIFRA,44,10,70,580.0,40600.0
2021032405013664,NIFRA,44,42,50,580.0,29000.0
2021032405013663,NIFRA,44,50,10,580.0,5800.0
2021032405013662,NIFRA,44,28,60,580.0,34800.0
2021032405013661,NIFRA,44,57,20,580.0,11600.0
2021032405013672,NIFRA,5,38,60,580.0,34800.0
2021032405013671,NIFRA,5,36,50,580.0,29000.0
2021032405013670,NIFRA,5,50,200,580.0,116000.0
2021032405013669,NIFRA,5,16,30,580.0,17400.0
2021032405013668,NIFRA,44,5,60,580.0,34800.0
2021032405013667,NIFRA,44,29,30,580.0,17400.0
2021032405013678,NIFRA,32,45,50,580.0,29000.0
2021032405013677,NIFRA,32,42,10,580.0,5800.0
2021032405013676,NIFRA,5,42,50,580.0,29000.0
2021032405013675,NIFRA,5,49,20,580.0,11600.0
2021032405013674,NIFRA,5,28,50,580.0,29000.0
2021032405013673,NIFRA,5,58,40,580.0,23200.0
2021032405013684,NIFRA,32,38,50,580.0,29000.0
2021032405013683,NIFRA,32,50,50,580.0,29000.0
2021032405013682,NIFRA,32,58,50,580.0,29000.0
2021032405013681,NIFRA,32,5,100,580.0,58000.0
2021032405013680,NIFRA,32,58,10,580.0,5800.0
2021032405013679,NIFRA,32,8,10,580.0,5800.0
2021032405013690,NIFRA,32,56,50,580.0,29000.0
2021032405013689,NIFRA,32,21,10,580.0,5800.0
2021032405013688,NIFRA,32,41,10,580.0,5800.0
2021032405013687,NIFRA,32,16,50,580.0,29000.0
2021032405013686,NIFRA,32,38,20,580.0,11600.0
2021032405013685,NIFRA,32,16,20,580.0,11600.0
2021032405013696,NIFRA,29,51,150,580.0,87000.0
2021032405013695,NIFRA,29,6,50,580.0,29000.0
2021032405013694,NIFRA,36,6,40,580.0,23200.0
2021032405013693,NIFRA,32,6,10,580.0,5800.0
2021032405013692,NIFRA,32,53,50,580.0,29000.0
2021032405013691,NIFRA,32,34,50,580.0,29000.0
2021032405013702,NIFRA,29,56,50,580.0,29000.0
2021032405013701,NIFRA,29,16,50,580.0,29000.0
2021032405013700,NIFRA,29,45,40,580.0,23200.0
2021032405013699,NIFRA,29,41,200,580.0,116000.0
2021032405013698,NIFRA,29,43,25,580.0,14500.0
2021032405013697,NIFRA,29,26,60,580.0,34800.0
2021032405013708,NIFRA,29,29,35,580.0,20300.0
2021032405013707,NIFRA,29,59,200,580.0,116000.0
2021032405013706,NIFRA,29,41,60,580.0,34800.0
2021032405013705,NIFRA,29,48,10,580.0,5800.0
2021032405013704,NIFRA,29,58,50,580.0,29000.0
2021032405013703,NIFRA,29,57,20,580.0,11600.0
2021032405013714,NIFRA,42,4,50,580.0,29000.0
2021032405013713,NIFRA,42,10,60,580.0,34800.0
2021032405013712,NIFRA,42,29,25,580.0,14500.0
2021032405013711,NIFRA,44,59,10,579.0,5790.0
2021032405013710,NIFRA,44,38,50,579.0,28950.0
2021032405013709,NIFRA,44,14,50,579.0,28950.0
2021032405013721,NIFRA,49,40,21,580.0,12180.0
2021032405013720,NIFRA,44,8,50,579.0,28950.0
2021032405013718,NIFRA,42,40,39,580.0,22620.0
2021032405013717,NIFRA,42,34,50,580.0,29000.0
2021032405013716,NIFRA,42,21,20,580.0,11600.0
2021032405013715,NIFRA,42,41,56,580.0,32480.0
2021032405013727,NIFRA,57,39,10,580.0,5800.0
2021032405013726,NIFRA,49,39,40,580.0,23200.0
2021032405013725,NIFRA,49,29,10,580.0,5800.0
2021032405013724,NIFRA,49,29,10,580.0,5800.0
2021032405013723,NIFRA,49,45,10,580.0,5800.0
2021032405013722,NIFRA,49,21,50,580.0,29000.0
2021032405013733,NIFRA,57,29,10,580.0,5800.0
2021032405013732,NIFRA,57,42,50,580.0,29000.0
2021032405013731,NIFRA,57,16,50,580.0,29000.0
2021032405013730,NIFRA,57,44,200,580.0,116000.0
2021032405013729,NIFRA,57,34,60,580.0,34800.0
2021032405013728,NIFRA,57,21,60,580.0,34800.0
2021032405013739,NIFRA,57,7,50,580.0,29000.0
2021032405013738,NIFRA,57,45,60,580.0,34800.0
2021032405013737,NIFRA,57,49,20,580.0,11600.0
2021032405013736,NIFRA,57,56,30,580.0,17400.0
2021032405013735,NIFRA,57,41,60,580.0,34800.0
2021032405013734,NIFRA,57,35,40,580.0,23200.0
2021032405013745,NIFRA,57,51,50,580.0,29000.0
2021032405013744,NIFRA,57,7,50,580.0,29000.0
2021032405013743,NIFRA,57,42,60,580.0,34800.0
2021032405013742,NIFRA,57,48,200,580.0,116000.0
2021032405013741,NIFRA,57,42,60,580.0,34800.0
2021032405013740,NIFRA,57,3,50,580.0,29000.0
2021032405013751,NIFRA,57,42,60,580.0,34800.0
2021032405013750,NIFRA,57,22,60,580.0,34800.0
2021032405013749,NIFRA,57,58,50,580.0,29000.0
2021032405013748,NIFRA,57,1,50,580.0,29000.0
2021032405013747,NIFRA,57,58,60,580.0,34800.0
2021032405013746,NIFRA,57,25,60,580.0,34800.0
2021032405013757,NIFRA,57,8,50,580.0,29000.0
2021032405013756,NIFRA,57,14,200,580.0,116000.0
2021032405013755,NIFRA,57,58,10,580.0,5800.0
2021032405013754,NIFRA,57,42,60,580.0,34800.0
2021032405013753,NIFRA,57,6,10,580.0,5800.0
2021032405013752,NIFRA,57,52,40,580.0,23200.0
2021032405013763,NIFRA,57,51,20,580.0,11600.0
2021032405013762,NIFRA,57,52,60,580.0,34800.0
2021032405013761,NIFRA,57,41,20,580.0,11600.0
2021032405013760,NIFRA,57,42,50,580.0,29000.0
2021032405013759,NIFRA,57,59,30,580.0,17400.0
2021032405013758,NIFRA,57,17,60,580.0,34800.0
2021032405013769,NIFRA,57,34,20,580.0,11600.0
2021032405013768,NIFRA,57,38,40,580.0,23200.0
2021032405013767,NIFRA,57,58,60,580.0,34800.0
2021032405013766,NIFRA,57,41,20,580.0,11600.0
2021032405013765,NIFRA,57,55,10,580.0,5800.0
2021032405013764,NIFRA,57,38,60,580.0,34800.0
2021032405013775,NIFRA,57,35,50,580.0,29000.0
2021032405013774,NIFRA,57,21,40,580.0,23200.0
2021032405013773,NIFRA,57,36,20,580.0,11600.0
2021032405013772,NIFRA,57,35,50,580.0,29000.0
2021032405013771,NIFRA,57,25,50,580.0,29000.0
2021032405013770,NIFRA,57,58,50,580.0,29000.0
2021032405013781,NIFRA,57,46,20,580.0,11600.0
2021032405013780,NIFRA,57,38,50,580.0,29000.0
2021032405013779,NIFRA,57,17,50,580.0,29000.0
2021032405013778,NIFRA,57,59,60,580.0,34800.0
2021032405013777,NIFRA,57,49,"4,000",580.0,2320000.0
2021032405013776,NIFRA,57,35,50,580.0,29000.0
2021032405013787,NIFRA,57,32,100,580.0,58000.0
2021032405013786,NIFRA,57,58,70,580.0,40600.0
2021032405013785,NIFRA,57,16,410,580.0,237800.0
2021032405013784,NIFRA,57,17,60,580.0,34800.0
2021032405013783,NIFRA,57,59,50,580.0,29000.0
2021032405013782,NIFRA,57,58,10,580.0,5800.0
2021032405013793,NIFRA,57,42,15,580.0,8700.0
2021032405013792,NIFRA,57,42,50,580.0,29000.0
2021032405013791,NIFRA,57,43,50,580.0,29000.0
2021032405013790,NIFRA,57,32,100,580.0,58000.0
2021032405013789,NIFRA,57,45,20,580.0,11600.0
2021032405013788,NIFRA,57,58,50,580.0,29000.0
2021032405013141,CGH,6,45,10,1890.0,18900.0
2021032405013139,CGH,6,53,10,1890.0,18900.0
2021032405013133,CGH,6,33,10,1890.0,18900.0
2021032405013071,CGH,6,32,10,1890.0,18900.0
2021032405013051,CGH,6,21,10,1890.0,18900.0
2021032405012892,CGH,6,32,10,1890.0,18900.0
2021032405012889,CGH,6,49,10,1890.0,18900.0
2021032405012862,CGH,6,43,10,1890.0,18900.0
2021032405012839,CGH,6,58,10,1890.0,18900.0
2021032405012824,CGH,6,42,10,1890.0,18900.0
2021032405012808,CGH,6,45,10,1890.0,18900.0
2021032405013287,GLH,36,37,10,395.0,3950.0
2021032405013285,GLH,21,22,10,400.0,4000.0
2021032405013284,GLH,21,21,10,400.0,4000.0
2021032405013283,GLH,21,44,10,400.0,4000.0
2021032405013282,GLH,21,42,10,400.0,4000.0
2021032405013281,GLH,21,38,50,400.0,20000.0
2021032405012869,GLH,57,17,10,396.0,3960.0
2021032405012867,GLH,29,16,10,395.0,3950.0
2021032405012860,GLH,29,44,10,395.0,3950.0
2021032405012825,GLH,38,42,10,395.0,3950.0
2021032405012820,GLH,29,38,10,396.0,3960.0
2021032405012819,GLH,29,57,10,396.0,3960.0
2021032405012962,GLH,58,37,10,394.0,3940.0
2021032405012951,GLH,58,46,10,394.0,3940.0
2021032405012937,GLH,58,37,10,394.0,3940.0
2021032405012931,GLH,58,48,10,394.0,3940.0
2021032405012882,GLH,29,34,20,395.0,7900.0
2021032405012877,GLH,29,38,10,395.0,3950.0
2021032405013041,GLH,22,38,10,395.0,3950.0
2021032405013040,GLH,58,37,10,394.0,3940.0
2021032405013039,GLH,58,21,10,394.0,3940.0
2021032405012995,GLH,58,37,10,394.0,3940.0
2021032405012990,GLH,58,38,10,394.0,3940.0
2021032405012984,GLH,58,37,10,394.0,3940.0
2021032405013092,GLH,36,14,10,395.0,3950.0
2021032405013085,GLH,36,38,10,395.0,3950.0
2021032405013084,GLH,36,49,10,395.0,3950.0
2021032405013083,GLH,36,20,10,395.0,3950.0
2021032405013056,GLH,58,34,10,394.0,3940.0
2021032405013052,GLH,58,22,10,394.0,3940.0
2021032405013144,GLH,36,18,10,395.0,3950.0
2021032405013140,GLH,36,32,10,395.0,3950.0
2021032405013137,GLH,36,25,10,395.0,3950.0
2021032405013132,GLH,36,57,10,395.0,3950.0
2021032405013131,GLH,36,14,10,395.0,3950.0
2021032405013094,GLH,36,37,10,395.0,3950.0
2021032405013180,GLH,36,11,10,395.0,3950.0
2021032405013178,GLH,36,34,10,395.0,3950.0
2021032405013177,GLH,36,32,10,395.0,3950.0
2021032405013164,GLH,6,18,10,396.0,3960.0
2021032405013163,GLH,36,37,10,395.0,3950.0
2021032405013149,GLH,36,14,10,395.0,3950.0
2021032405013244,GLH,21,57,10,396.0,3960.0
2021032405013240,GLH,36,11,10,395.0,3950.0
2021032405013239,GLH,36,57,10,395.0,3950.0
2021032405013218,GLH,36,37,10,395.0,3950.0
2021032405013187,GLH,36,37,10,395.0,3950.0
2021032405013182,GLH,36,49,10,395.0,3950.0
2021032405013250,GLH,21,53,10,399.0,3990.0
2021032405013249,GLH,21,58,10,398.0,3980.0
2021032405013248,GLH,21,6,10,398.0,3980.0
2021032405013247,GLH,21,42,10,398.0,3980.0
2021032405013246,GLH,21,34,10,397.0,3970.0
2021032405013245,GLH,21,20,10,397.0,3970.0
2021032405013256,GLH,21,58,10,400.0,4000.0
2021032405013255,GLH,21,52,10,399.0,3990.0
2021032405013254,GLH,21,46,10,399.0,3990.0
2021032405013253,GLH,21,48,10,399.0,3990.0
2021032405013252,GLH,21,28,10,399.0,3990.0
2021032405013251,GLH,21,29,50,399.0,19950.0
2021032405013262,GLH,21,22,10,400.0,4000.0
2021032405013261,GLH,21,55,10,400.0,4000.0
2021032405013260,GLH,21,41,10,400.0,4000.0
2021032405013259,GLH,21,3,10,400.0,4000.0
2021032405013258,GLH,21,41,10,400.0,4000.0
2021032405013257,GLH,21,32,10,400.0,4000.0
2021032405013268,GLH,21,41,10,400.0,4000.0
2021032405013267,GLH,21,58,10,400.0,4000.0
2021032405013266,GLH,21,3,10,400.0,4000.0
2021032405013265,GLH,21,57,10,400.0,4000.0
2021032405013264,GLH,21,42,10,400.0,4000.0
2021032405013263,GLH,21,6,10,400.0,4000.0
2021032405013274,GLH,21,5,10,400.0,4000.0
2021032405013273,GLH,21,22,10,400.0,4000.0
2021032405013272,GLH,21,21,10,400.0,4000.0
2021032405013271,GLH,21,32,10,400.0,4000.0
2021032405013270,GLH,21,35,10,400.0,4000.0
2021032405013269,GLH,21,10,10,400.0,4000.0
2021032405013280,GLH,21,21,10,400.0,4000.0
2021032405013279,GLH,21,41,10,400.0,4000.0
2021032405013278,GLH,21,28,10,400.0,4000.0
2021032405013277,GLH,21,46,10,400.0,4000.0
2021032405013276,GLH,21,1,10,400.0,4000.0
2021032405013275,GLH,21,17,10,400.0,4000.0
2021032405013299,NIFRA,28,55,50,578.0,28900.0
2021032405013298,NIFRA,28,10,10,578.0,5780.0
2021032405013297,NIFRA,6,29,410,579.0,237390.0
2021032405013296,NIFRA,6,53,90,579.0,52110.0
2021032405013295,NIFRA,28,36,50,578.0,28900.0
2021032405013294,NIFRA,28,10,10,578.0,5780.0
2021032405012802,NIFRA,6,52,50,580.0,29000.0
2021032405012801,NIFRA,6,49,20,580.0,11600.0
2021032405012800,NIFRA,6,22,20,580.0,11600.0
2021032405012809,NIFRA,17,21,30,579.0,17370.0
2021032405012807,NIFRA,17,16,100,579.0,57900.0
2021032405012806,NIFRA,17,38,50,579.0,28950.0
2021032405012805,NIFRA,17,14,60,579.0,34740.0
2021032405012804,NIFRA,6,49,50,580.0,29000.0
2021032405012803,NIFRA,6,35,60,580.0,34800.0
2021032405012815,NIFRA,49,42,40,579.0,23160.0
2021032405012814,NIFRA,49,17,50,579.0,28950.0
2021032405012813,NIFRA,49,38,200,579.0,115800.0
2021032405012812,NIFRA,49,6,10,579.0,5790.0
2021032405012811,NIFRA,29,6,40,579.0,23160.0
2021032405012810,NIFRA,19,49,200,580.0,116000.0
2021032405012823,NIFRA,17,54,1,579.0,579.0
2021032405012822,NIFRA,40,54,49,579.0,28371.0
2021032405012821,NIFRA,40,38,20,579.0,11580.0
2021032405012818,NIFRA,40,33,50,579.0,28950.0
2021032405012817,NIFRA,40,7,10,579.0,5790.0
2021032405012816,NIFRA,40,42,10,579.0,5790.0
2021032405012831,NIFRA,21,44,39,579.0,22581.0
2021032405012830,NIFRA,21,55,31,579.0,17949.0
2021032405012829,NIFRA,36,55,79,579.0,45741.0
2021032405012828,NIFRA,53,55,70,579.0,40530.0
2021032405012827,NIFRA,58,55,320,579.0,185280.0
2021032405012826,NIFRA,42,55,"1,000",579.0,579000.0
2021032405012837,NIFRA,16,41,50,579.0,28950.0
2021032405012836,NIFRA,16,21,11,579.0,6369.0
2021032405012835,NIFRA,14,21,39,579.0,22581.0
2021032405012834,NIFRA,14,36,50,579.0,28950.0
2021032405012833,NIFRA,40,49,100,580.0,58000.0
2021032405012832,NIFRA,14,44,11,579.0,6369.0
2021032405012844,NIFRA,10,49,150,580.0,87000.0
2021032405012843,NIFRA,32,14,60,579.0,34740.0
2021032405012842,NIFRA,32,49,61,579.0,35319.0
2021032405012841,NIFRA,16,49,239,579.0,138381.0
2021032405012840,NIFRA,16,57,50,579.0,28950.0
2021032405012838,NIFRA,16,57,50,579.0,28950.0
2021032405012850,NIFRA,17,17,30,580.0,17400.0
2021032405012849,NIFRA,42,10,32,579.0,18528.0
2021032405012848,NIFRA,32,10,18,579.0,10422.0
2021032405012847,NIFRA,10,17,310,580.0,179800.0
2021032405012846,NIFRA,10,8,10,580.0,5800.0
2021032405012845,NIFRA,10,21,30,580.0,17400.0
2021032405012856,NIFRA,44,6,50,580.0,29000.0
2021032405012855,NIFRA,44,26,50,580.0,29000.0
2021032405012854,NIFRA,44,21,20,580.0,11600.0
2021032405012853,NIFRA,44,34,160,580.0,92800.0
2021032405012852,NIFRA,44,17,160,580.0,92800.0
2021032405012851,NIFRA,42,52,50,579.0,28950.0
2021032405012864,NIFRA,42,55,818,579.0,473622.0
2021032405012863,NIFRA,42,48,40,579.0,23160.0
2021032405012861,NIFRA,42,47,50,579.0,28950.0
2021032405012859,NIFRA,42,29,10,579.0,5790.0
2021032405012858,NIFRA,44,51,40,580.0,23200.0
2021032405012857,NIFRA,44,52,20,580.0,11600.0
2021032405012872,NIFRA,32,35,20,580.0,11600.0
2021032405012871,NIFRA,32,26,50,580.0,29000.0
2021032405012870,NIFRA,32,51,10,580.0,5800.0
2021032405012868,NIFRA,45,10,50,579.0,28950.0
2021032405012866,NIFRA,45,55,82,579.0,47478.0
2021032405012865,NIFRA,45,55,100,579.0,57900.0
2021032405012879,NIFRA,45,21,30,579.0,17370.0
2021032405012878,NIFRA,34,35,13,580.0,7540.0
2021032405012876,NIFRA,45,10,50,579.0,28950.0
2021032405012875,NIFRA,22,35,50,580.0,29000.0
2021032405012874,NIFRA,45,52,100,579.0,57900.0
2021032405012873,NIFRA,45,45,40,579.0,23160.0
2021032405012886,NIFRA,54,56,10,579.0,5790.0
2021032405012885,NIFRA,45,10,50,579.0,28950.0
2021032405012884,NIFRA,53,35,20,580.0,11600.0
2021032405012883,NIFRA,45,6,215,579.0,124485.0
2021032405012881,NIFRA,45,38,50,579.0,28950.0
2021032405012880,NIFRA,45,58,60,579.0,34740.0
2021032405012894,NIFRA,49,35,20,580.0,11600.0
2021032405012893,NIFRA,33,10,60,579.0,34740.0
2021032405012891,NIFRA,33,21,10,579.0,5790.0
2021032405012890,NIFRA,1,21,40,579.0,23160.0
2021032405012888,NIFRA,1,56,40,579.0,23160.0
2021032405012887,NIFRA,6,56,10,579.0,5790.0
2021032405012900,NIFRA,29,55,100,579.0,57900.0
2021032405012899,NIFRA,58,55,140,579.0,81060.0
2021032405012898,NIFRA,52,55,68,579.0,39372.0
2021032405012897,NIFRA,7,35,200,580.0,116000.0
2021032405012896,NIFRA,52,21,32,579.0,18528.0
2021032405012895,NIFRA,33,21,18,579.0,10422.0
2021032405012906,NIFRA,22,55,392,579.0,226968.0
2021032405012905,NIFRA,25,55,100,579.0,57900.0
2021032405012904,NIFRA,48,55,100,579.0,57900.0
2021032405012903,NIFRA,38,55,100,579.0,57900.0
2021032405012902,NIFRA,40,55,500,579.0,289500.0
2021032405012901,NIFRA,17,55,500,579.0,289500.0
2021032405012912,NIFRA,58,11,10,580.0,5800.0
2021032405012911,NIFRA,58,44,30,580.0,17400.0
2021032405012910,NIFRA,58,58,10,580.0,5800.0
2021032405012909,NIFRA,58,40,27,580.0,15660.0
2021032405012908,NIFRA,58,40,23,580.0,13340.0
2021032405012907,NIFRA,58,35,77,580.0,44660.0
2021032405012918,NIFRA,41,22,50,579.0,28950.0
2021032405012917,NIFRA,34,6,123,580.0,71340.0
2021032405012916,NIFRA,34,46,27,580.0,15660.0
2021032405012915,NIFRA,22,37,50,579.0,28950.0
2021032405012914,NIFRA,22,21,50,579.0,28950.0
2021032405012913,NIFRA,58,46,23,580.0,13340.0
2021032405012924,NIFRA,47,28,20,579.0,11580.0
2021032405012923,NIFRA,47,10,20,579.0,11580.0
2021032405012922,NIFRA,56,10,40,579.0,23160.0
2021032405012921,NIFRA,56,14,10,579.0,5790.0
2021032405012920,NIFRA,41,14,50,579.0,28950.0
2021032405012919,NIFRA,45,6,25,580.0,14500.0
2021032405012930,NIFRA,29,17,150,579.0,86850.0
2021032405012929,NIFRA,47,17,350,579.0,202650.0
2021032405012928,NIFRA,47,57,50,579.0,28950.0
2021032405012927,NIFRA,47,35,50,579.0,28950.0
2021032405012926,NIFRA,47,49,10,579.0,5790.0
2021032405012925,NIFRA,45,6,110,580.0,63800.0
2021032405012938,NIFRA,49,36,300,580.0,174000.0
2021032405012936,NIFRA,49,41,50,579.0,28950.0
2021032405012935,NIFRA,49,10,50,579.0,28950.0
2021032405012934,NIFRA,49,21,50,579.0,28950.0
2021032405012933,NIFRA,49,21,30,579.0,17370.0
2021032405012932,NIFRA,41,6,100,580.0,58000.0
2021032405012944,NIFRA,49,52,50,580.0,29000.0
2021032405012943,NIFRA,49,21,50,580.0,29000.0
2021032405012942,NIFRA,49,14,50,580.0,29000.0
2021032405012941,NIFRA,49,55,20,580.0,11600.0
2021032405012940,NIFRA,49,11,50,580.0,29000.0
2021032405012939,NIFRA,49,6,142,580.0,82360.0
2021032405012950,NIFRA,49,32,150,579.0,86850.0
2021032405012949,NIFRA,35,32,350,579.0,202650.0
2021032405012948,NIFRA,49,58,10,580.0,5800.0
2021032405012947,NIFRA,49,42,60,580.0,34800.0
2021032405012946,NIFRA,49,38,50,580.0,29000.0
2021032405012945,NIFRA,49,4,50,580.0,29000.0
2021032405012957,NIFRA,49,10,60,579.0,34740.0
2021032405012956,NIFRA,39,32,10,580.0,5800.0
2021032405012955,NIFRA,39,42,50,580.0,29000.0
2021032405012954,NIFRA,39,14,30,580.0,17400.0
2021032405012953,NIFRA,39,14,60,580.0,34800.0
2021032405012952,NIFRA,39,32,50,580.0,29000.0
2021032405012964,NIFRA,49,10,50,579.0,28950.0
2021032405012963,NIFRA,49,36,40,579.0,23160.0
2021032405012961,NIFRA,49,41,60,579.0,34740.0
2021032405012960,NIFRA,34,32,60,580.0,34800.0
2021032405012959,NIFRA,49,21,50,579.0,28950.0
2021032405012958,NIFRA,49,21,30,579.0,17370.0
2021032405012970,NIFRA,41,5,50,580.0,29000.0
2021032405012969,NIFRA,41,4,50,580.0,29000.0
2021032405012968,NIFRA,41,45,50,580.0,29000.0
2021032405012967,NIFRA,41,41,50,580.0,29000.0
2021032405012966,NIFRA,41,49,60,580.0,34800.0
2021032405012965,NIFRA,41,32,430,580.0,249400.0
2021032405012976,NIFRA,49,10,10,580.0,5800.0
2021032405012975,NIFRA,49,34,50,580.0,29000.0
2021032405012974,NIFRA,49,43,40,580.0,23200.0
2021032405012973,NIFRA,49,35,50,580.0,29000.0
2021032405012972,NIFRA,49,53,50,579.0,28950.0
2021032405012971,NIFRA,41,43,10,580.0,5800.0
2021032405012982,NIFRA,58,36,40,579.0,23160.0
2021032405012981,NIFRA,17,36,20,579.0,11580.0
2021032405012980,NIFRA,17,22,30,579.0,17370.0
2021032405012979,NIFRA,49,22,30,579.0,17370.0
2021032405012978,NIFRA,49,38,50,579.0,28950.0
2021032405012977,NIFRA,49,49,50,579.0,28950.0
2021032405012989,NIFRA,36,21,50,579.0,28950.0
2021032405012988,NIFRA,36,51,50,579.0,28950.0
2021032405012987,NIFRA,36,56,50,579.0,28950.0
2021032405012986,NIFRA,36,34,10,579.0,5790.0
2021032405012985,NIFRA,36,58,60,579.0,34740.0
2021032405012983,NIFRA,29,52,100,579.0,57900.0
2021032405012997,NIFRA,32,56,50,579.0,28950.0
2021032405012996,NIFRA,32,8,60,579.0,34740.0
2021032405012994,NIFRA,36,50,50,579.0,28950.0
2021032405012993,NIFRA,36,58,50,579.0,28950.0
2021032405012992,NIFRA,52,10,30,580.0,17400.0
2021032405012991,NIFRA,36,10,60,579.0,34740.0
2021032405013003,NIFRA,58,29,30,580.0,17400.0
2021032405013002,NIFRA,58,45,50,580.0,29000.0
2021032405013001,NIFRA,58,35,50,580.0,29000.0
2021032405013000,NIFRA,58,52,30,580.0,17400.0
2021032405012999,NIFRA,32,10,50,579.0,28950.0
2021032405012998,NIFRA,49,52,20,580.0,11600.0
2021032405013009,NIFRA,54,58,10,580.0,5800.0
2021032405013008,NIFRA,32,38,50,579.0,28950.0
2021032405013007,NIFRA,58,58,180,580.0,104400.0
2021032405013006,NIFRA,58,52,10,580.0,5800.0
2021032405013005,NIFRA,58,35,60,580.0,34800.0
2021032405013004,NIFRA,58,52,30,580.0,17400.0
2021032405013015,NIFRA,49,55,150,579.0,86850.0
2021032405013014,NIFRA,33,55,200,579.0,115800.0
2021032405013013,NIFRA,40,55,50,579.0,28950.0
2021032405013012,NIFRA,41,55,10,579.0,5790.0
2021032405013011,NIFRA,49,55,86,579.0,49794.0
2021032405013010,NIFRA,32,55,30,579.0,17370.0
2021032405013021,NIFRA,34,58,50,580.0,29000.0
2021032405013020,NIFRA,58,8,50,579.0,28950.0
2021032405013019,NIFRA,58,55,674,579.0,390246.0
2021032405013018,NIFRA,50,55,500,579.0,289500.0
2021032405013017,NIFRA,21,55,200,579.0,115800.0
2021032405013016,NIFRA,56,55,100,579.0,57900.0
2021032405013027,NIFRA,43,58,45,580.0,26100.0
2021032405013026,NIFRA,58,14,10,579.0,5790.0
2021032405013025,NIFRA,41,58,100,580.0,58000.0
2021032405013024,NIFRA,47,58,10,580.0,5800.0
2021032405013023,NIFRA,49,58,45,580.0,26100.0
2021032405013022,NIFRA,58,10,50,579.0,28950.0
2021032405013033,NIFRA,29,51,60,579.0,34740.0
2021032405013032,NIFRA,45,51,100,579.0,57900.0
2021032405013031,NIFRA,45,41,10,579.0,5790.0
2021032405013030,NIFRA,45,49,50,579.0,28950.0
2021032405013029,NIFRA,45,21,44,579.0,25476.0
2021032405013028,NIFRA,58,21,16,579.0,9264.0
2021032405013042,NIFRA,56,58,500,580.0,290000.0
2021032405013038,NIFRA,54,57,380,579.0,220020.0
2021032405013037,NIFRA,43,57,20,579.0,11580.0
2021032405013036,NIFRA,43,46,10,579.0,5790.0
2021032405013035,NIFRA,43,29,50,579.0,28950.0
2021032405013034,NIFRA,43,51,140,579.0,81060.0
2021032405013048,NIFRA,39,8,50,579.0,28950.0
2021032405013047,NIFRA,58,41,20,579.0,11580.0
2021032405013046,NIFRA,58,38,50,579.0,28950.0
2021032405013045,NIFRA,58,32,30,579.0,17370.0
2021032405013044,NIFRA,54,32,20,579.0,11580.0
2021032405013043,NIFRA,54,10,50,579.0,28950.0
2021032405013057,NIFRA,48,38,30,579.0,17370.0
2021032405013055,NIFRA,39,38,20,579.0,11580.0
2021032405013054,NIFRA,39,22,50,579.0,28950.0
2021032405013053,NIFRA,39,4,30,579.0,17370.0
2021032405013050,NIFRA,39,4,20,579.0,11580.0
2021032405013049,NIFRA,39,41,30,579.0,17370.0
2021032405013063,NIFRA,33,35,30,579.0,17370.0
2021032405013062,NIFRA,29,35,130,579.0,75270.0
2021032405013061,NIFRA,29,38,60,579.0,34740.0
2021032405013060,NIFRA,29,43,100,579.0,57900.0
2021032405013059,NIFRA,29,25,60,579.0,34740.0
2021032405013058,NIFRA,48,58,50,579.0,28950.0
2021032405013069,NIFRA,38,1,100,580.0,58000.0
2021032405013068,NIFRA,38,45,50,580.0,29000.0
2021032405013067,NIFRA,38,50,40,580.0,23200.0
2021032405013066,NIFRA,38,58,360,580.0,208800.0
2021032405013065,NIFRA,38,35,15,579.0,8685.0
2021032405013064,NIFRA,34,58,60,578.0,34680.0
2021032405013076,NIFRA,38,13,280,579.0,162120.0
2021032405013075,NIFRA,38,41,20,579.0,11580.0
2021032405013074,NIFRA,41,41,20,579.0,11580.0
2021032405013073,NIFRA,41,10,50,579.0,28950.0
2021032405013072,NIFRA,41,34,230,579.0,133170.0
2021032405013070,NIFRA,38,58,135,580.0,78300.0
2021032405013082,NIFRA,34,16,40,579.0,23160.0
2021032405013081,NIFRA,34,38,50,579.0,28950.0
2021032405013080,NIFRA,34,57,20,579.0,11580.0
2021032405013079,NIFRA,57,57,100,579.0,57900.0
2021032405013078,NIFRA,45,57,30,579.0,17370.0
2021032405013077,NIFRA,45,13,70,579.0,40530.0
2021032405013091,NIFRA,3,29,20,579.0,11580.0
2021032405013090,NIFRA,34,29,30,579.0,17370.0
2021032405013089,NIFRA,34,10,50,579.0,28950.0
2021032405013088,NIFRA,34,16,50,579.0,28950.0
2021032405013087,NIFRA,34,32,10,579.0,5790.0
2021032405013086,NIFRA,34,38,50,579.0,28950.0
2021032405013099,NIFRA,3,45,20,579.0,11580.0
2021032405013098,NIFRA,3,6,50,579.0,28950.0
2021032405013097,NIFRA,38,58,50,580.0,29000.0
2021032405013096,NIFRA,3,38,20,579.0,11580.0
2021032405013095,NIFRA,22,58,50,580.0,29000.0
2021032405013093,NIFRA,25,58,30,580.0,17400.0
2021032405013105,NIFRA,5,57,140,580.0,81200.0
2021032405013104,NIFRA,3,38,50,579.0,28950.0
2021032405013103,NIFRA,3,21,20,579.0,11580.0
2021032405013102,NIFRA,3,21,30,579.0,17370.0
2021032405013101,NIFRA,3,41,60,579.0,34740.0
2021032405013100,NIFRA,57,58,100,580.0,58000.0
2021032405013111,NIFRA,45,14,50,580.0,29000.0
2021032405013110,NIFRA,45,58,85,580.0,49300.0
2021032405013109,NIFRA,45,10,20,579.0,11580.0
2021032405013108,NIFRA,1,10,40,579.0,23160.0
2021032405013107,NIFRA,1,57,230,579.0,133170.0
2021032405013106,NIFRA,3,57,130,579.0,75270.0
2021032405013117,NIFRA,45,55,50,580.0,29000.0
2021032405013116,NIFRA,45,37,50,580.0,29000.0
2021032405013115,NIFRA,45,19,60,580.0,34800.0
2021032405013114,NIFRA,45,49,50,580.0,29000.0
2021032405013113,NIFRA,45,21,50,580.0,29000.0
2021032405013112,NIFRA,45,32,60,580.0,34800.0
2021032405013123,NIFRA,54,55,30,579.0,17370.0
2021032405013122,NIFRA,58,55,260,579.0,150540.0
2021032405013121,NIFRA,58,50,200,579.0,115800.0
2021032405013120,NIFRA,34,29,50,578.0,28900.0
2021032405013119,NIFRA,45,46,15,580.0,8700.0
2021032405013118,NIFRA,45,58,10,580.0,5800.0
2021032405013129,NIFRA,33,55,443,579.0,256497.0
2021032405013128,NIFRA,39,55,17,579.0,9843.0
2021032405013127,NIFRA,4,55,200,579.0,115800.0
2021032405013126,NIFRA,54,55,340,579.0,196860.0
2021032405013125,NIFRA,54,54,60,579.0,34740.0
2021032405013124,NIFRA,54,51,20,579.0,11580.0
2021032405013142,NIFRA,32,11,20,579.0,11580.0
2021032405013138,NIFRA,21,11,50,579.0,28950.0
2021032405013136,NIFRA,34,21,30,578.0,17340.0
2021032405013135,NIFRA,52,11,100,579.0,57900.0
2021032405013134,NIFRA,34,11,50,579.0,28950.0
2021032405013130,NIFRA,33,10,50,579.0,28950.0
2021032405013150,NIFRA,40,11,180,579.0,104220.0
2021032405013148,NIFRA,17,22,60,578.0,34680.0
2021032405013147,NIFRA,17,21,50,578.0,28900.0
2021032405013146,NIFRA,17,44,60,578.0,34680.0
2021032405013145,NIFRA,17,45,50,578.0,28900.0
2021032405013143,NIFRA,17,11,200,579.0,115800.0
2021032405013156,NIFRA,40,38,60,579.0,34740.0
2021032405013155,NIFRA,40,38,50,579.0,28950.0
2021032405013154,NIFRA,40,49,30,579.0,17370.0
2021032405013153,NIFRA,40,10,50,579.0,28950.0
2021032405013152,NIFRA,40,37,60,579.0,34740.0
2021032405013151,NIFRA,40,3,50,579.0,28950.0
2021032405013162,NIFRA,1,55,310,579.0,179490.0
2021032405013161,NIFRA,1,21,50,579.0,28950.0
2021032405013160,NIFRA,1,10,50,579.0,28950.0
2021032405013159,NIFRA,1,8,60,579.0,34740.0
2021032405013158,NIFRA,1,34,30,579.0,17370.0
2021032405013157,NIFRA,40,34,20,579.0,11580.0
2021032405013170,NIFRA,17,52,50,578.0,28900.0
2021032405013169,NIFRA,17,10,10,578.0,5780.0
2021032405013168,NIFRA,17,56,60,578.0,34680.0
2021032405013167,NIFRA,17,17,50,578.0,28900.0
2021032405013166,NIFRA,21,55,300,579.0,173700.0
2021032405013165,NIFRA,17,17,10,578.0,5780.0
2021032405013176,NIFRA,25,57,60,578.0,34680.0
2021032405013175,NIFRA,47,55,100,579.0,57900.0
2021032405013174,NIFRA,25,10,10,578.0,5780.0
2021032405013173,NIFRA,25,21,50,578.0,28900.0
2021032405013172,NIFRA,25,38,50,578.0,28900.0
2021032405013171,NIFRA,25,52,10,578.0,5780.0
2021032405013186,NIFRA,25,34,60,578.0,34680.0
2021032405013185,NIFRA,45,34,50,579.0,28950.0
2021032405013184,NIFRA,45,3,60,579.0,34740.0
2021032405013183,NIFRA,45,55,290,579.0,167910.0
2021032405013181,NIFRA,25,10,10,578.0,5780.0
2021032405013179,NIFRA,25,49,100,578.0,57800.0
2021032405013193,NIFRA,38,36,20,579.0,11580.0
2021032405013192,NIFRA,38,49,30,579.0,17370.0
2021032405013191,NIFRA,38,32,500,579.0,289500.0
2021032405013190,NIFRA,38,34,10,579.0,5790.0
2021032405013189,NIFRA,25,50,20,578.0,11560.0
2021032405013188,NIFRA,25,10,10,578.0,5780.0
2021032405013199,NIFRA,38,53,100,579.0,57900.0
2021032405013198,NIFRA,38,35,60,579.0,34740.0
2021032405013197,NIFRA,38,51,20,579.0,11580.0
2021032405013196,NIFRA,38,41,60,579.0,34740.0
2021032405013195,NIFRA,38,6,60,579.0,34740.0
2021032405013194,NIFRA,38,48,20,579.0,11580.0
2021032405013205,NIFRA,11,58,10,580.0,5800.0
2021032405013204,NIFRA,11,46,35,580.0,20300.0
2021032405013203,NIFRA,38,10,10,579.0,5790.0
2021032405013202,NIFRA,38,11,50,579.0,28950.0
2021032405013201,NIFRA,38,54,50,579.0,28950.0
2021032405013200,NIFRA,38,51,100,579.0,57900.0
2021032405013211,NIFRA,38,55,10,579.0,5790.0
2021032405013210,NIFRA,38,45,60,579.0,34740.0
2021032405013209,NIFRA,38,10,10,579.0,5790.0
2021032405013208,NIFRA,38,21,50,579.0,28950.0
2021032405013207,NIFRA,38,45,60,579.0,34740.0
2021032405013206,NIFRA,11,38,25,580.0,14500.0
2021032405013217,NIFRA,34,32,250,579.0,144750.0
2021032405013216,NIFRA,34,39,250,579.0,144750.0
2021032405013215,NIFRA,25,21,50,578.0,28900.0
2021032405013214,NIFRA,25,55,70,578.0,40460.0
2021032405013213,NIFRA,43,55,20,579.0,11580.0
2021032405013212,NIFRA,36,55,50,579.0,28950.0
2021032405013224,NIFRA,43,10,10,579.0,5790.0
2021032405013223,NIFRA,43,36,50,579.0,28950.0
2021032405013222,NIFRA,43,38,50,579.0,28950.0
2021032405013221,NIFRA,43,21,50,579.0,28950.0
2021032405013220,NIFRA,43,21,60,579.0,34740.0
2021032405013219,NIFRA,43,32,250,579.0,144750.0
2021032405013230,NIFRA,36,55,100,578.0,57800.0
2021032405013229,NIFRA,32,55,500,578.0,289000.0
2021032405013228,NIFRA,14,55,100,578.0,57800.0
2021032405013227,NIFRA,25,55,500,578.0,289000.0
2021032405013226,NIFRA,55,55,200,578.0,115600.0
2021032405013225,NIFRA,43,55,530,579.0,306870.0
2021032405013236,NIFRA,45,38,25,580.0,14500.0
2021032405013235,NIFRA,57,10,10,579.0,5790.0
2021032405013234,NIFRA,57,28,90,579.0,52110.0
2021032405013233,NIFRA,28,11,50,578.0,28900.0
2021032405013232,NIFRA,28,55,"1,570",578.0,907460.0
2021032405013231,NIFRA,32,55,500,578.0,289000.0
2021032405013286,NIFRA,41,29,50,579.0,28950.0
2021032405013243,NIFRA,41,45,50,579.0,28950.0
2021032405013242,NIFRA,41,54,50,579.0,28950.0
2021032405013241,NIFRA,28,10,10,578.0,5780.0
2021032405013238,NIFRA,28,35,10,578.0,5780.0
2021032405013237,NIFRA,45,45,25,580.0,14500.0
2021032405013293,NIFRA,28,21,50,578.0,28900.0
2021032405013292,NIFRA,28,49,50,578.0,28900.0
2021032405013291,NIFRA,28,10,10,578.0,5780.0
2021032405013290,NIFRA,33,53,10,579.0,5790.0
2021032405013289,NIFRA,28,32,350,578.0,202300.0
2021032405013288,NIFRA,41,32,150,579.0,86850.0
2021032405012787,CGH,6,55,10,1890.0,18900.0
2021032405012750,CGH,6,52,10,1890.0,18900.0
2021032405012722,CGH,6,38,10,1890.0,18900.0
2021032405012658,CGH,6,38,10,1890.0,18900.0
2021032405012619,CGH,6,6,10,1890.0,18900.0
2021032405012601,CGH,6,16,10,1890.0,18900.0
2021032405012385,CGH,6,40,10,1890.0,18900.0
2021032405012350,CGH,6,49,10,1890.0,18900.0
2021032405012341,CGH,6,49,10,1890.0,18900.0
2021032405012324,CGH,6,57,10,1890.0,18900.0
2021032405012317,CGH,6,49,10,1890.0,18900.0
2021032405012306,CGH,6,49,10,1890.0,18900.0
2021032405012799,GLH,29,21,10,396.0,3960.0
2021032405012782,GLH,38,45,10,395.0,3950.0
2021032405012767,GLH,38,41,10,395.0,3950.0
2021032405012760,GLH,38,58,10,395.0,3950.0
2021032405012759,GLH,38,38,10,395.0,3950.0
2021032405012752,GLH,38,45,10,395.0,3950.0
2021032405012337,GLH,58,49,10,394.0,3940.0
2021032405012304,GLH,58,35,10,394.0,3940.0
2021032405012367,GLH,19,17,10,395.0,3950.0
2021032405012366,GLH,19,46,10,395.0,3950.0
2021032405012365,GLH,19,35,10,395.0,3950.0
2021032405012361,GLH,28,52,10,397.0,3970.0
2021032405012349,GLH,6,56,10,397.0,3970.0
2021032405012346,GLH,58,35,10,394.0,3940.0
2021032405012395,GLH,19,7,10,395.0,3950.0
2021032405012394,GLH,19,35,10,395.0,3950.0
2021032405012389,GLH,19,33,10,395.0,3950.0
2021032405012388,GLH,19,35,10,395.0,3950.0
2021032405012376,GLH,19,35,10,395.0,3950.0
2021032405012368,GLH,19,43,10,395.0,3950.0
2021032405012416,GLH,6,44,10,395.0,3950.0
2021032405012414,GLH,6,35,10,395.0,3950.0
2021032405012400,GLH,6,35,10,395.0,3950.0
2021032405012398,GLH,6,22,10,395.0,3950.0
2021032405012397,GLH,6,43,10,395.0,3950.0
2021032405012396,GLH,19,54,10,395.0,3950.0
2021032405012438,GLH,6,35,10,395.0,3950.0
2021032405012425,GLH,6,35,10,395.0,3950.0
2021032405012422,GLH,43,21,10,398.0,3980.0
2021032405012421,GLH,43,21,10,398.0,3980.0
2021032405012420,GLH,43,40,10,397.0,3970.0
2021032405012417,GLH,6,43,10,395.0,3950.0
2021032405012491,GLH,6,35,10,396.0,3960.0
2021032405012467,GLH,6,55,10,396.0,3960.0
2021032405012465,GLH,6,52,10,396.0,3960.0
2021032405012464,GLH,6,35,10,396.0,3960.0
2021032405012453,GLH,6,32,10,395.0,3950.0
2021032405012439,GLH,6,38,10,395.0,3950.0
2021032405012550,GLH,38,35,10,395.0,3950.0
2021032405012547,GLH,38,45,10,395.0,3950.0
2021032405012540,GLH,58,45,10,394.0,3940.0
2021032405012525,GLH,58,45,10,394.0,3940.0
2021032405012507,GLH,6,45,10,396.0,3960.0
2021032405012505,GLH,6,34,10,396.0,3960.0
2021032405012603,GLH,58,38,10,394.0,3940.0
2021032405012602,GLH,58,58,10,394.0,3940.0
2021032405012582,GLH,58,35,10,394.0,3940.0
2021032405012572,GLH,58,35,10,394.0,3940.0
2021032405012560,GLH,38,58,10,395.0,3950.0
2021032405012554,GLH,38,45,10,395.0,3950.0
2021032405012637,GLH,7,32,10,395.0,3950.0
2021032405012636,GLH,7,56,10,395.0,3950.0
2021032405012635,GLH,58,35,10,394.0,3940.0
2021032405012626,GLH,58,57,10,394.0,3940.0
2021032405012613,GLH,58,16,10,394.0,3940.0
2021032405012604,GLH,58,35,10,394.0,3940.0
2021032405012677,GLH,7,21,10,395.0,3950.0
2021032405012675,GLH,7,14,10,395.0,3950.0
2021032405012673,GLH,7,38,10,395.0,3950.0
2021032405012669,GLH,21,33,40,396.0,15840.0
2021032405012668,GLH,21,14,10,396.0,3960.0
2021032405012667,GLH,35,16,10,396.0,3960.0
2021032405012723,GLH,38,38,10,395.0,3950.0
2021032405012721,GLH,38,38,10,395.0,3950.0
2021032405012719,GLH,38,45,10,395.0,3950.0
2021032405012704,GLH,7,50,10,395.0,3950.0
2021032405012703,GLH,7,38,10,395.0,3950.0
2021032405012684,GLH,7,38,10,395.0,3950.0
2021032405012751,GLH,38,38,10,395.0,3950.0
2021032405012745,GLH,38,38,10,395.0,3950.0
2021032405012740,GLH,38,38,10,395.0,3950.0
2021032405012739,GLH,38,48,10,395.0,3950.0
2021032405012737,GLH,38,58,10,395.0,3950.0
2021032405012724,GLH,38,57,10,395.0,3950.0
2021032405012798,NIFRA,17,10,20,579.0,11580.0
2021032405012797,NIFRA,17,54,39,579.0,22581.0
2021032405012796,NIFRA,4,54,21,579.0,12159.0
2021032405012795,NIFRA,4,6,79,579.0,45741.0
2021032405012794,NIFRA,34,50,60,578.0,34680.0
2021032405012793,NIFRA,34,58,50,578.0,28900.0
2021032405012307,NIFRA,55,22,50,576.0,28800.0
2021032405012305,NIFRA,58,55,500,577.0,288500.0
2021032405012303,NIFRA,17,46,11,578.0,6358.0
2021032405012302,NIFRA,17,37,49,577.0,28273.0
2021032405012301,NIFRA,42,37,11,577.0,6347.0
2021032405012300,NIFRA,55,40,50,576.0,28800.0
2021032405012313,NIFRA,41,37,60,577.0,34620.0
2021032405012312,NIFRA,41,32,50,577.0,28850.0
2021032405012311,NIFRA,41,55,300,577.0,173100.0
2021032405012310,NIFRA,57,41,50,576.0,28800.0
2021032405012309,NIFRA,21,55,200,577.0,115400.0
2021032405012308,NIFRA,57,22,150,576.0,86400.0
2021032405012320,NIFRA,54,54,150,577.0,86550.0
2021032405012319,NIFRA,57,32,50,576.0,28800.0
2021032405012318,NIFRA,41,45,50,577.0,28850.0
2021032405012316,NIFRA,28,52,20,577.0,11540.0
2021032405012315,NIFRA,41,52,40,577.0,23080.0
2021032405012314,NIFRA,41,28,50,577.0,28850.0
2021032405012327,NIFRA,45,38,50,578.0,28900.0
2021032405012326,NIFRA,45,46,34,578.0,19652.0
2021032405012325,NIFRA,54,40,50,577.0,28850.0
2021032405012323,NIFRA,54,32,60,577.0,34620.0
2021032405012322,NIFRA,54,41,50,577.0,28850.0
2021032405012321,NIFRA,54,55,"1,000",577.0,577000.0
2021032405012333,NIFRA,45,34,100,578.0,57800.0
2021032405012332,NIFRA,45,10,300,578.0,173400.0
2021032405012331,NIFRA,45,49,50,578.0,28900.0
2021032405012330,NIFRA,45,19,10,578.0,5780.0
2021032405012329,NIFRA,45,59,100,578.0,57800.0
2021032405012328,NIFRA,45,42,310,578.0,179180.0
2021032405012340,NIFRA,54,32,30,577.0,17310.0
2021032405012339,NIFRA,54,35,100,577.0,57700.0
2021032405012338,NIFRA,54,17,10,577.0,5770.0
2021032405012336,NIFRA,3,34,60,578.0,34680.0
2021032405012335,NIFRA,54,28,20,577.0,11540.0
2021032405012334,NIFRA,45,21,46,578.0,26588.0
2021032405012348,NIFRA,36,49,50,577.0,28850.0
2021032405012347,NIFRA,22,34,50,578.0,28900.0
2021032405012345,NIFRA,36,57,50,577.0,28850.0
2021032405012344,NIFRA,36,55,130,577.0,75010.0
2021032405012343,NIFRA,46,55,300,577.0,173100.0
2021032405012342,NIFRA,54,55,30,577.0,17310.0
2021032405012356,NIFRA,36,55,50,577.0,28850.0
2021032405012355,NIFRA,54,55,500,577.0,288500.0
2021032405012354,NIFRA,41,55,50,577.0,28850.0
2021032405012353,NIFRA,36,55,270,577.0,155790.0
2021032405012352,NIFRA,49,28,150,578.0,86700.0
2021032405012351,NIFRA,49,34,30,578.0,17340.0
2021032405012363,NIFRA,21,55,440,577.0,253880.0
2021032405012362,NIFRA,21,38,50,577.0,28850.0
2021032405012360,NIFRA,21,55,10,577.0,5770.0
2021032405012359,NIFRA,36,55,390,577.0,225030.0
2021032405012358,NIFRA,36,13,10,577.0,5770.0
2021032405012357,NIFRA,36,38,50,577.0,28850.0
2021032405012373,NIFRA,35,17,10,577.0,5770.0
2021032405012372,NIFRA,35,40,60,577.0,34620.0
2021032405012371,NIFRA,35,39,60,577.0,34620.0
2021032405012370,NIFRA,35,55,330,577.0,190410.0
2021032405012369,NIFRA,35,55,150,577.0,86550.0
2021032405012364,NIFRA,34,55,80,577.0,46160.0
2021032405012380,NIFRA,35,34,40,577.0,23080.0
2021032405012379,NIFRA,21,28,100,578.0,57800.0
2021032405012378,NIFRA,35,38,10,577.0,5770.0
2021032405012377,NIFRA,35,55,10,577.0,5770.0
2021032405012375,NIFRA,35,45,10,577.0,5770.0
2021032405012374,NIFRA,35,22,50,577.0,28850.0
2021032405012387,NIFRA,35,32,10,577.0,5770.0
2021032405012386,NIFRA,41,28,200,578.0,115600.0
2021032405012384,NIFRA,35,33,60,577.0,34620.0
2021032405012383,NIFRA,35,14,50,577.0,28850.0
2021032405012382,NIFRA,35,58,50,577.0,28850.0
2021032405012381,NIFRA,52,28,810,578.0,468180.0
2021032405012401,NIFRA,14,28,500,578.0,289000.0
2021032405012399,NIFRA,28,28,100,578.0,57800.0
2021032405012393,NIFRA,35,58,40,577.0,23080.0
2021032405012392,NIFRA,35,25,20,577.0,11540.0
2021032405012391,NIFRA,28,28,"1,690",578.0,976820.0
2021032405012390,NIFRA,35,33,60,577.0,34620.0
2021032405012407,NIFRA,40,55,50,577.0,28850.0
2021032405012406,NIFRA,35,55,50,577.0,28850.0
2021032405012405,NIFRA,38,55,500,577.0,288500.0
2021032405012404,NIFRA,55,55,100,577.0,57700.0
2021032405012403,NIFRA,35,55,80,577.0,46160.0
2021032405012402,NIFRA,35,6,50,577.0,28850.0
2021032405012413,NIFRA,17,28,250,578.0,144500.0
2021032405012412,NIFRA,28,34,60,577.0,34620.0
2021032405012411,NIFRA,17,28,250,578.0,144500.0
2021032405012410,NIFRA,18,28,150,578.0,86700.0
2021032405012409,NIFRA,28,55,120,577.0,69240.0
2021032405012408,NIFRA,39,55,100,577.0,57700.0
2021032405012426,NIFRA,8,42,20,577.0,11540.0
2021032405012424,NIFRA,8,58,29,577.0,16733.0
2021032405012423,NIFRA,46,58,11,577.0,6347.0
2021032405012419,NIFRA,46,38,40,577.0,23080.0
2021032405012418,NIFRA,28,38,20,577.0,11540.0
2021032405012415,NIFRA,28,1,100,577.0,57700.0
2021032405012432,NIFRA,8,38,60,577.0,34620.0
2021032405012431,NIFRA,14,28,50,578.0,28900.0
2021032405012430,NIFRA,8,6,50,577.0,28850.0
2021032405012429,NIFRA,8,34,50,577.0,28850.0
2021032405012428,NIFRA,8,57,50,577.0,28850.0
2021032405012427,NIFRA,8,48,100,577.0,57700.0
2021032405012440,NIFRA,22,42,27,578.0,15606.0
2021032405012437,NIFRA,8,16,50,577.0,28850.0
2021032405012436,NIFRA,45,42,23,578.0,13294.0
2021032405012435,NIFRA,45,42,10,578.0,5780.0
2021032405012434,NIFRA,58,42,50,578.0,28900.0
2021032405012433,NIFRA,58,28,750,578.0,433500.0
2021032405012446,NIFRA,22,47,30,578.0,17340.0
2021032405012445,NIFRA,22,40,50,578.0,28900.0
2021032405012444,NIFRA,22,6,60,578.0,34680.0
2021032405012443,NIFRA,22,58,10,578.0,5780.0
2021032405012442,NIFRA,22,49,60,578.0,34680.0
2021032405012441,NIFRA,22,58,150,578.0,86700.0
2021032405012452,NIFRA,32,57,19,577.0,10963.0
2021032405012451,NIFRA,8,57,41,577.0,23657.0
2021032405012450,NIFRA,8,17,50,577.0,28850.0
2021032405012449,NIFRA,22,48,53,578.0,30634.0
2021032405012448,NIFRA,22,58,10,578.0,5780.0
2021032405012447,NIFRA,22,55,50,578.0,28900.0
2021032405012459,NIFRA,32,55,31,577.0,17887.0
2021032405012458,NIFRA,32,14,50,577.0,28850.0
2021032405012457,NIFRA,38,50,28,578.0,16184.0
2021032405012456,NIFRA,38,38,72,578.0,41616.0
2021032405012455,NIFRA,54,38,28,578.0,16184.0
2021032405012454,NIFRA,54,48,47,578.0,27166.0
2021032405012468,NIFRA,40,38,50,577.0,28850.0
2021032405012466,NIFRA,33,50,10,578.0,5780.0
2021032405012463,NIFRA,40,44,50,577.0,28850.0
2021032405012462,NIFRA,40,55,"1,809",577.0,1043793.0
2021032405012461,NIFRA,40,55,100,577.0,57700.0
2021032405012460,NIFRA,35,55,60,577.0,34620.0
2021032405012474,NIFRA,36,50,50,578.0,28900.0
2021032405012473,NIFRA,36,41,20,578.0,11560.0
2021032405012472,NIFRA,36,21,20,578.0,11560.0
2021032405012471,NIFRA,36,55,30,578.0,17340.0
2021032405012470,NIFRA,36,46,90,578.0,52020.0
2021032405012469,NIFRA,36,50,12,578.0,6936.0
2021032405012480,NIFRA,36,21,18,578.0,10404.0
2021032405012479,NIFRA,36,19,60,578.0,34680.0
2021032405012478,NIFRA,36,58,50,578.0,28900.0
2021032405012477,NIFRA,36,57,50,578.0,28900.0
2021032405012476,NIFRA,36,34,50,578.0,28900.0
2021032405012475,NIFRA,36,34,50,578.0,28900.0
2021032405012486,NIFRA,46,3,18,578.0,10404.0
2021032405012485,NIFRA,46,7,40,578.0,23120.0
2021032405012484,NIFRA,46,14,50,578.0,28900.0
2021032405012483,NIFRA,46,1,60,578.0,34680.0
2021032405012482,NIFRA,46,10,50,578.0,28900.0
2021032405012481,NIFRA,46,21,32,578.0,18496.0
2021032405012493,NIFRA,46,45,"2,000",578.0,1156000.0
2021032405012492,NIFRA,46,45,32,578.0,18496.0
2021032405012490,NIFRA,21,45,28,578.0,16184.0
2021032405012489,NIFRA,21,59,50,578.0,28900.0
2021032405012488,NIFRA,21,3,42,578.0,24276.0
2021032405012487,NIFRA,40,45,50,577.0,28850.0
2021032405012499,NIFRA,46,49,60,578.0,34680.0
2021032405012498,NIFRA,46,1,60,578.0,34680.0
2021032405012497,NIFRA,46,16,20,578.0,11560.0
2021032405012496,NIFRA,46,58,50,578.0,28900.0
2021032405012495,NIFRA,46,16,10,578.0,5780.0
2021032405012494,NIFRA,46,21,10,578.0,5780.0
2021032405012506,NIFRA,40,55,30,577.0,17310.0
2021032405012504,NIFRA,46,29,248,578.0,143344.0
2021032405012503,NIFRA,46,32,100,578.0,57800.0
2021032405012502,NIFRA,46,33,50,578.0,28900.0
2021032405012501,NIFRA,46,16,50,578.0,28900.0
2021032405012500,NIFRA,46,57,10,578.0,5780.0
2021032405012513,NIFRA,58,51,50,577.0,28850.0
2021032405012512,NIFRA,58,5,30,577.0,17310.0
2021032405012511,NIFRA,58,48,39,577.0,22503.0
2021032405012510,NIFRA,40,48,11,577.0,6347.0
2021032405012509,NIFRA,52,29,750,578.0,433500.0
2021032405012508,NIFRA,52,29,100,578.0,57800.0
2021032405012519,NIFRA,25,38,18,578.0,10404.0
2021032405012518,NIFRA,25,34,60,578.0,34680.0
2021032405012517,NIFRA,25,41,20,578.0,11560.0
2021032405012516,NIFRA,25,29,402,578.0,232356.0
2021032405012515,NIFRA,57,29,500,578.0,289000.0
2021032405012514,NIFRA,58,52,10,577.0,5770.0
2021032405012526,NIFRA,35,38,15,578.0,8670.0
2021032405012524,NIFRA,58,16,50,577.0,28850.0
2021032405012523,NIFRA,58,6,60,577.0,34620.0
2021032405012522,NIFRA,58,41,100,577.0,57700.0
2021032405012521,NIFRA,58,38,30,578.0,17340.0
2021032405012520,NIFRA,58,36,60,577.0,34620.0
2021032405012532,NIFRA,45,19,50,578.0,28900.0
2021032405012531,NIFRA,45,17,50,578.0,28900.0
2021032405012530,NIFRA,45,21,60,578.0,34680.0
2021032405012529,NIFRA,45,58,50,578.0,28900.0
2021032405012528,NIFRA,45,13,50,578.0,28900.0
2021032405012527,NIFRA,45,38,35,578.0,20230.0
2021032405012538,NIFRA,4,3,200,578.0,115600.0
2021032405012537,NIFRA,4,51,10,578.0,5780.0
2021032405012536,NIFRA,4,58,60,578.0,34680.0
2021032405012535,NIFRA,4,58,60,578.0,34680.0
2021032405012534,NIFRA,4,52,60,577.0,34620.0
2021032405012533,NIFRA,58,36,50,577.0,28850.0
2021032405012545,NIFRA,45,58,5,578.0,2890.0
2021032405012544,NIFRA,41,58,45,578.0,26010.0
2021032405012543,NIFRA,41,45,25,578.0,14450.0
2021032405012542,NIFRA,41,57,90,578.0,52020.0
2021032405012541,NIFRA,58,6,50,577.0,28850.0
2021032405012539,NIFRA,4,57,110,578.0,63580.0
2021032405012553,NIFRA,36,36,30,578.0,17340.0
2021032405012552,NIFRA,36,17,50,578.0,28900.0
2021032405012551,NIFRA,36,6,10,578.0,5780.0
2021032405012549,NIFRA,36,21,50,578.0,28900.0
2021032405012548,NIFRA,36,16,50,578.0,28900.0
2021032405012546,NIFRA,36,52,60,578.0,34680.0
2021032405012561,NIFRA,14,50,50,579.0,28950.0
2021032405012559,NIFRA,36,48,200,578.0,115600.0
2021032405012558,NIFRA,36,21,50,578.0,28900.0
2021032405012557,NIFRA,36,16,200,578.0,115600.0
2021032405012556,NIFRA,36,39,60,578.0,34680.0
2021032405012555,NIFRA,22,25,10,579.0,5790.0
2021032405012567,NIFRA,14,38,50,579.0,28950.0
2021032405012566,NIFRA,14,38,50,579.0,28950.0
2021032405012565,NIFRA,14,38,60,579.0,34740.0
2021032405012564,NIFRA,14,56,50,579.0,28950.0
2021032405012563,NIFRA,14,25,50,579.0,28950.0
2021032405012562,NIFRA,14,25,50,579.0,28950.0
2021032405012574,NIFRA,41,7,240,579.0,138960.0
2021032405012573,NIFRA,36,57,"1,060",578.0,612680.0
2021032405012571,NIFRA,36,21,50,578.0,28900.0
2021032405012570,NIFRA,14,7,30,579.0,17370.0
2021032405012569,NIFRA,14,52,60,579.0,34740.0
2021032405012568,NIFRA,14,38,50,579.0,28950.0
2021032405012580,NIFRA,14,7,20,579.0,11580.0
2021032405012579,NIFRA,33,55,120,578.0,69360.0
2021032405012578,NIFRA,46,55,"1,000",578.0,578000.0
2021032405012577,NIFRA,57,55,100,578.0,57800.0
2021032405012576,NIFRA,58,55,30,578.0,17340.0
2021032405012575,NIFRA,36,55,750,578.0,433500.0
2021032405012587,NIFRA,59,52,40,579.0,23160.0
2021032405012586,NIFRA,59,40,50,579.0,28950.0
2021032405012585,NIFRA,59,7,210,579.0,121590.0
2021032405012584,NIFRA,33,59,50,578.0,28900.0
2021032405012583,NIFRA,33,52,50,578.0,28900.0
2021032405012581,NIFRA,33,16,50,578.0,28900.0
2021032405012593,NIFRA,46,52,53,579.0,30687.0
2021032405012592,NIFRA,46,47,50,579.0,28950.0
2021032405012591,NIFRA,33,21,30,578.0,17340.0
2021032405012590,NIFRA,57,52,47,579.0,27213.0
2021032405012589,NIFRA,57,58,10,579.0,5790.0
2021032405012588,NIFRA,57,52,20,579.0,11580.0
2021032405012599,NIFRA,46,50,50,579.0,28950.0
2021032405012598,NIFRA,46,38,60,579.0,34740.0
2021032405012597,NIFRA,46,52,50,579.0,28950.0
2021032405012596,NIFRA,46,44,50,579.0,28950.0
2021032405012595,NIFRA,46,57,100,579.0,57900.0
2021032405012594,NIFRA,46,35,60,579.0,34740.0
2021032405012609,NIFRA,34,55,17,579.0,9843.0
2021032405012608,NIFRA,34,48,50,579.0,28950.0
2021032405012607,NIFRA,34,58,50,579.0,28950.0
2021032405012606,NIFRA,34,17,60,579.0,34740.0
2021032405012605,NIFRA,34,45,23,579.0,13317.0
2021032405012600,NIFRA,46,45,27,579.0,15633.0
2021032405012616,NIFRA,41,22,775,579.0,448725.0
2021032405012615,NIFRA,41,41,10,579.0,5790.0
2021032405012614,NIFRA,41,55,15,579.0,8685.0
2021032405012612,NIFRA,33,21,50,578.0,28900.0
2021032405012611,NIFRA,33,13,50,578.0,28900.0
2021032405012610,NIFRA,33,22,50,578.0,28900.0
2021032405012623,NIFRA,38,29,25,579.0,14475.0
2021032405012622,NIFRA,38,22,75,579.0,43425.0
2021032405012621,NIFRA,33,36,50,578.0,28900.0
2021032405012620,NIFRA,33,13,100,578.0,57800.0
2021032405012618,NIFRA,33,57,50,578.0,28900.0
2021032405012617,NIFRA,33,34,10,578.0,5780.0
2021032405012630,NIFRA,41,40,100,579.0,57900.0
2021032405012629,NIFRA,41,3,60,579.0,34740.0
2021032405012628,NIFRA,41,42,25,579.0,14475.0
2021032405012627,NIFRA,41,29,25,579.0,14475.0
2021032405012625,NIFRA,33,21,50,578.0,28900.0
2021032405012624,NIFRA,33,8,160,578.0,92480.0
2021032405012639,NIFRA,39,41,"1,000",579.0,579000.0
2021032405012638,NIFRA,39,50,170,579.0,98430.0
2021032405012634,NIFRA,55,50,50,579.0,28950.0
2021032405012633,NIFRA,41,50,480,579.0,277920.0
2021032405012632,NIFRA,41,42,10,579.0,5790.0
2021032405012631,NIFRA,41,42,50,579.0,28950.0
2021032405012645,NIFRA,39,26,60,579.0,34740.0
2021032405012644,NIFRA,39,58,50,579.0,28950.0
2021032405012643,NIFRA,39,14,10,579.0,5790.0
2021032405012642,NIFRA,39,41,200,579.0,115800.0
2021032405012641,NIFRA,39,41,225,579.0,130275.0
2021032405012640,NIFRA,39,32,50,579.0,28950.0
2021032405012651,NIFRA,39,16,865,579.0,500835.0
2021032405012650,NIFRA,39,1,150,579.0,86850.0
2021032405012649,NIFRA,39,42,50,579.0,28950.0
2021032405012648,NIFRA,39,42,60,579.0,34740.0
2021032405012647,NIFRA,39,21,50,579.0,28950.0
2021032405012646,NIFRA,39,42,60,579.0,34740.0
2021032405012657,NIFRA,16,48,20,578.0,11560.0
2021032405012656,NIFRA,16,55,570,578.0,329460.0
2021032405012655,NIFRA,58,55,100,578.0,57800.0
2021032405012654,NIFRA,54,55,100,578.0,57800.0
2021032405012653,NIFRA,53,55,100,578.0,57800.0
2021032405012652,NIFRA,33,55,"1,130",578.0,653140.0
2021032405012664,NIFRA,38,3,50,579.0,28950.0
2021032405012663,NIFRA,38,7,60,579.0,34740.0
2021032405012662,NIFRA,38,32,50,579.0,28950.0
2021032405012661,NIFRA,38,45,60,579.0,34740.0
2021032405012660,NIFRA,38,5,10,579.0,5790.0
2021032405012659,NIFRA,38,16,185,579.0,107115.0
2021032405012674,NIFRA,45,29,100,579.0,57900.0
2021032405012672,NIFRA,38,29,200,579.0,115800.0
2021032405012671,NIFRA,16,1,60,578.0,34680.0
2021032405012670,NIFRA,16,58,50,578.0,28900.0
2021032405012666,NIFRA,38,29,485,579.0,280815.0
2021032405012665,NIFRA,38,1,100,579.0,57900.0
2021032405012682,NIFRA,38,29,215,579.0,124485.0
2021032405012681,NIFRA,55,29,800,579.0,463200.0
2021032405012680,NIFRA,16,57,50,578.0,28900.0
2021032405012679,NIFRA,16,21,30,578.0,17340.0
2021032405012678,NIFRA,34,29,200,579.0,115800.0
2021032405012676,NIFRA,16,39,50,578.0,28900.0
2021032405012689,NIFRA,25,55,50,579.0,28950.0
2021032405012688,NIFRA,25,8,15,579.0,8685.0
2021032405012687,NIFRA,25,22,90,579.0,52110.0
2021032405012686,NIFRA,25,45,60,579.0,34740.0
2021032405012685,NIFRA,25,34,15,579.0,8685.0
2021032405012683,NIFRA,38,34,285,579.0,165015.0
2021032405012695,NIFRA,37,45,30,578.0,17340.0
2021032405012694,NIFRA,29,45,100,578.0,57800.0
2021032405012693,NIFRA,5,45,100,578.0,57800.0
2021032405012692,NIFRA,16,45,170,578.0,98260.0
2021032405012691,NIFRA,25,55,10,579.0,5790.0
2021032405012690,NIFRA,25,38,50,579.0,28950.0
2021032405012701,NIFRA,40,52,690,579.0,399510.0
2021032405012700,NIFRA,38,52,10,579.0,5790.0
2021032405012699,NIFRA,38,36,50,579.0,28950.0
2021032405012698,NIFRA,38,55,40,579.0,23160.0
2021032405012697,NIFRA,41,55,50,579.0,28950.0
2021032405012696,NIFRA,41,55,100,579.0,57900.0
2021032405012709,NIFRA,40,58,"1,490",579.0,862710.0
2021032405012708,NIFRA,40,39,50,579.0,28950.0
2021032405012707,NIFRA,40,21,50,579.0,28950.0
2021032405012706,NIFRA,56,22,40,580.0,23200.0
2021032405012705,NIFRA,40,57,50,579.0,28950.0
2021032405012702,NIFRA,40,17,200,579.0,115800.0
2021032405012715,NIFRA,25,58,500,578.0,289000.0
2021032405012714,NIFRA,56,58,50,578.0,28900.0
2021032405012713,NIFRA,38,58,100,578.0,57800.0
2021032405012712,NIFRA,25,58,50,578.0,28900.0
2021032405012711,NIFRA,21,58,100,578.0,57800.0
2021032405012710,NIFRA,37,58,70,578.0,40460.0
2021032405012726,NIFRA,58,58,50,578.0,28900.0
2021032405012725,NIFRA,59,58,100,578.0,57800.0
2021032405012720,NIFRA,39,58,200,578.0,115600.0
2021032405012718,NIFRA,39,58,200,578.0,115600.0
2021032405012717,NIFRA,29,58,50,578.0,28900.0
2021032405012716,NIFRA,33,58,10,578.0,5780.0
2021032405012732,NIFRA,39,14,50,577.0,28850.0
2021032405012731,NIFRA,14,45,55,578.0,31790.0
2021032405012730,NIFRA,14,1,20,578.0,11560.0
2021032405012729,NIFRA,14,58,425,578.0,245650.0
2021032405012728,NIFRA,34,58,100,578.0,57800.0
2021032405012727,NIFRA,41,58,10,578.0,5780.0
2021032405012741,NIFRA,58,52,30,578.0,17340.0
2021032405012738,NIFRA,58,21,30,578.0,17340.0
2021032405012736,NIFRA,58,57,50,578.0,28900.0
2021032405012735,NIFRA,58,29,60,578.0,34680.0
2021032405012734,NIFRA,58,4,20,578.0,11560.0
2021032405012733,NIFRA,58,58,30,578.0,17340.0
2021032405012748,NIFRA,58,58,60,578.0,34680.0
2021032405012747,NIFRA,21,55,170,579.0,98430.0
2021032405012746,NIFRA,56,55,40,579.0,23160.0
2021032405012744,NIFRA,58,1,40,578.0,23120.0
2021032405012743,NIFRA,58,17,50,578.0,28900.0
2021032405012742,NIFRA,58,38,50,578.0,28900.0
2021032405012757,NIFRA,38,55,116,579.0,67164.0
2021032405012756,NIFRA,38,4,60,579.0,34740.0
2021032405012755,NIFRA,38,17,34,579.0,19686.0
2021032405012754,NIFRA,38,36,50,579.0,28950.0
2021032405012753,NIFRA,38,55,190,579.0,110010.0
2021032405012749,NIFRA,34,55,100,579.0,57900.0
2021032405012765,NIFRA,51,55,90,579.0,52110.0
2021032405012764,NIFRA,58,54,50,578.0,28900.0
2021032405012763,NIFRA,58,18,60,578.0,34680.0
2021032405012762,NIFRA,58,44,50,578.0,28900.0
2021032405012761,NIFRA,58,58,50,578.0,28900.0
2021032405012758,NIFRA,58,57,60,578.0,34680.0
2021032405012772,NIFRA,58,18,50,578.0,28900.0
2021032405012771,NIFRA,58,21,30,578.0,17340.0
2021032405012770,NIFRA,58,22,50,578.0,28900.0
2021032405012769,NIFRA,58,45,50,578.0,28900.0
2021032405012768,NIFRA,58,34,50,578.0,28900.0
2021032405012766,NIFRA,3,55,500,579.0,289500.0
2021032405012778,NIFRA,10,41,119,579.0,68901.0
2021032405012777,NIFRA,57,41,15,579.0,8685.0
2021032405012776,NIFRA,10,41,66,579.0,38214.0
2021032405012775,NIFRA,10,58,80,579.0,46320.0
2021032405012774,NIFRA,10,19,60,579.0,34740.0
2021032405012773,NIFRA,10,55,294,579.0,170226.0
2021032405012785,NIFRA,57,6,15,579.0,8685.0
2021032405012784,NIFRA,10,6,256,579.0,148224.0
2021032405012783,NIFRA,10,39,50,579.0,28950.0
2021032405012781,NIFRA,10,56,15,579.0,8685.0
2021032405012780,NIFRA,10,19,10,579.0,5790.0
2021032405012779,NIFRA,10,21,50,579.0,28950.0
2021032405012792,NIFRA,34,21,30,578.0,17340.0
2021032405012791,NIFRA,34,45,50,578.0,28900.0
2021032405012790,NIFRA,34,45,20,578.0,11560.0
2021032405012789,NIFRA,58,45,30,578.0,17340.0
2021032405012788,NIFRA,58,57,50,578.0,28900.0
2021032405012786,NIFRA,57,6,50,579.0,28950.0
2021032405012299,CGH,6,49,10,1890.0,18900.0
2021032405012210,CGH,6,47,10,1890.0,18900.0
2021032405012133,CGH,6,58,10,1890.0,18900.0
2021032405012129,CGH,6,26,10,1890.0,18900.0
2021032405012128,CGH,6,44,10,1890.0,18900.0
2021032405012109,CGH,6,58,10,1890.0,18900.0
2021032405011954,CGH,6,17,10,1890.0,18900.0
2021032405011948,CGH,6,56,10,1890.0,18900.0
2021032405011929,CGH,6,49,10,1890.0,18900.0
2021032405011848,CGH,6,44,10,1890.0,18900.0
2021032405011844,CGH,6,40,10,1890.0,18900.0
2021032405011811,CGH,6,41,10,1890.0,18900.0
2021032405012080,CGH,6,58,10,1890.0,18900.0
2021032405012071,CGH,6,18,10,1890.0,18900.0
2021032405012044,CGH,6,58,10,1890.0,18900.0
2021032405012036,CGH,6,43,10,1890.0,18900.0
2021032405012035,CGH,6,44,10,1890.0,18900.0
2021032405012015,CGH,6,55,10,1890.0,18900.0
2021032405012290,GLH,58,43,10,394.0,3940.0
2021032405012289,GLH,58,35,10,394.0,3940.0
2021032405012282,GLH,38,51,10,393.0,3930.0
2021032405012251,GLH,59,58,10,394.0,3940.0
2021032405012202,GLH,59,35,10,394.0,3940.0
2021032405012201,GLH,59,58,10,394.0,3940.0
2021032405011835,GLH,38,36,10,398.0,3980.0
2021032405011827,GLH,38,59,10,398.0,3980.0
2021032405011819,GLH,38,14,10,398.0,3980.0
2021032405011813,GLH,38,22,10,398.0,3980.0
2021032405011806,GLH,38,44,10,398.0,3980.0
2021032405011901,GLH,28,21,10,398.0,3980.0
2021032405011885,GLH,38,21,10,398.0,3980.0
2021032405011879,GLH,38,26,10,398.0,3980.0
2021032405011878,GLH,38,41,10,398.0,3980.0
2021032405011859,GLH,38,41,10,398.0,3980.0
2021032405011849,GLH,38,4,10,398.0,3980.0
2021032405011930,GLH,21,41,10,395.0,3950.0
2021032405011928,GLH,58,50,10,399.0,3990.0
2021032405011927,GLH,58,49,10,399.0,3990.0
2021032405011926,GLH,58,34,10,398.0,3980.0
2021032405011925,GLH,58,46,10,398.0,3980.0
2021032405011924,GLH,58,21,10,398.0,3980.0
2021032405011945,GLH,28,48,10,400.0,4000.0
2021032405011944,GLH,28,40,10,399.0,3990.0
2021032405011943,GLH,28,52,10,398.0,3980.0
2021032405011942,GLH,28,21,10,398.0,3980.0
2021032405011934,GLH,21,16,10,395.0,3950.0
2021032405011931,GLH,21,34,10,395.0,3950.0
2021032405011976,GLH,21,42,10,395.0,3950.0
2021032405011972,GLH,42,22,10,396.0,3960.0
2021032405011970,GLH,21,25,10,395.0,3950.0
2021032405011961,GLH,21,41,10,395.0,3950.0
2021032405011957,GLH,21,4,10,395.0,3950.0
2021032405011946,GLH,28,41,10,400.0,4000.0
2021032405012028,GLH,10,41,10,395.0,3950.0
2021032405012025,GLH,10,47,10,395.0,3950.0
2021032405012022,GLH,10,41,10,395.0,3950.0
2021032405011999,GLH,21,57,10,395.0,3950.0
2021032405011986,GLH,21,59,10,395.0,3950.0
2021032405011977,GLH,21,41,10,395.0,3950.0
2021032405012084,GLH,58,6,10,395.0,3950.0
2021032405012070,GLH,28,32,10,397.0,3970.0
2021032405012065,GLH,58,52,10,395.0,3950.0
2021032405012061,GLH,10,41,10,395.0,3950.0
2021032405012046,GLH,28,41,10,396.0,3960.0
2021032405012039,GLH,10,41,10,395.0,3950.0
2021032405012102,GLH,58,4,10,395.0,3950.0
2021032405012093,GLH,58,4,10,395.0,3950.0
2021032405012089,GLH,58,58,10,395.0,3950.0
2021032405012087,GLH,58,58,10,395.0,3950.0
2021032405012086,GLH,58,4,10,395.0,3950.0
2021032405012085,GLH,58,46,10,395.0,3950.0
2021032405012147,GLH,51,42,10,395.0,3950.0
2021032405012145,GLH,59,58,10,394.0,3940.0
2021032405012144,GLH,59,35,10,394.0,3940.0
2021032405012131,GLH,3,58,10,395.0,3950.0
2021032405012108,GLH,58,14,10,395.0,3950.0
2021032405012106,GLH,58,4,10,395.0,3950.0
2021032405012178,GLH,59,58,10,394.0,3940.0
2021032405012170,GLH,59,35,10,394.0,3940.0
2021032405012162,GLH,28,58,10,395.0,3950.0
2021032405012157,GLH,59,7,10,394.0,3940.0
2021032405012154,GLH,59,58,10,394.0,3940.0
2021032405012153,GLH,59,35,10,394.0,3940.0
2021032405011809,MLBSL,17,33,10,508.0,5080.0
2021032405012298,NIFRA,55,52,50,576.0,28800.0
2021032405012297,NIFRA,55,49,10,576.0,5760.0
2021032405012296,NIFRA,39,49,40,577.0,23080.0
2021032405012295,NIFRA,39,45,100,577.0,57700.0
2021032405012294,NIFRA,46,45,30,577.0,17310.0
2021032405012293,NIFRA,46,41,50,577.0,28850.0
2021032405011801,NIFRA,49,51,50,575.0,28750.0
2021032405011800,NIFRA,49,40,50,575.0,28750.0
2021032405011808,NIFRA,35,36,30,575.0,17250.0
2021032405011807,NIFRA,35,36,20,575.0,11500.0
2021032405011805,NIFRA,35,52,80,575.0,46000.0
2021032405011804,NIFRA,55,52,20,575.0,11500.0
2021032405011803,NIFRA,55,10,50,575.0,28750.0
2021032405011802,NIFRA,49,10,10,575.0,5750.0
2021032405011817,NIFRA,45,22,30,575.0,17250.0
2021032405011816,NIFRA,36,22,10,575.0,5750.0
2021032405011815,NIFRA,36,10,50,575.0,28750.0
2021032405011814,NIFRA,36,45,40,575.0,23000.0
2021032405011812,NIFRA,45,35,100,574.0,57400.0
2021032405011810,NIFRA,35,21,50,575.0,28750.0
2021032405011824,NIFRA,40,35,110,575.0,63250.0
2021032405011823,NIFRA,44,35,150,575.0,86250.0
2021032405011822,NIFRA,21,35,100,575.0,57500.0
2021032405011821,NIFRA,47,35,90,575.0,51750.0
2021032405011820,NIFRA,45,35,80,575.0,46000.0
2021032405011818,NIFRA,45,35,470,575.0,270250.0
2021032405011831,NIFRA,17,33,60,575.0,34500.0
2021032405011830,NIFRA,17,57,50,575.0,28750.0
2021032405011829,NIFRA,17,10,50,575.0,28750.0
2021032405011828,NIFRA,17,41,50,575.0,28750.0
2021032405011826,NIFRA,40,21,30,575.0,17250.0
2021032405011825,NIFRA,40,14,60,575.0,34500.0
2021032405011838,NIFRA,42,10,40,574.0,22960.0
2021032405011837,NIFRA,45,10,10,574.0,5740.0
2021032405011836,NIFRA,17,34,30,575.0,17250.0
2021032405011834,NIFRA,17,34,50,575.0,28750.0
2021032405011833,NIFRA,17,50,50,575.0,28750.0
2021032405011832,NIFRA,17,36,50,575.0,28750.0
2021032405011845,NIFRA,42,21,60,574.0,34440.0
2021032405011843,NIFRA,42,41,50,574.0,28700.0
2021032405011842,NIFRA,42,50,50,574.0,28700.0
2021032405011841,NIFRA,42,38,50,574.0,28700.0
2021032405011840,NIFRA,45,34,5,575.0,2875.0
2021032405011839,NIFRA,21,34,25,575.0,14375.0
2021032405011853,NIFRA,46,10,50,574.0,28700.0
2021032405011852,NIFRA,46,6,50,574.0,28700.0
2021032405011851,NIFRA,42,50,50,574.0,28700.0
2021032405011850,NIFRA,34,41,29,575.0,16675.0
2021032405011847,NIFRA,10,41,10,575.0,5750.0
2021032405011846,NIFRA,10,57,20,575.0,11500.0
2021032405011860,NIFRA,59,50,60,574.0,34440.0
2021032405011858,NIFRA,59,36,30,574.0,17220.0
2021032405011857,NIFRA,46,21,50,574.0,28700.0
2021032405011856,NIFRA,46,21,50,574.0,28700.0
2021032405011855,NIFRA,17,55,279,575.0,160425.0
2021032405011854,NIFRA,17,41,21,575.0,12075.0
2021032405011866,NIFRA,7,22,10,574.0,5740.0
2021032405011865,NIFRA,7,44,60,574.0,34440.0
2021032405011864,NIFRA,7,58,50,574.0,28700.0
2021032405011863,NIFRA,7,56,40,574.0,22960.0
2021032405011862,NIFRA,59,56,10,574.0,5740.0
2021032405011861,NIFRA,16,55,100,575.0,57500.0
2021032405011872,NIFRA,7,21,50,574.0,28700.0
2021032405011871,NIFRA,50,55,100,575.0,57500.0
2021032405011870,NIFRA,52,55,300,575.0,172500.0
2021032405011869,NIFRA,7,58,60,574.0,34440.0
2021032405011868,NIFRA,7,56,60,574.0,34440.0
2021032405011867,NIFRA,7,10,60,574.0,34440.0
2021032405011880,NIFRA,7,32,10,574.0,5740.0
2021032405011877,NIFRA,7,50,60,574.0,34440.0
2021032405011876,NIFRA,45,55,50,575.0,28750.0
2021032405011875,NIFRA,7,56,60,574.0,34440.0
2021032405011874,NIFRA,7,10,60,574.0,34440.0
2021032405011873,NIFRA,38,55,50,575.0,28750.0
2021032405011887,NIFRA,10,55,71,575.0,40825.0
2021032405011886,NIFRA,7,21,50,574.0,28700.0
2021032405011884,NIFRA,7,41,60,574.0,34440.0
2021032405011883,NIFRA,7,10,50,574.0,28700.0
2021032405011882,NIFRA,7,22,50,574.0,28700.0
2021032405011881,NIFRA,38,55,50,575.0,28750.0
2021032405011893,NIFRA,10,59,50,575.0,28750.0
2021032405011892,NIFRA,10,47,50,575.0,28750.0
2021032405011891,NIFRA,10,58,60,575.0,34500.0
2021032405011890,NIFRA,10,37,220,575.0,126500.0
2021032405011889,NIFRA,10,26,50,575.0,28750.0
2021032405011888,NIFRA,10,58,16,575.0,9200.0
2021032405011899,NIFRA,10,38,50,575.0,28750.0
2021032405011898,NIFRA,10,49,50,575.0,28750.0
2021032405011897,NIFRA,10,7,10,575.0,5750.0
2021032405011896,NIFRA,10,46,50,575.0,28750.0
2021032405011895,NIFRA,10,58,50,575.0,28750.0
2021032405011894,NIFRA,10,25,60,575.0,34500.0
2021032405011906,NIFRA,49,21,60,575.0,34500.0
2021032405011905,NIFRA,49,34,50,575.0,28750.0
2021032405011904,NIFRA,49,45,50,575.0,28750.0
2021032405011903,NIFRA,49,10,60,575.0,34500.0
2021032405011902,NIFRA,49,28,20,575.0,11500.0
2021032405011900,NIFRA,7,55,50,574.0,28700.0
2021032405011912,NIFRA,49,10,50,575.0,28750.0
2021032405011911,NIFRA,49,6,60,575.0,34500.0
2021032405011910,NIFRA,49,41,50,575.0,28750.0
2021032405011909,NIFRA,49,33,60,575.0,34500.0
2021032405011908,NIFRA,49,46,10,575.0,5750.0
2021032405011907,NIFRA,49,56,10,575.0,5750.0
2021032405011918,NIFRA,17,47,50,576.0,28800.0
2021032405011917,NIFRA,17,49,50,576.0,28800.0
2021032405011916,NIFRA,17,52,75,576.0,43200.0
