Transact. No.,Symbol,Buyer,Seller,Quantity,Rate,Amount
2021032905022666,CGH,56,48,10,1930.0,19300.0
2021032905022663,CGH,18,29,10,1929.0,19290.0
2021032905022662,CGH,28,58,10,1930.0,19300.0
2021032905022660,CGH,28,3,10,1930.0,19300.0
2021032905022659,CGH,28,49,10,1930.0,19300.0
2021032905022657,CGH,28,57,10,1930.0,19300.0
2021032905022170,CGH,18,38,10,1925.0,19250.0
2021032905022169,CGH,4,29,5,1925.0,9625.0
2021032905022168,CGH,46,3,10,1927.0,19270.0
2021032905022167,CGH,18,17,10,1925.0,19250.0
2021032905022214,CGH,44,4,10,1926.0,19260.0
2021032905022209,CGH,44,56,10,1926.0,19260.0
2021032905022208,CGH,16,3,10,1927.0,19270.0
2021032905022204,CGH,44,58,10,1926.0,19260.0
2021032905022201,CGH,55,3,10,1927.0,19270.0
2021032905022188,CGH,18,21,10,1925.0,19250.0
2021032905022221,CGH,8,58,10,1927.0,19270.0
2021032905022220,CGH,8,28,10,1927.0,19270.0
2021032905022219,CGH,8,58,10,1927.0,19270.0
2021032905022218,CGH,8,3,10,1927.0,19270.0
2021032905022217,CGH,44,38,10,1926.0,19260.0
2021032905022216,CGH,44,3,20,1926.0,38520.0
2021032905022232,CGH,8,44,10,1927.0,19270.0
2021032905022231,CGH,8,38,10,1927.0,19270.0
2021032905022230,CGH,8,29,10,1927.0,19270.0
2021032905022229,CGH,8,21,10,1927.0,19270.0
2021032905022223,CGH,8,6,10,1927.0,19270.0
2021032905022222,CGH,6,52,10,1928.0,19280.0
2021032905022247,CGH,45,21,10,1928.0,19280.0
2021032905022246,CGH,45,39,10,1928.0,19280.0
2021032905022245,CGH,8,18,10,1927.0,19270.0
2021032905022244,CGH,46,1,10,1928.0,19280.0
2021032905022242,CGH,8,28,10,1927.0,19270.0
2021032905022233,CGH,8,39,10,1927.0,19270.0
2021032905022262,CGH,21,41,10,1928.0,19280.0
2021032905022259,CGH,21,50,10,1928.0,19280.0
2021032905022258,CGH,21,57,10,1928.0,19280.0
2021032905022252,CGH,21,41,10,1928.0,19280.0
2021032905022251,CGH,8,42,10,1927.0,19270.0
2021032905022248,CGH,8,25,10,1927.0,19270.0
2021032905022275,CGH,8,58,10,1927.0,19270.0
2021032905022274,CGH,8,34,10,1927.0,19270.0
2021032905022273,CGH,8,57,10,1927.0,19270.0
2021032905022272,CGH,8,16,10,1927.0,19270.0
2021032905022271,CGH,8,39,10,1927.0,19270.0
2021032905022265,CGH,8,26,10,1927.0,19270.0
2021032905022283,CGH,8,29,10,1927.0,19270.0
2021032905022281,CGH,8,32,10,1927.0,19270.0
2021032905022280,CGH,8,58,10,1927.0,19270.0
2021032905022278,CGH,55,39,10,1928.0,19280.0
2021032905022277,CGH,55,25,10,1928.0,19280.0
2021032905022276,CGH,8,37,10,1927.0,19270.0
2021032905022289,CGH,41,49,10,1929.0,19290.0
2021032905022288,CGH,41,32,10,1929.0,19290.0
2021032905022287,CGH,41,14,10,1929.0,19290.0
2021032905022286,CGH,41,43,10,1929.0,19290.0
2021032905022285,CGH,8,5,10,1927.0,19270.0
2021032905022284,CGH,8,1,10,1927.0,19270.0
2021032905022314,CGH,38,51,10,1928.0,19280.0
2021032905022298,CGH,38,52,10,1928.0,19280.0
2021032905022294,CGH,38,21,10,1928.0,19280.0
2021032905022292,CGH,38,1,10,1928.0,19280.0
2021032905022291,CGH,38,54,10,1928.0,19280.0
2021032905022290,CGH,41,58,10,1929.0,19290.0
2021032905022325,CGH,8,50,10,1927.0,19270.0
2021032905022321,CGH,46,21,10,1929.0,19290.0
2021032905022318,CGH,3,46,10,1928.0,19280.0
2021032905022317,CGH,38,46,10,1928.0,19280.0
2021032905022316,CGH,38,52,10,1928.0,19280.0
2021032905022315,CGH,38,21,10,1928.0,19280.0
2021032905022334,CGH,8,38,10,1927.0,19270.0
2021032905022331,CGH,8,14,10,1927.0,19270.0
2021032905022330,CGH,45,39,10,1928.0,19280.0
2021032905022329,CGH,41,51,10,1928.0,19280.0
2021032905022328,CGH,41,50,10,1928.0,19280.0
2021032905022327,CGH,8,58,10,1927.0,19270.0
2021032905022344,CGH,42,5,10,1929.0,19290.0
2021032905022343,CGH,42,35,10,1929.0,19290.0
2021032905022342,CGH,42,14,10,1928.0,19280.0
2021032905022341,CGH,42,42,10,1928.0,19280.0
2021032905022336,CGH,36,35,10,1927.0,19270.0
2021032905022335,CGH,36,46,10,1927.0,19270.0
2021032905022354,CGH,36,50,10,1927.0,19270.0
2021032905022353,CGH,36,45,10,1927.0,19270.0
2021032905022348,CGH,36,1,10,1927.0,19270.0
2021032905022347,CGH,41,39,10,1929.0,19290.0
2021032905022346,CGH,41,52,10,1929.0,19290.0
2021032905022345,CGH,42,38,10,1929.0,19290.0
2021032905022364,CGH,28,52,10,1930.0,19300.0
2021032905022363,CGH,28,49,10,1929.0,19290.0
2021032905022362,CGH,28,41,10,1929.0,19290.0
2021032905022361,CGH,28,49,10,1928.0,19280.0
2021032905022360,CGH,28,38,10,1928.0,19280.0
2021032905022355,CGH,22,8,10,1927.0,19270.0
2021032905022370,CGH,28,57,10,1930.0,19300.0
2021032905022369,CGH,28,20,10,1930.0,19300.0
2021032905022368,CGH,28,45,10,1930.0,19300.0
2021032905022367,CGH,28,22,10,1930.0,19300.0
2021032905022366,CGH,28,41,10,1930.0,19300.0
2021032905022365,CGH,28,52,10,1930.0,19300.0
2021032905022376,CGH,28,41,10,1930.0,19300.0
2021032905022375,CGH,28,46,10,1930.0,19300.0
2021032905022374,CGH,28,22,10,1930.0,19300.0
2021032905022373,CGH,28,56,10,1930.0,19300.0
2021032905022372,CGH,28,57,10,1930.0,19300.0
2021032905022371,CGH,28,21,10,1930.0,19300.0
2021032905022390,CGH,22,51,10,1927.0,19270.0
2021032905022389,CGH,32,41,10,1928.0,19280.0
2021032905022388,CGH,32,54,10,1928.0,19280.0
2021032905022379,CGH,28,50,10,1930.0,19300.0
2021032905022378,CGH,28,46,10,1930.0,19300.0
2021032905022377,CGH,28,34,10,1930.0,19300.0
2021032905022396,CGH,34,58,10,1928.0,19280.0
2021032905022395,CGH,53,52,10,1927.0,19270.0
2021032905022394,CGH,53,3,39,1927.0,75153.0
2021032905022393,CGH,22,3,10,1927.0,19270.0
2021032905022392,CGH,55,3,10,1928.0,19280.0
2021032905022391,CGH,22,32,10,1927.0,19270.0
2021032905022402,CGH,17,20,10,1930.0,19300.0
2021032905022401,CGH,17,6,10,1929.0,19290.0
2021032905022400,CGH,17,21,10,1929.0,19290.0
2021032905022399,CGH,17,52,10,1929.0,19290.0
2021032905022398,CGH,34,3,10,1928.0,19280.0
2021032905022397,CGH,53,34,10,1929.0,19290.0
2021032905022408,CGH,17,58,10,1930.0,19300.0
2021032905022407,CGH,17,22,10,1930.0,19300.0
2021032905022406,CGH,17,58,10,1930.0,19300.0
2021032905022405,CGH,17,39,10,1930.0,19300.0
2021032905022404,CGH,17,21,10,1930.0,19300.0
2021032905022403,CGH,17,52,10,1930.0,19300.0
2021032905022417,CGH,26,21,10,1928.0,19280.0
2021032905022413,CGH,17,41,10,1930.0,19300.0
2021032905022412,CGH,17,3,10,1930.0,19300.0
2021032905022411,CGH,17,53,10,1930.0,19300.0
2021032905022410,CGH,17,52,10,1930.0,19300.0
2021032905022409,CGH,17,56,10,1930.0,19300.0
2021032905022425,CGH,43,52,10,1928.0,19280.0
2021032905022422,CGH,28,52,10,1930.0,19300.0
2021032905022421,CGH,28,46,10,1930.0,19300.0
2021032905022420,CGH,28,21,10,1930.0,19300.0
2021032905022419,CGH,28,49,10,1930.0,19300.0
2021032905022418,CGH,26,58,10,1928.0,19280.0
2021032905022432,CGH,57,34,10,1927.0,19270.0
2021032905022430,CGH,57,39,10,1927.0,19270.0
2021032905022429,CGH,43,58,10,1928.0,19280.0
2021032905022428,CGH,43,50,10,1928.0,19280.0
2021032905022427,CGH,43,58,10,1928.0,19280.0
2021032905022426,CGH,43,55,10,1928.0,19280.0
2021032905022444,CGH,55,39,10,1928.0,19280.0
2021032905022443,CGH,55,58,10,1928.0,19280.0
2021032905022442,CGH,32,56,10,1928.0,19280.0
2021032905022441,CGH,57,10,10,1927.0,19270.0
2021032905022438,CGH,57,22,10,1927.0,19270.0
2021032905022433,CGH,57,46,10,1927.0,19270.0
2021032905022474,CGH,55,3,10,1928.0,19280.0
2021032905022468,CGH,55,54,10,1928.0,19280.0
2021032905022467,CGH,55,54,10,1928.0,19280.0
2021032905022464,CGH,55,38,10,1928.0,19280.0
2021032905022463,CGH,46,50,10,1929.0,19290.0
2021032905022457,CGH,55,40,10,1928.0,19280.0
2021032905022503,CGH,28,56,10,1929.0,19290.0
2021032905022486,CGH,28,50,10,1929.0,19290.0
2021032905022485,CGH,34,42,10,1929.0,19290.0
2021032905022484,CGH,34,40,10,1929.0,19290.0
2021032905022482,CGH,55,57,10,1928.0,19280.0
2021032905022475,CGH,55,56,10,1928.0,19280.0
2021032905022512,CGH,55,49,10,1928.0,19280.0
2021032905022510,CGH,55,35,10,1928.0,19280.0
2021032905022507,CGH,55,57,10,1928.0,19280.0
2021032905022506,CGH,55,43,10,1928.0,19280.0
2021032905022505,CGH,55,40,10,1928.0,19280.0
2021032905022504,CGH,55,57,10,1928.0,19280.0
2021032905022523,CGH,55,34,10,1928.0,19280.0
2021032905022521,CGH,38,42,10,1930.0,19300.0
2021032905022520,CGH,38,22,10,1930.0,19300.0
2021032905022519,CGH,38,58,10,1930.0,19300.0
2021032905022518,CGH,38,21,10,1930.0,19300.0
2021032905022517,CGH,38,49,10,1930.0,19300.0
2021032905022534,CGH,36,48,10,1928.0,19280.0
2021032905022533,CGH,36,16,10,1928.0,19280.0
2021032905022532,CGH,36,56,10,1928.0,19280.0
2021032905022531,CGH,57,56,10,1927.0,19270.0
2021032905022528,CGH,13,21,10,1928.0,19280.0
2021032905022527,CGH,55,58,10,1928.0,19280.0
2021032905022550,CGH,36,21,10,1928.0,19280.0
2021032905022549,CGH,36,3,10,1928.0,19280.0
2021032905022542,CGH,36,40,10,1928.0,19280.0
2021032905022538,CGH,36,17,10,1928.0,19280.0
2021032905022537,CGH,36,43,10,1928.0,19280.0
2021032905022536,CGH,36,48,10,1928.0,19280.0
2021032905022566,CGH,34,22,10,1928.0,19280.0
2021032905022565,CGH,57,34,10,1927.0,19270.0
2021032905022556,CGH,34,39,10,1930.0,19300.0
2021032905022555,CGH,34,57,10,1929.0,19290.0
2021032905022554,CGH,34,14,10,1928.0,19280.0
2021032905022551,CGH,36,33,10,1928.0,19280.0
2021032905022576,CGH,6,40,10,1929.0,19290.0
2021032905022575,CGH,6,58,10,1928.0,19280.0
2021032905022574,CGH,6,49,10,1928.0,19280.0
2021032905022573,CGH,6,34,10,1928.0,19280.0
2021032905022572,CGH,6,29,10,1928.0,19280.0
2021032905022570,CGH,57,3,10,1927.0,19270.0
2021032905022587,CGH,7,55,10,1928.0,19280.0
2021032905022584,CGH,7,52,10,1928.0,19280.0
2021032905022583,CGH,7,21,10,1928.0,19280.0
2021032905022582,CGH,7,48,10,1928.0,19280.0
2021032905022580,CGH,7,48,10,1928.0,19280.0
2021032905022578,CGH,7,25,10,1928.0,19280.0
2021032905022599,CGH,25,38,10,1928.0,19280.0
2021032905022594,CGH,50,37,10,1928.0,19280.0
2021032905022593,CGH,7,3,10,1928.0,19280.0
2021032905022592,CGH,7,38,10,1928.0,19280.0
2021032905022591,CGH,7,19,10,1928.0,19280.0
2021032905022588,CGH,7,21,10,1928.0,19280.0
2021032905022613,CGH,57,3,10,1927.0,19270.0
2021032905022605,CGH,6,48,10,1928.0,19280.0
2021032905022604,CGH,25,48,10,1928.0,19280.0
2021032905022603,CGH,25,45,10,1928.0,19280.0
2021032905022602,CGH,25,48,10,1928.0,19280.0
2021032905022600,CGH,25,28,10,1928.0,19280.0
2021032905022628,CGH,55,58,10,1929.0,19290.0
2021032905022620,CGH,22,45,10,1927.0,19270.0
2021032905022618,CGH,46,40,10,1928.0,19280.0
2021032905022617,CGH,44,35,10,1927.0,19270.0
2021032905022615,CGH,44,52,10,1927.0,19270.0
2021032905022614,CGH,57,3,10,1927.0,19270.0
2021032905022635,CGH,35,45,10,1928.0,19280.0
2021032905022633,CGH,35,55,10,1928.0,19280.0
2021032905022632,CGH,55,49,10,1929.0,19290.0
2021032905022631,CGH,55,35,10,1929.0,19290.0
2021032905022630,CGH,55,45,10,1929.0,19290.0
2021032905022629,CGH,55,11,10,1929.0,19290.0
2021032905022650,CGH,28,4,10,1930.0,19300.0
2021032905022649,CGH,28,25,10,1930.0,19300.0
2021032905022648,CGH,28,57,10,1930.0,19300.0
2021032905022647,CGH,28,58,10,1930.0,19300.0
2021032905022638,CGH,44,44,10,1930.0,19300.0
2021032905022637,CGH,35,56,10,1928.0,19280.0
2021032905022656,CGH,28,48,10,1930.0,19300.0
2021032905022655,CGH,28,21,10,1930.0,19300.0
2021032905022654,CGH,28,6,10,1930.0,19300.0
2021032905022653,CGH,28,58,10,1930.0,19300.0
2021032905022652,CGH,28,6,10,1930.0,19300.0
2021032905022651,CGH,28,34,10,1930.0,19300.0
2021032905022658,GLH,45,42,10,380.0,3800.0
2021032905022626,GLH,38,57,10,384.0,3840.0
2021032905022625,GLH,38,51,10,384.0,3840.0
2021032905022624,GLH,45,21,10,380.0,3800.0
2021032905022623,GLH,45,29,10,380.0,3800.0
2021032905022607,GLH,45,29,10,379.0,3790.0
2021032905022174,GLH,38,42,10,382.0,3820.0
2021032905022173,GLH,38,38,10,382.0,3820.0
2021032905022172,GLH,38,19,40,381.0,15240.0
2021032905022171,GLH,38,45,10,380.0,3800.0
2021032905022180,GLH,38,16,10,383.0,3830.0
2021032905022179,GLH,38,55,10,383.0,3830.0
2021032905022178,GLH,38,58,10,383.0,3830.0
2021032905022177,GLH,38,50,10,383.0,3830.0
2021032905022176,GLH,38,35,10,383.0,3830.0
2021032905022175,GLH,38,45,10,383.0,3830.0
2021032905022186,GLH,38,58,10,384.0,3840.0
2021032905022185,GLH,38,57,10,383.0,3830.0
2021032905022184,GLH,38,42,10,383.0,3830.0
2021032905022183,GLH,38,16,10,383.0,3830.0
2021032905022182,GLH,38,28,10,383.0,3830.0
2021032905022181,GLH,38,51,10,383.0,3830.0
2021032905022243,GLH,45,40,10,379.0,3790.0
2021032905022236,GLH,45,1,10,379.0,3790.0
2021032905022215,GLH,45,1,10,379.0,3790.0
2021032905022203,GLH,45,7,10,379.0,3790.0
2021032905022189,GLH,45,22,10,379.0,3790.0
2021032905022187,GLH,38,19,10,384.0,3840.0
2021032905022385,GLH,45,38,50,379.0,18950.0
2021032905022383,GLH,45,29,10,379.0,3790.0
2021032905022293,GLH,45,41,10,379.0,3790.0
2021032905022279,GLH,45,1,10,379.0,3790.0
2021032905022263,GLH,45,38,10,379.0,3790.0
2021032905022253,GLH,45,58,10,379.0,3790.0
2021032905022524,GLH,45,55,10,379.0,3790.0
2021032905022522,GLH,45,45,10,380.0,3800.0
2021032905022509,GLH,45,22,10,379.0,3790.0
2021032905022476,GLH,45,42,10,379.0,3790.0
2021032905022423,GLH,45,57,10,379.0,3790.0
2021032905022415,GLH,45,58,10,379.0,3790.0
2021032905022560,GLH,28,38,25,379.0,9475.0
2021032905022559,GLH,22,38,50,379.0,18950.0
2021032905022558,GLH,34,38,50,379.0,18950.0
2021032905022557,GLH,45,38,40,379.0,15160.0
2021032905022553,GLH,45,55,10,379.0,3790.0
2021032905022548,GLH,58,49,10,380.0,3800.0
2021032905022606,GLH,45,32,10,379.0,3790.0
2021032905022581,GLH,49,14,92,381.0,35052.0
2021032905022579,GLH,17,40,10,379.0,3790.0
2021032905022563,GLH,17,38,50,379.0,18950.0
2021032905022562,GLH,21,38,50,379.0,18950.0
2021032905022561,GLH,34,38,65,379.0,24635.0
2021032905022665,NIFRA,49,35,50,606.0,30300.0
2021032905022664,NIFRA,14,33,500,607.0,303500.0
2021032905022661,NIFRA,45,33,500,607.0,303500.0
2021032905022646,NIFRA,49,58,10,606.0,6060.0
2021032905022645,NIFRA,45,58,100,606.0,60600.0
2021032905022644,NIFRA,32,58,300,606.0,181800.0
2021032905022195,NIFRA,52,45,47,607.0,28529.0
2021032905022194,NIFRA,52,51,30,607.0,18210.0
2021032905022193,NIFRA,52,26,50,607.0,30350.0
2021032905022192,NIFRA,52,1,50,607.0,30350.0
2021032905022191,NIFRA,52,49,23,607.0,13961.0
2021032905022190,NIFRA,42,16,5,606.0,3030.0
2021032905022202,NIFRA,38,35,50,607.0,30350.0
2021032905022200,NIFRA,38,39,50,607.0,30350.0
2021032905022199,NIFRA,38,57,50,607.0,30350.0
2021032905022198,NIFRA,38,58,40,607.0,24280.0
2021032905022197,NIFRA,38,6,50,607.0,30350.0
2021032905022196,NIFRA,38,45,13,607.0,7891.0
2021032905022212,NIFRA,43,34,45,606.0,27270.0
2021032905022211,NIFRA,52,34,155,606.0,93930.0
2021032905022210,NIFRA,7,34,100,607.0,60700.0
2021032905022207,NIFRA,7,38,10,607.0,6070.0
2021032905022206,NIFRA,43,52,3,606.0,1818.0
2021032905022205,NIFRA,38,52,47,607.0,28529.0
2021032905022228,NIFRA,43,52,30,607.0,18210.0
2021032905022227,NIFRA,43,7,60,607.0,36420.0
2021032905022226,NIFRA,43,42,60,607.0,36420.0
2021032905022225,NIFRA,11,48,20,608.0,12160.0
2021032905022224,NIFRA,11,41,10,608.0,6080.0
2021032905022213,NIFRA,43,26,50,607.0,30350.0
2021032905022240,NIFRA,29,38,20,606.0,12120.0
2021032905022239,NIFRA,29,6,30,606.0,18180.0
2021032905022238,NIFRA,42,6,20,606.0,12120.0
2021032905022237,NIFRA,43,6,10,606.0,6060.0
2021032905022235,NIFRA,21,16,20,607.0,12140.0
2021032905022234,NIFRA,21,52,30,607.0,18210.0
2021032905022256,NIFRA,58,35,60,607.0,36420.0
2021032905022255,NIFRA,58,52,50,607.0,30350.0
2021032905022254,NIFRA,58,16,180,607.0,109260.0
2021032905022250,NIFRA,49,11,50,606.0,30300.0
2021032905022249,NIFRA,49,14,60,606.0,36360.0
2021032905022241,NIFRA,49,38,40,606.0,24240.0
2021032905022267,NIFRA,49,7,37,606.0,22422.0
2021032905022266,NIFRA,49,7,13,606.0,7878.0
2021032905022264,NIFRA,14,34,500,607.0,303500.0
2021032905022261,NIFRA,7,34,20,607.0,12140.0
2021032905022260,NIFRA,58,34,160,607.0,97120.0
2021032905022257,NIFRA,58,58,50,607.0,30350.0
2021032905022296,NIFRA,53,34,200,607.0,121400.0
2021032905022295,NIFRA,39,34,100,607.0,60700.0
2021032905022282,NIFRA,34,34,10,607.0,6070.0
2021032905022270,NIFRA,49,33,37,606.0,22422.0
2021032905022269,NIFRA,45,33,250,606.0,151500.0
2021032905022268,NIFRA,49,33,13,606.0,7878.0
2021032905022303,NIFRA,29,44,100,606.0,60600.0
2021032905022302,NIFRA,45,44,70,606.0,42420.0
2021032905022301,NIFRA,38,44,150,606.0,90900.0
2021032905022300,NIFRA,41,44,40,606.0,24240.0
2021032905022299,NIFRA,49,44,53,606.0,32118.0
2021032905022297,NIFRA,49,26,50,606.0,30300.0
2021032905022309,NIFRA,36,34,10,607.0,6070.0
2021032905022308,NIFRA,7,44,45,606.0,27270.0
2021032905022307,NIFRA,26,44,69,606.0,41814.0
2021032905022306,NIFRA,25,44,200,606.0,121200.0
2021032905022305,NIFRA,38,44,70,606.0,42420.0
2021032905022304,NIFRA,45,44,200,606.0,121200.0
2021032905022320,NIFRA,36,38,200,607.0,121400.0
2021032905022319,NIFRA,36,33,182,607.0,110474.0
2021032905022313,NIFRA,36,38,60,607.0,36420.0
2021032905022312,NIFRA,36,16,30,607.0,18210.0
2021032905022311,NIFRA,36,34,60,607.0,36420.0
2021032905022310,NIFRA,36,52,60,607.0,36420.0
2021032905022333,NIFRA,25,40,10,607.0,6070.0
2021032905022332,NIFRA,52,40,48,607.0,29136.0
2021032905022326,NIFRA,52,54,50,607.0,30350.0
2021032905022324,NIFRA,52,40,50,607.0,30350.0
2021032905022323,NIFRA,52,14,52,607.0,31564.0
2021032905022322,NIFRA,36,14,48,607.0,29136.0
2021032905022350,NIFRA,41,21,35,606.0,21210.0
2021032905022349,NIFRA,8,21,15,606.0,9090.0
2021032905022340,NIFRA,8,56,10,606.0,6060.0
2021032905022339,NIFRA,8,40,30,607.0,18210.0
2021032905022338,NIFRA,8,49,35,606.0,21210.0
2021032905022337,NIFRA,42,49,15,606.0,9090.0
2021032905022359,NIFRA,44,42,60,606.0,36360.0
2021032905022358,NIFRA,25,42,23,607.0,13961.0
2021032905022357,NIFRA,25,40,277,607.0,168139.0
2021032905022356,NIFRA,56,40,35,607.0,21245.0
2021032905022352,NIFRA,44,57,35,606.0,21210.0
2021032905022351,NIFRA,41,57,65,606.0,39390.0
2021032905022387,NIFRA,22,6,163,607.0,98941.0
2021032905022386,NIFRA,22,42,37,607.0,22459.0
2021032905022384,NIFRA,51,25,500,607.0,303500.0
2021032905022382,NIFRA,5,7,50,607.0,30350.0
2021032905022381,NIFRA,44,13,20,606.0,12120.0
2021032905022380,NIFRA,44,7,60,606.0,36360.0
2021032905022435,NIFRA,55,52,10,606.0,6060.0
2021032905022434,NIFRA,57,52,50,606.0,30300.0
2021032905022431,NIFRA,29,6,100,607.0,60700.0
2021032905022424,NIFRA,44,25,95,606.0,57570.0
2021032905022416,NIFRA,44,5,50,606.0,30300.0
2021032905022414,NIFRA,44,21,10,606.0,6060.0
2021032905022446,NIFRA,29,44,100,606.0,60600.0
2021032905022445,NIFRA,22,44,172,606.0,104232.0
2021032905022440,NIFRA,1,6,40,607.0,24280.0
2021032905022439,NIFRA,11,6,10,607.0,6070.0
2021032905022437,NIFRA,22,52,28,606.0,16968.0
2021032905022436,NIFRA,55,52,22,606.0,13332.0
2021032905022452,NIFRA,45,44,20,606.0,12120.0
2021032905022451,NIFRA,54,44,50,606.0,30300.0
2021032905022450,NIFRA,10,44,100,606.0,60600.0
2021032905022449,NIFRA,49,44,200,606.0,121200.0
2021032905022448,NIFRA,58,44,100,606.0,60600.0
2021032905022447,NIFRA,26,44,50,606.0,30300.0
2021032905022459,NIFRA,55,22,50,606.0,30300.0
2021032905022458,NIFRA,42,44,80,606.0,48480.0
2021032905022456,NIFRA,57,44,100,606.0,60600.0
2021032905022455,NIFRA,10,44,200,606.0,121200.0
2021032905022454,NIFRA,50,44,200,606.0,121200.0
2021032905022453,NIFRA,22,44,50,606.0,30300.0
2021032905022469,NIFRA,13,25,37,607.0,22459.0
2021032905022466,NIFRA,58,25,13,607.0,7891.0
2021032905022465,NIFRA,58,6,87,607.0,52809.0
2021032905022462,NIFRA,41,40,50,606.0,30300.0
2021032905022461,NIFRA,6,44,28,606.0,16968.0
2021032905022460,NIFRA,55,44,150,606.0,90900.0
2021032905022478,NIFRA,41,33,100,606.0,60600.0
2021032905022477,NIFRA,57,33,200,606.0,121200.0
2021032905022473,NIFRA,13,45,13,607.0,7891.0
2021032905022472,NIFRA,13,29,200,607.0,121400.0
2021032905022471,NIFRA,13,10,200,607.0,121400.0
2021032905022470,NIFRA,13,57,50,607.0,30350.0
2021032905022488,NIFRA,42,45,64,607.0,38848.0
2021032905022487,NIFRA,42,58,36,606.0,21816.0
2021032905022483,NIFRA,49,58,20,606.0,12120.0
2021032905022481,NIFRA,41,58,194,606.0,117564.0
2021032905022480,NIFRA,41,52,50,606.0,30300.0
2021032905022479,NIFRA,41,46,106,606.0,64236.0
2021032905022494,NIFRA,45,13,50,607.0,30350.0
2021032905022493,NIFRA,45,3,60,607.0,36420.0
2021032905022492,NIFRA,45,35,40,607.0,24280.0
2021032905022491,NIFRA,45,41,100,607.0,60700.0
2021032905022490,NIFRA,45,3,50,607.0,30350.0
2021032905022489,NIFRA,45,45,123,607.0,74661.0
2021032905022500,NIFRA,45,58,50,607.0,30350.0
2021032905022499,NIFRA,45,50,100,607.0,60700.0
2021032905022498,NIFRA,45,57,150,607.0,91050.0
2021032905022497,NIFRA,45,16,100,607.0,60700.0
2021032905022496,NIFRA,45,42,60,607.0,36420.0
2021032905022495,NIFRA,45,26,50,607.0,30350.0
2021032905022514,NIFRA,13,33,50,607.0,30350.0
2021032905022513,NIFRA,41,52,50,606.0,30300.0
2021032905022511,NIFRA,41,42,10,606.0,6060.0
2021032905022508,NIFRA,22,42,50,606.0,30300.0
2021032905022502,NIFRA,8,33,200,607.0,121400.0
2021032905022501,NIFRA,45,33,67,607.0,40669.0
2021032905022530,NIFRA,58,49,40,606.0,24240.0
2021032905022529,NIFRA,49,49,60,606.0,36360.0
2021032905022526,NIFRA,49,51,50,606.0,30300.0
2021032905022525,NIFRA,49,33,10,606.0,6060.0
2021032905022516,NIFRA,49,43,80,606.0,48480.0
2021032905022515,NIFRA,41,43,40,606.0,24240.0
2021032905022544,NIFRA,38,6,290,606.0,175740.0
2021032905022543,NIFRA,38,58,10,606.0,6060.0
2021032905022541,NIFRA,35,58,50,606.0,30300.0
2021032905022540,NIFRA,35,49,50,606.0,30300.0
2021032905022539,NIFRA,45,33,100,607.0,60700.0
2021032905022535,NIFRA,51,41,100,606.0,60600.0
2021032905022567,NIFRA,49,55,80,606.0,48480.0
2021032905022564,NIFRA,41,33,50,607.0,30350.0
2021032905022552,NIFRA,49,58,20,606.0,12120.0
2021032905022547,NIFRA,45,58,30,606.0,18180.0
2021032905022546,NIFRA,45,6,60,606.0,36360.0
2021032905022545,NIFRA,14,52,50,605.0,30250.0
2021032905022586,NIFRA,57,52,50,606.0,30300.0
2021032905022585,NIFRA,57,42,50,606.0,30300.0
2021032905022577,NIFRA,57,32,50,606.0,30300.0
2021032905022571,NIFRA,57,55,385,606.0,233310.0
2021032905022569,NIFRA,25,55,10,606.0,6060.0
2021032905022568,NIFRA,49,55,25,606.0,15150.0
2021032905022598,NIFRA,26,42,25,606.0,15150.0
2021032905022597,NIFRA,57,42,35,606.0,21210.0
2021032905022596,NIFRA,57,42,50,606.0,30300.0
2021032905022595,NIFRA,57,52,50,606.0,30300.0
2021032905022590,NIFRA,58,33,100,607.0,60700.0
2021032905022589,NIFRA,57,43,30,606.0,18180.0
2021032905022612,NIFRA,45,33,80,607.0,48560.0
2021032905022611,NIFRA,26,48,50,606.0,30300.0
2021032905022610,NIFRA,26,56,400,606.0,242400.0
2021032905022609,NIFRA,41,56,100,606.0,60600.0
2021032905022608,NIFRA,26,45,10,606.0,6060.0
2021032905022601,NIFRA,26,22,60,606.0,36360.0
2021032905022634,NIFRA,26,34,200,606.0,121200.0
2021032905022627,NIFRA,55,33,100,607.0,60700.0
2021032905022622,NIFRA,20,33,100,607.0,60700.0
2021032905022621,NIFRA,26,35,50,606.0,30300.0
2021032905022619,NIFRA,26,34,60,606.0,36360.0
2021032905022616,NIFRA,45,33,50,607.0,30350.0
2021032905022643,NIFRA,48,58,40,606.0,24240.0
2021032905022642,NIFRA,26,58,50,606.0,30300.0
2021032905022641,NIFRA,28,57,10,606.0,6060.0
2021032905022640,NIFRA,26,57,35,606.0,21210.0
2021032905022639,NIFRA,26,52,50,606.0,30300.0
2021032905022636,NIFRA,26,58,60,606.0,36360.0
2021032905022164,CGH,4,7,10,1925.0,19250.0
2021032905022163,CGH,4,13,10,1925.0,19250.0
2021032905022161,CGH,4,26,10,1925.0,19250.0
2021032905022160,CGH,4,52,10,1925.0,19250.0
2021032905022159,CGH,40,3,60,1927.0,115620.0
2021032905022158,CGH,54,58,5,1927.0,9635.0
2021032905021673,CGH,55,7,10,1934.0,19340.0
2021032905021672,CGH,55,38,10,1934.0,19340.0
2021032905021671,CGH,55,21,10,1934.0,19340.0
2021032905021670,CGH,28,29,10,1933.0,19330.0
2021032905021668,CGH,28,58,10,1933.0,19330.0
2021032905021667,CGH,28,6,10,1933.0,19330.0
2021032905021684,CGH,58,5,10,1934.0,19340.0
2021032905021683,CGH,55,35,10,1933.0,19330.0
2021032905021680,CGH,28,29,10,1933.0,19330.0
2021032905021679,CGH,39,35,10,1934.0,19340.0
2021032905021678,CGH,28,11,10,1933.0,19330.0
2021032905021677,CGH,28,42,10,1933.0,19330.0
2021032905021695,CGH,42,21,10,1933.0,19330.0
2021032905021689,CGH,55,32,10,1933.0,19330.0
2021032905021688,CGH,58,57,10,1935.0,19350.0
2021032905021687,CGH,58,38,10,1934.0,19340.0
2021032905021686,CGH,58,1,10,1934.0,19340.0
2021032905021685,CGH,58,39,10,1934.0,19340.0
2021032905021703,CGH,25,49,10,1935.0,19350.0
2021032905021702,CGH,25,19,10,1935.0,19350.0
2021032905021701,CGH,25,21,10,1934.0,19340.0
2021032905021700,CGH,25,42,10,1934.0,19340.0
2021032905021698,CGH,58,29,10,1933.0,19330.0
2021032905021696,CGH,42,8,10,1933.0,19330.0
2021032905021711,CGH,22,21,10,1933.0,19330.0
2021032905021710,CGH,58,13,10,1933.0,19330.0
2021032905021709,CGH,58,38,10,1933.0,19330.0
2021032905021706,CGH,25,32,10,1935.0,19350.0
2021032905021705,CGH,25,10,10,1935.0,19350.0
2021032905021704,CGH,25,42,10,1935.0,19350.0
2021032905021722,CGH,7,52,10,1933.0,19330.0
2021032905021718,CGH,7,26,10,1933.0,19330.0
2021032905021717,CGH,7,32,10,1933.0,19330.0
2021032905021715,CGH,7,58,10,1933.0,19330.0
2021032905021714,CGH,7,29,10,1933.0,19330.0
2021032905021712,CGH,6,22,10,1933.0,19330.0
2021032905021735,CGH,34,22,10,1933.0,19330.0
2021032905021733,CGH,34,29,10,1933.0,19330.0
2021032905021732,CGH,34,6,10,1933.0,19330.0
2021032905021727,CGH,10,29,10,1932.0,19320.0
2021032905021726,CGH,10,21,10,1932.0,19320.0
2021032905021724,CGH,10,57,10,1932.0,19320.0
2021032905021749,CGH,34,11,10,1933.0,19330.0
2021032905021748,CGH,34,58,10,1933.0,19330.0
2021032905021747,CGH,34,29,10,1933.0,19330.0
2021032905021746,CGH,34,29,10,1933.0,19330.0
2021032905021738,CGH,34,10,10,1933.0,19330.0
2021032905021737,CGH,34,34,10,1933.0,19330.0
2021032905021757,CGH,45,35,10,1933.0,19330.0
2021032905021756,CGH,45,29,10,1933.0,19330.0
2021032905021755,CGH,45,6,10,1933.0,19330.0
2021032905021754,CGH,45,40,10,1933.0,19330.0
2021032905021752,CGH,45,21,10,1933.0,19330.0
2021032905021750,CGH,34,26,10,1933.0,19330.0
2021032905021767,CGH,45,3,130,1933.0,251290.0
2021032905021766,CGH,13,21,10,1934.0,19340.0
2021032905021763,CGH,13,1,10,1934.0,19340.0
2021032905021762,CGH,13,57,10,1934.0,19340.0
2021032905021760,CGH,45,51,10,1933.0,19330.0
2021032905021759,CGH,45,46,10,1933.0,19330.0
2021032905021773,CGH,10,3,120,1932.0,231840.0
2021032905021772,CGH,39,3,20,1933.0,38660.0
2021032905021771,CGH,35,3,200,1933.0,386600.0
2021032905021770,CGH,6,3,188,1933.0,363404.0
2021032905021769,CGH,46,3,30,1933.0,57990.0
2021032905021768,CGH,58,3,20,1933.0,38660.0
2021032905021779,CGH,57,3,25,1932.0,48300.0
2021032905021778,CGH,22,3,50,1932.0,96600.0
2021032905021777,CGH,7,3,20,1932.0,38640.0
2021032905021776,CGH,28,3,50,1932.0,96600.0
2021032905021775,CGH,25,3,50,1932.0,96600.0
2021032905021774,CGH,48,3,50,1932.0,96600.0
2021032905021785,CGH,13,3,200,1932.0,386400.0
2021032905021784,CGH,58,3,10,1932.0,19320.0
2021032905021783,CGH,22,3,40,1932.0,77280.0
2021032905021782,CGH,53,3,10,1932.0,19320.0
2021032905021781,CGH,46,3,10,1932.0,19320.0
2021032905021780,CGH,50,3,10,1932.0,19320.0
2021032905021791,CGH,58,3,20,1931.0,38620.0
2021032905021790,CGH,14,3,50,1931.0,96550.0
2021032905021789,CGH,46,3,10,1931.0,19310.0
2021032905021788,CGH,1,3,50,1931.0,96550.0
2021032905021787,CGH,43,3,100,1931.0,193100.0
2021032905021786,CGH,43,3,30,1931.0,57930.0
2021032905021797,CGH,49,3,50,1930.0,96500.0
2021032905021796,CGH,49,3,25,1930.0,48250.0
2021032905021795,CGH,6,3,70,1930.0,135100.0
2021032905021794,CGH,22,3,30,1931.0,57930.0
2021032905021793,CGH,45,3,100,1931.0,193100.0
2021032905021792,CGH,28,3,100,1931.0,193100.0
2021032905021817,CGH,45,58,10,1933.0,19330.0
2021032905021816,CGH,45,57,10,1933.0,19330.0
2021032905021804,CGH,57,51,10,1930.0,19300.0
2021032905021800,CGH,57,3,22,1930.0,42460.0
2021032905021799,CGH,41,3,60,1930.0,115800.0
2021032905021798,CGH,32,3,50,1930.0,96500.0
2021032905021830,CGH,45,21,10,1930.0,19300.0
2021032905021827,CGH,49,45,10,1930.0,19300.0
2021032905021823,CGH,21,46,10,1933.0,19330.0
2021032905021822,CGH,21,21,10,1933.0,19330.0
2021032905021821,CGH,21,35,10,1933.0,19330.0
2021032905021819,CGH,57,35,10,1930.0,19300.0
2021032905021836,CGH,10,3,50,1930.0,96500.0
2021032905021835,CGH,56,3,400,1930.0,772000.0
2021032905021834,CGH,55,3,100,1930.0,193000.0
2021032905021833,CGH,59,3,25,1930.0,48250.0
2021032905021832,CGH,48,3,30,1930.0,57900.0
2021032905021831,CGH,45,3,190,1930.0,366700.0
2021032905021843,CGH,40,3,25,1930.0,48250.0
2021032905021841,CGH,43,3,10,1930.0,19300.0
2021032905021840,CGH,38,3,30,1930.0,57900.0
2021032905021839,CGH,49,3,10,1930.0,19300.0
2021032905021838,CGH,7,3,30,1930.0,57900.0
2021032905021837,CGH,44,3,100,1930.0,193000.0
2021032905021854,CGH,39,43,10,1934.0,19340.0
2021032905021853,CGH,39,11,10,1934.0,19340.0
2021032905021852,CGH,39,38,10,1933.0,19330.0
2021032905021851,CGH,39,6,10,1933.0,19330.0
2021032905021850,CGH,39,38,10,1933.0,19330.0
2021032905021846,CGH,40,51,10,1930.0,19300.0
2021032905021862,CGH,32,20,10,1933.0,19330.0
2021032905021859,CGH,39,7,10,1935.0,19350.0
2021032905021858,CGH,39,21,10,1935.0,19350.0
2021032905021857,CGH,39,3,10,1935.0,19350.0
2021032905021856,CGH,39,49,10,1935.0,19350.0
2021032905021855,CGH,39,49,10,1935.0,19350.0
2021032905021878,CGH,40,38,10,1930.0,19300.0
2021032905021876,CGH,40,51,10,1930.0,19300.0
2021032905021873,CGH,40,35,10,1930.0,19300.0
2021032905021871,CGH,40,21,10,1930.0,19300.0
2021032905021868,CGH,36,57,10,1934.0,19340.0
2021032905021867,CGH,36,44,10,1934.0,19340.0
2021032905021886,CGH,50,44,10,1930.0,19300.0
2021032905021885,CGH,25,10,85,1929.0,163965.0
2021032905021884,CGH,3,10,50,1929.0,96450.0
2021032905021883,CGH,36,10,30,1929.0,57870.0
2021032905021882,CGH,13,10,10,1930.0,19300.0
2021032905021881,CGH,40,10,25,1930.0,48250.0
2021032905021894,CGH,50,29,10,1930.0,19300.0
2021032905021892,CGH,46,38,10,1932.0,19320.0
2021032905021891,CGH,50,21,10,1930.0,19300.0
2021032905021890,CGH,50,45,10,1930.0,19300.0
2021032905021889,CGH,50,34,10,1930.0,19300.0
2021032905021887,CGH,50,8,10,1930.0,19300.0
2021032905021918,CGH,25,1,10,1929.0,19290.0
2021032905021917,CGH,25,32,10,1929.0,19290.0
2021032905021916,CGH,25,29,10,1929.0,19290.0
2021032905021908,CGH,21,35,10,1933.0,19330.0
2021032905021907,CGH,21,54,10,1933.0,19330.0
2021032905021906,CGH,21,3,10,1933.0,19330.0
2021032905021927,CGH,35,29,10,1930.0,19300.0
2021032905021924,CGH,35,17,10,1930.0,19300.0
2021032905021922,CGH,35,8,10,1930.0,19300.0
2021032905021921,CGH,35,46,10,1930.0,19300.0
2021032905021920,CGH,35,52,10,1930.0,19300.0
2021032905021919,CGH,25,21,10,1929.0,19290.0
2021032905021945,CGH,35,36,10,1930.0,19300.0
2021032905021942,CGH,35,32,10,1930.0,19300.0
2021032905021939,CGH,35,21,10,1930.0,19300.0
2021032905021936,CGH,35,29,10,1930.0,19300.0
2021032905021932,CGH,35,34,10,1930.0,19300.0
2021032905021928,CGH,35,29,10,1930.0,19300.0
2021032905021951,CGH,39,32,10,1934.0,19340.0
2021032905021950,CGH,39,25,10,1934.0,19340.0
2021032905021949,CGH,39,22,10,1933.0,19330.0
2021032905021948,CGH,39,36,10,1933.0,19330.0
2021032905021947,CGH,39,42,10,1933.0,19330.0
2021032905021946,CGH,39,56,10,1933.0,19330.0
2021032905021961,CGH,35,35,10,1930.0,19300.0
2021032905021960,CGH,35,29,10,1930.0,19300.0
2021032905021955,CGH,39,25,10,1935.0,19350.0
2021032905021954,CGH,39,58,10,1935.0,19350.0
2021032905021953,CGH,39,6,10,1935.0,19350.0
2021032905021952,CGH,39,51,10,1935.0,19350.0
2021032905021975,CGH,35,39,10,1930.0,19300.0
2021032905021974,CGH,35,58,10,1930.0,19300.0
2021032905021968,CGH,35,6,10,1930.0,19300.0
2021032905021965,CGH,35,58,10,1930.0,19300.0
2021032905021964,CGH,35,11,10,1930.0,19300.0
2021032905021963,CGH,35,21,10,1930.0,19300.0
2021032905021997,CGH,43,35,10,1928.0,19280.0
2021032905021990,CGH,43,29,10,1928.0,19280.0
2021032905021986,CGH,43,29,10,1928.0,19280.0
2021032905021985,CGH,25,21,10,1929.0,19290.0
2021032905021979,CGH,25,29,10,1929.0,19290.0
2021032905021978,CGH,35,29,10,1930.0,19300.0
2021032905022014,CGH,10,3,50,1928.0,96400.0
2021032905022013,CGH,43,3,30,1928.0,57840.0
2021032905022011,CGH,43,21,10,1928.0,19280.0
2021032905022009,CGH,43,33,10,1928.0,19280.0
2021032905022008,CGH,43,22,10,1928.0,19280.0
2021032905022007,CGH,43,21,10,1928.0,19280.0
2021032905022020,CGH,49,3,990,1927.0,1907730.0
2021032905022019,CGH,28,3,300,1928.0,578400.0
2021032905022018,CGH,50,3,240,1928.0,462720.0
2021032905022017,CGH,51,3,15,1928.0,28920.0
2021032905022016,CGH,50,3,30,1928.0,57840.0
2021032905022015,CGH,45,3,50,1928.0,96400.0
2021032905022040,CGH,28,33,10,1929.0,19290.0
2021032905022039,CGH,28,5,10,1928.0,19280.0
2021032905022024,CGH,57,3,45,1927.0,86715.0
2021032905022023,CGH,57,3,10,1927.0,19270.0
2021032905022022,CGH,1,3,30,1927.0,57810.0
2021032905022021,CGH,57,3,10,1927.0,19270.0
2021032905022046,CGH,28,5,10,1930.0,19300.0
2021032905022045,CGH,28,11,10,1930.0,19300.0
2021032905022044,CGH,28,52,10,1930.0,19300.0
2021032905022043,CGH,28,58,10,1930.0,19300.0
2021032905022042,CGH,28,57,10,1930.0,19300.0
2021032905022041,CGH,28,39,10,1929.0,19290.0
2021032905022062,CGH,55,39,10,1928.0,19280.0
2021032905022061,CGH,57,11,10,1927.0,19270.0
2021032905022056,CGH,19,20,10,1929.0,19290.0
2021032905022049,CGH,57,21,10,1927.0,19270.0
2021032905022048,CGH,28,46,10,1930.0,19300.0
2021032905022047,CGH,28,3,10,1930.0,19300.0
2021032905022073,CGH,55,21,10,1928.0,19280.0
2021032905022069,CGH,55,26,10,1928.0,19280.0
2021032905022066,CGH,32,45,10,1930.0,19300.0
2021032905022065,CGH,32,45,10,1930.0,19300.0
2021032905022064,CGH,32,54,10,1929.0,19290.0
2021032905022063,CGH,55,44,10,1928.0,19280.0
2021032905022080,CGH,55,16,10,1928.0,19280.0
2021032905022078,CGH,26,56,10,1930.0,19300.0
2021032905022077,CGH,26,33,10,1930.0,19300.0
2021032905022076,CGH,26,58,10,1930.0,19300.0
2021032905022075,CGH,26,45,10,1930.0,19300.0
2021032905022074,CGH,26,17,10,1930.0,19300.0
2021032905022088,CGH,43,6,90,1926.0,173340.0
2021032905022087,CGH,18,6,10,1927.0,19270.0
2021032905022086,CGH,57,6,435,1927.0,838245.0
2021032905022085,CGH,45,6,10,1928.0,19280.0
2021032905022084,CGH,55,6,50,1928.0,96400.0
2021032905022083,CGH,55,6,10,1929.0,19290.0
2021032905022094,CGH,45,6,20,1925.0,38500.0
2021032905022093,CGH,34,6,20,1925.0,38500.0
2021032905022092,CGH,46,6,200,1925.0,385000.0
2021032905022091,CGH,16,6,50,1925.0,96250.0
2021032905022090,CGH,21,6,30,1926.0,57780.0
2021032905022089,CGH,10,6,20,1926.0,38520.0
2021032905022100,CGH,55,6,50,1925.0,96250.0
2021032905022099,CGH,50,6,50,1925.0,96250.0
2021032905022098,CGH,45,6,20,1925.0,38500.0
2021032905022097,CGH,38,6,10,1925.0,19250.0
2021032905022096,CGH,42,6,10,1925.0,19250.0
2021032905022095,CGH,38,6,20,1925.0,38500.0
2021032905022108,CGH,46,1,10,1930.0,19300.0
2021032905022107,CGH,46,49,10,1930.0,19300.0
2021032905022106,CGH,46,45,10,1930.0,19300.0
2021032905022105,CGH,46,6,10,1928.0,19280.0
2021032905022102,CGH,4,6,885,1925.0,1703625.0
2021032905022101,CGH,57,6,10,1925.0,19250.0
2021032905022114,CGH,46,11,10,1930.0,19300.0
2021032905022113,CGH,46,45,10,1930.0,19300.0
2021032905022112,CGH,46,42,10,1930.0,19300.0
2021032905022111,CGH,46,44,10,1930.0,19300.0
2021032905022110,CGH,46,11,10,1930.0,19300.0
2021032905022109,CGH,46,58,10,1930.0,19300.0
2021032905022133,CGH,32,14,10,1928.0,19280.0
2021032905022132,CGH,32,16,10,1928.0,19280.0
2021032905022131,CGH,32,1,10,1928.0,19280.0
2021032905022130,CGH,32,58,10,1927.0,19270.0
2021032905022120,CGH,42,51,10,1926.0,19260.0
2021032905022115,CGH,4,21,10,1925.0,19250.0
2021032905022139,CGH,32,45,10,1930.0,19300.0
2021032905022138,CGH,32,41,10,1930.0,19300.0
2021032905022137,CGH,32,42,10,1930.0,19300.0
2021032905022136,CGH,32,35,10,1930.0,19300.0
2021032905022135,CGH,32,3,10,1929.0,19290.0
2021032905022134,CGH,32,38,10,1929.0,19290.0
2021032905022152,CGH,4,1,10,1925.0,19250.0
2021032905022151,CGH,4,50,10,1925.0,19250.0
2021032905022150,CGH,4,21,10,1925.0,19250.0
2021032905022148,CGH,4,52,10,1925.0,19250.0
2021032905022147,CGH,4,7,10,1925.0,19250.0
2021032905022146,CGH,4,54,10,1925.0,19250.0
2021032905022157,GLH,45,1,10,379.0,3790.0
2021032905022118,GLH,45,11,10,379.0,3790.0
2021032905022117,GLH,45,38,10,379.0,3790.0
2021032905022060,GLH,45,16,10,379.0,3790.0
2021032905021984,GLH,45,41,10,379.0,3790.0
2021032905021980,GLH,45,18,10,379.0,3790.0
2021032905021675,GLH,50,51,10,380.0,3800.0
2021032905021669,GLH,50,1,10,380.0,3800.0
2021032905021744,GLH,50,51,10,380.0,3800.0
2021032905021736,GLH,50,16,10,380.0,3800.0
2021032905021725,GLH,50,51,10,380.0,3800.0
2021032905021720,GLH,50,5,10,380.0,3800.0
2021032905021719,GLH,50,42,10,380.0,3800.0
2021032905021708,GLH,50,51,10,380.0,3800.0
2021032905021828,GLH,45,40,10,379.0,3790.0
2021032905021826,GLH,45,57,10,379.0,3790.0
2021032905021809,GLH,21,11,10,380.0,3800.0
2021032905021761,GLH,58,11,20,380.0,7600.0
2021032905021758,GLH,19,42,10,380.0,3800.0
2021032905021745,GLH,50,36,10,380.0,3800.0
2021032905021893,GLH,45,11,10,379.0,3790.0
2021032905021888,GLH,45,34,10,379.0,3790.0
2021032905021877,GLH,45,16,10,379.0,3790.0
2021032905021869,GLH,45,35,10,379.0,3790.0
2021032905021866,GLH,45,51,10,380.0,3800.0
2021032905021865,GLH,45,11,20,380.0,7600.0
2021032905021959,GLH,45,1,10,379.0,3790.0
2021032905021957,GLH,45,16,10,379.0,3790.0
2021032905021938,GLH,45,22,10,379.0,3790.0
2021032905021937,GLH,45,49,10,379.0,3790.0
2021032905021925,GLH,45,16,10,379.0,3790.0
2021032905021911,GLH,45,22,10,379.0,3790.0
2021032905022166,NIFRA,19,49,50,607.0,30350.0
2021032905022165,NIFRA,19,44,50,607.0,30350.0
2021032905022162,NIFRA,52,22,60,606.0,36360.0
2021032905022156,NIFRA,52,32,35,606.0,21210.0
2021032905022155,NIFRA,45,32,15,606.0,9090.0
2021032905022154,NIFRA,45,52,35,606.0,21210.0
2021032905021691,NIFRA,55,13,10,606.0,6060.0
2021032905021690,NIFRA,55,1,50,606.0,30300.0
2021032905021682,NIFRA,55,16,50,606.0,30300.0
2021032905021681,NIFRA,42,21,10,607.0,6070.0
2021032905021676,NIFRA,29,21,50,607.0,30350.0
2021032905021674,NIFRA,55,52,60,606.0,36360.0
2021032905021707,NIFRA,55,50,50,606.0,30300.0
2021032905021699,NIFRA,55,52,50,606.0,30300.0
2021032905021697,NIFRA,55,49,50,606.0,30300.0
2021032905021694,NIFRA,55,52,60,606.0,36360.0
2021032905021693,NIFRA,47,41,"1,000",606.0,606000.0
2021032905021692,NIFRA,55,19,50,606.0,30300.0
2021032905021729,NIFRA,55,57,"1,000",606.0,606000.0
2021032905021728,NIFRA,55,26,250,606.0,151500.0
2021032905021723,NIFRA,55,42,50,606.0,30300.0
2021032905021721,NIFRA,55,36,50,606.0,30300.0
2021032905021716,NIFRA,1,21,30,607.0,18210.0
2021032905021713,NIFRA,55,1,50,606.0,30300.0
2021032905021741,NIFRA,35,58,10,607.0,6070.0
2021032905021740,NIFRA,35,26,50,607.0,30350.0
2021032905021739,NIFRA,35,21,360,607.0,218520.0
2021032905021734,NIFRA,55,32,60,606.0,36360.0
2021032905021731,NIFRA,55,6,10,606.0,6060.0
2021032905021730,NIFRA,45,21,50,607.0,30350.0
2021032905021765,NIFRA,45,45,200,607.0,121400.0
2021032905021764,NIFRA,55,32,50,606.0,30300.0
2021032905021753,NIFRA,55,53,10,606.0,6060.0
2021032905021751,NIFRA,16,45,100,607.0,60700.0
2021032905021743,NIFRA,35,45,20,607.0,12140.0
2021032905021742,NIFRA,35,6,60,607.0,36420.0
2021032905021807,NIFRA,52,57,69,607.0,41883.0
2021032905021806,NIFRA,52,25,20,607.0,12140.0
2021032905021805,NIFRA,52,45,11,607.0,6677.0
2021032905021803,NIFRA,55,51,10,606.0,6060.0
2021032905021802,NIFRA,55,57,50,606.0,30300.0
2021032905021801,NIFRA,19,45,25,607.0,15175.0
2021032905021814,NIFRA,55,42,50,606.0,30300.0
2021032905021813,NIFRA,55,58,10,606.0,6060.0
2021032905021812,NIFRA,34,22,29,607.0,17603.0
2021032905021811,NIFRA,34,57,31,607.0,18817.0
2021032905021810,NIFRA,55,34,"1,000",606.0,606000.0
2021032905021808,NIFRA,55,52,100,606.0,60600.0
2021032905021829,NIFRA,55,51,50,606.0,30300.0
2021032905021825,NIFRA,55,40,60,606.0,36360.0
2021032905021824,NIFRA,39,22,15,607.0,9105.0
2021032905021820,NIFRA,55,36,50,606.0,30300.0
2021032905021818,NIFRA,49,22,29,607.0,17603.0
2021032905021815,NIFRA,38,22,50,607.0,30350.0
2021032905021849,NIFRA,55,22,50,606.0,30300.0
2021032905021848,NIFRA,55,42,60,606.0,36360.0
2021032905021847,NIFRA,55,26,50,606.0,30300.0
2021032905021845,NIFRA,55,45,50,606.0,30300.0
2021032905021844,NIFRA,55,34,500,606.0,303000.0
2021032905021842,NIFRA,55,52,50,606.0,30300.0
2021032905021872,NIFRA,55,45,50,606.0,30300.0
2021032905021870,NIFRA,55,36,50,606.0,30300.0
2021032905021864,NIFRA,55,16,60,606.0,36360.0
2021032905021863,NIFRA,42,22,180,607.0,109260.0
2021032905021861,NIFRA,57,22,140,607.0,84980.0
2021032905021860,NIFRA,51,22,20,607.0,12140.0
2021032905021896,NIFRA,18,5,40,606.0,24240.0
2021032905021895,NIFRA,57,5,10,606.0,6060.0
2021032905021880,NIFRA,57,51,40,606.0,24240.0
2021032905021879,NIFRA,55,51,10,606.0,6060.0
2021032905021875,NIFRA,55,42,50,606.0,30300.0
2021032905021874,NIFRA,55,7,60,606.0,36360.0
2021032905021902,NIFRA,39,35,50,607.0,30350.0
2021032905021901,NIFRA,39,49,60,607.0,36420.0
2021032905021900,NIFRA,39,36,60,607.0,36420.0
2021032905021899,NIFRA,39,45,60,607.0,36420.0
2021032905021898,NIFRA,39,58,50,607.0,30350.0
2021032905021897,NIFRA,39,22,107,607.0,64949.0
2021032905021912,NIFRA,18,45,50,606.0,30300.0
2021032905021910,NIFRA,1,32,37,607.0,22459.0
2021032905021909,NIFRA,1,58,13,607.0,7891.0
2021032905021905,NIFRA,39,58,83,607.0,50381.0
2021032905021904,NIFRA,39,34,20,607.0,12140.0
2021032905021903,NIFRA,39,41,10,607.0,6070.0
2021032905021929,NIFRA,33,52,50,606.0,30300.0
2021032905021926,NIFRA,4,32,50,607.0,30350.0
2021032905021923,NIFRA,33,57,50,606.0,30300.0
2021032905021915,NIFRA,33,7,40,606.0,24240.0
2021032905021914,NIFRA,18,7,20,606.0,12120.0
2021032905021913,NIFRA,18,16,50,606.0,30300.0
2021032905021940,NIFRA,33,4,60,606.0,36360.0
2021032905021935,NIFRA,16,42,27,607.0,16389.0
2021032905021934,NIFRA,16,58,60,607.0,36420.0
2021032905021933,NIFRA,16,32,13,607.0,7891.0
2021032905021931,NIFRA,33,7,60,606.0,36360.0
2021032905021930,NIFRA,33,34,10,606.0,6060.0
2021032905021962,NIFRA,33,10,500,606.0,303000.0
2021032905021958,NIFRA,33,58,10,606.0,6060.0
2021032905021956,NIFRA,33,42,50,606.0,30300.0
2021032905021944,NIFRA,33,57,100,606.0,60600.0
2021032905021943,NIFRA,33,52,50,606.0,30300.0
2021032905021941,NIFRA,33,22,50,606.0,30300.0
2021032905021972,NIFRA,45,26,80,606.0,48480.0
2021032905021971,NIFRA,25,26,50,606.0,30300.0
2021032905021970,NIFRA,38,26,50,606.0,30300.0
2021032905021969,NIFRA,51,42,80,607.0,48560.0
2021032905021967,NIFRA,38,39,30,606.0,18180.0
2021032905021966,NIFRA,33,39,970,606.0,587820.0
2021032905021983,NIFRA,45,40,30,606.0,18180.0
2021032905021982,NIFRA,42,40,20,606.0,12120.0
2021032905021981,NIFRA,42,13,50,606.0,30300.0
2021032905021977,NIFRA,42,54,30,606.0,18180.0
2021032905021976,NIFRA,45,54,20,606.0,12120.0
2021032905021973,NIFRA,43,42,100,607.0,60700.0
2021032905021993,NIFRA,39,3,10,606.0,6060.0
2021032905021992,NIFRA,39,52,20,606.0,12120.0
2021032905021991,NIFRA,59,52,30,606.0,18180.0
2021032905021989,NIFRA,21,7,10,606.0,6060.0
2021032905021988,NIFRA,4,7,50,606.0,30300.0
2021032905021987,NIFRA,39,42,10,607.0,6070.0
2021032905022000,NIFRA,36,51,50,607.0,30350.0
2021032905021999,NIFRA,36,49,50,607.0,30350.0
2021032905021998,NIFRA,36,42,33,607.0,20031.0
2021032905021996,NIFRA,28,42,50,606.0,30300.0
2021032905021995,NIFRA,55,42,10,606.0,6060.0
2021032905021994,NIFRA,55,3,40,606.0,24240.0
2021032905022006,NIFRA,18,16,25,606.0,15150.0
2021032905022005,NIFRA,36,58,17,607.0,10319.0
2021032905022004,NIFRA,36,33,40,607.0,24280.0
2021032905022003,NIFRA,36,58,60,607.0,36420.0
2021032905022002,NIFRA,36,57,10,607.0,6070.0
2021032905022001,NIFRA,36,45,60,607.0,36420.0
2021032905022028,NIFRA,35,45,100,606.0,60600.0
2021032905022027,NIFRA,39,45,25,606.0,15150.0
2021032905022026,NIFRA,57,45,200,606.0,121200.0
2021032905022025,NIFRA,18,45,45,606.0,27270.0
2021032905022012,NIFRA,18,52,30,606.0,18180.0
2021032905022010,NIFRA,37,49,500,607.0,303500.0
2021032905022034,NIFRA,16,33,100,606.0,60600.0
2021032905022033,NIFRA,42,33,20,606.0,12120.0
2021032905022032,NIFRA,33,33,150,606.0,90900.0
2021032905022031,NIFRA,51,33,70,606.0,42420.0
2021032905022030,NIFRA,51,45,30,606.0,18180.0
2021032905022029,NIFRA,45,45,100,606.0,60600.0
2021032905022051,NIFRA,55,39,400,606.0,242400.0
2021032905022050,NIFRA,55,43,100,606.0,60600.0
2021032905022038,NIFRA,55,53,50,606.0,30300.0
2021032905022037,NIFRA,55,33,175,606.0,106050.0
2021032905022036,NIFRA,50,33,335,606.0,203010.0
2021032905022035,NIFRA,29,33,50,606.0,30300.0
2021032905022058,NIFRA,55,42,50,606.0,30300.0
2021032905022057,NIFRA,55,34,60,606.0,36360.0
2021032905022055,NIFRA,55,41,10,606.0,6060.0
2021032905022054,NIFRA,39,20,67,607.0,40669.0
2021032905022053,NIFRA,39,53,50,607.0,30350.0
2021032905022052,NIFRA,39,58,33,607.0,20031.0
2021032905022072,NIFRA,49,20,500,607.0,303500.0
2021032905022071,NIFRA,55,22,20,606.0,12120.0
2021032905022070,NIFRA,55,57,50,606.0,30300.0
2021032905022068,NIFRA,55,57,50,606.0,30300.0
2021032905022067,NIFRA,55,57,50,606.0,30300.0
2021032905022059,NIFRA,55,52,60,606.0,36360.0
2021032905022116,NIFRA,55,52,30,606.0,18180.0
2021032905022104,NIFRA,55,7,60,606.0,36360.0
2021032905022103,NIFRA,55,36,"3,000",606.0,1818000.0
2021032905022082,NIFRA,57,20,100,607.0,60700.0
2021032905022081,NIFRA,55,57,60,606.0,36360.0
2021032905022079,NIFRA,55,38,60,606.0,36360.0
2021032905022125,NIFRA,45,20,500,607.0,303500.0
2021032905022124,NIFRA,43,20,50,607.0,30350.0
2021032905022123,NIFRA,4,20,100,607.0,60700.0
2021032905022122,NIFRA,55,28,50,606.0,30300.0
2021032905022121,NIFRA,16,20,20,607.0,12140.0
2021032905022119,NIFRA,55,58,50,606.0,30300.0
2021032905022141,NIFRA,43,6,50,607.0,30350.0
2021032905022140,NIFRA,43,32,50,607.0,30350.0
2021032905022129,NIFRA,7,58,285,606.0,172710.0
2021032905022128,NIFRA,29,58,100,606.0,60600.0
2021032905022127,NIFRA,55,58,615,606.0,372690.0
2021032905022126,NIFRA,6,20,50,607.0,30350.0
2021032905022153,NIFRA,7,52,15,606.0,9090.0
2021032905022149,NIFRA,7,11,50,606.0,30300.0
2021032905022145,NIFRA,7,43,80,606.0,48480.0
2021032905022144,NIFRA,7,40,60,606.0,36360.0
2021032905022143,NIFRA,7,19,10,606.0,6060.0
2021032905022142,NIFRA,43,44,100,607.0,60700.0
2021032905021666,CGH,28,58,10,1933.0,19330.0
2021032905021665,CGH,28,57,10,1933.0,19330.0
2021032905021663,CGH,28,35,10,1933.0,19330.0
2021032905021662,CGH,28,41,10,1933.0,19330.0
2021032905021661,CGH,46,50,10,1933.0,19330.0
2021032905021659,CGH,45,29,10,1933.0,19330.0
2021032905021183,CGH,10,22,10,1932.0,19320.0
2021032905021182,CGH,10,26,10,1932.0,19320.0
2021032905021192,CGH,18,14,10,1933.0,19330.0
2021032905021191,CGH,18,58,10,1933.0,19330.0
2021032905021190,CGH,18,54,10,1933.0,19330.0
2021032905021189,CGH,18,33,10,1933.0,19330.0
2021032905021186,CGH,10,32,10,1932.0,19320.0
2021032905021184,CGH,10,21,10,1932.0,19320.0
2021032905021200,CGH,18,38,10,1933.0,19330.0
2021032905021198,CGH,18,6,10,1933.0,19330.0
2021032905021197,CGH,18,14,10,1933.0,19330.0
2021032905021195,CGH,18,52,10,1933.0,19330.0
2021032905021194,CGH,18,14,10,1933.0,19330.0
2021032905021193,CGH,18,21,10,1933.0,19330.0
2021032905021209,CGH,18,14,10,1933.0,19330.0
2021032905021208,CGH,18,16,10,1933.0,19330.0
2021032905021207,CGH,18,49,10,1933.0,19330.0
2021032905021205,CGH,18,29,10,1933.0,19330.0
2021032905021203,CGH,18,6,10,1933.0,19330.0
2021032905021202,CGH,18,32,10,1933.0,19330.0
2021032905021221,CGH,44,45,10,1933.0,19330.0
2021032905021220,CGH,36,59,10,1933.0,19330.0
2021032905021216,CGH,18,55,10,1933.0,19330.0
2021032905021215,CGH,18,56,10,1933.0,19330.0
2021032905021213,CGH,18,35,10,1933.0,19330.0
2021032905021211,CGH,18,49,10,1933.0,19330.0
2021032905021231,CGH,44,4,10,1933.0,19330.0
2021032905021226,CGH,44,29,10,1933.0,19330.0
2021032905021225,CGH,44,52,10,1933.0,19330.0
2021032905021224,CGH,44,41,10,1933.0,19330.0
2021032905021223,CGH,44,38,10,1933.0,19330.0
2021032905021222,CGH,44,48,10,1933.0,19330.0
2021032905021239,CGH,39,58,10,1934.0,19340.0
2021032905021236,CGH,6,57,10,1933.0,19330.0
2021032905021235,CGH,6,32,10,1933.0,19330.0
2021032905021234,CGH,6,36,10,1933.0,19330.0
2021032905021233,CGH,6,33,10,1933.0,19330.0
2021032905021232,CGH,10,6,10,1932.0,19320.0
2021032905021250,CGH,6,58,10,1933.0,19330.0
2021032905021248,CGH,6,22,10,1933.0,19330.0
2021032905021247,CGH,6,38,10,1933.0,19330.0
2021032905021243,CGH,6,38,10,1933.0,19330.0
2021032905021242,CGH,6,14,10,1933.0,19330.0
2021032905021240,CGH,39,46,10,1934.0,19340.0
2021032905021269,CGH,10,47,10,1932.0,19320.0
2021032905021268,CGH,53,46,10,1933.0,19330.0
2021032905021267,CGH,53,59,10,1933.0,19330.0
2021032905021263,CGH,45,48,10,1933.0,19330.0
2021032905021259,CGH,10,35,10,1932.0,19320.0
2021032905021252,CGH,17,14,10,1933.0,19330.0
2021032905021280,CGH,10,39,10,1932.0,19320.0
2021032905021275,CGH,28,26,10,1933.0,19330.0
2021032905021274,CGH,28,47,10,1933.0,19330.0
2021032905021273,CGH,28,17,10,1933.0,19330.0
2021032905021272,CGH,28,8,10,1933.0,19330.0
2021032905021271,CGH,10,49,10,1932.0,19320.0
2021032905021294,CGH,5,38,10,1933.0,19330.0
2021032905021293,CGH,51,44,10,1934.0,19340.0
2021032905021290,CGH,5,33,10,1933.0,19330.0
2021032905021288,CGH,5,51,10,1933.0,19330.0
2021032905021287,CGH,5,46,10,1933.0,19330.0
2021032905021281,CGH,10,26,10,1932.0,19320.0
2021032905021311,CGH,18,35,10,1933.0,19330.0
2021032905021310,CGH,18,58,10,1933.0,19330.0
2021032905021307,CGH,18,39,10,1933.0,19330.0
2021032905021306,CGH,18,45,10,1933.0,19330.0
2021032905021296,CGH,18,36,10,1933.0,19330.0
2021032905021295,CGH,5,49,10,1933.0,19330.0
2021032905021320,CGH,55,52,10,1933.0,19330.0
2021032905021319,CGH,55,41,10,1933.0,19330.0
2021032905021318,CGH,55,47,10,1933.0,19330.0
2021032905021315,CGH,55,36,10,1933.0,19330.0
2021032905021313,CGH,55,21,10,1933.0,19330.0
2021032905021312,CGH,55,51,10,1933.0,19330.0
2021032905021335,CGH,55,48,10,1933.0,19330.0
2021032905021334,CGH,55,51,10,1933.0,19330.0
2021032905021332,CGH,55,58,10,1933.0,19330.0
2021032905021331,CGH,55,58,10,1933.0,19330.0
2021032905021326,CGH,55,58,10,1933.0,19330.0
2021032905021323,CGH,55,59,10,1933.0,19330.0
2021032905021343,CGH,55,58,10,1933.0,19330.0
2021032905021342,CGH,55,45,10,1933.0,19330.0
2021032905021341,CGH,55,4,10,1933.0,19330.0
2021032905021340,CGH,55,38,10,1933.0,19330.0
2021032905021339,CGH,55,44,10,1933.0,19330.0
2021032905021338,CGH,55,46,10,1933.0,19330.0
2021032905021353,CGH,28,51,10,1933.0,19330.0
2021032905021352,CGH,28,57,10,1933.0,19330.0
2021032905021350,CGH,28,45,10,1933.0,19330.0
2021032905021349,CGH,28,29,10,1933.0,19330.0
2021032905021347,CGH,55,42,10,1933.0,19330.0
2021032905021344,CGH,55,35,10,1933.0,19330.0
2021032905021376,CGH,28,59,10,1933.0,19330.0
2021032905021375,CGH,28,44,10,1933.0,19330.0
2021032905021374,CGH,28,50,10,1933.0,19330.0
2021032905021373,CGH,28,11,10,1933.0,19330.0
2021032905021361,CGH,28,21,10,1933.0,19330.0
2021032905021358,CGH,28,48,10,1933.0,19330.0
2021032905021391,CGH,28,17,10,1933.0,19330.0
2021032905021389,CGH,28,39,10,1933.0,19330.0
2021032905021383,CGH,28,57,10,1933.0,19330.0
2021032905021380,CGH,28,51,10,1933.0,19330.0
2021032905021379,CGH,28,45,10,1933.0,19330.0
2021032905021378,CGH,28,49,10,1933.0,19330.0
2021032905021397,CGH,10,35,10,1934.0,19340.0
2021032905021396,CGH,10,38,10,1934.0,19340.0
2021032905021395,CGH,10,14,10,1934.0,19340.0
2021032905021394,CGH,10,11,10,1934.0,19340.0
2021032905021393,CGH,10,49,10,1934.0,19340.0
2021032905021392,CGH,28,53,10,1933.0,19330.0
2021032905021403,CGH,18,52,10,1933.0,19330.0
2021032905021402,CGH,18,51,10,1933.0,19330.0
2021032905021401,CGH,28,51,10,1933.0,19330.0
2021032905021400,CGH,28,17,10,1933.0,19330.0
2021032905021399,CGH,28,44,10,1933.0,19330.0
2021032905021398,CGH,10,16,10,1934.0,19340.0
2021032905021415,CGH,18,11,10,1933.0,19330.0
2021032905021413,CGH,18,21,10,1933.0,19330.0
2021032905021412,CGH,18,19,10,1933.0,19330.0
2021032905021409,CGH,18,21,10,1933.0,19330.0
2021032905021408,CGH,18,54,10,1933.0,19330.0
2021032905021404,CGH,18,20,10,1933.0,19330.0
2021032905021429,CGH,18,11,10,1933.0,19330.0
2021032905021428,CGH,18,59,10,1933.0,19330.0
2021032905021423,CGH,18,48,10,1933.0,19330.0
2021032905021418,CGH,18,53,10,1933.0,19330.0
2021032905021417,CGH,18,58,10,1933.0,19330.0
2021032905021416,CGH,18,41,10,1933.0,19330.0
2021032905021438,CGH,18,51,10,1933.0,19330.0
2021032905021437,CGH,18,57,10,1933.0,19330.0
2021032905021436,CGH,18,17,10,1933.0,19330.0
2021032905021435,CGH,18,51,10,1933.0,19330.0
2021032905021432,CGH,18,56,10,1933.0,19330.0
2021032905021430,CGH,18,44,10,1933.0,19330.0
2021032905021447,CGH,6,48,10,1933.0,19330.0
2021032905021445,CGH,6,49,10,1933.0,19330.0
2021032905021444,CGH,6,57,10,1933.0,19330.0
2021032905021443,CGH,6,41,10,1933.0,19330.0
2021032905021442,CGH,6,54,10,1933.0,19330.0
2021032905021440,CGH,6,29,10,1933.0,19330.0
2021032905021462,CGH,45,4,10,1933.0,19330.0
2021032905021461,CGH,45,38,10,1933.0,19330.0
2021032905021460,CGH,10,44,10,1932.0,19320.0
2021032905021453,CGH,18,52,10,1933.0,19330.0
2021032905021451,CGH,10,57,10,1932.0,19320.0
2021032905021448,CGH,46,39,10,1933.0,19330.0
2021032905021475,CGH,8,58,10,1933.0,19330.0
2021032905021474,CGH,8,48,10,1933.0,19330.0
2021032905021473,CGH,8,34,10,1933.0,19330.0
2021032905021469,CGH,10,6,10,1932.0,19320.0
2021032905021465,CGH,26,38,10,1933.0,19330.0
2021032905021463,CGH,45,39,10,1933.0,19330.0
2021032905021492,CGH,10,58,10,1932.0,19320.0
2021032905021491,CGH,10,45,10,1932.0,19320.0
2021032905021482,CGH,10,50,10,1932.0,19320.0
2021032905021480,CGH,10,55,10,1932.0,19320.0
2021032905021479,CGH,8,57,10,1933.0,19330.0
2021032905021476,CGH,8,38,10,1933.0,19330.0
2021032905021503,CGH,55,56,10,1933.0,19330.0
2021032905021501,CGH,10,46,10,1932.0,19320.0
2021032905021500,CGH,10,21,10,1932.0,19320.0
2021032905021499,CGH,10,21,10,1932.0,19320.0
2021032905021498,CGH,10,20,10,1932.0,19320.0
2021032905021494,CGH,10,39,10,1932.0,19320.0
2021032905021514,CGH,55,52,10,1933.0,19330.0
2021032905021509,CGH,55,57,10,1933.0,19330.0
2021032905021507,CGH,55,26,10,1933.0,19330.0
2021032905021506,CGH,55,50,10,1933.0,19330.0
2021032905021505,CGH,55,3,10,1933.0,19330.0
2021032905021504,CGH,55,38,10,1933.0,19330.0
2021032905021524,CGH,13,8,10,1934.0,19340.0
2021032905021523,CGH,55,4,10,1933.0,19330.0
2021032905021522,CGH,55,42,10,1933.0,19330.0
2021032905021521,CGH,55,34,10,1933.0,19330.0
2021032905021520,CGH,55,56,10,1933.0,19330.0
2021032905021515,CGH,55,58,10,1933.0,19330.0
2021032905021534,CGH,58,57,10,1934.0,19340.0
2021032905021533,CGH,58,54,10,1934.0,19340.0
2021032905021532,CGH,58,51,10,1934.0,19340.0
2021032905021531,CGH,58,38,10,1934.0,19340.0
2021032905021526,CGH,55,39,10,1933.0,19330.0
2021032905021525,CGH,55,44,10,1933.0,19330.0
2021032905021540,CGH,58,21,10,1935.0,19350.0
2021032905021539,CGH,58,41,10,1934.0,19340.0
2021032905021538,CGH,58,42,10,1934.0,19340.0
2021032905021537,CGH,58,49,10,1934.0,19340.0
2021032905021536,CGH,58,44,10,1934.0,19340.0
2021032905021535,CGH,58,36,10,1934.0,19340.0
2021032905021546,CGH,58,48,10,1935.0,19350.0
2021032905021545,CGH,58,39,10,1935.0,19350.0
2021032905021544,CGH,58,41,10,1935.0,19350.0
2021032905021543,CGH,58,49,10,1935.0,19350.0
2021032905021542,CGH,58,38,10,1935.0,19350.0
2021032905021541,CGH,58,16,10,1935.0,19350.0
2021032905021552,CGH,58,21,10,1935.0,19350.0
2021032905021551,CGH,58,34,10,1935.0,19350.0
2021032905021550,CGH,58,45,10,1935.0,19350.0
2021032905021549,CGH,58,41,10,1935.0,19350.0
2021032905021548,CGH,58,14,10,1935.0,19350.0
2021032905021547,CGH,58,41,10,1935.0,19350.0
2021032905021558,CGH,58,14,10,1935.0,19350.0
2021032905021557,CGH,58,42,10,1935.0,19350.0
2021032905021556,CGH,58,42,10,1935.0,19350.0
2021032905021555,CGH,58,48,10,1935.0,19350.0
2021032905021554,CGH,58,58,10,1935.0,19350.0
2021032905021553,CGH,58,39,10,1935.0,19350.0
2021032905021564,CGH,58,7,10,1935.0,19350.0
2021032905021563,CGH,58,42,10,1935.0,19350.0
2021032905021562,CGH,58,34,10,1935.0,19350.0
2021032905021561,CGH,58,42,10,1935.0,19350.0
2021032905021560,CGH,58,49,10,1935.0,19350.0
2021032905021559,CGH,58,34,10,1935.0,19350.0
2021032905021570,CGH,58,22,10,1935.0,19350.0
2021032905021569,CGH,58,47,10,1935.0,19350.0
2021032905021568,CGH,58,39,10,1935.0,19350.0
2021032905021567,CGH,58,42,10,1935.0,19350.0
2021032905021566,CGH,58,58,10,1935.0,19350.0
2021032905021565,CGH,58,45,10,1935.0,19350.0
2021032905021577,CGH,58,42,10,1935.0,19350.0
2021032905021576,CGH,58,39,10,1935.0,19350.0
2021032905021574,CGH,58,38,10,1935.0,19350.0
2021032905021573,CGH,58,58,10,1935.0,19350.0
2021032905021572,CGH,58,16,10,1935.0,19350.0
2021032905021571,CGH,58,44,10,1935.0,19350.0
2021032905021605,CGH,55,54,10,1933.0,19330.0
2021032905021603,CGH,55,46,10,1933.0,19330.0
2021032905021584,CGH,58,11,10,1935.0,19350.0
2021032905021583,CGH,58,40,10,1935.0,19350.0
2021032905021582,CGH,58,55,10,1935.0,19350.0
2021032905021581,CGH,58,51,10,1935.0,19350.0
2021032905021616,CGH,28,49,10,1934.0,19340.0
2021032905021613,CGH,28,53,10,1934.0,19340.0
2021032905021610,CGH,28,45,10,1934.0,19340.0
2021032905021608,CGH,28,57,10,1933.0,19330.0
2021032905021607,CGH,28,52,10,1933.0,19330.0
2021032905021606,CGH,28,17,10,1933.0,19330.0
2021032905021627,CGH,28,6,10,1934.0,19340.0
2021032905021626,CGH,28,57,10,1934.0,19340.0
2021032905021624,CGH,28,49,10,1934.0,19340.0
2021032905021623,CGH,28,34,10,1934.0,19340.0
2021032905021619,CGH,28,6,10,1934.0,19340.0
2021032905021618,CGH,28,42,10,1934.0,19340.0
2021032905021656,CGH,45,14,10,1933.0,19330.0
2021032905021655,CGH,28,57,10,1933.0,19330.0
2021032905021653,CGH,28,45,10,1933.0,19330.0
2021032905021647,CGH,49,46,10,1934.0,19340.0
2021032905021643,CGH,45,25,10,1934.0,19340.0
2021032905021629,CGH,28,32,10,1934.0,19340.0
2021032905021664,GLH,50,57,10,380.0,3800.0
2021032905021657,GLH,45,42,10,380.0,3800.0
2021032905021654,GLH,45,51,10,380.0,3800.0
2021032905021650,GLH,45,6,10,380.0,3800.0
2021032905021635,GLH,45,34,10,380.0,3800.0
2021032905021634,GLH,45,20,10,381.0,3810.0
2021032905021199,GLH,50,1,10,380.0,3800.0
2021032905021187,GLH,50,17,10,380.0,3800.0
2021032905021261,GLH,59,42,10,380.0,3800.0
2021032905021260,GLH,8,35,10,381.0,3810.0
2021032905021258,GLH,59,14,10,380.0,3800.0
2021032905021254,GLH,59,4,10,380.0,3800.0
2021032905021251,GLH,21,22,10,381.0,3810.0
2021032905021249,GLH,59,36,10,380.0,3800.0
2021032905021359,GLH,59,32,10,380.0,3800.0
2021032905021345,GLH,59,52,10,380.0,3800.0
2021032905021333,GLH,59,42,10,380.0,3800.0
2021032905021321,GLH,59,45,10,380.0,3800.0
2021032905021283,GLH,59,45,10,380.0,3800.0
2021032905021278,GLH,59,1,10,380.0,3800.0
2021032905021450,GLH,21,59,10,380.0,3800.0
2021032905021441,GLH,59,29,10,380.0,3800.0
2021032905021434,GLH,59,29,10,380.0,3800.0
2021032905021424,GLH,59,29,10,380.0,3800.0
2021032905021407,GLH,59,29,10,380.0,3800.0
2021032905021388,GLH,59,29,10,380.0,3800.0
2021032905021586,GLH,34,16,10,381.0,3810.0
2021032905021580,GLH,45,51,10,380.0,3800.0
2021032905021516,GLH,45,51,10,380.0,3800.0
2021032905021497,GLH,21,25,10,380.0,3800.0
2021032905021490,GLH,21,51,10,380.0,3800.0
2021032905021467,GLH,21,51,10,380.0,3800.0
2021032905021592,GLH,34,41,10,382.0,3820.0
2021032905021591,GLH,34,32,10,381.0,3810.0
2021032905021590,GLH,34,45,10,381.0,3810.0
2021032905021589,GLH,34,42,10,381.0,3810.0
2021032905021588,GLH,34,35,20,381.0,7620.0
2021032905021587,GLH,34,54,10,381.0,3810.0
2021032905021598,GLH,34,34,10,383.0,3830.0
2021032905021597,GLH,34,58,10,383.0,3830.0
2021032905021596,GLH,34,35,10,382.0,3820.0
2021032905021595,GLH,34,41,10,382.0,3820.0
2021032905021594,GLH,34,34,50,382.0,19100.0
2021032905021593,GLH,34,7,10,382.0,3820.0
2021032905021633,GLH,45,51,10,380.0,3800.0
2021032905021622,GLH,45,34,10,380.0,3800.0
2021032905021617,GLH,45,19,10,380.0,3800.0
2021032905021615,GLH,45,51,10,380.0,3800.0
2021032905021600,GLH,34,54,10,383.0,3830.0
2021032905021599,GLH,34,26,10,383.0,3830.0
2021032905021660,NIFRA,55,52,10,606.0,6060.0
2021032905021658,NIFRA,55,17,50,606.0,30300.0
2021032905021652,NIFRA,29,7,5,607.0,3035.0
2021032905021651,NIFRA,56,7,250,607.0,151750.0
2021032905021649,NIFRA,55,7,500,606.0,303000.0
2021032905021648,NIFRA,55,52,50,606.0,30300.0
2021032905021170,NIFRA,48,45,50,607.0,30350.0
2021032905021169,NIFRA,48,58,50,607.0,30350.0
2021032905021168,NIFRA,48,28,60,607.0,36420.0
2021032905021167,NIFRA,48,38,50,607.0,30350.0
2021032905021176,NIFRA,49,38,20,606.0,12120.0
2021032905021175,NIFRA,53,38,30,606.0,18180.0
2021032905021174,NIFRA,45,38,10,606.0,6060.0
2021032905021173,NIFRA,16,38,500,606.0,303000.0
2021032905021172,NIFRA,48,38,163,607.0,98941.0
2021032905021171,NIFRA,48,56,50,607.0,30350.0
2021032905021185,NIFRA,46,42,60,607.0,36420.0
2021032905021181,NIFRA,36,58,50,606.0,30300.0
2021032905021180,NIFRA,36,38,107,606.0,64842.0
2021032905021179,NIFRA,14,38,100,606.0,60600.0
2021032905021178,NIFRA,46,38,20,606.0,12120.0
2021032905021177,NIFRA,38,38,50,606.0,30300.0
2021032905021210,NIFRA,45,26,10,607.0,6070.0
2021032905021206,NIFRA,46,26,30,607.0,18210.0
2021032905021204,NIFRA,46,16,50,607.0,30350.0
2021032905021201,NIFRA,46,42,50,607.0,30350.0
2021032905021196,NIFRA,46,32,60,607.0,36420.0
2021032905021188,NIFRA,46,55,50,607.0,30350.0
2021032905021227,NIFRA,7,41,10,607.0,6070.0
2021032905021219,NIFRA,36,59,60,606.0,36360.0
2021032905021218,NIFRA,42,41,50,607.0,30350.0
2021032905021217,NIFRA,42,1,50,607.0,30350.0
2021032905021214,NIFRA,21,26,25,607.0,15175.0
2021032905021212,NIFRA,21,26,30,607.0,18210.0
2021032905021241,NIFRA,34,29,60,607.0,36420.0
2021032905021238,NIFRA,34,16,20,607.0,12140.0
2021032905021237,NIFRA,36,35,50,606.0,30300.0
2021032905021230,NIFRA,36,51,60,606.0,36360.0
2021032905021229,NIFRA,36,35,50,606.0,30300.0
2021032905021228,NIFRA,7,16,20,607.0,12140.0
2021032905021256,NIFRA,45,32,65,607.0,39455.0
2021032905021255,NIFRA,57,42,50,607.0,30350.0
2021032905021253,NIFRA,57,51,50,607.0,30350.0
2021032905021246,NIFRA,57,39,60,607.0,36420.0
2021032905021245,NIFRA,57,32,40,607.0,24280.0
2021032905021244,NIFRA,34,32,10,607.0,6070.0
2021032905021270,NIFRA,36,33,10,606.0,6060.0
2021032905021266,NIFRA,58,17,395,607.0,239765.0
2021032905021265,NIFRA,58,36,50,607.0,30350.0
2021032905021264,NIFRA,58,32,55,607.0,33385.0
2021032905021262,NIFRA,36,51,60,606.0,36360.0
2021032905021257,NIFRA,42,32,80,607.0,48560.0
2021032905021285,NIFRA,41,51,30,606.0,18180.0
2021032905021284,NIFRA,41,51,50,606.0,30300.0
2021032905021282,NIFRA,45,17,20,607.0,12140.0
2021032905021279,NIFRA,41,45,50,606.0,30300.0
2021032905021277,NIFRA,25,52,7,606.0,4242.0
2021032905021276,NIFRA,36,52,53,606.0,32118.0
2021032905021298,NIFRA,26,17,45,607.0,27315.0
2021032905021297,NIFRA,32,17,40,607.0,24280.0
2021032905021292,NIFRA,7,1,30,606.0,18180.0
2021032905021291,NIFRA,51,1,20,606.0,12120.0
2021032905021289,NIFRA,51,26,50,606.0,30300.0
2021032905021286,NIFRA,51,51,30,606.0,18180.0
2021032905021304,NIFRA,5,16,50,607.0,30350.0
2021032905021303,NIFRA,5,51,60,607.0,36420.0
2021032905021302,NIFRA,5,58,60,607.0,36420.0
2021032905021301,NIFRA,5,58,202,607.0,122614.0
2021032905021300,NIFRA,58,58,83,607.0,50381.0
2021032905021299,NIFRA,26,58,55,607.0,33385.0
2021032905021317,NIFRA,16,51,60,607.0,36420.0
2021032905021316,NIFRA,16,36,60,607.0,36420.0
2021032905021314,NIFRA,16,1,50,607.0,30350.0
2021032905021309,NIFRA,16,41,222,607.0,134754.0
2021032905021308,NIFRA,5,41,78,607.0,47346.0
2021032905021305,NIFRA,5,20,50,607.0,30350.0
2021032905021329,NIFRA,38,14,100,607.0,60700.0
2021032905021328,NIFRA,16,14,500,607.0,303500.0
2021032905021327,NIFRA,16,14,48,607.0,29136.0
2021032905021325,NIFRA,41,52,50,608.0,30400.0
2021032905021324,NIFRA,16,16,50,607.0,30350.0
2021032905021322,NIFRA,16,13,10,607.0,6070.0
2021032905021351,NIFRA,29,32,25,607.0,15175.0
2021032905021348,NIFRA,7,22,50,606.0,30300.0
2021032905021346,NIFRA,7,58,10,606.0,6060.0
2021032905021337,NIFRA,7,34,40,606.0,24240.0
2021032905021336,NIFRA,45,34,10,607.0,6070.0
2021032905021330,NIFRA,7,14,352,606.0,213312.0
2021032905021362,NIFRA,38,32,35,607.0,21245.0
2021032905021360,NIFRA,40,59,50,606.0,30300.0
2021032905021357,NIFRA,57,16,35,606.0,21210.0
2021032905021356,NIFRA,58,16,10,606.0,6060.0
2021032905021355,NIFRA,41,52,42,606.0,25452.0
2021032905021354,NIFRA,7,52,18,606.0,10908.0
2021032905021368,NIFRA,38,36,25,608.0,15200.0
2021032905021367,NIFRA,38,35,10,608.0,6080.0
2021032905021366,NIFRA,38,49,50,607.0,30350.0
2021032905021365,NIFRA,38,51,50,607.0,30350.0
2021032905021364,NIFRA,38,42,60,607.0,36420.0
2021032905021363,NIFRA,38,50,50,607.0,30350.0
2021032905021381,NIFRA,57,16,50,607.0,30350.0
2021032905021377,NIFRA,46,16,10,607.0,6070.0
2021032905021372,NIFRA,38,55,20,608.0,12160.0
2021032905021371,NIFRA,38,45,100,608.0,60800.0
2021032905021370,NIFRA,38,42,50,608.0,30400.0
2021032905021369,NIFRA,38,42,50,608.0,30400.0
2021032905021390,NIFRA,39,1,50,606.0,30300.0
2021032905021387,NIFRA,35,45,100,607.0,60700.0
2021032905021386,NIFRA,39,1,50,606.0,30300.0
2021032905021385,NIFRA,39,40,40,606.0,24240.0
2021032905021384,NIFRA,40,40,10,606.0,6060.0
2021032905021382,NIFRA,57,45,30,607.0,18210.0
2021032905021419,NIFRA,54,45,235,607.0,142645.0
2021032905021414,NIFRA,35,26,100,606.0,60600.0
2021032905021411,NIFRA,35,32,50,606.0,30300.0
2021032905021410,NIFRA,35,3,10,606.0,6060.0
2021032905021406,NIFRA,35,53,690,606.0,418140.0
2021032905021405,NIFRA,39,53,10,606.0,6060.0
2021032905021427,NIFRA,45,49,345,607.0,209415.0
2021032905021426,NIFRA,45,32,60,607.0,36420.0
2021032905021425,NIFRA,35,52,50,606.0,30300.0
2021032905021422,NIFRA,54,49,55,607.0,33385.0
2021032905021421,NIFRA,54,57,60,607.0,36420.0
2021032905021420,NIFRA,54,51,50,607.0,30350.0
2021032905021452,NIFRA,45,58,50,607.0,30350.0
2021032905021449,NIFRA,45,1,60,607.0,36420.0
2021032905021446,NIFRA,45,49,50,607.0,30350.0
2021032905021439,NIFRA,45,52,60,607.0,36420.0
2021032905021433,NIFRA,45,46,450,607.0,273150.0
2021032905021431,NIFRA,45,16,60,607.0,36420.0
2021032905021459,NIFRA,45,18,50,607.0,30350.0
2021032905021458,NIFRA,4,56,50,608.0,30400.0
2021032905021457,NIFRA,4,34,20,608.0,12160.0
2021032905021456,NIFRA,4,55,30,608.0,18240.0
2021032905021455,NIFRA,45,16,60,607.0,36420.0
2021032905021454,NIFRA,45,35,50,607.0,30350.0
2021032905021472,NIFRA,6,42,100,607.0,60700.0
2021032905021471,NIFRA,6,45,15,607.0,9105.0
2021032905021470,NIFRA,45,45,45,607.0,27315.0
2021032905021468,NIFRA,45,1,60,607.0,36420.0
2021032905021466,NIFRA,45,16,50,607.0,30350.0
2021032905021464,NIFRA,45,4,50,607.0,30350.0
2021032905021485,NIFRA,57,58,60,608.0,36480.0
2021032905021484,NIFRA,57,29,50,608.0,30400.0
2021032905021483,NIFRA,57,56,10,608.0,6080.0
2021032905021481,NIFRA,8,52,60,607.0,36420.0
2021032905021478,NIFRA,8,38,15,607.0,9105.0
2021032905021477,NIFRA,6,38,35,607.0,21245.0
2021032905021495,NIFRA,8,51,40,607.0,24280.0
2021032905021493,NIFRA,8,5,50,607.0,30350.0
2021032905021489,NIFRA,57,21,10,608.0,6080.0
2021032905021488,NIFRA,57,22,60,608.0,36480.0
2021032905021487,NIFRA,57,29,60,608.0,36480.0
2021032905021486,NIFRA,57,21,50,608.0,30400.0
2021032905021512,NIFRA,8,38,85,607.0,51595.0
2021032905021511,NIFRA,22,41,20,608.0,12160.0
2021032905021510,NIFRA,22,21,10,608.0,6080.0
2021032905021508,NIFRA,8,52,50,607.0,30350.0
2021032905021502,NIFRA,50,21,30,608.0,18240.0
2021032905021496,NIFRA,8,35,200,607.0,121400.0
2021032905021528,NIFRA,16,10,250,607.0,151750.0
2021032905021527,NIFRA,1,10,250,607.0,151750.0
2021032905021519,NIFRA,38,26,5,607.0,3035.0
2021032905021518,NIFRA,38,45,10,607.0,6070.0
2021032905021517,NIFRA,6,41,50,608.0,30400.0
2021032905021513,NIFRA,38,38,65,607.0,39455.0
2021032905021585,NIFRA,35,17,50,606.0,30300.0
2021032905021579,NIFRA,58,29,190,607.0,115330.0
2021032905021578,NIFRA,41,29,50,607.0,30350.0
2021032905021575,NIFRA,35,16,50,606.0,30300.0
2021032905021530,NIFRA,4,29,50,607.0,30350.0
2021032905021529,NIFRA,4,40,50,607.0,30350.0
2021032905021612,NIFRA,26,17,50,607.0,30350.0
2021032905021611,NIFRA,45,41,20,608.0,12160.0
2021032905021609,NIFRA,29,13,10,607.0,6070.0
2021032905021604,NIFRA,46,57,20,607.0,12140.0
2021032905021602,NIFRA,13,34,50,607.0,30350.0
2021032905021601,NIFRA,13,29,270,607.0,163890.0
2021032905021630,NIFRA,25,49,15,607.0,9105.0
2021032905021628,NIFRA,6,17,50,606.0,30300.0
2021032905021625,NIFRA,58,49,20,607.0,12140.0
2021032905021621,NIFRA,6,17,10,606.0,6060.0
2021032905021620,NIFRA,1,17,50,606.0,30300.0
2021032905021614,NIFRA,58,49,25,607.0,15175.0
2021032905021639,NIFRA,34,16,50,607.0,30350.0
2021032905021638,NIFRA,34,45,50,607.0,30350.0
2021032905021637,NIFRA,34,34,20,607.0,12140.0
2021032905021636,NIFRA,34,26,15,607.0,9105.0
2021032905021632,NIFRA,25,26,35,607.0,21245.0
2021032905021631,NIFRA,25,45,50,607.0,30350.0
2021032905021646,NIFRA,55,17,10,606.0,6060.0
2021032905021645,NIFRA,6,17,40,606.0,24240.0
2021032905021644,NIFRA,42,7,100,607.0,60700.0
2021032905021642,NIFRA,34,7,155,607.0,94085.0
2021032905021641,NIFRA,34,34,50,607.0,30350.0
2021032905021640,NIFRA,34,16,160,607.0,97120.0
2021032905021164,CGH,1,58,10,1933.0,19330.0
2021032905021163,CGH,1,14,10,1933.0,19330.0
2021032905021162,CGH,1,14,10,1933.0,19330.0
2021032905021161,CGH,1,32,10,1933.0,19330.0
2021032905021160,CGH,1,19,10,1933.0,19330.0
2021032905021159,CGH,10,38,10,1932.0,19320.0
2021032905020673,CGH,10,16,10,1932.0,19320.0
2021032905020671,CGH,10,45,10,1932.0,19320.0
2021032905020669,CGH,51,32,10,1933.0,19330.0
2021032905020700,CGH,10,48,10,1932.0,19320.0
2021032905020696,CGH,10,18,10,1932.0,19320.0
2021032905020695,CGH,10,42,10,1932.0,19320.0
2021032905020688,CGH,10,16,10,1932.0,19320.0
2021032905020687,CGH,10,49,10,1932.0,19320.0
2021032905020674,CGH,10,54,10,1932.0,19320.0
2021032905020717,CGH,10,42,10,1932.0,19320.0
2021032905020712,CGH,10,48,10,1932.0,19320.0
2021032905020711,CGH,10,32,10,1932.0,19320.0
2021032905020707,CGH,10,57,10,1932.0,19320.0
2021032905020704,CGH,10,16,10,1932.0,19320.0
2021032905020703,CGH,10,45,10,1932.0,19320.0
2021032905020732,CGH,10,48,10,1932.0,19320.0
2021032905020730,CGH,10,32,10,1932.0,19320.0
2021032905020726,CGH,10,54,10,1932.0,19320.0
2021032905020725,CGH,10,42,10,1932.0,19320.0
2021032905020720,CGH,10,36,10,1932.0,19320.0
2021032905020718,CGH,10,39,10,1932.0,19320.0
2021032905020742,CGH,43,42,10,1933.0,19330.0
2021032905020741,CGH,43,32,10,1933.0,19330.0
2021032905020740,CGH,43,26,10,1933.0,19330.0
2021032905020737,CGH,10,46,10,1932.0,19320.0
2021032905020736,CGH,10,26,10,1932.0,19320.0
2021032905020735,CGH,10,8,10,1932.0,19320.0
2021032905020751,CGH,43,32,10,1933.0,19330.0
2021032905020748,CGH,43,38,10,1933.0,19330.0
2021032905020747,CGH,43,39,10,1933.0,19330.0
2021032905020745,CGH,43,35,10,1933.0,19330.0
2021032905020744,CGH,43,38,10,1933.0,19330.0
2021032905020743,CGH,43,6,10,1933.0,19330.0
2021032905020761,CGH,35,49,10,1933.0,19330.0
2021032905020760,CGH,35,10,10,1933.0,19330.0
2021032905020759,CGH,35,38,10,1933.0,19330.0
2021032905020755,CGH,35,4,10,1933.0,19330.0
2021032905020753,CGH,35,36,10,1933.0,19330.0
2021032905020752,CGH,43,42,10,1933.0,19330.0
2021032905020773,CGH,28,52,10,1933.0,19330.0
2021032905020768,CGH,32,58,10,1933.0,19330.0
2021032905020767,CGH,32,48,10,1933.0,19330.0
2021032905020766,CGH,32,59,10,1933.0,19330.0
2021032905020765,CGH,32,57,10,1933.0,19330.0
2021032905020764,CGH,32,14,10,1933.0,19330.0
2021032905020786,CGH,28,58,10,1933.0,19330.0
2021032905020785,CGH,28,21,10,1933.0,19330.0
2021032905020784,CGH,28,57,10,1933.0,19330.0
2021032905020782,CGH,28,13,10,1933.0,19330.0
2021032905020780,CGH,28,21,10,1933.0,19330.0
2021032905020776,CGH,28,14,10,1933.0,19330.0
2021032905020795,CGH,17,41,10,1934.0,19340.0
2021032905020793,CGH,28,49,10,1933.0,19330.0
2021032905020792,CGH,28,14,10,1933.0,19330.0
2021032905020791,CGH,28,28,10,1933.0,19330.0
2021032905020790,CGH,28,45,10,1933.0,19330.0
2021032905020789,CGH,28,38,10,1933.0,19330.0
2021032905020805,CGH,28,41,10,1933.0,19330.0
2021032905020803,CGH,28,52,10,1933.0,19330.0
2021032905020802,CGH,28,49,10,1933.0,19330.0
2021032905020800,CGH,28,53,10,1933.0,19330.0
2021032905020797,CGH,17,58,10,1934.0,19340.0
2021032905020796,CGH,17,16,10,1934.0,19340.0
2021032905020817,CGH,28,38,10,1933.0,19330.0
2021032905020814,CGH,28,38,10,1933.0,19330.0
2021032905020812,CGH,28,57,10,1933.0,19330.0
2021032905020809,CGH,28,32,10,1933.0,19330.0
2021032905020808,CGH,28,46,10,1933.0,19330.0
2021032905020807,CGH,28,58,10,1933.0,19330.0
2021032905020825,CGH,42,44,10,1933.0,19330.0
2021032905020824,CGH,42,11,10,1933.0,19330.0
2021032905020823,CGH,42,21,10,1933.0,19330.0
2021032905020821,CGH,42,32,10,1933.0,19330.0
2021032905020819,CGH,28,44,10,1933.0,19330.0
2021032905020818,CGH,28,50,10,1933.0,19330.0
2021032905020838,CGH,43,38,10,1933.0,19330.0
2021032905020837,CGH,43,49,10,1933.0,19330.0
2021032905020836,CGH,43,34,10,1933.0,19330.0
2021032905020835,CGH,43,52,10,1933.0,19330.0
2021032905020834,CGH,43,53,10,1933.0,19330.0
2021032905020831,CGH,55,56,10,1933.0,19330.0
2021032905020844,CGH,43,51,10,1933.0,19330.0
2021032905020843,CGH,43,52,10,1933.0,19330.0
2021032905020842,CGH,43,44,10,1933.0,19330.0
2021032905020841,CGH,43,32,10,1933.0,19330.0
2021032905020840,CGH,43,44,10,1933.0,19330.0
2021032905020839,CGH,6,47,10,1934.0,19340.0
2021032905020863,CGH,43,49,10,1933.0,19330.0
2021032905020861,CGH,43,16,10,1933.0,19330.0
2021032905020854,CGH,43,53,10,1933.0,19330.0
2021032905020852,CGH,43,42,10,1933.0,19330.0
2021032905020846,CGH,43,53,10,1933.0,19330.0
2021032905020845,CGH,43,49,10,1933.0,19330.0
2021032905020870,CGH,25,52,10,1933.0,19330.0
2021032905020869,CGH,25,32,10,1933.0,19330.0
2021032905020868,CGH,43,44,10,1933.0,19330.0
2021032905020866,CGH,43,22,10,1933.0,19330.0
2021032905020865,CGH,43,47,10,1933.0,19330.0
2021032905020864,CGH,43,33,10,1933.0,19330.0
2021032905020877,CGH,10,38,10,1932.0,19320.0
2021032905020875,CGH,10,57,10,1932.0,19320.0
2021032905020874,CGH,32,16,10,1933.0,19330.0
2021032905020873,CGH,25,52,10,1933.0,19330.0
2021032905020872,CGH,25,49,10,1933.0,19330.0
2021032905020871,CGH,25,43,10,1933.0,19330.0
2021032905020886,CGH,54,47,10,1933.0,19330.0
2021032905020885,CGH,54,33,10,1933.0,19330.0
2021032905020884,CGH,54,42,10,1933.0,19330.0
2021032905020882,CGH,54,59,10,1933.0,19330.0
2021032905020881,CGH,54,22,10,1933.0,19330.0
2021032905020880,CGH,13,41,10,1932.0,19320.0
2021032905020898,CGH,42,52,10,1933.0,19330.0
2021032905020896,CGH,54,29,10,1933.0,19330.0
2021032905020895,CGH,54,58,10,1933.0,19330.0
2021032905020891,CGH,54,44,10,1933.0,19330.0
2021032905020889,CGH,54,7,10,1933.0,19330.0
2021032905020888,CGH,54,45,10,1933.0,19330.0
2021032905020916,CGH,19,47,10,1933.0,19330.0
2021032905020915,CGH,19,44,10,1933.0,19330.0
2021032905020914,CGH,19,35,10,1933.0,19330.0
2021032905020903,CGH,42,29,10,1933.0,19330.0
2021032905020902,CGH,42,8,10,1933.0,19330.0
2021032905020901,CGH,42,13,10,1933.0,19330.0
2021032905020929,CGH,21,7,10,1933.0,19330.0
2021032905020927,CGH,21,8,10,1933.0,19330.0
2021032905020925,CGH,21,14,10,1933.0,19330.0
2021032905020923,CGH,21,11,10,1933.0,19330.0
2021032905020922,CGH,19,14,10,1933.0,19330.0
2021032905020918,CGH,19,34,10,1933.0,19330.0
2021032905020937,CGH,3,11,10,1934.0,19340.0
2021032905020936,CGH,3,42,10,1934.0,19340.0
2021032905020935,CGH,3,36,10,1934.0,19340.0
2021032905020933,CGH,21,42,10,1933.0,19330.0
2021032905020931,CGH,21,46,10,1933.0,19330.0
2021032905020930,CGH,21,44,10,1933.0,19330.0
2021032905020946,CGH,21,32,10,1933.0,19330.0
2021032905020942,CGH,3,32,10,1935.0,19350.0
2021032905020941,CGH,3,42,10,1935.0,19350.0
2021032905020940,CGH,3,54,10,1935.0,19350.0
2021032905020939,CGH,3,4,10,1935.0,19350.0
2021032905020938,CGH,3,32,10,1934.0,19340.0
2021032905020963,CGH,54,7,10,1933.0,19330.0
2021032905020958,CGH,54,41,10,1933.0,19330.0
2021032905020955,CGH,54,17,10,1933.0,19330.0
2021032905020952,CGH,54,8,10,1933.0,19330.0
2021032905020951,CGH,21,58,10,1933.0,19330.0
2021032905020949,CGH,21,45,10,1933.0,19330.0
2021032905020969,CGH,45,14,10,1935.0,19350.0
2021032905020968,CGH,45,5,10,1935.0,19350.0
2021032905020967,CGH,45,21,10,1935.0,19350.0
2021032905020966,CGH,45,54,10,1935.0,19350.0
2021032905020965,CGH,54,22,10,1933.0,19330.0
2021032905020964,CGH,54,4,10,1933.0,19330.0
2021032905020975,CGH,45,22,10,1935.0,19350.0
2021032905020974,CGH,45,22,10,1935.0,19350.0
2021032905020973,CGH,45,49,10,1935.0,19350.0
2021032905020972,CGH,45,21,10,1935.0,19350.0
2021032905020971,CGH,45,58,10,1935.0,19350.0
2021032905020970,CGH,45,29,10,1935.0,19350.0
2021032905020981,CGH,45,58,10,1935.0,19350.0
2021032905020980,CGH,45,16,10,1935.0,19350.0
2021032905020979,CGH,45,32,10,1935.0,19350.0
2021032905020978,CGH,45,58,10,1935.0,19350.0
2021032905020977,CGH,45,4,10,1935.0,19350.0
2021032905020976,CGH,45,5,10,1935.0,19350.0
2021032905020988,CGH,54,56,10,1933.0,19330.0
2021032905020986,CGH,54,13,10,1933.0,19330.0
2021032905020985,CGH,45,36,10,1935.0,19350.0
2021032905020984,CGH,45,44,10,1935.0,19350.0
2021032905020983,CGH,45,14,10,1935.0,19350.0
2021032905020982,CGH,45,21,10,1935.0,19350.0
2021032905021000,CGH,55,38,10,1933.0,19330.0
2021032905020999,CGH,54,58,10,1933.0,19330.0
2021032905020996,CGH,54,51,10,1933.0,19330.0
2021032905020993,CGH,54,21,10,1933.0,19330.0
2021032905020992,CGH,18,58,10,1934.0,19340.0
2021032905020991,CGH,54,38,10,1933.0,19330.0
2021032905021012,CGH,55,42,10,1933.0,19330.0
2021032905021011,CGH,55,38,10,1933.0,19330.0
2021032905021009,CGH,55,42,10,1933.0,19330.0
2021032905021004,CGH,55,8,10,1933.0,19330.0
2021032905021002,CGH,55,56,10,1933.0,19330.0
2021032905021001,CGH,55,21,10,1933.0,19330.0
2021032905021036,CGH,43,41,10,1933.0,19330.0
2021032905021027,CGH,6,17,10,1932.0,19320.0
2021032905021023,CGH,13,32,10,1932.0,19320.0
2021032905021022,CGH,55,8,10,1933.0,19330.0
2021032905021020,CGH,55,56,10,1933.0,19330.0
2021032905021014,CGH,55,52,10,1933.0,19330.0
2021032905021046,CGH,42,44,10,1932.0,19320.0
2021032905021045,CGH,39,33,10,1933.0,19330.0
2021032905021041,CGH,43,14,10,1933.0,19330.0
2021032905021040,CGH,43,42,10,1933.0,19330.0
2021032905021039,CGH,43,34,10,1933.0,19330.0
2021032905021037,CGH,43,58,10,1933.0,19330.0
2021032905021065,CGH,42,56,10,1932.0,19320.0
2021032905021060,CGH,39,53,10,1933.0,19330.0
2021032905021059,CGH,39,8,10,1933.0,19330.0
2021032905021057,CGH,42,45,10,1932.0,19320.0
2021032905021052,CGH,42,17,10,1932.0,19320.0
2021032905021051,CGH,42,36,10,1932.0,19320.0
2021032905021074,CGH,43,38,10,1932.0,19320.0
2021032905021072,CGH,43,32,10,1932.0,19320.0
2021032905021071,CGH,43,58,10,1932.0,19320.0
2021032905021070,CGH,43,46,10,1932.0,19320.0
2021032905021068,CGH,43,45,10,1932.0,19320.0
2021032905021066,CGH,46,45,10,1932.0,19320.0
2021032905021088,CGH,10,56,10,1933.0,19330.0
2021032905021087,CGH,43,44,10,1932.0,19320.0
2021032905021085,CGH,43,36,10,1932.0,19320.0
2021032905021078,CGH,43,22,10,1932.0,19320.0
2021032905021077,CGH,43,17,10,1932.0,19320.0
2021032905021075,CGH,43,13,10,1932.0,19320.0
2021032905021094,CGH,10,22,10,1934.0,19340.0
2021032905021093,CGH,10,38,10,1933.0,19330.0
2021032905021092,CGH,10,45,10,1933.0,19330.0
2021032905021091,CGH,10,21,10,1933.0,19330.0
2021032905021090,CGH,10,50,10,1933.0,19330.0
2021032905021089,CGH,10,52,10,1933.0,19330.0
2021032905021101,CGH,43,51,10,1932.0,19320.0
2021032905021100,CGH,43,46,10,1932.0,19320.0
2021032905021099,CGH,43,22,10,1932.0,19320.0
2021032905021097,CGH,10,48,10,1934.0,19340.0
2021032905021096,CGH,10,48,10,1934.0,19340.0
2021032905021095,CGH,10,21,10,1934.0,19340.0
2021032905021112,CGH,43,1,10,1933.0,19330.0
2021032905021109,CGH,43,14,10,1933.0,19330.0
2021032905021107,CGH,43,54,10,1932.0,19320.0
2021032905021105,CGH,43,16,10,1932.0,19320.0
2021032905021103,CGH,43,56,10,1932.0,19320.0
2021032905021102,CGH,43,17,10,1932.0,19320.0
2021032905021126,CGH,55,56,10,1932.0,19320.0
2021032905021123,CGH,55,17,10,1932.0,19320.0
2021032905021122,CGH,43,42,10,1932.0,19320.0
2021032905021117,CGH,43,25,10,1932.0,19320.0
2021032905021116,CGH,43,48,10,1932.0,19320.0
2021032905021114,CGH,43,44,10,1933.0,19330.0
2021032905021136,CGH,10,47,10,1932.0,19320.0
2021032905021135,CGH,10,21,10,1932.0,19320.0
2021032905021134,CGH,10,6,10,1932.0,19320.0
2021032905021133,CGH,10,56,10,1932.0,19320.0
2021032905021132,CGH,10,49,10,1932.0,19320.0
2021032905021127,CGH,10,34,10,1932.0,19320.0
2021032905021158,CGH,10,10,10,1932.0,19320.0
2021032905021157,CGH,10,48,10,1932.0,19320.0
2021032905021156,CGH,10,45,10,1932.0,19320.0
2021032905021143,CGH,10,32,10,1932.0,19320.0
2021032905021138,CGH,10,47,10,1932.0,19320.0
2021032905021137,CGH,10,29,10,1932.0,19320.0
2021032905021142,GLH,50,39,10,380.0,3800.0
2021032905021121,GLH,50,22,20,380.0,7600.0
2021032905021115,GLH,50,13,10,380.0,3800.0
2021032905021083,GLH,50,17,10,380.0,3800.0
2021032905021082,GLH,50,42,10,380.0,3800.0
2021032905021080,GLH,50,22,10,380.0,3800.0
2021032905020668,GLH,45,22,10,378.0,3780.0
2021032905020667,GLH,45,34,10,378.0,3780.0
2021032905020772,GLH,45,13,10,379.0,3790.0
2021032905020762,GLH,45,34,10,379.0,3790.0
2021032905020724,GLH,45,35,10,378.0,3780.0
2021032905020706,GLH,45,58,10,378.0,3780.0
2021032905020685,GLH,45,42,10,378.0,3780.0
2021032905020670,GLH,45,21,10,378.0,3780.0
2021032905020893,GLH,45,57,10,380.0,3800.0
2021032905020879,GLH,19,4,10,380.0,3800.0
2021032905020859,GLH,45,58,10,379.0,3790.0
2021032905020833,GLH,45,21,10,379.0,3790.0
2021032905020798,GLH,45,52,10,379.0,3790.0
2021032905020787,GLH,45,29,10,379.0,3790.0
2021032905021015,GLH,45,37,10,379.0,3790.0
2021032905021008,GLH,45,51,10,379.0,3790.0
2021032905021006,GLH,45,21,10,379.0,3790.0
2021032905020987,GLH,45,51,10,379.0,3790.0
2021032905020943,GLH,45,51,10,379.0,3790.0
2021032905020921,GLH,45,51,10,379.0,3790.0
2021032905021079,GLH,50,58,10,380.0,3800.0
2021032905021061,GLH,45,52,10,379.0,3790.0
2021032905021054,GLH,45,22,10,379.0,3790.0
2021032905021034,GLH,45,29,10,379.0,3790.0
2021032905021033,GLH,48,42,10,380.0,3800.0
2021032905021032,GLH,48,17,10,380.0,3800.0
2021032905021166,NIFRA,48,32,827,607.0,501989.0
2021032905021165,NIFRA,43,32,200,607.0,121400.0
2021032905021155,NIFRA,45,58,10,606.0,6060.0
2021032905021154,NIFRA,59,41,100,607.0,60700.0
2021032905021153,NIFRA,59,58,60,607.0,36420.0
2021032905021152,NIFRA,59,36,50,607.0,30350.0
2021032905020676,NIFRA,8,21,50,604.0,30200.0
2021032905020675,NIFRA,16,45,50,605.0,30250.0
2021032905020672,NIFRA,8,39,50,604.0,30200.0
2021032905020682,NIFRA,47,51,60,605.0,36300.0
2021032905020681,NIFRA,47,45,20,605.0,12100.0
2021032905020680,NIFRA,58,35,50,604.0,30200.0
2021032905020679,NIFRA,58,39,466,604.0,281464.0
2021032905020678,NIFRA,22,39,100,604.0,60400.0
2021032905020677,NIFRA,8,39,24,604.0,14496.0
2021032905020691,NIFRA,13,35,50,605.0,30250.0
2021032905020690,NIFRA,13,18,50,605.0,30250.0
2021032905020689,NIFRA,13,34,120,605.0,72600.0
2021032905020686,NIFRA,58,47,60,604.0,36240.0
2021032905020684,NIFRA,47,34,120,605.0,72600.0
2021032905020683,NIFRA,47,21,50,605.0,30250.0
2021032905020699,NIFRA,13,32,45,605.0,27225.0
2021032905020698,NIFRA,13,32,60,605.0,36300.0
2021032905020697,NIFRA,13,42,60,605.0,36300.0
2021032905020694,NIFRA,38,45,170,606.0,103020.0
2021032905020693,NIFRA,13,26,50,605.0,30250.0
2021032905020692,NIFRA,13,42,50,605.0,30250.0
2021032905020710,NIFRA,57,28,70,605.0,42350.0
2021032905020709,NIFRA,57,54,40,605.0,24200.0
2021032905020708,NIFRA,42,57,50,604.0,30200.0
2021032905020705,NIFRA,42,58,10,604.0,6040.0
2021032905020702,NIFRA,42,6,35,604.0,21140.0
2021032905020701,NIFRA,13,6,15,605.0,9075.0
2021032905020721,NIFRA,10,21,60,605.0,36300.0
2021032905020719,NIFRA,16,38,40,605.0,24200.0
2021032905020716,NIFRA,42,28,50,605.0,30250.0
2021032905020715,NIFRA,42,47,50,604.0,30200.0
2021032905020714,NIFRA,42,45,50,604.0,30200.0
2021032905020713,NIFRA,42,21,50,604.0,30200.0
2021032905020731,NIFRA,55,47,50,605.0,30250.0
2021032905020729,NIFRA,55,36,50,605.0,30250.0
2021032905020728,NIFRA,55,58,30,605.0,18150.0
2021032905020727,NIFRA,55,50,110,605.0,66550.0
2021032905020723,NIFRA,10,50,90,605.0,54450.0
2021032905020722,NIFRA,10,38,10,605.0,6050.0
2021032905020749,NIFRA,55,26,60,605.0,36300.0
2021032905020746,NIFRA,55,25,"5,000",605.0,3025000.0
2021032905020739,NIFRA,55,45,50,605.0,30250.0
2021032905020738,NIFRA,55,34,50,605.0,30250.0
2021032905020734,NIFRA,55,6,50,605.0,30250.0
2021032905020733,NIFRA,55,18,50,605.0,30250.0
2021032905020763,NIFRA,55,21,50,605.0,30250.0
2021032905020758,NIFRA,55,50,100,605.0,60500.0
2021032905020757,NIFRA,55,21,60,605.0,36300.0
2021032905020756,NIFRA,55,47,60,605.0,36300.0
2021032905020754,NIFRA,55,43,30,605.0,18150.0
2021032905020750,NIFRA,55,7,60,605.0,36300.0
2021032905020777,NIFRA,42,18,10,605.0,6050.0
2021032905020775,NIFRA,38,6,40,605.0,24200.0
2021032905020774,NIFRA,55,6,20,605.0,12100.0
2021032905020771,NIFRA,55,21,60,605.0,36300.0
2021032905020770,NIFRA,55,47,60,605.0,36300.0
2021032905020769,NIFRA,7,45,10,606.0,6060.0
2021032905020794,NIFRA,55,51,50,605.0,30250.0
2021032905020788,NIFRA,55,21,60,605.0,36300.0
2021032905020783,NIFRA,55,26,50,605.0,30250.0
2021032905020781,NIFRA,55,39,50,605.0,30250.0
2021032905020779,NIFRA,34,45,9,605.0,5445.0
2021032905020778,NIFRA,34,18,40,605.0,24200.0
2021032905020811,NIFRA,55,44,50,605.0,30250.0
2021032905020810,NIFRA,55,49,20,605.0,12100.0
2021032905020806,NIFRA,55,17,100,605.0,60500.0
2021032905020804,NIFRA,55,18,60,605.0,36300.0
2021032905020801,NIFRA,55,45,21,605.0,12705.0
2021032905020799,NIFRA,55,49,30,605.0,18150.0
2021032905020826,NIFRA,55,53,50,605.0,30250.0
2021032905020822,NIFRA,55,58,60,605.0,36300.0
2021032905020820,NIFRA,55,52,50,605.0,30250.0
2021032905020816,NIFRA,55,21,50,605.0,30250.0
2021032905020815,NIFRA,55,10,300,605.0,181500.0
2021032905020813,NIFRA,55,29,60,605.0,36300.0
2021032905020847,NIFRA,55,21,150,605.0,90750.0
2021032905020832,NIFRA,51,45,20,606.0,12120.0
2021032905020830,NIFRA,55,5,200,605.0,121000.0
2021032905020829,NIFRA,55,34,50,605.0,30250.0
2021032905020828,NIFRA,55,21,10,605.0,6050.0
2021032905020827,NIFRA,55,34,10,605.0,6050.0
2021032905020855,NIFRA,55,6,60,605.0,36300.0
2021032905020853,NIFRA,55,14,10,605.0,6050.0
2021032905020851,NIFRA,59,50,251,606.0,152106.0
2021032905020850,NIFRA,59,7,100,606.0,60600.0
2021032905020849,NIFRA,59,34,100,606.0,60600.0
2021032905020848,NIFRA,59,45,49,606.0,29694.0
2021032905020867,NIFRA,55,34,350,605.0,211750.0
2021032905020862,NIFRA,55,29,50,605.0,30250.0
2021032905020860,NIFRA,55,34,60,605.0,36300.0
2021032905020858,NIFRA,55,42,50,605.0,30250.0
2021032905020857,NIFRA,55,21,50,605.0,30250.0
2021032905020856,NIFRA,55,45,60,605.0,36300.0
2021032905020892,NIFRA,17,50,20,606.0,12120.0
2021032905020890,NIFRA,55,8,60,605.0,36300.0
2021032905020887,NIFRA,55,50,165,606.0,99990.0
2021032905020883,NIFRA,55,41,40,605.0,24200.0
2021032905020878,NIFRA,55,42,500,605.0,302500.0
2021032905020876,NIFRA,55,52,50,605.0,30250.0
2021032905020905,NIFRA,47,34,100,606.0,60600.0
2021032905020904,NIFRA,47,50,564,606.0,341784.0
2021032905020900,NIFRA,55,59,60,605.0,36300.0
2021032905020899,NIFRA,55,6,50,605.0,30250.0
2021032905020897,NIFRA,55,35,50,605.0,30250.0
2021032905020894,NIFRA,55,38,60,605.0,36300.0
2021032905020911,NIFRA,55,42,34,606.0,20604.0
2021032905020910,NIFRA,47,42,26,606.0,15756.0
2021032905020909,NIFRA,47,22,60,606.0,36360.0
2021032905020908,NIFRA,47,58,60,606.0,36360.0
2021032905020907,NIFRA,47,42,60,606.0,36360.0
2021032905020906,NIFRA,47,29,130,606.0,78780.0
2021032905020924,NIFRA,55,33,60,606.0,36360.0
2021032905020920,NIFRA,55,49,190,606.0,115140.0
2021032905020919,NIFRA,55,57,50,606.0,30300.0
2021032905020917,NIFRA,55,32,57,606.0,34542.0
2021032905020913,NIFRA,55,34,300,606.0,181800.0
2021032905020912,NIFRA,55,22,60,606.0,36360.0
2021032905020945,NIFRA,55,1,50,606.0,30300.0
2021032905020944,NIFRA,55,18,60,606.0,36360.0
2021032905020934,NIFRA,55,49,250,606.0,151500.0
2021032905020932,NIFRA,55,41,50,606.0,30300.0
2021032905020928,NIFRA,55,38,50,606.0,30300.0
2021032905020926,NIFRA,55,32,50,606.0,30300.0
2021032905020956,NIFRA,55,3,50,606.0,30300.0
2021032905020954,NIFRA,55,49,50,606.0,30300.0
2021032905020953,NIFRA,55,57,60,606.0,36360.0
2021032905020950,NIFRA,55,6,50,606.0,30300.0
2021032905020948,NIFRA,55,58,150,606.0,90900.0
2021032905020947,NIFRA,55,49,50,606.0,30300.0
2021032905020989,NIFRA,55,11,40,606.0,24240.0
2021032905020962,NIFRA,55,38,50,606.0,30300.0
2021032905020961,NIFRA,55,6,60,606.0,36360.0
2021032905020960,NIFRA,55,32,60,606.0,36360.0
2021032905020959,NIFRA,55,16,50,606.0,30300.0
2021032905020957,NIFRA,55,55,50,606.0,30300.0
2021032905021003,NIFRA,53,21,30,607.0,18210.0
2021032905020998,NIFRA,55,36,50,606.0,30300.0
2021032905020997,NIFRA,32,21,100,607.0,60700.0
2021032905020995,NIFRA,55,18,60,606.0,36360.0
2021032905020994,NIFRA,55,32,50,606.0,30300.0
2021032905020990,NIFRA,55,49,50,606.0,30300.0
2021032905021017,NIFRA,55,14,"1,000",606.0,606000.0
2021032905021016,NIFRA,55,32,50,606.0,30300.0
2021032905021013,NIFRA,55,57,60,606.0,36360.0
2021032905021010,NIFRA,55,32,10,606.0,6060.0
2021032905021007,NIFRA,55,59,50,606.0,30300.0
2021032905021005,NIFRA,55,37,50,606.0,30300.0
2021032905021026,NIFRA,55,58,40,606.0,24240.0
2021032905021025,NIFRA,55,34,50,606.0,30300.0
2021032905021024,NIFRA,29,21,50,607.0,30350.0
2021032905021021,NIFRA,55,14,50,606.0,30300.0
2021032905021019,NIFRA,55,21,10,606.0,6060.0
2021032905021018,NIFRA,55,49,50,606.0,30300.0
2021032905021038,NIFRA,55,1,10,606.0,6060.0
2021032905021035,NIFRA,55,10,500,606.0,303000.0
2021032905021031,NIFRA,55,6,60,606.0,36360.0
2021032905021030,NIFRA,55,17,10,606.0,6060.0
2021032905021029,NIFRA,55,38,50,606.0,30300.0
2021032905021028,NIFRA,55,6,50,606.0,30300.0
2021032905021049,NIFRA,49,41,10,607.0,6070.0
2021032905021048,NIFRA,49,32,40,607.0,24280.0
2021032905021047,NIFRA,49,21,135,607.0,81945.0
2021032905021044,NIFRA,55,19,20,606.0,12120.0
2021032905021043,NIFRA,55,13,50,606.0,30300.0
2021032905021042,NIFRA,55,32,60,606.0,36360.0
2021032905021062,NIFRA,55,21,50,606.0,30300.0
2021032905021058,NIFRA,55,36,60,606.0,36360.0
2021032905021056,NIFRA,55,42,50,606.0,30300.0
2021032905021055,NIFRA,55,14,60,606.0,36360.0
2021032905021053,NIFRA,3,49,100,607.0,60700.0
2021032905021050,NIFRA,49,49,115,607.0,69805.0
2021032905021076,NIFRA,55,58,40,606.0,24240.0
2021032905021073,NIFRA,55,1,360,606.0,218160.0
2021032905021069,NIFRA,34,49,35,607.0,21245.0
2021032905021067,NIFRA,49,49,10,607.0,6070.0
2021032905021064,NIFRA,55,1,100,606.0,60600.0
2021032905021063,NIFRA,55,17,50,606.0,30300.0
2021032905021106,NIFRA,16,49,200,607.0,121400.0
2021032905021104,NIFRA,8,49,30,607.0,18210.0
2021032905021098,NIFRA,55,46,50,606.0,30300.0
2021032905021086,NIFRA,55,41,50,606.0,30300.0
2021032905021084,NIFRA,55,52,50,606.0,30300.0
2021032905021081,NIFRA,55,48,50,606.0,30300.0
2021032905021119,NIFRA,10,49,40,607.0,24280.0
2021032905021118,NIFRA,10,32,10,606.0,6060.0
2021032905021113,NIFRA,22,49,25,607.0,15175.0
2021032905021111,NIFRA,55,55,50,606.0,30300.0
2021032905021110,NIFRA,55,20,60,606.0,36360.0
2021032905021108,NIFRA,55,35,50,606.0,30300.0
2021032905021130,NIFRA,1,39,65,607.0,39455.0
2021032905021129,NIFRA,34,39,35,607.0,21245.0
2021032905021128,NIFRA,34,29,30,607.0,18210.0
2021032905021125,NIFRA,55,17,50,606.0,30300.0
2021032905021124,NIFRA,55,49,50,606.0,30300.0
2021032905021120,NIFRA,29,49,5,607.0,3035.0
2021032905021145,NIFRA,59,45,50,607.0,30350.0
2021032905021144,NIFRA,59,52,24,607.0,14568.0
2021032905021141,NIFRA,53,49,30,606.0,18180.0
2021032905021140,NIFRA,19,49,50,606.0,30300.0
2021032905021139,NIFRA,55,49,349,606.0,211494.0
2021032905021131,NIFRA,1,52,36,607.0,21852.0
2021032905021151,NIFRA,59,16,50,607.0,30350.0
2021032905021150,NIFRA,59,14,60,607.0,36420.0
2021032905021149,NIFRA,59,22,25,607.0,15175.0
2021032905021148,NIFRA,59,57,10,607.0,6070.0
2021032905021147,NIFRA,59,25,50,607.0,30350.0
2021032905021146,NIFRA,59,56,40,607.0,24280.0
2021032905020666,CGH,51,45,10,1933.0,19330.0
2021032905020663,CGH,51,58,10,1933.0,19330.0
2021032905020662,CGH,51,13,10,1933.0,19330.0
2021032905020661,CGH,51,11,10,1933.0,19330.0
2021032905020659,CGH,10,21,10,1932.0,19320.0
2021032905020657,CGH,10,58,10,1932.0,19320.0
2021032905020176,CGH,25,5,10,1937.0,19370.0
2021032905020173,CGH,25,1,10,1937.0,19370.0
2021032905020172,CGH,25,42,10,1937.0,19370.0
2021032905020169,CGH,25,41,10,1937.0,19370.0
2021032905020168,CGH,25,6,10,1937.0,19370.0
2021032905020167,CGH,25,43,10,1937.0,19370.0
2021032905020223,CGH,49,57,10,1936.0,19360.0
2021032905020217,CGH,49,59,10,1936.0,19360.0
2021032905020212,CGH,25,38,10,1937.0,19370.0
2021032905020211,CGH,25,21,10,1937.0,19370.0
2021032905020179,CGH,25,45,10,1937.0,19370.0
2021032905020178,CGH,25,39,10,1937.0,19370.0
2021032905020242,CGH,49,6,10,1936.0,19360.0
2021032905020239,CGH,49,38,10,1936.0,19360.0
2021032905020237,CGH,49,48,10,1936.0,19360.0
2021032905020228,CGH,49,56,10,1936.0,19360.0
2021032905020225,CGH,49,42,10,1936.0,19360.0
2021032905020224,CGH,49,38,10,1936.0,19360.0
2021032905020254,CGH,38,49,10,1940.0,19400.0
2021032905020253,CGH,38,58,10,1939.0,19390.0
2021032905020251,CGH,49,6,10,1936.0,19360.0
2021032905020250,CGH,49,41,10,1936.0,19360.0
2021032905020249,CGH,49,38,10,1936.0,19360.0
2021032905020248,CGH,49,59,10,1936.0,19360.0
2021032905020260,CGH,38,52,10,1940.0,19400.0
2021032905020259,CGH,38,47,10,1940.0,19400.0
2021032905020258,CGH,38,32,10,1940.0,19400.0
2021032905020257,CGH,38,16,10,1940.0,19400.0
2021032905020256,CGH,38,49,10,1940.0,19400.0
2021032905020255,CGH,38,46,10,1940.0,19400.0
2021032905020275,CGH,4,32,10,1936.0,19360.0
2021032905020274,CGH,4,55,10,1936.0,19360.0
2021032905020273,CGH,4,4,10,1936.0,19360.0
2021032905020264,CGH,4,57,10,1936.0,19360.0
2021032905020263,CGH,38,26,10,1940.0,19400.0
2021032905020261,CGH,38,57,10,1940.0,19400.0
2021032905020306,CGH,26,50,10,1940.0,19400.0
2021032905020303,CGH,26,48,10,1940.0,19400.0
2021032905020300,CGH,26,32,10,1940.0,19400.0
2021032905020294,CGH,26,58,10,1940.0,19400.0
2021032905020293,CGH,6,19,10,1940.0,19400.0
2021032905020278,CGH,6,57,10,1940.0,19400.0
2021032905020320,CGH,26,57,10,1940.0,19400.0
2021032905020319,CGH,26,38,10,1940.0,19400.0
2021032905020317,CGH,26,42,10,1940.0,19400.0
2021032905020316,CGH,26,38,10,1940.0,19400.0
2021032905020310,CGH,26,49,10,1940.0,19400.0
2021032905020309,CGH,26,11,10,1940.0,19400.0
2021032905020345,CGH,42,45,10,1936.0,19360.0
2021032905020344,CGH,6,39,10,1940.0,19400.0
2021032905020343,CGH,6,1,10,1940.0,19400.0
2021032905020337,CGH,4,45,10,1936.0,19360.0
2021032905020328,CGH,55,35,10,1939.0,19390.0
2021032905020324,CGH,55,32,10,1939.0,19390.0
2021032905020364,CGH,46,32,10,1935.0,19350.0
2021032905020358,CGH,40,17,10,1937.0,19370.0
2021032905020353,CGH,6,16,10,1940.0,19400.0
2021032905020350,CGH,14,45,10,1936.0,19360.0
2021032905020348,CGH,14,17,10,1936.0,19360.0
2021032905020347,CGH,42,45,10,1936.0,19360.0
2021032905020375,CGH,41,39,10,1940.0,19400.0
2021032905020374,CGH,41,26,10,1940.0,19400.0
2021032905020373,CGH,41,17,10,1936.0,19360.0
2021032905020372,CGH,41,58,10,1936.0,19360.0
2021032905020371,CGH,41,45,10,1936.0,19360.0
2021032905020369,CGH,49,38,10,1935.0,19350.0
2021032905020382,CGH,49,48,10,1935.0,19350.0
2021032905020380,CGH,41,8,10,1940.0,19400.0
2021032905020379,CGH,41,26,10,1940.0,19400.0
2021032905020378,CGH,41,42,10,1940.0,19400.0
2021032905020377,CGH,41,42,10,1940.0,19400.0
2021032905020376,CGH,41,42,10,1940.0,19400.0
2021032905020408,CGH,51,38,10,1935.0,19350.0
2021032905020389,CGH,44,43,10,1935.0,19350.0
2021032905020388,CGH,46,39,10,1935.0,19350.0
2021032905020387,CGH,49,32,10,1935.0,19350.0
2021032905020386,CGH,49,45,10,1935.0,19350.0
2021032905020383,CGH,49,19,10,1935.0,19350.0
2021032905020414,CGH,32,11,10,1940.0,19400.0
2021032905020413,CGH,32,59,10,1938.0,19380.0
2021032905020412,CGH,32,40,10,1936.0,19360.0
2021032905020411,CGH,32,57,10,1935.0,19350.0
2021032905020410,CGH,32,5,10,1935.0,19350.0
2021032905020409,CGH,51,41,10,1935.0,19350.0
2021032905020429,CGH,39,26,10,1935.0,19350.0
2021032905020428,CGH,39,42,10,1935.0,19350.0
2021032905020426,CGH,7,38,10,1934.0,19340.0
2021032905020422,CGH,7,51,10,1934.0,19340.0
2021032905020418,CGH,51,58,10,1934.0,19340.0
2021032905020417,CGH,32,42,10,1936.0,19360.0
2021032905020444,CGH,7,38,10,1934.0,19340.0
2021032905020443,CGH,7,45,10,1934.0,19340.0
2021032905020439,CGH,48,44,5,1940.0,9700.0
2021032905020432,CGH,39,6,10,1936.0,19360.0
2021032905020431,CGH,39,21,10,1935.0,19350.0
2021032905020430,CGH,39,43,10,1935.0,19350.0
2021032905020459,CGH,21,33,10,1934.0,19340.0
2021032905020457,CGH,26,41,10,1934.0,19340.0
2021032905020456,CGH,26,59,10,1934.0,19340.0
2021032905020452,CGH,7,26,10,1935.0,19350.0
2021032905020451,CGH,46,45,10,1934.0,19340.0
2021032905020449,CGH,7,8,10,1934.0,19340.0
2021032905020473,CGH,21,14,10,1935.0,19350.0
2021032905020471,CGH,21,34,10,1935.0,19350.0
2021032905020470,CGH,21,20,10,1935.0,19350.0
2021032905020462,CGH,21,57,10,1935.0,19350.0
2021032905020461,CGH,21,52,10,1935.0,19350.0
2021032905020460,CGH,21,39,10,1934.0,19340.0
2021032905020484,CGH,55,8,10,1935.0,19350.0
2021032905020481,CGH,55,51,10,1935.0,19350.0
2021032905020479,CGH,51,48,10,1934.0,19340.0
2021032905020478,CGH,21,16,10,1935.0,19350.0
2021032905020476,CGH,21,7,10,1935.0,19350.0
2021032905020474,CGH,21,52,10,1935.0,19350.0
2021032905020502,CGH,53,3,10,1933.0,19330.0
2021032905020499,CGH,53,32,10,1933.0,19330.0
2021032905020498,CGH,53,43,10,1933.0,19330.0
2021032905020491,CGH,29,14,10,1935.0,19350.0
2021032905020490,CGH,53,59,10,1933.0,19330.0
2021032905020489,CGH,51,4,10,1934.0,19340.0
2021032905020513,CGH,53,34,10,1933.0,19330.0
2021032905020512,CGH,53,22,10,1933.0,19330.0
2021032905020510,CGH,53,35,10,1933.0,19330.0
2021032905020508,CGH,53,58,10,1933.0,19330.0
2021032905020504,CGH,53,42,10,1933.0,19330.0
2021032905020503,CGH,54,45,10,1934.0,19340.0
2021032905020536,CGH,44,42,10,1932.0,19320.0
2021032905020535,CGH,45,58,10,1932.0,19320.0
2021032905020533,CGH,39,45,10,1932.0,19320.0
2021032905020531,CGH,39,32,10,1932.0,19320.0
2021032905020528,CGH,46,35,10,1933.0,19330.0
2021032905020518,CGH,53,26,10,1933.0,19330.0
2021032905020550,CGH,44,26,10,1932.0,19320.0
2021032905020545,CGH,44,58,10,1932.0,19320.0
2021032905020544,CGH,44,57,10,1932.0,19320.0
2021032905020543,CGH,44,38,10,1932.0,19320.0
2021032905020542,CGH,44,38,10,1932.0,19320.0
2021032905020537,CGH,44,36,10,1932.0,19320.0
2021032905020556,CGH,50,36,10,1933.0,19330.0
2021032905020555,CGH,50,39,10,1933.0,19330.0
2021032905020554,CGH,36,45,10,1932.0,19320.0
2021032905020553,CGH,44,43,10,1932.0,19320.0
2021032905020552,CGH,44,21,10,1932.0,19320.0
2021032905020551,CGH,44,50,10,1932.0,19320.0
2021032905020566,CGH,28,38,10,1932.0,19320.0
2021032905020564,CGH,28,20,10,1932.0,19320.0
2021032905020563,CGH,36,34,10,1932.0,19320.0
2021032905020559,CGH,50,39,10,1933.0,19330.0
2021032905020558,CGH,50,32,10,1933.0,19330.0
2021032905020557,CGH,50,34,10,1933.0,19330.0
2021032905020574,CGH,28,22,10,1932.0,19320.0
2021032905020573,CGH,28,45,10,1932.0,19320.0
2021032905020572,CGH,28,51,10,1932.0,19320.0
2021032905020569,CGH,28,36,10,1932.0,19320.0
2021032905020568,CGH,14,58,10,1933.0,19330.0
2021032905020567,CGH,14,21,10,1933.0,19330.0
2021032905020580,CGH,10,52,10,1933.0,19330.0
2021032905020579,CGH,10,36,10,1933.0,19330.0
2021032905020578,CGH,28,45,10,1932.0,19320.0
2021032905020577,CGH,28,8,10,1932.0,19320.0
2021032905020576,CGH,28,32,10,1932.0,19320.0
2021032905020575,CGH,28,38,10,1932.0,19320.0
2021032905020590,CGH,28,10,10,1932.0,19320.0
2021032905020589,CGH,28,16,10,1932.0,19320.0
2021032905020586,CGH,28,58,10,1932.0,19320.0
2021032905020584,CGH,28,55,10,1932.0,19320.0
2021032905020582,CGH,28,8,10,1932.0,19320.0
2021032905020581,CGH,28,11,10,1932.0,19320.0
2021032905020599,CGH,28,8,10,1932.0,19320.0
2021032905020598,CGH,3,16,10,1933.0,19330.0
2021032905020597,CGH,3,57,10,1933.0,19330.0
2021032905020596,CGH,28,26,10,1932.0,19320.0
2021032905020592,CGH,28,20,10,1932.0,19320.0
2021032905020591,CGH,28,44,10,1932.0,19320.0
2021032905020609,CGH,10,14,10,1932.0,19320.0
2021032905020608,CGH,10,45,10,1932.0,19320.0
2021032905020607,CGH,10,56,10,1932.0,19320.0
2021032905020605,CGH,10,21,10,1932.0,19320.0
2021032905020604,CGH,10,48,10,1932.0,19320.0
2021032905020601,CGH,28,55,10,1932.0,19320.0
2021032905020618,CGH,10,34,10,1932.0,19320.0
2021032905020617,CGH,10,51,10,1932.0,19320.0
2021032905020615,CGH,10,55,10,1932.0,19320.0
2021032905020613,CGH,10,32,10,1932.0,19320.0
2021032905020612,CGH,10,41,10,1932.0,19320.0
2021032905020611,CGH,10,53,10,1932.0,19320.0
2021032905020633,CGH,10,38,10,1932.0,19320.0
2021032905020632,CGH,10,53,10,1932.0,19320.0
2021032905020626,CGH,10,58,10,1932.0,19320.0
2021032905020623,CGH,10,56,10,1932.0,19320.0
2021032905020620,CGH,10,50,10,1932.0,19320.0
2021032905020619,CGH,10,42,10,1932.0,19320.0
2021032905020656,CGH,10,16,10,1932.0,19320.0
2021032905020652,CGH,10,52,10,1932.0,19320.0
2021032905020651,CGH,10,57,10,1932.0,19320.0
2021032905020650,CGH,10,41,10,1932.0,19320.0
2021032905020649,CGH,10,39,10,1932.0,19320.0
2021032905020645,CGH,10,59,10,1932.0,19320.0
2021032905020665,GLH,45,52,10,378.0,3780.0
2021032905020664,GLH,45,42,10,378.0,3780.0
2021032905020654,GLH,45,46,10,380.0,3800.0
2021032905020653,GLH,45,47,"1,010",380.0,383800.0
2021032905020606,GLH,45,21,10,378.0,3780.0
2021032905020600,GLH,45,57,10,378.0,3780.0
2021032905020282,GLH,45,45,10,378.0,3780.0
2021032905020272,GLH,45,38,10,378.0,3780.0
2021032905020213,GLH,5,55,10,379.0,3790.0
2021032905020177,GLH,45,36,10,378.0,3780.0
2021032905020346,GLH,45,58,10,378.0,3780.0
2021032905020342,GLH,45,1,10,378.0,3780.0
2021032905020335,GLH,45,38,10,378.0,3780.0
