Transact. No.,Symbol,Buyer,Seller,Quantity,Rate,Amount
2021033005017162,CGH,56,4,30,2050.0,61500.0
2021033005017161,CGH,56,4,20,2050.0,41000.0
2021033005017159,CGH,45,10,10,2045.0,20450.0
2021033005017158,CGH,45,45,10,2045.0,20450.0
2021033005017149,CGH,3,52,10,2046.0,20460.0
2021033005017148,CGH,3,50,10,2046.0,20460.0
2021033005016689,CGH,38,10,10,2036.0,20360.0
2021033005016688,CGH,44,17,10,2036.0,20360.0
2021033005016684,CGH,44,10,10,2036.0,20360.0
2021033005016683,CGH,44,38,10,2036.0,20360.0
2021033005016679,CGH,44,38,10,2036.0,20360.0
2021033005016668,CGH,44,10,10,2036.0,20360.0
2021033005016703,CGH,26,22,10,2037.0,20370.0
2021033005016702,CGH,26,48,10,2037.0,20370.0
2021033005016699,CGH,26,41,10,2037.0,20370.0
2021033005016698,CGH,26,10,10,2037.0,20370.0
2021033005016693,CGH,26,7,10,2037.0,20370.0
2021033005016690,CGH,38,32,10,2036.0,20360.0
2021033005016709,CGH,38,11,10,2040.0,20400.0
2021033005016708,CGH,38,36,10,2040.0,20400.0
2021033005016707,CGH,38,4,10,2040.0,20400.0
2021033005016706,CGH,38,7,10,2040.0,20400.0
2021033005016705,CGH,38,52,10,2040.0,20400.0
2021033005016704,CGH,38,7,10,2040.0,20400.0
2021033005016729,CGH,38,51,10,2040.0,20400.0
2021033005016722,CGH,38,58,10,2040.0,20400.0
2021033005016718,CGH,38,10,10,2040.0,20400.0
2021033005016714,CGH,38,11,10,2040.0,20400.0
2021033005016711,CGH,38,29,10,2040.0,20400.0
2021033005016710,CGH,38,11,10,2040.0,20400.0
2021033005016770,CGH,43,45,10,2041.0,20410.0
2021033005016754,CGH,38,34,10,2040.0,20400.0
2021033005016750,CGH,38,41,10,2040.0,20400.0
2021033005016742,CGH,38,10,10,2040.0,20400.0
2021033005016741,CGH,38,48,10,2040.0,20400.0
2021033005016739,CGH,38,46,10,2040.0,20400.0
2021033005016785,CGH,38,16,10,2040.0,20400.0
2021033005016783,CGH,38,39,10,2040.0,20400.0
2021033005016782,CGH,41,21,10,2041.0,20410.0
2021033005016773,CGH,38,10,10,2040.0,20400.0
2021033005016772,CGH,43,45,10,2041.0,20410.0
2021033005016771,CGH,43,50,10,2041.0,20410.0
2021033005016813,CGH,21,10,10,2040.0,20400.0
2021033005016812,CGH,21,57,10,2040.0,20400.0
2021033005016798,CGH,21,13,10,2040.0,20400.0
2021033005016789,CGH,21,41,10,2040.0,20400.0
2021033005016787,CGH,21,10,10,2040.0,20400.0
2021033005016786,CGH,21,48,10,2040.0,20400.0
2021033005016825,CGH,50,35,10,2042.0,20420.0
2021033005016824,CGH,50,58,10,2042.0,20420.0
2021033005016823,CGH,50,58,10,2041.0,20410.0
2021033005016822,CGH,21,3,10,2040.0,20400.0
2021033005016817,CGH,21,8,10,2040.0,20400.0
2021033005016814,CGH,21,48,10,2040.0,20400.0
2021033005016855,CGH,21,32,10,2040.0,20400.0
2021033005016851,CGH,34,10,10,2041.0,20410.0
2021033005016838,CGH,21,29,10,2040.0,20400.0
2021033005016835,CGH,21,10,10,2040.0,20400.0
2021033005016834,CGH,21,38,10,2040.0,20400.0
2021033005016829,CGH,29,56,10,2041.0,20410.0
2021033005016892,CGH,56,10,10,2041.0,20410.0
2021033005016880,CGH,19,34,10,2045.0,20450.0
2021033005016879,CGH,19,38,10,2045.0,20450.0
2021033005016878,CGH,19,38,10,2045.0,20450.0
2021033005016877,CGH,19,56,10,2044.0,20440.0
2021033005016876,CGH,19,25,10,2044.0,20440.0
2021033005016904,CGH,50,54,10,2045.0,20450.0
2021033005016903,CGH,50,52,10,2045.0,20450.0
2021033005016902,CGH,50,34,10,2045.0,20450.0
2021033005016901,CGH,50,45,10,2045.0,20450.0
2021033005016900,CGH,50,42,10,2045.0,20450.0
2021033005016899,CGH,50,38,10,2045.0,20450.0
2021033005017071,CGH,18,32,10,2045.0,20450.0
2021033005017070,CGH,18,10,10,2045.0,20450.0
2021033005016917,CGH,50,56,10,2045.0,20450.0
2021033005016914,CGH,50,10,10,2045.0,20450.0
2021033005016906,CGH,50,38,10,2045.0,20450.0
2021033005016905,CGH,50,5,10,2045.0,20450.0
2021033005017094,CGH,18,32,10,2045.0,20450.0
2021033005017088,CGH,39,58,10,2046.0,20460.0
2021033005017087,CGH,39,41,10,2046.0,20460.0
2021033005017086,CGH,18,25,10,2045.0,20450.0
2021033005017081,CGH,18,58,10,2045.0,20450.0
2021033005017079,CGH,18,34,10,2045.0,20450.0
2021033005017107,CGH,40,58,10,2045.0,20450.0
2021033005017106,CGH,6,47,10,2045.0,20450.0
2021033005017101,CGH,18,21,10,2045.0,20450.0
2021033005017100,CGH,18,49,10,2045.0,20450.0
2021033005017098,CGH,18,56,10,2045.0,20450.0
2021033005017097,CGH,18,45,10,2045.0,20450.0
2021033005017115,CGH,17,1,10,2050.0,20500.0
2021033005017114,CGH,17,6,10,2050.0,20500.0
2021033005017113,CGH,17,21,10,2050.0,20500.0
2021033005017112,CGH,17,32,10,2050.0,20500.0
2021033005017111,CGH,17,22,10,2047.0,20470.0
2021033005017110,CGH,17,36,10,2047.0,20470.0
2021033005017147,CGH,45,21,10,2045.0,20450.0
2021033005017146,CGH,45,53,10,2045.0,20450.0
2021033005017145,CGH,45,34,10,2045.0,20450.0
2021033005017124,CGH,53,16,10,2045.0,20450.0
2021033005017118,CGH,40,11,10,2045.0,20450.0
2021033005017116,CGH,17,4,140,2050.0,287000.0
2021033005017157,GLH,38,56,11,379.0,4169.0
2021033005017150,GLH,45,7,60,378.0,22680.0
2021033005017140,GLH,45,21,10,378.0,3780.0
2021033005017139,GLH,45,43,10,378.0,3780.0
2021033005017138,GLH,45,43,10,378.0,3780.0
2021033005017137,GLH,45,43,10,378.0,3780.0
2021033005016677,GLH,50,33,50,374.0,18700.0
2021033005016676,GLH,58,33,20,374.0,7480.0
2021033005016675,GLH,4,33,100,374.0,37400.0
2021033005016674,GLH,45,33,25,374.0,9350.0
2021033005016673,GLH,45,33,10,374.0,3740.0
2021033005016765,GLH,38,28,10,375.0,3750.0
2021033005016756,GLH,26,42,10,374.0,3740.0
2021033005016745,GLH,26,44,10,374.0,3740.0
2021033005016735,GLH,26,51,10,374.0,3740.0
2021033005016692,GLH,43,3,10,373.0,3730.0
2021033005016678,GLH,58,33,95,374.0,35530.0
2021033005016886,GLH,38,51,10,377.0,3770.0
2021033005016885,GLH,38,33,39,377.0,14703.0
2021033005016849,GLH,38,42,10,376.0,3760.0
2021033005016819,GLH,38,6,10,376.0,3760.0
2021033005016818,GLH,38,42,10,376.0,3760.0
2021033005016796,GLH,38,41,10,375.0,3750.0
2021033005017105,GLH,38,51,10,377.0,3770.0
2021033005017074,GLH,38,21,10,377.0,3770.0
2021033005016890,GLH,38,41,10,377.0,3770.0
2021033005016889,GLH,38,58,181,377.0,68237.0
2021033005016888,GLH,38,38,10,377.0,3770.0
2021033005016887,GLH,38,42,10,377.0,3770.0
2021033005017130,GLH,45,43,10,378.0,3780.0
2021033005017129,GLH,45,21,10,378.0,3780.0
2021033005017128,GLH,45,36,10,378.0,3780.0
2021033005017127,GLH,45,13,10,378.0,3780.0
2021033005017126,GLH,45,43,10,378.0,3780.0
2021033005017125,GLH,45,36,10,378.0,3780.0
2021033005017136,GLH,45,21,10,378.0,3780.0
2021033005017135,GLH,45,43,10,378.0,3780.0
2021033005017134,GLH,45,21,10,378.0,3780.0
2021033005017133,GLH,45,43,10,378.0,3780.0
2021033005017132,GLH,45,43,10,378.0,3780.0
2021033005017131,GLH,45,51,10,378.0,3780.0
2021033005017160,NIFRA,52,21,50,592.0,29600.0
2021033005017156,NIFRA,52,41,100,592.0,59200.0
2021033005017155,NIFRA,52,34,273,592.0,161616.0
2021033005017154,NIFRA,45,34,100,592.0,59200.0
2021033005017153,NIFRA,58,34,50,592.0,29600.0
2021033005017152,NIFRA,13,58,10,591.0,5910.0
2021033005016665,NIFRA,51,45,73,594.0,43362.0
2021033005016664,NIFRA,51,42,27,593.0,16011.0
2021033005016663,NIFRA,43,42,73,593.0,43289.0
2021033005016672,NIFRA,54,33,5,593.0,2965.0
2021033005016671,NIFRA,35,33,100,593.0,59300.0
2021033005016670,NIFRA,21,45,500,594.0,297000.0
2021033005016669,NIFRA,35,54,100,593.0,59300.0
2021033005016667,NIFRA,48,45,255,594.0,151470.0
2021033005016666,NIFRA,41,58,50,592.0,29600.0
2021033005016687,NIFRA,6,45,800,594.0,475200.0
2021033005016686,NIFRA,54,58,50,593.0,29650.0
2021033005016685,NIFRA,54,7,60,593.0,35580.0
2021033005016682,NIFRA,45,45,200,594.0,118800.0
2021033005016681,NIFRA,54,16,50,593.0,29650.0
2021033005016680,NIFRA,6,45,50,594.0,29700.0
2021033005016700,NIFRA,45,39,50,593.0,29650.0
2021033005016697,NIFRA,45,16,50,593.0,29650.0
2021033005016696,NIFRA,13,45,100,594.0,59400.0
2021033005016695,NIFRA,45,52,10,593.0,5930.0
2021033005016694,NIFRA,54,52,40,593.0,23720.0
2021033005016691,NIFRA,58,45,62,594.0,36828.0
2021033005016717,NIFRA,26,58,35,594.0,20790.0
2021033005016716,NIFRA,26,13,50,594.0,29700.0
2021033005016715,NIFRA,26,58,15,594.0,8910.0
2021033005016713,NIFRA,37,58,35,594.0,20790.0
2021033005016712,NIFRA,37,45,465,594.0,276210.0
2021033005016701,NIFRA,45,6,50,593.0,29650.0
2021033005016725,NIFRA,4,50,20,593.0,11860.0
2021033005016724,NIFRA,52,50,100,593.0,59300.0
2021033005016723,NIFRA,45,50,290,593.0,171970.0
2021033005016721,NIFRA,41,58,50,594.0,29700.0
2021033005016720,NIFRA,40,58,65,594.0,38610.0
2021033005016719,NIFRA,45,16,50,593.0,29650.0
2021033005016732,NIFRA,46,21,100,593.0,59300.0
2021033005016731,NIFRA,45,21,110,593.0,65230.0
2021033005016730,NIFRA,3,21,65,593.0,38545.0
2021033005016728,NIFRA,29,58,50,594.0,29700.0
2021033005016727,NIFRA,3,50,235,593.0,139355.0
2021033005016726,NIFRA,38,50,60,593.0,35580.0
2021033005016740,NIFRA,7,29,40,594.0,23760.0
2021033005016738,NIFRA,41,29,130,594.0,77220.0
2021033005016737,NIFRA,41,58,50,594.0,29700.0
2021033005016736,NIFRA,8,46,50,593.0,29650.0
2021033005016734,NIFRA,25,21,5,593.0,2965.0
2021033005016733,NIFRA,53,21,60,593.0,35580.0
2021033005016749,NIFRA,35,53,80,593.0,47440.0
2021033005016748,NIFRA,7,53,30,593.0,17790.0
2021033005016747,NIFRA,8,53,40,593.0,23720.0
2021033005016746,NIFRA,8,57,10,593.0,5930.0
2021033005016744,NIFRA,8,35,50,593.0,29650.0
2021033005016743,NIFRA,42,29,550,594.0,326700.0
2021033005016758,NIFRA,4,39,15,593.0,8895.0
2021033005016757,NIFRA,5,39,20,593.0,11860.0
2021033005016755,NIFRA,5,51,50,593.0,29650.0
2021033005016753,NIFRA,5,54,30,593.0,17790.0
2021033005016752,NIFRA,35,54,20,593.0,11860.0
2021033005016751,NIFRA,35,54,200,593.0,118600.0
2021033005016764,NIFRA,26,22,190,593.0,112670.0
2021033005016763,NIFRA,13,22,10,593.0,5930.0
2021033005016762,NIFRA,16,22,300,593.0,177900.0
2021033005016761,NIFRA,41,22,100,593.0,59300.0
2021033005016760,NIFRA,45,22,100,593.0,59300.0
2021033005016759,NIFRA,19,22,100,593.0,59300.0
2021033005016775,NIFRA,11,34,10,593.0,5930.0
2021033005016774,NIFRA,58,34,20,593.0,11860.0
2021033005016769,NIFRA,38,29,150,594.0,89100.0
2021033005016768,NIFRA,38,56,50,593.0,29650.0
2021033005016767,NIFRA,58,58,10,593.0,5930.0
2021033005016766,NIFRA,26,58,40,593.0,23720.0
2021033005016781,NIFRA,1,54,20,593.0,11860.0
2021033005016780,NIFRA,41,54,30,593.0,17790.0
2021033005016779,NIFRA,39,50,100,594.0,59400.0
2021033005016778,NIFRA,39,50,270,594.0,160380.0
2021033005016777,NIFRA,39,29,130,594.0,77220.0
2021033005016776,NIFRA,41,34,470,593.0,278710.0
2021033005016793,NIFRA,34,41,50,592.0,29600.0
2021033005016792,NIFRA,41,41,30,592.0,17760.0
2021033005016791,NIFRA,58,41,200,593.0,118600.0
2021033005016790,NIFRA,1,41,10,593.0,5930.0
2021033005016788,NIFRA,1,50,20,593.0,11860.0
2021033005016784,NIFRA,1,38,50,593.0,29650.0
2021033005016801,NIFRA,41,40,85,593.0,50405.0
2021033005016800,NIFRA,41,45,50,593.0,29650.0
2021033005016799,NIFRA,41,37,60,593.0,35580.0
2021033005016797,NIFRA,51,16,50,593.0,29650.0
2021033005016795,NIFRA,35,41,660,592.0,390720.0
2021033005016794,NIFRA,26,41,50,592.0,29600.0
2021033005016807,NIFRA,58,34,20,594.0,11880.0
2021033005016806,NIFRA,41,6,50,593.0,29650.0
2021033005016805,NIFRA,21,34,135,594.0,80190.0
2021033005016804,NIFRA,21,50,30,594.0,17820.0
2021033005016803,NIFRA,51,50,50,594.0,29700.0
2021033005016802,NIFRA,58,50,50,594.0,29700.0
2021033005016816,NIFRA,58,1,50,593.0,29650.0
2021033005016815,NIFRA,41,1,500,593.0,296500.0
2021033005016811,NIFRA,46,10,645,592.0,381840.0
2021033005016810,NIFRA,8,10,60,592.0,35520.0
2021033005016809,NIFRA,35,10,40,592.0,23680.0
2021033005016808,NIFRA,41,10,255,593.0,151215.0
2021033005016830,NIFRA,3,21,40,593.0,23720.0
2021033005016828,NIFRA,3,54,60,593.0,35580.0
2021033005016827,NIFRA,51,22,10,593.0,5930.0
2021033005016826,NIFRA,58,22,50,593.0,29650.0
2021033005016821,NIFRA,1,29,55,594.0,32670.0
2021033005016820,NIFRA,1,34,45,594.0,26730.0
2021033005016839,NIFRA,21,50,40,593.0,23720.0
2021033005016837,NIFRA,51,50,34,593.0,20162.0
2021033005016836,NIFRA,19,50,190,593.0,112670.0
2021033005016833,NIFRA,38,40,50,594.0,29700.0
2021033005016832,NIFRA,38,29,45,594.0,26730.0
2021033005016831,NIFRA,19,21,110,593.0,65230.0
2021033005016845,NIFRA,45,34,50,593.0,29650.0
2021033005016844,NIFRA,45,50,53,593.0,31429.0
2021033005016843,NIFRA,22,50,30,593.0,17790.0
2021033005016842,NIFRA,35,50,500,593.0,296500.0
2021033005016841,NIFRA,58,50,120,593.0,71160.0
2021033005016840,NIFRA,58,50,33,593.0,19569.0
2021033005016853,NIFRA,39,52,486,594.0,288684.0
2021033005016852,NIFRA,39,38,14,594.0,8316.0
2021033005016850,NIFRA,46,21,50,593.0,29650.0
2021033005016848,NIFRA,45,38,36,594.0,21384.0
2021033005016847,NIFRA,45,25,200,594.0,118800.0
2021033005016846,NIFRA,45,38,51,593.0,30243.0
2021033005016860,NIFRA,10,41,50,594.0,29700.0
2021033005016859,NIFRA,10,41,20,594.0,11880.0
2021033005016858,NIFRA,21,58,30,594.0,17820.0
2021033005016857,NIFRA,21,13,50,594.0,29700.0
2021033005016856,NIFRA,21,52,14,594.0,8316.0
2021033005016854,NIFRA,46,45,60,593.0,35580.0
2021033005016866,NIFRA,10,41,50,594.0,29700.0
2021033005016865,NIFRA,10,52,60,594.0,35640.0
2021033005016864,NIFRA,10,40,120,594.0,71280.0
2021033005016863,NIFRA,10,25,100,594.0,59400.0
2021033005016862,NIFRA,10,36,50,594.0,29700.0
2021033005016861,NIFRA,10,58,10,594.0,5940.0
2021033005016872,NIFRA,10,50,"1,000",594.0,594000.0
2021033005016871,NIFRA,10,58,50,594.0,29700.0
2021033005016870,NIFRA,10,45,100,594.0,59400.0
2021033005016869,NIFRA,10,6,50,594.0,29700.0
2021033005016868,NIFRA,10,40,60,594.0,35640.0
2021033005016867,NIFRA,10,4,60,594.0,35640.0
2021033005016883,NIFRA,22,57,20,594.0,11880.0
2021033005016882,NIFRA,26,57,20,594.0,11880.0
2021033005016881,NIFRA,8,58,50,593.0,29650.0
2021033005016875,NIFRA,46,16,50,593.0,29650.0
2021033005016874,NIFRA,10,57,210,594.0,124740.0
2021033005016873,NIFRA,10,3,10,594.0,5940.0
2021033005016896,NIFRA,45,45,160,593.0,94880.0
2021033005016895,NIFRA,45,37,40,593.0,23720.0
2021033005016894,NIFRA,35,37,10,593.0,5930.0
2021033005016893,NIFRA,41,57,10,594.0,5940.0
2021033005016891,NIFRA,8,48,50,593.0,29650.0
2021033005016884,NIFRA,38,57,50,594.0,29700.0
2021033005016910,NIFRA,22,58,40,593.0,23720.0
2021033005016909,NIFRA,28,58,10,593.0,5930.0
2021033005016908,NIFRA,28,10,800,593.0,474400.0
2021033005016907,NIFRA,28,4,50,593.0,29650.0
2021033005016898,NIFRA,28,45,140,593.0,83020.0
2021033005016897,NIFRA,51,45,300,593.0,177900.0
2021033005016918,NIFRA,58,57,20,594.0,11880.0
2021033005016916,NIFRA,45,52,50,593.0,29650.0
2021033005016915,NIFRA,21,57,400,594.0,237600.0
2021033005016913,NIFRA,45,58,50,593.0,29650.0
2021033005016912,NIFRA,45,41,25,593.0,14825.0
2021033005016911,NIFRA,22,41,10,593.0,5930.0
2021033005016924,NIFRA,41,34,80,593.0,47440.0
2021033005016923,NIFRA,1,34,200,593.0,118600.0
2021033005016922,NIFRA,47,34,10,593.0,5930.0
2021033005016921,NIFRA,45,34,875,593.0,518875.0
2021033005016920,NIFRA,58,57,30,594.0,17820.0
2021033005016919,NIFRA,58,57,270,594.0,160380.0
2021033005016930,NIFRA,1,45,561,593.0,332673.0
2021033005016929,NIFRA,1,21,50,593.0,29650.0
2021033005016928,NIFRA,1,34,165,593.0,97845.0
2021033005016927,NIFRA,37,34,120,593.0,71160.0
2021033005016926,NIFRA,25,34,50,593.0,29650.0
2021033005016925,NIFRA,57,34,500,593.0,296500.0
2021033005016936,NIFRA,34,45,200,592.0,118400.0
2021033005016935,NIFRA,28,45,50,592.0,29600.0
2021033005016934,NIFRA,48,45,200,592.0,118400.0
2021033005016933,NIFRA,56,45,100,592.0,59200.0
2021033005016932,NIFRA,46,45,355,592.0,210160.0
2021033005016931,NIFRA,51,45,100,593.0,59300.0
2021033005016942,NIFRA,48,45,50,592.0,29600.0
2021033005016941,NIFRA,35,45,15,592.0,8880.0
2021033005016940,NIFRA,33,45,"2,000",592.0,1184000.0
2021033005016939,NIFRA,45,45,100,592.0,59200.0
2021033005016938,NIFRA,59,45,300,592.0,177600.0
2021033005016937,NIFRA,38,45,100,592.0,59200.0
2021033005016948,NIFRA,17,45,500,592.0,296000.0
2021033005016947,NIFRA,6,45,800,592.0,473600.0
2021033005016946,NIFRA,57,45,80,592.0,47360.0
2021033005016945,NIFRA,21,45,100,592.0,59200.0
2021033005016944,NIFRA,3,45,200,592.0,118400.0
2021033005016943,NIFRA,13,45,50,592.0,29600.0
2021033005016954,NIFRA,58,45,10,592.0,5920.0
2021033005016953,NIFRA,38,45,50,592.0,29600.0
2021033005016952,NIFRA,43,45,200,592.0,118400.0
2021033005016951,NIFRA,21,45,100,592.0,59200.0
2021033005016950,NIFRA,58,45,10,592.0,5920.0
2021033005016949,NIFRA,57,45,"2,000",592.0,1184000.0
2021033005016960,NIFRA,41,45,20,592.0,11840.0
2021033005016959,NIFRA,3,45,352,592.0,208384.0
2021033005016958,NIFRA,19,45,10,592.0,5920.0
2021033005016957,NIFRA,5,45,10,592.0,5920.0
2021033005016956,NIFRA,45,45,100,592.0,59200.0
2021033005016955,NIFRA,58,45,80,592.0,47360.0
2021033005016966,NIFRA,57,45,10,592.0,5920.0
2021033005016965,NIFRA,22,45,200,592.0,118400.0
2021033005016964,NIFRA,50,45,150,592.0,88800.0
2021033005016963,NIFRA,36,45,10,592.0,5920.0
2021033005016962,NIFRA,58,45,20,592.0,11840.0
2021033005016961,NIFRA,53,45,50,592.0,29600.0
2021033005016972,NIFRA,21,45,200,592.0,118400.0
2021033005016971,NIFRA,38,45,500,592.0,296000.0
2021033005016970,NIFRA,50,45,200,592.0,118400.0
2021033005016969,NIFRA,50,45,100,592.0,59200.0
2021033005016968,NIFRA,40,45,500,592.0,296000.0
2021033005016967,NIFRA,14,45,50,592.0,29600.0
2021033005016978,NIFRA,41,45,50,592.0,29600.0
2021033005016977,NIFRA,52,45,20,592.0,11840.0
2021033005016976,NIFRA,57,45,50,592.0,29600.0
2021033005016975,NIFRA,35,45,50,592.0,29600.0
2021033005016974,NIFRA,14,45,200,592.0,118400.0
2021033005016973,NIFRA,49,45,100,592.0,59200.0
2021033005016984,NIFRA,26,45,50,592.0,29600.0
2021033005016983,NIFRA,43,45,100,592.0,59200.0
2021033005016982,NIFRA,48,45,390,592.0,230880.0
2021033005016981,NIFRA,38,45,100,592.0,59200.0
2021033005016980,NIFRA,57,45,50,592.0,29600.0
2021033005016979,NIFRA,39,45,10,592.0,5920.0
2021033005016990,NIFRA,39,45,500,592.0,296000.0
2021033005016989,NIFRA,34,45,50,592.0,29600.0
2021033005016988,NIFRA,20,45,20,592.0,11840.0
2021033005016987,NIFRA,47,45,300,592.0,177600.0
2021033005016986,NIFRA,45,45,100,592.0,59200.0
2021033005016985,NIFRA,39,45,27,592.0,15984.0
2021033005016996,NIFRA,17,45,40,592.0,23680.0
2021033005016995,NIFRA,41,45,100,592.0,59200.0
2021033005016994,NIFRA,39,45,10,592.0,5920.0
2021033005016993,NIFRA,6,45,180,592.0,106560.0
2021033005016992,NIFRA,49,45,75,592.0,44400.0
2021033005016991,NIFRA,41,45,100,592.0,59200.0
2021033005017002,NIFRA,42,45,25,592.0,14800.0
2021033005017001,NIFRA,57,45,500,592.0,296000.0
2021033005017000,NIFRA,14,45,100,592.0,59200.0
2021033005016999,NIFRA,29,45,250,592.0,148000.0
2021033005016998,NIFRA,18,45,200,592.0,118400.0
2021033005016997,NIFRA,50,45,40,592.0,23680.0
2021033005017008,NIFRA,20,45,20,592.0,11840.0
2021033005017007,NIFRA,45,45,500,592.0,296000.0
2021033005017006,NIFRA,45,45,50,592.0,29600.0
2021033005017005,NIFRA,34,45,200,592.0,118400.0
2021033005017004,NIFRA,29,45,50,592.0,29600.0
2021033005017003,NIFRA,34,45,100,592.0,59200.0
2021033005017014,NIFRA,45,45,20,592.0,11840.0
2021033005017013,NIFRA,41,45,300,592.0,177600.0
2021033005017012,NIFRA,36,45,100,592.0,59200.0
2021033005017011,NIFRA,35,45,25,592.0,14800.0
2021033005017010,NIFRA,8,45,50,592.0,29600.0
2021033005017009,NIFRA,58,45,20,592.0,11840.0
2021033005017020,NIFRA,56,45,50,592.0,29600.0
2021033005017019,NIFRA,37,45,500,592.0,296000.0
2021033005017018,NIFRA,4,45,18,592.0,10656.0
2021033005017017,NIFRA,35,45,"2,000",592.0,1184000.0
2021033005017016,NIFRA,45,45,10,592.0,5920.0
2021033005017015,NIFRA,57,45,100,592.0,59200.0
2021033005017026,NIFRA,1,45,500,592.0,296000.0
2021033005017025,NIFRA,34,45,800,592.0,473600.0
2021033005017024,NIFRA,32,45,100,592.0,59200.0
2021033005017023,NIFRA,22,45,10,592.0,5920.0
2021033005017022,NIFRA,43,45,100,592.0,59200.0
2021033005017021,NIFRA,10,45,100,592.0,59200.0
2021033005017032,NIFRA,4,45,200,591.0,118200.0
2021033005017031,NIFRA,32,45,200,592.0,118400.0
2021033005017030,NIFRA,34,45,500,592.0,296000.0
2021033005017029,NIFRA,7,45,85,592.0,50320.0
2021033005017028,NIFRA,25,45,100,592.0,59200.0
2021033005017027,NIFRA,22,45,50,592.0,29600.0
2021033005017038,NIFRA,34,45,"2,000",591.0,1182000.0
2021033005017037,NIFRA,29,45,100,591.0,59100.0
2021033005017036,NIFRA,16,45,200,591.0,118200.0
2021033005017035,NIFRA,39,45,200,591.0,118200.0
2021033005017034,NIFRA,39,45,200,591.0,118200.0
2021033005017033,NIFRA,52,45,200,591.0,118200.0
2021033005017044,NIFRA,56,45,100,591.0,59100.0
2021033005017043,NIFRA,10,45,20,591.0,11820.0
2021033005017042,NIFRA,33,45,"1,000",591.0,591000.0
2021033005017041,NIFRA,14,45,100,591.0,59100.0
2021033005017040,NIFRA,54,45,100,591.0,59100.0
2021033005017039,NIFRA,3,45,"1,000",591.0,591000.0
2021033005017050,NIFRA,25,45,300,591.0,177300.0
2021033005017049,NIFRA,57,45,10,591.0,5910.0
2021033005017048,NIFRA,34,45,50,591.0,29550.0
2021033005017047,NIFRA,43,45,50,591.0,29550.0
2021033005017046,NIFRA,56,45,100,591.0,59100.0
2021033005017045,NIFRA,37,45,59,591.0,34869.0
2021033005017056,NIFRA,45,45,200,591.0,118200.0
2021033005017055,NIFRA,21,45,100,591.0,59100.0
2021033005017054,NIFRA,42,45,150,591.0,88650.0
2021033005017053,NIFRA,45,45,20,591.0,11820.0
2021033005017052,NIFRA,28,45,200,591.0,118200.0
2021033005017051,NIFRA,51,45,110,591.0,65010.0
2021033005017062,NIFRA,58,45,15,591.0,8865.0
2021033005017061,NIFRA,1,45,100,591.0,59100.0
2021033005017060,NIFRA,36,45,600,591.0,354600.0
2021033005017059,NIFRA,44,45,200,591.0,118200.0
2021033005017058,NIFRA,39,45,50,591.0,29550.0
2021033005017057,NIFRA,10,45,100,591.0,59100.0
2021033005017068,NIFRA,26,57,70,593.0,41510.0
2021033005017067,NIFRA,26,51,30,593.0,17790.0
2021033005017066,NIFRA,58,51,20,593.0,11860.0
2021033005017065,NIFRA,13,45,528,591.0,312048.0
2021033005017064,NIFRA,55,45,100,591.0,59100.0
2021033005017063,NIFRA,38,45,300,591.0,177300.0
2021033005017077,NIFRA,11,17,426,594.0,253044.0
2021033005017076,NIFRA,11,45,554,594.0,329076.0
2021033005017075,NIFRA,11,57,20,594.0,11880.0
2021033005017073,NIFRA,57,46,30,593.0,17790.0
2021033005017072,NIFRA,57,46,20,593.0,11860.0
2021033005017069,NIFRA,57,57,30,593.0,17790.0
2021033005017085,NIFRA,37,1,186,594.0,110484.0
2021033005017084,NIFRA,37,45,250,594.0,148500.0
2021033005017083,NIFRA,37,52,50,594.0,29700.0
2021033005017082,NIFRA,37,17,74,594.0,43956.0
2021033005017080,NIFRA,57,16,40,593.0,23720.0
2021033005017078,NIFRA,57,58,50,593.0,29650.0
2021033005017095,NIFRA,57,34,61,592.0,36112.0
2021033005017093,NIFRA,54,34,50,592.0,29600.0
2021033005017092,NIFRA,39,34,200,593.0,118600.0
2021033005017091,NIFRA,50,34,150,593.0,88950.0
2021033005017090,NIFRA,57,34,80,593.0,47440.0
2021033005017089,NIFRA,54,1,40,594.0,23760.0
2021033005017108,NIFRA,25,34,11,592.0,6512.0
2021033005017104,NIFRA,51,34,50,592.0,29600.0
2021033005017103,NIFRA,7,34,170,592.0,100640.0
2021033005017102,NIFRA,45,34,100,592.0,59200.0
2021033005017099,NIFRA,22,34,125,592.0,74000.0
2021033005017096,NIFRA,52,34,270,592.0,159840.0
2021033005017122,NIFRA,47,34,150,592.0,88800.0
2021033005017121,NIFRA,47,34,100,592.0,59200.0
2021033005017120,NIFRA,47,34,20,592.0,11840.0
2021033005017119,NIFRA,39,34,30,592.0,17760.0
2021033005017117,NIFRA,29,34,100,592.0,59200.0
2021033005017109,NIFRA,51,34,500,592.0,296000.0
2021033005017151,NIFRA,57,34,50,592.0,29600.0
2021033005017144,NIFRA,35,34,100,592.0,59200.0
2021033005017143,NIFRA,5,34,100,592.0,59200.0
2021033005017142,NIFRA,38,34,100,592.0,59200.0
2021033005017141,NIFRA,49,34,10,592.0,5920.0
2021033005017123,NIFRA,13,34,50,592.0,29600.0
2021033005016659,CGH,51,3,10,2036.0,20360.0
2021033005016653,CGH,43,52,10,2041.0,20410.0
2021033005016652,CGH,43,48,10,2041.0,20410.0
2021033005016651,CGH,43,13,10,2041.0,20410.0
2021033005016650,CGH,43,34,10,2041.0,20410.0
2021033005016649,CGH,43,51,10,2041.0,20410.0
2021033005016169,CGH,52,28,10,2060.0,20600.0
2021033005016168,CGH,19,21,10,2061.0,20610.0
2021033005016190,CGH,29,28,10,2051.0,20510.0
2021033005016189,CGH,29,38,10,2051.0,20510.0
2021033005016187,CGH,29,17,10,2051.0,20510.0
2021033005016179,CGH,19,36,10,2060.0,20600.0
2021033005016172,CGH,29,58,10,2060.0,20600.0
2021033005016170,CGH,29,35,10,2060.0,20600.0
2021033005016224,CGH,38,42,10,2051.0,20510.0
2021033005016223,CGH,40,8,10,2050.0,20500.0
2021033005016218,CGH,56,28,10,2050.0,20500.0
2021033005016210,CGH,56,17,10,2050.0,20500.0
2021033005016209,CGH,19,49,10,2051.0,20510.0
2021033005016193,CGH,56,17,10,2050.0,20500.0
2021033005016245,CGH,40,38,10,2050.0,20500.0
2021033005016242,CGH,40,8,10,2050.0,20500.0
2021033005016236,CGH,40,17,10,2050.0,20500.0
2021033005016232,CGH,19,38,10,2051.0,20510.0
2021033005016228,CGH,40,48,10,2050.0,20500.0
2021033005016227,CGH,40,39,10,2050.0,20500.0
2021033005016257,CGH,40,45,10,2050.0,20500.0
2021033005016252,CGH,40,8,10,2050.0,20500.0
2021033005016250,CGH,22,57,10,2051.0,20510.0
2021033005016248,CGH,22,41,10,2051.0,20510.0
2021033005016247,CGH,19,42,10,2051.0,20510.0
2021033005016246,CGH,40,1,10,2050.0,20500.0
2021033005016269,CGH,10,28,10,2050.0,20500.0
2021033005016268,CGH,10,58,10,2050.0,20500.0
2021033005016267,CGH,10,39,10,2050.0,20500.0
2021033005016266,CGH,19,57,10,2051.0,20510.0
2021033005016265,CGH,19,4,10,2050.0,20500.0
2021033005016258,CGH,40,59,10,2050.0,20500.0
2021033005016288,CGH,10,28,10,2050.0,20500.0
2021033005016287,CGH,10,34,10,2050.0,20500.0
2021033005016281,CGH,10,21,10,2050.0,20500.0
2021033005016280,CGH,10,34,10,2050.0,20500.0
2021033005016279,CGH,29,28,10,2051.0,20510.0
2021033005016270,CGH,10,8,10,2050.0,20500.0
2021033005016306,CGH,57,52,10,2050.0,20500.0
2021033005016301,CGH,3,57,10,2055.0,20550.0
2021033005016300,CGH,3,13,10,2055.0,20550.0
2021033005016299,CGH,3,54,10,2055.0,20550.0
2021033005016292,CGH,10,16,10,2050.0,20500.0
2021033005016290,CGH,10,17,10,2050.0,20500.0
2021033005016333,CGH,55,50,10,2049.0,20490.0
2021033005016325,CGH,55,49,10,2049.0,20490.0
2021033005016324,CGH,19,10,10,2055.0,20550.0
2021033005016323,CGH,19,16,10,2055.0,20550.0
2021033005016322,CGH,19,28,10,2055.0,20550.0
2021033005016318,CGH,19,25,10,2050.0,20500.0
2021033005016348,CGH,19,11,10,2048.0,20480.0
2021033005016342,CGH,3,34,10,2049.0,20490.0
2021033005016341,CGH,17,10,10,2047.0,20470.0
2021033005016340,CGH,55,4,10,2049.0,20490.0
2021033005016338,CGH,55,49,10,2049.0,20490.0
2021033005016334,CGH,55,10,10,2049.0,20490.0
2021033005016370,CGH,3,35,10,2049.0,20490.0
2021033005016364,CGH,3,58,10,2049.0,20490.0
2021033005016361,CGH,17,57,10,2047.0,20470.0
2021033005016355,CGH,19,28,10,2048.0,20480.0
2021033005016354,CGH,19,20,10,2049.0,20490.0
2021033005016351,CGH,3,46,10,2050.0,20500.0
2021033005016405,CGH,17,56,10,2045.0,20450.0
2021033005016385,CGH,3,39,10,2046.0,20460.0
2021033005016383,CGH,22,17,10,2046.0,20460.0
2021033005016382,CGH,22,33,10,2046.0,20460.0
2021033005016379,CGH,22,39,10,2046.0,20460.0
2021033005016377,CGH,22,8,10,2046.0,20460.0
2021033005016464,CGH,17,34,10,2045.0,20450.0
2021033005016459,CGH,17,10,10,2045.0,20450.0
2021033005016457,CGH,17,28,10,2045.0,20450.0
2021033005016451,CGH,17,39,10,2045.0,20450.0
2021033005016446,CGH,17,16,10,2045.0,20450.0
2021033005016424,CGH,17,3,10,2045.0,20450.0
2021033005016473,CGH,14,58,10,2046.0,20460.0
2021033005016472,CGH,14,48,10,2046.0,20460.0
2021033005016471,CGH,17,38,10,2045.0,20450.0
2021033005016470,CGH,17,42,10,2045.0,20450.0
2021033005016469,CGH,17,21,10,2045.0,20450.0
2021033005016468,CGH,17,1,10,2045.0,20450.0
2021033005016479,CGH,45,48,10,2046.0,20460.0
2021033005016478,CGH,14,48,10,2046.0,20460.0
2021033005016477,CGH,14,55,10,2046.0,20460.0
2021033005016476,CGH,14,6,10,2046.0,20460.0
2021033005016475,CGH,14,58,10,2046.0,20460.0
2021033005016474,CGH,14,58,10,2046.0,20460.0
2021033005016518,CGH,14,34,10,2042.0,20420.0
2021033005016505,CGH,17,51,10,2045.0,20450.0
2021033005016503,CGH,17,42,10,2045.0,20450.0
2021033005016502,CGH,17,25,10,2045.0,20450.0
2021033005016494,CGH,17,13,10,2045.0,20450.0
2021033005016493,CGH,17,45,10,2045.0,20450.0
2021033005016546,CGH,14,41,10,2042.0,20420.0
2021033005016545,CGH,14,16,10,2042.0,20420.0
2021033005016540,CGH,14,7,10,2042.0,20420.0
2021033005016535,CGH,14,36,10,2042.0,20420.0
2021033005016534,CGH,14,46,10,2042.0,20420.0
2021033005016520,CGH,14,16,10,2042.0,20420.0
2021033005016600,CGH,14,22,10,2041.0,20410.0
2021033005016582,CGH,8,38,10,2041.0,20410.0
2021033005016560,CGH,41,16,10,2042.0,20420.0
2021033005016555,CGH,14,38,10,2042.0,20420.0
2021033005016551,CGH,14,6,10,2042.0,20420.0
2021033005016547,CGH,14,35,10,2042.0,20420.0
2021033005016639,CGH,38,17,10,2040.0,20400.0
2021033005016636,CGH,38,16,10,2040.0,20400.0
2021033005016615,CGH,38,29,10,2040.0,20400.0
2021033005016614,CGH,38,34,10,2040.0,20400.0
2021033005016613,CGH,21,44,10,2040.0,20400.0
2021033005016606,CGH,14,42,10,2041.0,20410.0
2021033005016648,CGH,43,16,10,2041.0,20410.0
2021033005016647,CGH,43,48,10,2041.0,20410.0
2021033005016646,CGH,43,52,10,2041.0,20410.0
2021033005016645,CGH,43,43,10,2040.0,20400.0
2021033005016644,CGH,43,13,10,2040.0,20400.0
2021033005016643,CGH,51,21,10,2036.0,20360.0
2021033005016617,GLH,5,45,10,375.0,3750.0
2021033005016616,GLH,6,45,120,375.0,45000.0
2021033005016612,GLH,6,22,10,375.0,3750.0
2021033005016599,GLH,6,21,10,375.0,3750.0
2021033005016557,GLH,6,46,10,375.0,3750.0
2021033005016552,GLH,6,43,50,375.0,18750.0
2021033005016197,GLH,11,57,10,375.0,3750.0
2021033005016171,GLH,11,58,10,375.0,3750.0
2021033005016163,GLH,11,36,10,375.0,3750.0
2021033005016295,GLH,45,17,10,374.0,3740.0
2021033005016262,GLH,3,42,10,376.0,3760.0
2021033005016256,GLH,11,10,10,375.0,3750.0
2021033005016243,GLH,38,33,11,379.0,4169.0
2021033005016219,GLH,11,28,10,375.0,3750.0
2021033005016201,GLH,3,58,10,376.0,3760.0
2021033005016358,GLH,38,45,50,375.0,18750.0
2021033005016350,GLH,26,34,10,375.0,3750.0
2021033005016346,GLH,38,43,10,375.0,3750.0
2021033005016345,GLH,38,16,10,375.0,3750.0
2021033005016336,GLH,38,57,10,376.0,3760.0
2021033005016335,GLH,38,49,10,375.0,3750.0
2021033005016398,GLH,20,34,65,375.0,24375.0
2021033005016394,GLH,21,34,25,375.0,9375.0
2021033005016376,GLH,45,1,10,374.0,3740.0
2021033005016369,GLH,42,34,40,375.0,15000.0
2021033005016368,GLH,26,34,80,375.0,30000.0
2021033005016359,GLH,26,58,10,375.0,3750.0
2021033005016454,GLH,38,49,10,376.0,3760.0
2021033005016453,GLH,38,45,10,375.0,3750.0
2021033005016445,GLH,20,43,10,375.0,3750.0
2021033005016410,GLH,20,57,10,375.0,3750.0
2021033005016400,GLH,20,58,10,375.0,3750.0
2021033005016399,GLH,20,34,10,375.0,3750.0
2021033005016519,GLH,44,6,10,375.0,3750.0
2021033005016516,GLH,44,57,10,375.0,3750.0
2021033005016508,GLH,44,41,10,375.0,3750.0
2021033005016495,GLH,45,38,10,374.0,3740.0
2021033005016467,GLH,45,53,10,374.0,3740.0
2021033005016455,GLH,38,48,10,376.0,3760.0
2021033005016662,NIFRA,43,8,10,593.0,5930.0
2021033005016661,NIFRA,43,58,60,593.0,35580.0
2021033005016660,NIFRA,43,58,50,593.0,29650.0
2021033005016658,NIFRA,21,45,285,594.0,169290.0
2021033005016657,NIFRA,21,21,25,593.0,14825.0
2021033005016656,NIFRA,21,35,40,593.0,23720.0
2021033005016166,NIFRA,29,36,50,593.0,29650.0
2021033005016165,NIFRA,29,14,50,593.0,29650.0
2021033005016164,NIFRA,29,29,50,593.0,29650.0
2021033005016177,NIFRA,7,16,60,593.0,35580.0
2021033005016176,NIFRA,19,34,25,593.0,14825.0
2021033005016175,NIFRA,29,34,75,593.0,44475.0
2021033005016174,NIFRA,48,42,5,594.0,2970.0
2021033005016173,NIFRA,48,1,25,594.0,14850.0
2021033005016167,NIFRA,1,1,200,594.0,118800.0
2021033005016184,NIFRA,7,36,50,593.0,29650.0
2021033005016183,NIFRA,58,49,30,594.0,17820.0
2021033005016182,NIFRA,49,49,20,594.0,11880.0
2021033005016181,NIFRA,49,21,50,594.0,29700.0
2021033005016180,NIFRA,26,28,50,594.0,29700.0
2021033005016178,NIFRA,7,38,60,593.0,35580.0
2021033005016194,NIFRA,7,36,60,593.0,35580.0
2021033005016192,NIFRA,45,13,300,594.0,178200.0
2021033005016191,NIFRA,7,38,60,593.0,35580.0
2021033005016188,NIFRA,3,49,40,594.0,23760.0
2021033005016186,NIFRA,42,49,50,594.0,29700.0
2021033005016185,NIFRA,58,49,100,594.0,59400.0
2021033005016202,NIFRA,7,38,40,593.0,23720.0
2021033005016200,NIFRA,7,56,50,593.0,29650.0
2021033005016199,NIFRA,17,49,230,594.0,136620.0
2021033005016198,NIFRA,45,49,100,594.0,59400.0
2021033005016196,NIFRA,7,38,60,593.0,35580.0
2021033005016195,NIFRA,7,10,60,593.0,35580.0
2021033005016208,NIFRA,18,58,40,593.0,23720.0
2021033005016207,NIFRA,41,58,10,593.0,5930.0
2021033005016206,NIFRA,41,58,50,593.0,29650.0
2021033005016205,NIFRA,41,47,40,593.0,23720.0
2021033005016204,NIFRA,52,47,20,593.0,11860.0
2021033005016203,NIFRA,52,38,20,593.0,11860.0
2021033005016216,NIFRA,18,54,400,593.0,237200.0
2021033005016215,NIFRA,43,54,600,593.0,355800.0
2021033005016214,NIFRA,28,29,20,594.0,11880.0
2021033005016213,NIFRA,28,49,230,594.0,136620.0
2021033005016212,NIFRA,18,38,60,593.0,35580.0
2021033005016211,NIFRA,14,49,100,594.0,59400.0
2021033005016226,NIFRA,28,38,60,593.0,35580.0
2021033005016225,NIFRA,28,36,60,593.0,35580.0
2021033005016222,NIFRA,28,47,312,593.0,185016.0
2021033005016221,NIFRA,1,47,10,593.0,5930.0
2021033005016220,NIFRA,1,14,50,593.0,29650.0
2021033005016217,NIFRA,1,41,40,593.0,23720.0
2021033005016235,NIFRA,50,38,160,594.0,95040.0
2021033005016234,NIFRA,50,17,160,594.0,95040.0
2021033005016233,NIFRA,50,29,180,594.0,106920.0
2021033005016231,NIFRA,41,21,32,593.0,18976.0
2021033005016230,NIFRA,57,21,20,593.0,11860.0
2021033005016229,NIFRA,28,21,68,593.0,40324.0
2021033005016244,NIFRA,17,36,60,593.0,35580.0
2021033005016241,NIFRA,17,41,17,593.0,10081.0
2021033005016240,NIFRA,56,41,50,593.0,29650.0
2021033005016239,NIFRA,46,41,15,593.0,8895.0
2021033005016238,NIFRA,41,41,68,593.0,40324.0
2021033005016237,NIFRA,57,38,100,594.0,59400.0
2021033005016259,NIFRA,17,36,13,593.0,7709.0
2021033005016255,NIFRA,32,38,50,594.0,29700.0
2021033005016254,NIFRA,26,38,500,594.0,297000.0
2021033005016253,NIFRA,14,13,20,593.0,11860.0
2021033005016251,NIFRA,17,56,50,593.0,29650.0
2021033005016249,NIFRA,42,38,50,594.0,29700.0
2021033005016272,NIFRA,37,45,350,593.0,207550.0
2021033005016271,NIFRA,10,45,50,593.0,29650.0
2021033005016264,NIFRA,28,43,60,594.0,35640.0
2021033005016263,NIFRA,28,38,140,594.0,83160.0
2021033005016261,NIFRA,10,32,50,593.0,29650.0
2021033005016260,NIFRA,14,36,30,593.0,17790.0
2021033005016278,NIFRA,37,36,20,593.0,11860.0
2021033005016277,NIFRA,37,57,40,593.0,23720.0
2021033005016276,NIFRA,37,58,50,593.0,29650.0
2021033005016275,NIFRA,37,53,30,593.0,17790.0
2021033005016274,NIFRA,37,43,60,593.0,35580.0
2021033005016273,NIFRA,37,58,60,593.0,35580.0
2021033005016289,NIFRA,37,7,150,593.0,88950.0
2021033005016286,NIFRA,34,45,150,594.0,89100.0
2021033005016285,NIFRA,34,58,50,594.0,29700.0
2021033005016284,NIFRA,34,21,50,594.0,29700.0
2021033005016283,NIFRA,37,56,60,593.0,35580.0
2021033005016282,NIFRA,37,56,50,593.0,29650.0
2021033005016298,NIFRA,32,16,500,593.0,296500.0
2021033005016297,NIFRA,37,42,30,593.0,17790.0
2021033005016296,NIFRA,37,49,50,593.0,29650.0
2021033005016294,NIFRA,16,17,10,594.0,5940.0
2021033005016293,NIFRA,49,17,100,594.0,59400.0
2021033005016291,NIFRA,37,47,50,593.0,29650.0
2021033005016308,NIFRA,8,26,40,593.0,23720.0
2021033005016307,NIFRA,57,26,10,593.0,5930.0
2021033005016305,NIFRA,57,56,50,593.0,29650.0
2021033005016304,NIFRA,45,55,200,594.0,118800.0
2021033005016303,NIFRA,38,55,710,594.0,421740.0
2021033005016302,NIFRA,38,17,290,594.0,172260.0
2021033005016314,NIFRA,59,25,100,594.0,59400.0
2021033005016313,NIFRA,22,25,50,594.0,29700.0
2021033005016312,NIFRA,35,25,35,594.0,20790.0
2021033005016311,NIFRA,35,21,10,594.0,5940.0
2021033005016310,NIFRA,35,41,115,594.0,68310.0
2021033005016309,NIFRA,35,55,90,594.0,53460.0
2021033005016321,NIFRA,29,49,150,594.0,89100.0
2021033005016320,NIFRA,8,48,160,593.0,94880.0
2021033005016319,NIFRA,11,49,250,594.0,148500.0
2021033005016317,NIFRA,42,25,150,594.0,89100.0
2021033005016316,NIFRA,29,25,165,594.0,98010.0
2021033005016315,NIFRA,8,52,50,593.0,29650.0
2021033005016331,NIFRA,8,46,100,593.0,59300.0
2021033005016330,NIFRA,38,46,100,594.0,59400.0
2021033005016329,NIFRA,39,46,500,594.0,297000.0
2021033005016328,NIFRA,38,45,100,594.0,59400.0
2021033005016327,NIFRA,38,1,100,594.0,59400.0
2021033005016326,NIFRA,8,8,60,593.0,35580.0
2021033005016347,NIFRA,50,45,20,595.0,11900.0
2021033005016344,NIFRA,56,1,110,594.0,65340.0
2021033005016343,NIFRA,57,1,40,594.0,23760.0
2021033005016339,NIFRA,57,17,50,594.0,29700.0
2021033005016337,NIFRA,57,43,50,594.0,29700.0
2021033005016332,NIFRA,57,16,60,594.0,35640.0
2021033005016360,NIFRA,56,33,50,594.0,29700.0
2021033005016357,NIFRA,56,49,60,594.0,35640.0
2021033005016356,NIFRA,56,26,10,594.0,5940.0
2021033005016353,NIFRA,56,21,60,594.0,35640.0
2021033005016352,NIFRA,56,21,50,594.0,29700.0
2021033005016349,NIFRA,56,16,20,594.0,11880.0
2021033005016371,NIFRA,35,21,10,594.0,5940.0
2021033005016367,NIFRA,35,1,60,594.0,35640.0
2021033005016366,NIFRA,35,13,30,594.0,17820.0
2021033005016365,NIFRA,56,13,30,594.0,17820.0
2021033005016363,NIFRA,56,16,60,594.0,35640.0
2021033005016362,NIFRA,56,38,50,594.0,29700.0
2021033005016380,NIFRA,35,45,100,595.0,59500.0
2021033005016378,NIFRA,54,16,50,594.0,29700.0
2021033005016375,NIFRA,54,44,380,594.0,225720.0
2021033005016374,NIFRA,21,44,20,594.0,11880.0
2021033005016373,NIFRA,35,44,100,594.0,59400.0
2021033005016372,NIFRA,42,45,50,595.0,29750.0
2021033005016389,NIFRA,41,57,100,594.0,59400.0
2021033005016388,NIFRA,1,57,100,594.0,59400.0
2021033005016387,NIFRA,51,57,100,594.0,59400.0
2021033005016386,NIFRA,54,57,20,594.0,11880.0
2021033005016384,NIFRA,41,45,90,595.0,53550.0
2021033005016381,NIFRA,54,13,50,594.0,29700.0
2021033005016396,NIFRA,37,13,50,594.0,29700.0
2021033005016395,NIFRA,37,16,50,594.0,29700.0
2021033005016393,NIFRA,37,38,30,594.0,17820.0
2021033005016392,NIFRA,37,58,100,594.0,59400.0
2021033005016391,NIFRA,37,38,60,594.0,35640.0
2021033005016390,NIFRA,37,57,125,594.0,74250.0
2021033005016406,NIFRA,32,22,15,594.0,8910.0
2021033005016404,NIFRA,32,38,155,594.0,92070.0
2021033005016403,NIFRA,50,38,"1,000",594.0,594000.0
2021033005016402,NIFRA,21,38,10,594.0,5940.0
2021033005016401,NIFRA,37,38,535,594.0,317790.0
2021033005016397,NIFRA,37,38,50,594.0,29700.0
2021033005016413,NIFRA,41,35,50,594.0,29700.0
2021033005016412,NIFRA,41,36,30,594.0,17820.0
2021033005016411,NIFRA,14,36,50,594.0,29700.0
2021033005016409,NIFRA,45,13,50,594.0,29700.0
2021033005016408,NIFRA,45,58,50,594.0,29700.0
2021033005016407,NIFRA,14,22,45,594.0,26730.0
2021033005016419,NIFRA,51,45,100,595.0,59500.0
2021033005016418,NIFRA,13,21,10,594.0,5940.0
2021033005016417,NIFRA,34,21,20,594.0,11880.0
2021033005016416,NIFRA,21,21,120,594.0,71280.0
2021033005016415,NIFRA,21,38,40,594.0,23760.0
2021033005016414,NIFRA,41,38,20,594.0,11880.0
2021033005016426,NIFRA,58,4,20,594.0,11880.0
2021033005016425,NIFRA,49,4,"2,955",594.0,1755270.0
2021033005016423,NIFRA,6,45,50,595.0,29750.0
2021033005016422,NIFRA,49,38,45,594.0,26730.0
2021033005016421,NIFRA,13,38,15,594.0,8910.0
2021033005016420,NIFRA,33,45,20,595.0,11900.0
2021033005016432,NIFRA,14,4,100,594.0,59400.0
2021033005016431,NIFRA,51,4,80,594.0,47520.0
2021033005016430,NIFRA,29,4,40,594.0,23760.0
2021033005016429,NIFRA,57,4,20,594.0,11880.0
2021033005016428,NIFRA,26,4,20,594.0,11880.0
2021033005016427,NIFRA,33,4,100,594.0,59400.0
2021033005016438,NIFRA,35,45,70,595.0,41650.0
2021033005016437,NIFRA,35,42,60,594.0,35640.0
2021033005016436,NIFRA,35,42,20,594.0,11880.0
2021033005016435,NIFRA,8,38,60,593.0,35580.0
2021033005016434,NIFRA,45,42,30,594.0,17820.0
2021033005016433,NIFRA,42,4,10,594.0,5940.0
2021033005016444,NIFRA,55,25,10,594.0,5940.0
2021033005016443,NIFRA,8,16,20,593.0,11860.0
2021033005016442,NIFRA,42,25,100,594.0,59400.0
2021033005016441,NIFRA,6,45,220,595.0,130900.0
2021033005016440,NIFRA,6,57,30,594.0,17820.0
2021033005016439,NIFRA,34,57,30,594.0,17820.0
2021033005016456,NIFRA,34,16,20,593.0,11860.0
2021033005016452,NIFRA,58,25,100,594.0,59400.0
2021033005016450,NIFRA,34,28,120,593.0,71160.0
2021033005016449,NIFRA,50,28,20,593.0,11860.0
2021033005016448,NIFRA,49,28,50,593.0,29650.0
2021033005016447,NIFRA,8,28,10,593.0,5930.0
2021033005016465,NIFRA,45,57,300,594.0,178200.0
2021033005016463,NIFRA,34,57,60,593.0,35580.0
2021033005016462,NIFRA,8,57,160,594.0,95040.0
2021033005016461,NIFRA,8,49,25,594.0,14850.0
2021033005016460,NIFRA,8,25,90,594.0,53460.0
2021033005016458,NIFRA,11,25,200,594.0,118800.0
2021033005016484,NIFRA,57,10,10,593.0,5930.0
2021033005016483,NIFRA,45,10,100,593.0,59300.0
2021033005016482,NIFRA,29,10,10,593.0,5930.0
2021033005016481,NIFRA,34,10,300,593.0,177900.0
2021033005016480,NIFRA,4,57,100,594.0,59400.0
2021033005016466,NIFRA,45,57,100,594.0,59400.0
2021033005016490,NIFRA,41,57,40,594.0,23760.0
2021033005016489,NIFRA,47,34,60,593.0,35580.0
2021033005016488,NIFRA,47,39,30,593.0,17790.0
2021033005016487,NIFRA,49,39,30,593.0,17790.0
2021033005016486,NIFRA,28,57,50,594.0,29700.0
2021033005016485,NIFRA,49,10,80,593.0,47440.0
2021033005016499,NIFRA,57,6,10,594.0,5940.0
2021033005016498,NIFRA,57,49,10,594.0,5940.0
2021033005016497,NIFRA,41,49,10,594.0,5940.0
2021033005016496,NIFRA,41,38,40,594.0,23760.0
2021033005016492,NIFRA,42,16,2,594.0,1188.0
2021033005016491,NIFRA,41,16,48,594.0,28512.0
2021033005016509,NIFRA,51,36,20,594.0,11880.0
2021033005016507,NIFRA,34,36,"1,000",594.0,594000.0
2021033005016506,NIFRA,47,8,60,593.0,35580.0
2021033005016504,NIFRA,47,42,60,593.0,35580.0
2021033005016501,NIFRA,57,36,320,594.0,190080.0
2021033005016500,NIFRA,57,42,160,594.0,95040.0
2021033005016515,NIFRA,47,38,60,593.0,35580.0
2021033005016514,NIFRA,58,36,40,594.0,23760.0
2021033005016513,NIFRA,48,36,10,594.0,5940.0
2021033005016512,NIFRA,47,11,150,593.0,88950.0
2021033005016511,NIFRA,34,36,40,594.0,23760.0
2021033005016510,NIFRA,47,17,10,593.0,5930.0
2021033005016525,NIFRA,40,42,150,593.0,88950.0
2021033005016524,NIFRA,29,42,100,593.0,59300.0
2021033005016523,NIFRA,29,42,10,593.0,5930.0
2021033005016522,NIFRA,29,42,30,593.0,17790.0
2021033005016521,NIFRA,47,42,20,593.0,11860.0
2021033005016517,NIFRA,47,35,50,593.0,29650.0
2021033005016531,NIFRA,55,29,50,593.0,29650.0
2021033005016530,NIFRA,55,43,50,593.0,29650.0
2021033005016529,NIFRA,57,36,10,594.0,5940.0
2021033005016528,NIFRA,8,38,60,593.0,35580.0
2021033005016527,NIFRA,14,36,50,594.0,29700.0
2021033005016526,NIFRA,8,42,40,593.0,23720.0
2021033005016539,NIFRA,33,37,80,593.0,47440.0
2021033005016538,NIFRA,55,37,20,593.0,11860.0
2021033005016537,NIFRA,55,38,60,593.0,35580.0
2021033005016536,NIFRA,55,58,60,593.0,35580.0
2021033005016533,NIFRA,55,38,10,593.0,5930.0
2021033005016532,NIFRA,34,38,50,593.0,29650.0
2021033005016549,NIFRA,3,32,40,594.0,23760.0
2021033005016548,NIFRA,3,36,290,594.0,172260.0
2021033005016544,NIFRA,33,38,60,593.0,35580.0
2021033005016543,NIFRA,33,16,50,593.0,29650.0
2021033005016542,NIFRA,33,29,60,593.0,35580.0
2021033005016541,NIFRA,58,36,220,594.0,130680.0
2021033005016559,NIFRA,33,16,50,593.0,29650.0
2021033005016558,NIFRA,33,6,50,593.0,29650.0
2021033005016556,NIFRA,51,32,215,594.0,127710.0
2021033005016554,NIFRA,17,32,150,594.0,89100.0
2021033005016553,NIFRA,33,58,60,593.0,35580.0
2021033005016550,NIFRA,33,34,60,593.0,35580.0
2021033005016566,NIFRA,4,51,98,593.0,58114.0
2021033005016565,NIFRA,42,51,60,593.0,35580.0
2021033005016564,NIFRA,53,51,200,593.0,118600.0
2021033005016563,NIFRA,32,51,500,593.0,296500.0
2021033005016562,NIFRA,42,16,20,593.0,11860.0
2021033005016561,NIFRA,33,16,30,593.0,17790.0
2021033005016572,NIFRA,42,51,50,593.0,29650.0
2021033005016571,NIFRA,45,51,100,593.0,59300.0
2021033005016570,NIFRA,39,51,100,593.0,59300.0
2021033005016569,NIFRA,13,51,50,593.0,29650.0
2021033005016568,NIFRA,35,51,100,593.0,59300.0
2021033005016567,NIFRA,48,51,60,593.0,35580.0
2021033005016578,NIFRA,26,51,100,593.0,59300.0
2021033005016577,NIFRA,39,51,100,593.0,59300.0
2021033005016576,NIFRA,17,51,100,593.0,59300.0
2021033005016575,NIFRA,11,51,150,593.0,88950.0
2021033005016574,NIFRA,36,51,50,593.0,29650.0
2021033005016573,NIFRA,41,51,100,593.0,59300.0
2021033005016585,NIFRA,37,32,40,594.0,23760.0
2021033005016584,NIFRA,37,32,595,594.0,353430.0
2021033005016583,NIFRA,32,38,60,593.0,35580.0
2021033005016581,NIFRA,32,51,22,593.0,13046.0
2021033005016580,NIFRA,45,51,50,593.0,29650.0
2021033005016579,NIFRA,42,51,10,593.0,5930.0
2021033005016591,NIFRA,29,45,750,594.0,445500.0
2021033005016590,NIFRA,29,29,250,594.0,148500.0
2021033005016589,NIFRA,32,21,50,593.0,29650.0
2021033005016588,NIFRA,37,29,75,594.0,44550.0
2021033005016587,NIFRA,37,46,50,594.0,29700.0
2021033005016586,NIFRA,37,6,40,594.0,23760.0
2021033005016597,NIFRA,45,45,150,594.0,89100.0
2021033005016596,NIFRA,32,57,60,593.0,35580.0
2021033005016595,NIFRA,32,35,50,593.0,29650.0
2021033005016594,NIFRA,32,21,50,593.0,29650.0
2021033005016593,NIFRA,32,38,60,593.0,35580.0
2021033005016592,NIFRA,32,57,20,593.0,11860.0
2021033005016605,NIFRA,58,21,50,593.0,29650.0
2021033005016604,NIFRA,58,6,50,593.0,29650.0
2021033005016603,NIFRA,42,45,300,594.0,178200.0
2021033005016602,NIFRA,32,38,58,593.0,34394.0
2021033005016601,NIFRA,32,5,10,593.0,5930.0
2021033005016598,NIFRA,32,38,60,593.0,35580.0
2021033005016618,NIFRA,10,18,30,593.0,17790.0
2021033005016611,NIFRA,10,17,10,593.0,5930.0
2021033005016610,NIFRA,10,39,50,593.0,29650.0
2021033005016609,NIFRA,10,21,10,593.0,5930.0
2021033005016608,NIFRA,42,21,40,593.0,23720.0
2021033005016607,NIFRA,58,35,10,593.0,5930.0
2021033005016624,NIFRA,58,50,110,593.0,65230.0
2021033005016623,NIFRA,45,50,67,593.0,39731.0
2021033005016622,NIFRA,45,41,10,593.0,5930.0
2021033005016621,NIFRA,21,41,50,593.0,29650.0
2021033005016620,NIFRA,21,18,50,593.0,29650.0
2021033005016619,NIFRA,13,18,20,593.0,11860.0
2021033005016630,NIFRA,25,50,20,593.0,11860.0
2021033005016629,NIFRA,43,50,50,593.0,29650.0
2021033005016628,NIFRA,38,50,500,593.0,296500.0
2021033005016627,NIFRA,45,50,100,593.0,59300.0
2021033005016626,NIFRA,6,50,150,593.0,88950.0
2021033005016625,NIFRA,7,50,200,593.0,118600.0
2021033005016637,NIFRA,4,50,193,593.0,114449.0
2021033005016635,NIFRA,36,50,200,593.0,118600.0
2021033005016634,NIFRA,22,50,25,593.0,14825.0
2021033005016633,NIFRA,20,50,30,593.0,17790.0
2021033005016632,NIFRA,45,50,100,593.0,59300.0
2021033005016631,NIFRA,38,50,550,593.0,326150.0
2021033005016655,NIFRA,36,1,60,593.0,35580.0
2021033005016654,NIFRA,36,33,40,593.0,23720.0
2021033005016642,NIFRA,58,45,10,594.0,5940.0
2021033005016641,NIFRA,58,20,10,593.0,5930.0
2021033005016640,NIFRA,7,20,50,593.0,29650.0
2021033005016638,NIFRA,4,36,7,593.0,4151.0
2021033005016162,CGH,52,56,10,2060.0,20600.0
2021033005016161,CGH,52,6,10,2060.0,20600.0
2021033005016157,CGH,46,28,10,2062.0,20620.0
2021033005016152,CGH,46,14,10,2062.0,20620.0
2021033005016151,CGH,46,17,10,2062.0,20620.0
2021033005016150,CGH,46,39,10,2062.0,20620.0
2021033005015673,CGH,38,29,10,2063.0,20630.0
2021033005015669,CGH,47,6,10,2062.0,20620.0
2021033005015692,CGH,47,58,10,2062.0,20620.0
2021033005015688,CGH,47,4,10,2062.0,20620.0
2021033005015686,CGH,38,16,10,2063.0,20630.0
2021033005015684,CGH,38,49,10,2063.0,20630.0
2021033005015680,CGH,38,28,10,2063.0,20630.0
2021033005015679,CGH,38,20,10,2063.0,20630.0
2021033005015714,CGH,34,21,10,2063.0,20630.0
2021033005015713,CGH,34,50,10,2063.0,20630.0
2021033005015712,CGH,34,42,10,2063.0,20630.0
2021033005015711,CGH,47,34,10,2062.0,20620.0
2021033005015705,CGH,47,16,10,2062.0,20620.0
2021033005015702,CGH,47,49,10,2062.0,20620.0
2021033005015748,CGH,47,34,10,2062.0,20620.0
2021033005015736,CGH,47,21,10,2062.0,20620.0
2021033005015721,CGH,47,56,10,2062.0,20620.0
2021033005015720,CGH,34,18,10,2063.0,20630.0
2021033005015719,CGH,34,32,10,2063.0,20630.0
2021033005015715,CGH,34,17,10,2063.0,20630.0
2021033005015764,CGH,38,8,10,2062.0,20620.0
2021033005015763,CGH,38,56,10,2062.0,20620.0
2021033005015762,CGH,47,6,10,2062.0,20620.0
2021033005015760,CGH,14,19,10,2065.0,20650.0
2021033005015759,CGH,14,17,10,2065.0,20650.0
2021033005015758,CGH,14,45,10,2065.0,20650.0
2021033005015789,CGH,36,5,10,2061.0,20610.0
2021033005015784,CGH,36,38,10,2061.0,20610.0
2021033005015777,CGH,36,34,10,2061.0,20610.0
2021033005015772,CGH,38,56,10,2062.0,20620.0
2021033005015769,CGH,38,32,10,2062.0,20620.0
2021033005015767,CGH,38,28,10,2062.0,20620.0
2021033005015797,CGH,19,56,10,2062.0,20620.0
2021033005015796,CGH,36,21,10,2061.0,20610.0
2021033005015795,CGH,36,21,10,2061.0,20610.0
2021033005015794,CGH,36,45,10,2061.0,20610.0
2021033005015792,CGH,36,1,10,2061.0,20610.0
2021033005015790,CGH,36,34,10,2061.0,20610.0
2021033005015843,CGH,52,28,10,2060.0,20600.0
2021033005015810,CGH,36,28,10,2061.0,20610.0
2021033005015802,CGH,36,35,10,2061.0,20610.0
2021033005015801,CGH,36,44,10,2061.0,20610.0
2021033005015800,CGH,36,38,10,2061.0,20610.0
2021033005015798,CGH,36,28,10,2061.0,20610.0
2021033005015853,CGH,58,41,10,2062.0,20620.0
2021033005015852,CGH,58,57,10,2061.0,20610.0
2021033005015851,CGH,58,38,10,2061.0,20610.0
2021033005015850,CGH,58,57,10,2061.0,20610.0
2021033005015848,CGH,52,34,10,2060.0,20600.0
2021033005015847,CGH,52,58,10,2060.0,20600.0
2021033005015859,CGH,58,21,10,2065.0,20650.0
2021033005015858,CGH,58,35,10,2064.0,20640.0
2021033005015857,CGH,58,58,10,2064.0,20640.0
2021033005015856,CGH,58,38,10,2064.0,20640.0
2021033005015855,CGH,58,58,10,2062.0,20620.0
2021033005015854,CGH,58,49,10,2062.0,20620.0
2021033005015884,CGH,53,58,10,2064.0,20640.0
2021033005015879,CGH,53,38,10,2064.0,20640.0
2021033005015875,CGH,53,28,10,2062.0,20620.0
2021033005015865,CGH,52,29,10,2060.0,20600.0
2021033005015861,CGH,52,51,10,2060.0,20600.0
2021033005015860,CGH,53,11,10,2061.0,20610.0
2021033005015920,CGH,41,28,10,2062.0,20620.0
2021033005015919,CGH,41,37,10,2062.0,20620.0
2021033005015916,CGH,41,34,10,2062.0,20620.0
2021033005015890,CGH,38,57,10,2061.0,20610.0
2021033005015887,CGH,53,51,10,2062.0,20620.0
2021033005015885,CGH,53,11,10,2064.0,20640.0
2021033005015939,CGH,38,29,10,2061.0,20610.0
2021033005015937,CGH,38,58,10,2061.0,20610.0
2021033005015934,CGH,53,44,10,2064.0,20640.0
2021033005015933,CGH,48,38,10,2064.0,20640.0
2021033005015928,CGH,41,34,10,2062.0,20620.0
2021033005015922,CGH,41,57,10,2062.0,20620.0
2021033005015962,CGH,38,51,10,2061.0,20610.0
2021033005015958,CGH,38,57,10,2061.0,20610.0
2021033005015954,CGH,38,20,10,2061.0,20610.0
2021033005015953,CGH,38,40,10,2061.0,20610.0
2021033005015952,CGH,38,47,10,2061.0,20610.0
2021033005015947,CGH,38,28,10,2061.0,20610.0
2021033005015971,CGH,38,11,10,2061.0,20610.0
2021033005015970,CGH,38,38,10,2061.0,20610.0
2021033005015967,CGH,20,21,10,2062.0,20620.0
2021033005015965,CGH,38,26,10,2061.0,20610.0
2021033005015964,CGH,38,45,10,2061.0,20610.0
2021033005015963,CGH,38,16,10,2061.0,20610.0
2021033005015979,CGH,38,45,10,2061.0,20610.0
2021033005015977,CGH,38,38,10,2061.0,20610.0
2021033005015976,CGH,38,34,10,2061.0,20610.0
2021033005015975,CGH,38,55,10,2061.0,20610.0
2021033005015974,CGH,38,56,10,2061.0,20610.0
2021033005015972,CGH,38,14,10,2061.0,20610.0
2021033005016001,CGH,38,21,10,2061.0,20610.0
2021033005015999,CGH,38,34,10,2061.0,20610.0
2021033005015989,CGH,38,7,10,2061.0,20610.0
2021033005015987,CGH,38,38,10,2061.0,20610.0
2021033005015985,CGH,38,39,10,2061.0,20610.0
2021033005015980,CGH,38,35,10,2061.0,20610.0
2021033005016019,CGH,52,16,10,2060.0,20600.0
2021033005016017,CGH,52,26,10,2060.0,20600.0
2021033005016014,CGH,52,38,10,2060.0,20600.0
2021033005016013,CGH,52,28,10,2060.0,20600.0
2021033005016006,CGH,38,38,10,2061.0,20610.0
2021033005016002,CGH,38,42,10,2061.0,20610.0
2021033005016033,CGH,16,20,10,2062.0,20620.0
2021033005016032,CGH,16,16,10,2062.0,20620.0
2021033005016031,CGH,16,44,10,2061.0,20610.0
2021033005016030,CGH,14,38,10,2060.0,20600.0
2021033005016022,CGH,14,8,10,2060.0,20600.0
2021033005016020,CGH,52,6,10,2060.0,20600.0
2021033005016040,CGH,14,28,10,2060.0,20600.0
2021033005016039,CGH,14,20,10,2060.0,20600.0
2021033005016038,CGH,14,56,10,2060.0,20600.0
2021033005016036,CGH,14,26,10,2060.0,20600.0
2021033005016035,CGH,16,10,10,2062.0,20620.0
2021033005016034,CGH,16,43,10,2062.0,20620.0
2021033005016063,CGH,59,28,10,2061.0,20610.0
2021033005016062,CGH,14,8,10,2061.0,20610.0
2021033005016061,CGH,14,44,10,2061.0,20610.0
2021033005016045,CGH,14,38,10,2060.0,20600.0
2021033005016044,CGH,14,38,10,2060.0,20600.0
2021033005016043,CGH,14,36,10,2060.0,20600.0
2021033005016080,CGH,45,36,10,2060.0,20600.0
2021033005016074,CGH,45,38,10,2060.0,20600.0
2021033005016073,CGH,45,16,10,2060.0,20600.0
2021033005016072,CGH,19,39,10,2061.0,20610.0
2021033005016065,CGH,45,58,10,2060.0,20600.0
2021033005016064,CGH,14,58,10,2060.0,20600.0
2021033005016098,CGH,35,38,10,2051.0,20510.0
2021033005016095,CGH,50,59,10,2060.0,20600.0
2021033005016091,CGH,32,13,10,2060.0,20600.0
2021033005016090,CGH,38,35,10,2060.0,20600.0
2021033005016083,CGH,38,21,10,2060.0,20600.0
2021033005016081,CGH,45,28,10,2060.0,20600.0
2021033005016107,CGH,38,13,10,2061.0,20610.0
2021033005016106,CGH,38,32,10,2061.0,20610.0
2021033005016105,CGH,38,38,10,2061.0,20610.0
2021033005016104,CGH,38,17,10,2060.0,20600.0
2021033005016103,CGH,38,58,10,2060.0,20600.0
2021033005016102,CGH,41,16,10,2051.0,20510.0
2021033005016135,CGH,52,48,10,2060.0,20600.0
2021033005016134,CGH,52,51,10,2060.0,20600.0
2021033005016131,CGH,29,38,10,2051.0,20510.0
2021033005016129,CGH,29,20,10,2051.0,20510.0
2021033005016109,CGH,38,21,10,2061.0,20610.0
2021033005016108,CGH,38,49,10,2061.0,20610.0
2021033005016149,CGH,46,16,10,2062.0,20620.0
2021033005016146,CGH,46,34,10,2062.0,20620.0
2021033005016145,CGH,46,56,10,2062.0,20620.0
2021033005016144,CGH,46,21,10,2062.0,20620.0
2021033005016143,CGH,46,52,10,2061.0,20610.0
2021033005016142,CGH,46,10,10,2061.0,20610.0
2021033005016139,GLH,11,38,10,375.0,3750.0
2021033005016124,GLH,11,38,40,375.0,15000.0
2021033005016123,GLH,45,38,10,375.0,3750.0
2021033005016122,GLH,51,38,10,375.0,3750.0
2021033005016121,GLH,50,38,100,375.0,37500.0
2021033005016120,GLH,26,38,200,375.0,75000.0
2021033005015666,GLH,51,43,49,376.0,18424.0
2021033005015665,GLH,50,43,100,376.0,37600.0
2021033005015664,GLH,58,43,240,376.0,90240.0
2021033005015663,GLH,14,43,75,377.0,28275.0
2021033005015806,GLH,57,51,10,377.0,3770.0
2021033005015805,GLH,57,56,10,377.0,3770.0
2021033005015804,GLH,51,34,10,376.0,3760.0
2021033005015799,GLH,51,18,10,376.0,3760.0
2021033005015737,GLH,51,14,30,376.0,11280.0
2021033005015710,GLH,51,42,10,376.0,3760.0
2021033005015969,GLH,51,17,10,376.0,3760.0
2021033005015877,GLH,51,1,10,376.0,3760.0
2021033005015866,GLH,38,4,11,380.0,4180.0
2021033005015845,GLH,51,34,10,376.0,3760.0
2021033005015842,GLH,51,21,10,376.0,3760.0
2021033005015807,GLH,57,42,10,377.0,3770.0
2021033005016007,GLH,51,56,10,376.0,3760.0
2021033005016003,GLH,51,38,10,376.0,3760.0
2021033005015988,GLH,58,59,10,377.0,3770.0
2021033005015984,GLH,58,29,10,377.0,3770.0
2021033005015983,GLH,58,54,10,377.0,3770.0
2021033005015982,GLH,58,44,10,377.0,3770.0
2021033005016086,GLH,42,56,10,376.0,3760.0
2021033005016085,GLH,42,22,10,376.0,3760.0
2021033005016082,GLH,42,38,10,376.0,3760.0
2021033005016058,GLH,51,36,10,376.0,3760.0
2021033005016053,GLH,51,38,10,376.0,3760.0
2021033005016037,GLH,51,38,10,376.0,3760.0
2021033005016113,GLH,57,38,100,375.0,37500.0
2021033005016112,GLH,45,38,140,375.0,52500.0
2021033005016111,GLH,41,38,10,376.0,3760.0
2021033005016110,GLH,42,38,50,376.0,18800.0
2021033005016093,GLH,42,38,10,376.0,3760.0
2021033005016087,GLH,42,48,10,376.0,3760.0
2021033005016119,GLH,21,38,20,375.0,7500.0
2021033005016118,GLH,21,38,45,375.0,16875.0
2021033005016117,GLH,29,38,100,375.0,37500.0
2021033005016116,GLH,45,38,70,375.0,26250.0
2021033005016115,GLH,17,38,30,375.0,11250.0
2021033005016114,GLH,58,38,160,375.0,60000.0
2021033005016160,NIFRA,8,1,15,594.0,8910.0
2021033005016159,NIFRA,29,16,60,593.0,35580.0
2021033005016158,NIFRA,29,56,60,593.0,35580.0
2021033005016156,NIFRA,29,1,55,593.0,32615.0
2021033005016155,NIFRA,57,1,40,593.0,23720.0
2021033005016154,NIFRA,38,1,55,593.0,32615.0
2021033005015668,NIFRA,53,8,60,594.0,35640.0
2021033005015667,NIFRA,53,42,60,594.0,35640.0
2021033005015676,NIFRA,43,5,200,594.0,118800.0
2021033005015675,NIFRA,35,5,80,594.0,47520.0
2021033005015674,NIFRA,26,5,152,594.0,90288.0
2021033005015672,NIFRA,26,38,48,594.0,28512.0
2021033005015671,NIFRA,53,38,12,594.0,7128.0
2021033005015670,NIFRA,53,58,60,594.0,35640.0
2021033005015685,NIFRA,53,18,50,594.0,29700.0
2021033005015683,NIFRA,53,36,28,594.0,16632.0
2021033005015682,NIFRA,59,36,22,594.0,13068.0
2021033005015681,NIFRA,59,38,60,594.0,35640.0
2021033005015678,NIFRA,59,5,68,594.0,40392.0
2021033005015677,NIFRA,29,5,500,594.0,297000.0
2021033005015694,NIFRA,21,38,10,594.0,5940.0
2021033005015693,NIFRA,53,38,22,594.0,13068.0
2021033005015691,NIFRA,35,13,50,594.0,29700.0
2021033005015690,NIFRA,41,45,100,595.0,59500.0
2021033005015689,NIFRA,53,21,40,594.0,23760.0
2021033005015687,NIFRA,53,38,60,594.0,35640.0
2021033005015700,NIFRA,40,38,28,594.0,16632.0
2021033005015699,NIFRA,52,38,32,594.0,19008.0
2021033005015698,NIFRA,52,5,968,594.0,574992.0
2021033005015697,NIFRA,53,5,32,594.0,19008.0
2021033005015696,NIFRA,53,38,18,594.0,10692.0
2021033005015695,NIFRA,39,38,10,594.0,5940.0
2021033005015708,NIFRA,32,38,60,594.0,35640.0
2021033005015707,NIFRA,32,8,18,594.0,10692.0
2021033005015706,NIFRA,38,8,42,594.0,24948.0
2021033005015704,NIFRA,38,38,38,594.0,22572.0
2021033005015703,NIFRA,40,38,22,594.0,13068.0
2021033005015701,NIFRA,40,41,50,594.0,29700.0
2021033005015723,NIFRA,42,21,40,594.0,23760.0
2021033005015722,NIFRA,42,56,60,594.0,35640.0
2021033005015718,NIFRA,42,38,60,594.0,35640.0
2021033005015717,NIFRA,42,34,18,594.0,10692.0
2021033005015716,NIFRA,32,34,12,594.0,7128.0
2021033005015709,NIFRA,33,45,10,595.0,5950.0
2021033005015729,NIFRA,26,5,100,594.0,59400.0
2021033005015728,NIFRA,41,5,20,594.0,11880.0
2021033005015727,NIFRA,25,5,100,594.0,59400.0
2021033005015726,NIFRA,49,5,140,594.0,83160.0
2021033005015725,NIFRA,42,38,60,594.0,35640.0
2021033005015724,NIFRA,42,38,60,594.0,35640.0
2021033005015735,NIFRA,28,5,395,594.0,234630.0
2021033005015734,NIFRA,41,5,20,594.0,11880.0
2021033005015733,NIFRA,25,5,50,594.0,29700.0
2021033005015732,NIFRA,36,5,100,594.0,59400.0
2021033005015731,NIFRA,22,5,25,594.0,14850.0
2021033005015730,NIFRA,57,5,50,594.0,29700.0
2021033005015743,NIFRA,41,45,100,595.0,59500.0
2021033005015742,NIFRA,47,25,205,594.0,121770.0
2021033005015741,NIFRA,25,25,50,594.0,29700.0
2021033005015740,NIFRA,45,25,200,594.0,118800.0
2021033005015739,NIFRA,28,25,45,594.0,26730.0
2021033005015738,NIFRA,28,38,60,594.0,35640.0
2021033005015750,NIFRA,32,5,100,594.0,59400.0
2021033005015749,NIFRA,38,5,50,594.0,29700.0
2021033005015747,NIFRA,38,22,50,594.0,29700.0
2021033005015746,NIFRA,20,38,30,594.0,17820.0
2021033005015745,NIFRA,42,38,25,594.0,14850.0
2021033005015744,NIFRA,47,42,45,594.0,26730.0
2021033005015756,NIFRA,29,5,100,594.0,59400.0
2021033005015755,NIFRA,45,5,50,594.0,29700.0
2021033005015754,NIFRA,59,5,500,594.0,297000.0
2021033005015753,NIFRA,36,5,35,594.0,20790.0
2021033005015752,NIFRA,45,5,50,594.0,29700.0
2021033005015751,NIFRA,59,5,50,594.0,29700.0
2021033005015770,NIFRA,55,3,25,594.0,14850.0
2021033005015768,NIFRA,55,18,50,594.0,29700.0
2021033005015766,NIFRA,55,38,25,594.0,14850.0
2021033005015765,NIFRA,42,38,35,594.0,20790.0
2021033005015761,NIFRA,42,8,50,594.0,29700.0
2021033005015757,NIFRA,42,5,65,594.0,38610.0
2021033005015778,NIFRA,48,38,60,593.0,35580.0
2021033005015776,NIFRA,38,5,400,594.0,237600.0
2021033005015775,NIFRA,19,5,25,594.0,14850.0
2021033005015774,NIFRA,19,21,15,594.0,8910.0
2021033005015773,NIFRA,14,21,15,594.0,8910.0
2021033005015771,NIFRA,14,3,35,594.0,20790.0
2021033005015785,NIFRA,29,32,10,593.0,5930.0
2021033005015783,NIFRA,29,8,20,593.0,11860.0
2021033005015782,NIFRA,48,8,40,593.0,23720.0
2021033005015781,NIFRA,29,29,175,594.0,103950.0
2021033005015780,NIFRA,29,5,75,594.0,44550.0
2021033005015779,NIFRA,41,5,500,594.0,297000.0
2021033005015803,NIFRA,42,29,50,594.0,29700.0
2021033005015793,NIFRA,42,56,60,593.0,35580.0
2021033005015791,NIFRA,57,29,35,594.0,20790.0
2021033005015788,NIFRA,57,44,60,594.0,35640.0
2021033005015787,NIFRA,57,29,25,594.0,14850.0
2021033005015786,NIFRA,42,32,50,593.0,29650.0
2021033005015814,NIFRA,42,42,60,594.0,35640.0
2021033005015813,NIFRA,42,29,640,594.0,380160.0
2021033005015812,NIFRA,21,29,25,594.0,14850.0
2021033005015811,NIFRA,18,29,200,594.0,118800.0
2021033005015809,NIFRA,50,21,30,593.0,17790.0
2021033005015808,NIFRA,42,21,30,593.0,17790.0
2021033005015820,NIFRA,42,45,240,595.0,142800.0
2021033005015819,NIFRA,42,38,60,594.0,35640.0
2021033005015818,NIFRA,42,5,"1,000",594.0,594000.0
2021033005015817,NIFRA,42,38,60,594.0,35640.0
2021033005015816,NIFRA,42,25,"1,000",594.0,594000.0
2021033005015815,NIFRA,42,38,60,594.0,35640.0
2021033005015826,NIFRA,42,36,60,595.0,35700.0
2021033005015825,NIFRA,42,22,60,595.0,35700.0
2021033005015824,NIFRA,42,36,50,595.0,29750.0
2021033005015823,NIFRA,42,42,500,595.0,297500.0
2021033005015822,NIFRA,42,41,50,595.0,29750.0
2021033005015821,NIFRA,42,51,60,595.0,35700.0
2021033005015832,NIFRA,42,28,60,595.0,35700.0
2021033005015831,NIFRA,42,17,20,595.0,11900.0
2021033005015830,NIFRA,42,51,60,595.0,35700.0
2021033005015829,NIFRA,42,32,30,595.0,17850.0
2021033005015828,NIFRA,42,36,100,595.0,59500.0
2021033005015827,NIFRA,42,36,60,595.0,35700.0
2021033005015838,NIFRA,22,56,50,593.0,29650.0
2021033005015837,NIFRA,50,8,50,593.0,29650.0
2021033005015836,NIFRA,42,45,"3,726",595.0,2216970.0
2021033005015835,NIFRA,42,17,193,595.0,114835.0
2021033005015834,NIFRA,42,17,10,595.0,5950.0
2021033005015833,NIFRA,42,13,60,595.0,35700.0
2021033005015849,NIFRA,20,59,50,594.0,29700.0
2021033005015846,NIFRA,20,21,50,594.0,29700.0
2021033005015844,NIFRA,20,58,50,594.0,29700.0
2021033005015841,NIFRA,20,51,50,594.0,29700.0
2021033005015840,NIFRA,28,53,70,593.0,41510.0
2021033005015839,NIFRA,22,53,50,593.0,29650.0
2021033005015869,NIFRA,22,45,100,594.0,59400.0
2021033005015868,NIFRA,38,45,25,594.0,14850.0
2021033005015867,NIFRA,26,45,100,594.0,59400.0
2021033005015864,NIFRA,14,45,50,594.0,29700.0
2021033005015863,NIFRA,11,45,50,594.0,29700.0
2021033005015862,NIFRA,28,57,50,593.0,29650.0
2021033005015876,NIFRA,42,38,60,593.0,35580.0
2021033005015874,NIFRA,42,45,40,593.0,23720.0
2021033005015873,NIFRA,28,45,10,593.0,5930.0
2021033005015872,NIFRA,28,21,60,593.0,35580.0
2021033005015871,NIFRA,28,56,50,593.0,29650.0
2021033005015870,NIFRA,28,38,260,593.0,154180.0
2021033005015886,NIFRA,55,38,60,593.0,35580.0
2021033005015883,NIFRA,43,45,500,594.0,297000.0
2021033005015882,NIFRA,55,38,60,593.0,35580.0
2021033005015881,NIFRA,55,36,30,593.0,17790.0
2021033005015880,NIFRA,58,36,20,593.0,11860.0
2021033005015878,NIFRA,42,45,325,594.0,193050.0
2021033005015894,NIFRA,16,55,40,593.0,23720.0
2021033005015893,NIFRA,16,55,50,593.0,29650.0
2021033005015892,NIFRA,55,55,140,593.0,83020.0
2021033005015891,NIFRA,55,38,60,593.0,35580.0
2021033005015889,NIFRA,55,59,50,593.0,29650.0
2021033005015888,NIFRA,55,38,60,593.0,35580.0
2021033005015900,NIFRA,59,55,"1,000",593.0,593000.0
2021033005015899,NIFRA,7,55,50,593.0,29650.0
2021033005015898,NIFRA,45,55,140,593.0,83020.0
2021033005015897,NIFRA,42,55,200,593.0,118600.0
2021033005015896,NIFRA,11,55,400,593.0,237200.0
2021033005015895,NIFRA,22,55,60,593.0,35580.0
2021033005015906,NIFRA,22,55,50,593.0,29650.0
2021033005015905,NIFRA,55,55,360,593.0,213480.0
2021033005015904,NIFRA,32,55,100,593.0,59300.0
2021033005015903,NIFRA,57,55,100,593.0,59300.0
2021033005015902,NIFRA,59,55,140,593.0,83020.0
2021033005015901,NIFRA,45,55,500,593.0,296500.0
2021033005015912,NIFRA,49,55,200,593.0,118600.0
2021033005015911,NIFRA,10,55,500,593.0,296500.0
2021033005015910,NIFRA,10,55,100,593.0,59300.0
2021033005015909,NIFRA,55,55,200,593.0,118600.0
2021033005015908,NIFRA,38,55,10,593.0,5930.0
2021033005015907,NIFRA,40,55,500,593.0,296500.0
2021033005015921,NIFRA,22,45,25,594.0,14850.0
2021033005015918,NIFRA,3,45,65,594.0,38610.0
2021033005015917,NIFRA,42,56,60,593.0,35580.0
2021033005015915,NIFRA,33,45,"1,000",594.0,594000.0
2021033005015914,NIFRA,55,55,10,593.0,5930.0
2021033005015913,NIFRA,51,55,150,593.0,88950.0
2021033005015929,NIFRA,42,17,50,593.0,29650.0
2021033005015927,NIFRA,42,45,"1,200",594.0,712800.0
2021033005015926,NIFRA,38,45,500,594.0,297000.0
2021033005015925,NIFRA,42,1,60,593.0,35580.0
2021033005015924,NIFRA,42,38,60,593.0,35580.0
2021033005015923,NIFRA,42,38,60,593.0,35580.0
2021033005015938,NIFRA,52,38,60,593.0,35580.0
2021033005015936,NIFRA,52,8,50,593.0,29650.0
2021033005015935,NIFRA,52,57,10,593.0,5930.0
2021033005015932,NIFRA,52,38,10,593.0,5930.0
2021033005015931,NIFRA,42,38,50,593.0,29650.0
2021033005015930,NIFRA,42,38,60,593.0,35580.0
2021033005015945,NIFRA,8,18,40,594.0,23760.0
2021033005015944,NIFRA,8,16,50,594.0,29700.0
2021033005015943,NIFRA,8,18,50,594.0,29700.0
2021033005015942,NIFRA,8,57,100,594.0,59400.0
2021033005015941,NIFRA,8,18,50,594.0,29700.0
2021033005015940,NIFRA,8,45,60,594.0,35640.0
2021033005015955,NIFRA,52,6,20,593.0,11860.0
2021033005015951,NIFRA,52,36,50,593.0,29650.0
2021033005015950,NIFRA,8,41,50,594.0,29700.0
2021033005015949,NIFRA,8,57,50,594.0,29700.0
2021033005015948,NIFRA,8,55,50,594.0,29700.0
2021033005015946,NIFRA,8,51,50,594.0,29700.0
2021033005015966,NIFRA,35,25,10,594.0,5940.0
2021033005015961,NIFRA,35,21,30,594.0,17820.0
2021033005015960,NIFRA,35,56,20,594.0,11880.0
2021033005015959,NIFRA,21,56,40,594.0,23760.0
2021033005015957,NIFRA,21,52,10,594.0,5940.0
2021033005015956,NIFRA,38,6,30,593.0,17790.0
2021033005015990,NIFRA,47,58,180,594.0,106920.0
2021033005015986,NIFRA,57,34,100,593.0,59300.0
2021033005015981,NIFRA,38,16,50,593.0,29650.0
2021033005015978,NIFRA,42,58,200,594.0,118800.0
2021033005015973,NIFRA,7,58,100,594.0,59400.0
2021033005015968,NIFRA,7,25,50,594.0,29700.0
2021033005015996,NIFRA,57,21,20,593.0,11860.0
2021033005015995,NIFRA,45,21,100,593.0,59300.0
2021033005015994,NIFRA,38,21,60,593.0,35580.0
2021033005015993,NIFRA,38,56,50,593.0,29650.0
2021033005015992,NIFRA,38,52,10,593.0,5930.0
2021033005015991,NIFRA,47,45,20,594.0,11880.0
2021033005016008,NIFRA,39,45,30,594.0,17820.0
2021033005016005,NIFRA,58,45,450,594.0,267300.0
2021033005016004,NIFRA,58,49,50,594.0,29700.0
2021033005016000,NIFRA,25,35,50,593.0,29650.0
2021033005015998,NIFRA,25,21,85,593.0,50405.0
2021033005015997,NIFRA,43,21,35,593.0,20755.0
2021033005016016,NIFRA,25,26,10,593.0,5930.0
2021033005016015,NIFRA,25,35,50,593.0,29650.0
2021033005016012,NIFRA,25,16,50,593.0,29650.0
2021033005016011,NIFRA,39,45,180,594.0,106920.0
2021033005016010,NIFRA,39,58,30,594.0,17820.0
2021033005016009,NIFRA,39,21,60,594.0,35640.0
2021033005016026,NIFRA,42,46,13,593.0,7709.0
2021033005016025,NIFRA,45,46,70,593.0,41510.0
2021033005016024,NIFRA,35,46,25,593.0,14825.0
2021033005016023,NIFRA,16,46,90,593.0,53370.0
2021033005016021,NIFRA,49,45,380,594.0,225720.0
2021033005016018,NIFRA,16,52,10,593.0,5930.0
2021033005016046,NIFRA,34,45,230,594.0,136620.0
2021033005016042,NIFRA,38,45,200,594.0,118800.0
2021033005016041,NIFRA,29,45,300,594.0,178200.0
2021033005016029,NIFRA,1,32,50,593.0,29650.0
2021033005016028,NIFRA,1,46,402,593.0,238386.0
2021033005016027,NIFRA,38,46,100,593.0,59300.0
2021033005016052,NIFRA,16,32,50,593.0,29650.0
2021033005016051,NIFRA,16,56,50,593.0,29650.0
2021033005016050,NIFRA,16,33,442,593.0,262106.0
2021033005016049,NIFRA,1,33,58,593.0,34394.0
2021033005016048,NIFRA,1,38,12,593.0,7116.0
2021033005016047,NIFRA,1,38,48,593.0,28464.0
2021033005016060,NIFRA,16,43,50,593.0,29650.0
2021033005016059,NIFRA,16,42,150,593.0,88950.0
2021033005016057,NIFRA,16,16,60,593.0,35580.0
2021033005016056,NIFRA,16,47,50,593.0,29650.0
2021033005016055,NIFRA,16,17,130,593.0,77090.0
2021033005016054,NIFRA,41,17,"1,000",593.0,593000.0
2021033005016071,NIFRA,50,21,30,593.0,17790.0
2021033005016070,NIFRA,50,29,29,593.0,17197.0
2021033005016069,NIFRA,39,29,10,593.0,5930.0
2021033005016068,NIFRA,32,29,11,593.0,6523.0
2021033005016067,NIFRA,32,38,39,593.0,23127.0
2021033005016066,NIFRA,16,38,21,593.0,12453.0
2021033005016084,NIFRA,19,48,250,593.0,148250.0
2021033005016079,NIFRA,46,56,50,593.0,29650.0
2021033005016078,NIFRA,46,21,59,593.0,34987.0
2021033005016077,NIFRA,28,21,100,593.0,59300.0
2021033005016076,NIFRA,42,21,100,593.0,59300.0
2021033005016075,NIFRA,50,21,41,593.0,24313.0
2021033005016097,NIFRA,46,38,51,593.0,30243.0
2021033005016096,NIFRA,46,21,30,593.0,17790.0
2021033005016094,NIFRA,4,45,50,594.0,29700.0
2021033005016092,NIFRA,46,32,50,593.0,29650.0
2021033005016089,NIFRA,35,45,50,594.0,29700.0
2021033005016088,NIFRA,46,16,60,593.0,35580.0
2021033005016127,NIFRA,19,56,50,593.0,29650.0
2021033005016126,NIFRA,19,56,50,593.0,29650.0
2021033005016125,NIFRA,19,11,50,593.0,29650.0
2021033005016101,NIFRA,39,45,"1,000",594.0,594000.0
2021033005016100,NIFRA,19,43,50,593.0,29650.0
2021033005016099,NIFRA,36,43,50,593.0,29650.0
2021033005016137,NIFRA,35,3,100,594.0,59400.0
2021033005016136,NIFRA,35,45,340,594.0,201960.0
2021033005016133,NIFRA,22,45,120,594.0,71280.0
2021033005016132,NIFRA,19,38,60,593.0,35580.0
2021033005016130,NIFRA,19,29,50,593.0,29650.0
2021033005016128,NIFRA,21,45,150,594.0,89100.0
2021033005016153,NIFRA,43,41,600,593.0,355800.0
2021033005016148,NIFRA,38,43,10,593.0,5930.0
2021033005016147,NIFRA,19,43,40,593.0,23720.0
2021033005016141,NIFRA,19,16,350,593.0,207550.0
2021033005016140,NIFRA,19,47,50,593.0,29650.0
2021033005016138,NIFRA,35,1,60,594.0,35640.0
2021033005015657,CGH,21,41,10,2063.0,20630.0
2021033005015646,CGH,44,28,10,2062.0,20620.0
2021033005015645,CGH,44,46,10,2062.0,20620.0
2021033005015636,CGH,36,59,10,2061.0,20610.0
2021033005015633,CGH,36,51,10,2061.0,20610.0
2021033005015632,CGH,56,33,10,2070.0,20700.0
2021033005015170,CGH,17,32,10,2050.0,20500.0
2021033005015169,CGH,22,39,10,2046.0,20460.0
2021033005015193,CGH,56,39,10,2050.0,20500.0
2021033005015192,CGH,56,19,10,2050.0,20500.0
2021033005015188,CGH,44,55,10,2048.0,20480.0
2021033005015173,CGH,17,42,10,2050.0,20500.0
2021033005015172,CGH,17,25,10,2050.0,20500.0
2021033005015171,CGH,17,34,10,2050.0,20500.0
2021033005015199,CGH,36,36,10,2055.0,20550.0
2021033005015198,CGH,36,33,10,2055.0,20550.0
2021033005015197,CGH,36,8,10,2055.0,20550.0
2021033005015196,CGH,36,42,10,2055.0,20550.0
2021033005015195,CGH,36,52,10,2054.0,20540.0
2021033005015194,CGH,56,39,10,2050.0,20500.0
2021033005015205,CGH,36,52,10,2060.0,20600.0
2021033005015204,CGH,36,59,10,2060.0,20600.0
2021033005015203,CGH,36,41,10,2059.0,20590.0
2021033005015202,CGH,36,41,10,2059.0,20590.0
2021033005015201,CGH,36,21,10,2055.0,20550.0
2021033005015200,CGH,36,38,10,2055.0,20550.0
2021033005015211,CGH,36,8,10,2060.0,20600.0
2021033005015210,CGH,36,25,10,2060.0,20600.0
2021033005015209,CGH,36,28,10,2060.0,20600.0
2021033005015208,CGH,36,22,10,2060.0,20600.0
2021033005015207,CGH,36,22,10,2060.0,20600.0
2021033005015206,CGH,36,21,10,2060.0,20600.0
2021033005015218,CGH,36,33,10,2060.0,20600.0
2021033005015217,CGH,36,58,10,2060.0,20600.0
2021033005015216,CGH,36,22,10,2060.0,20600.0
2021033005015215,CGH,36,22,10,2060.0,20600.0
2021033005015213,CGH,36,14,10,2060.0,20600.0
2021033005015212,CGH,36,34,10,2060.0,20600.0
2021033005015227,CGH,36,38,10,2060.0,20600.0
2021033005015226,CGH,36,26,10,2060.0,20600.0
2021033005015225,CGH,36,40,10,2060.0,20600.0
2021033005015222,CGH,36,16,10,2060.0,20600.0
2021033005015221,CGH,36,38,10,2060.0,20600.0
2021033005015219,CGH,36,39,10,2060.0,20600.0
2021033005015237,CGH,18,39,10,2055.0,20550.0
2021033005015235,CGH,18,32,10,2055.0,20550.0
2021033005015234,CGH,18,48,10,2055.0,20550.0
2021033005015231,CGH,18,39,10,2055.0,20550.0
2021033005015230,CGH,18,39,10,2055.0,20550.0
2021033005015228,CGH,36,51,10,2060.0,20600.0
2021033005015250,CGH,52,59,10,2060.0,20600.0
2021033005015247,CGH,52,26,10,2060.0,20600.0
2021033005015245,CGH,52,5,10,2060.0,20600.0
2021033005015240,CGH,52,20,10,2060.0,20600.0
2021033005015239,CGH,52,6,10,2060.0,20600.0
2021033005015238,CGH,52,38,10,2060.0,20600.0
2021033005015268,CGH,36,21,10,2061.0,20610.0
2021033005015267,CGH,36,51,10,2061.0,20610.0
2021033005015266,CGH,52,26,10,2060.0,20600.0
2021033005015265,CGH,52,57,10,2060.0,20600.0
2021033005015264,CGH,52,34,10,2060.0,20600.0
2021033005015252,CGH,52,52,10,2060.0,20600.0
2021033005015276,CGH,39,32,10,2070.0,20700.0
2021033005015275,CGH,39,44,10,2070.0,20700.0
2021033005015274,CGH,39,48,10,2070.0,20700.0
2021033005015273,CGH,39,42,10,2070.0,20700.0
2021033005015272,CGH,39,47,10,2070.0,20700.0
2021033005015271,CGH,39,13,10,2070.0,20700.0
2021033005015299,CGH,42,58,10,2070.0,20700.0
2021033005015297,CGH,36,5,10,2061.0,20610.0
2021033005015282,CGH,36,17,10,2061.0,20610.0
2021033005015281,CGH,36,56,10,2061.0,20610.0
2021033005015280,CGH,36,57,10,2061.0,20610.0
2021033005015277,CGH,39,16,10,2070.0,20700.0
2021033005015309,CGH,36,45,10,2061.0,20610.0
2021033005015308,CGH,36,22,10,2061.0,20610.0
2021033005015306,CGH,26,52,10,2070.0,20700.0
2021033005015305,CGH,36,26,10,2061.0,20610.0
2021033005015304,CGH,36,48,10,2061.0,20610.0
2021033005015303,CGH,36,28,10,2061.0,20610.0
2021033005015321,CGH,36,58,10,2061.0,20610.0
2021033005015319,CGH,36,28,10,2061.0,20610.0
2021033005015317,CGH,36,32,10,2061.0,20610.0
2021033005015316,CGH,36,42,10,2061.0,20610.0
2021033005015313,CGH,36,42,10,2061.0,20610.0
2021033005015311,CGH,36,7,10,2061.0,20610.0
2021033005015329,CGH,38,3,10,2070.0,20700.0
2021033005015328,CGH,38,45,10,2070.0,20700.0
2021033005015326,CGH,38,58,10,2070.0,20700.0
2021033005015325,CGH,38,5,10,2070.0,20700.0
2021033005015324,CGH,36,14,10,2061.0,20610.0
2021033005015323,CGH,36,38,10,2061.0,20610.0
2021033005015363,CGH,38,56,10,2062.0,20620.0
2021033005015347,CGH,29,28,10,2072.0,20720.0
2021033005015344,CGH,36,45,10,2061.0,20610.0
2021033005015337,CGH,39,45,10,2070.0,20700.0
2021033005015335,CGH,38,47,10,2070.0,20700.0
2021033005015331,CGH,38,19,10,2070.0,20700.0
2021033005015370,CGH,17,35,10,2075.0,20750.0
2021033005015369,CGH,17,52,10,2075.0,20750.0
2021033005015368,CGH,17,22,10,2075.0,20750.0
2021033005015367,CGH,17,6,10,2075.0,20750.0
2021033005015366,CGH,17,35,10,2074.0,20740.0
2021033005015365,CGH,17,21,10,2072.0,20720.0
2021033005015377,CGH,38,45,10,2062.0,20620.0
2021033005015375,CGH,38,45,10,2062.0,20620.0
2021033005015374,CGH,17,22,10,2075.0,20750.0
2021033005015373,CGH,17,35,10,2075.0,20750.0
2021033005015372,CGH,17,22,10,2075.0,20750.0
2021033005015371,CGH,17,38,10,2075.0,20750.0
2021033005015413,CGH,41,34,10,2070.0,20700.0
2021033005015412,CGH,41,34,10,2070.0,20700.0
2021033005015411,CGH,38,38,10,2062.0,20620.0
2021033005015406,CGH,38,16,10,2062.0,20620.0
2021033005015398,CGH,38,8,10,2062.0,20620.0
2021033005015390,CGH,38,28,10,2062.0,20620.0
2021033005015419,CGH,41,38,10,2077.0,20770.0
2021033005015418,CGH,41,13,10,2077.0,20770.0
2021033005015417,CGH,41,58,10,2075.0,20750.0
2021033005015416,CGH,41,39,10,2075.0,20750.0
2021033005015415,CGH,41,58,10,2074.0,20740.0
2021033005015414,CGH,41,13,10,2072.0,20720.0
2021033005015425,CGH,41,56,10,2078.0,20780.0
2021033005015424,CGH,41,55,10,2078.0,20780.0
2021033005015423,CGH,41,57,10,2078.0,20780.0
2021033005015422,CGH,41,58,10,2078.0,20780.0
2021033005015421,CGH,41,48,10,2077.0,20770.0
2021033005015420,CGH,41,58,10,2077.0,20770.0
2021033005015431,CGH,41,58,10,2079.0,20790.0
2021033005015430,CGH,41,38,10,2079.0,20790.0
2021033005015429,CGH,41,21,10,2079.0,20790.0
2021033005015428,CGH,41,46,10,2078.0,20780.0
2021033005015427,CGH,41,22,10,2078.0,20780.0
2021033005015426,CGH,41,57,10,2078.0,20780.0
2021033005015439,CGH,38,6,10,2062.0,20620.0
2021033005015436,CGH,41,6,10,2079.0,20790.0
2021033005015435,CGH,41,56,10,2079.0,20790.0
2021033005015434,CGH,41,56,10,2079.0,20790.0
2021033005015433,CGH,41,22,10,2079.0,20790.0
2021033005015432,CGH,41,38,10,2079.0,20790.0
2021033005015453,CGH,55,36,10,2070.0,20700.0
2021033005015449,CGH,38,6,10,2062.0,20620.0
2021033005015448,CGH,38,28,10,2062.0,20620.0
2021033005015444,CGH,38,21,10,2062.0,20620.0
2021033005015443,CGH,38,21,10,2062.0,20620.0
2021033005015442,CGH,38,28,10,2062.0,20620.0
2021033005015475,CGH,38,28,10,2062.0,20620.0
2021033005015474,CGH,38,49,10,2062.0,20620.0
2021033005015469,CGH,49,59,10,2063.0,20630.0
2021033005015461,CGH,51,51,10,2063.0,20630.0
2021033005015459,CGH,51,28,10,2063.0,20630.0
2021033005015457,CGH,55,10,10,2070.0,20700.0
2021033005015489,CGH,22,29,10,2063.0,20630.0
2021033005015487,CGH,22,17,10,2063.0,20630.0
2021033005015486,CGH,29,29,10,2074.0,20740.0
2021033005015485,CGH,29,51,10,2074.0,20740.0
2021033005015478,CGH,29,19,10,2074.0,20740.0
2021033005015477,CGH,22,38,10,2063.0,20630.0
2021033005015495,CGH,59,36,10,2063.0,20630.0
2021033005015494,CGH,59,17,10,2063.0,20630.0
2021033005015493,CGH,59,29,10,2063.0,20630.0
2021033005015492,CGH,59,38,10,2063.0,20630.0
2021033005015491,CGH,22,8,10,2063.0,20630.0
2021033005015490,CGH,22,28,10,2063.0,20630.0
2021033005015516,CGH,59,46,10,2063.0,20630.0
2021033005015514,CGH,59,28,10,2063.0,20630.0
2021033005015501,CGH,26,45,10,2065.0,20650.0
2021033005015500,CGH,26,17,10,2065.0,20650.0
2021033005015498,CGH,59,18,10,2063.0,20630.0
2021033005015497,CGH,59,29,10,2063.0,20630.0
2021033005015535,CGH,38,36,10,2062.0,20620.0
2021033005015534,CGH,38,59,10,2062.0,20620.0
2021033005015526,CGH,59,14,10,2063.0,20630.0
2021033005015522,CGH,59,41,10,2063.0,20630.0
2021033005015521,CGH,57,37,10,2065.0,20650.0
2021033005015520,CGH,57,36,10,2065.0,20650.0
2021033005015552,CGH,38,28,10,2062.0,20620.0
2021033005015551,CGH,38,34,10,2062.0,20620.0
2021033005015543,CGH,38,47,10,2062.0,20620.0
2021033005015541,CGH,26,21,10,2064.0,20640.0
2021033005015539,CGH,26,55,10,2063.0,20630.0
2021033005015536,CGH,38,28,10,2062.0,20620.0
2021033005015567,CGH,38,34,10,2062.0,20620.0
2021033005015566,CGH,38,33,10,2062.0,20620.0
2021033005015563,CGH,38,19,10,2062.0,20620.0
2021033005015561,CGH,38,6,10,2062.0,20620.0
2021033005015560,CGH,38,7,10,2062.0,20620.0
2021033005015558,CGH,36,42,10,2064.0,20640.0
2021033005015577,CGH,38,55,10,2062.0,20620.0
2021033005015574,CGH,38,28,10,2062.0,20620.0
2021033005015573,CGH,38,42,10,2062.0,20620.0
2021033005015572,CGH,38,39,10,2065.0,20650.0
2021033005015571,CGH,38,42,10,2065.0,20650.0
2021033005015568,CGH,38,49,10,2062.0,20620.0
2021033005015601,CGH,36,25,10,2065.0,20650.0
2021033005015596,CGH,36,59,10,2063.0,20630.0
2021033005015592,CGH,38,17,10,2062.0,20620.0
2021033005015580,CGH,38,29,10,2062.0,20620.0
2021033005015579,CGH,38,21,10,2062.0,20620.0
2021033005015578,CGH,38,26,10,2062.0,20620.0
2021033005015616,CGH,36,8,10,2061.0,20610.0
2021033005015613,CGH,11,25,10,2062.0,20620.0
2021033005015611,CGH,36,33,10,2061.0,20610.0
2021033005015604,CGH,36,28,10,2061.0,20610.0
2021033005015603,CGH,44,25,10,2062.0,20620.0
2021033005015602,CGH,38,25,160,2062.0,329920.0
2021033005015631,CGH,56,11,10,2063.0,20630.0
2021033005015630,CGH,56,45,10,2062.0,20620.0
2021033005015629,CGH,56,45,10,2062.0,20620.0
2021033005015628,CGH,56,25,10,2062.0,20620.0
2021033005015624,CGH,36,17,10,2061.0,20610.0
2021033005015623,CGH,36,28,10,2061.0,20610.0
2021033005015662,GLH,51,43,210,377.0,79170.0
2021033005015661,GLH,39,43,200,377.0,75400.0
2021033005015660,GLH,38,43,121,378.0,45738.0
2021033005015650,GLH,51,56,10,377.0,3770.0
2021033005015644,GLH,51,21,10,377.0,3770.0
2021033005015627,GLH,51,51,10,377.0,3770.0
2021033005015285,GLH,51,14,10,377.0,3770.0
2021033005015284,GLH,51,38,10,377.0,3770.0
2021033005015283,GLH,51,38,10,377.0,3770.0
2021033005015262,GLH,58,17,10,376.0,3760.0
2021033005015244,GLH,6,41,10,376.0,3760.0
2021033005015187,GLH,6,17,10,376.0,3760.0
2021033005015291,GLH,51,26,10,377.0,3770.0
2021033005015290,GLH,51,42,10,377.0,3770.0
2021033005015289,GLH,51,58,10,377.0,3770.0
2021033005015288,GLH,51,38,10,377.0,3770.0
2021033005015287,GLH,51,48,10,377.0,3770.0
2021033005015286,GLH,51,38,10,377.0,3770.0
2021033005015322,GLH,51,14,10,377.0,3770.0
2021033005015296,GLH,51,42,10,377.0,3770.0
2021033005015295,GLH,51,3,10,377.0,3770.0
2021033005015294,GLH,51,29,10,377.0,3770.0
2021033005015293,GLH,51,38,10,377.0,3770.0
2021033005015292,GLH,51,16,10,377.0,3770.0
2021033005015379,GLH,46,38,10,378.0,3780.0
2021033005015364,GLH,51,45,10,377.0,3770.0
2021033005015346,GLH,51,47,10,377.0,3770.0
2021033005015339,GLH,51,45,10,377.0,3770.0
2021033005015336,GLH,51,53,10,377.0,3770.0
2021033005015330,GLH,51,29,10,377.0,3770.0
2021033005015391,GLH,46,38,10,378.0,3780.0
2021033005015384,GLH,46,43,10,378.0,3780.0
2021033005015383,GLH,46,52,10,378.0,3780.0
2021033005015382,GLH,46,21,10,378.0,3780.0
2021033005015381,GLH,46,14,10,378.0,3780.0
2021033005015380,GLH,46,38,10,378.0,3780.0
2021033005015626,GLH,51,21,10,377.0,3770.0
2021033005015562,GLH,51,59,40,377.0,15080.0
2021033005015537,GLH,51,14,10,377.0,3770.0
2021033005015458,GLH,46,38,10,378.0,3780.0
2021033005015441,GLH,46,42,10,378.0,3780.0
2021033005015437,GLH,46,42,10,378.0,3780.0
2021033005015263,MLBSL,35,42,10,602.0,6020.0
2021033005015659,NIFRA,53,38,60,594.0,35640.0
2021033005015658,NIFRA,53,21,50,594.0,29700.0
2021033005015656,NIFRA,14,45,50,595.0,29750.0
2021033005015655,NIFRA,53,16,50,594.0,29700.0
2021033005015654,NIFRA,6,45,800,595.0,476000.0
2021033005015653,NIFRA,53,32,10,594.0,5940.0
2021033005015167,NIFRA,29,47,50,595.0,29750.0
2021033005015166,NIFRA,42,1,130,596.0,77480.0
2021033005015165,NIFRA,42,52,30,595.0,17850.0
2021033005015164,NIFRA,42,16,40,595.0,23800.0
2021033005015163,NIFRA,42,42,300,595.0,178500.0
2021033005015178,NIFRA,33,47,150,594.0,89100.0
2021033005015177,NIFRA,45,47,200,594.0,118800.0
2021033005015176,NIFRA,58,47,50,594.0,29700.0
2021033005015175,NIFRA,26,47,32,594.0,19008.0
2021033005015174,NIFRA,26,14,60,594.0,35640.0
2021033005015168,NIFRA,26,19,50,594.0,29700.0
2021033005015184,NIFRA,19,47,100,594.0,59400.0
2021033005015183,NIFRA,48,47,200,594.0,118800.0
2021033005015182,NIFRA,49,47,50,594.0,29700.0
2021033005015181,NIFRA,50,47,50,594.0,29700.0
2021033005015180,NIFRA,25,47,50,594.0,29700.0
2021033005015179,NIFRA,10,47,20,594.0,11880.0
2021033005015214,NIFRA,50,38,40,595.0,23800.0
2021033005015191,NIFRA,50,47,10,595.0,5950.0
2021033005015190,NIFRA,46,14,50,594.0,29700.0
2021033005015189,NIFRA,46,49,20,594.0,11880.0
2021033005015186,NIFRA,46,16,10,594.0,5940.0
2021033005015185,NIFRA,46,47,98,594.0,58212.0
2021033005015233,NIFRA,58,38,30,595.0,17850.0
2021033005015232,NIFRA,49,38,30,595.0,17850.0
2021033005015229,NIFRA,49,14,50,595.0,29750.0
2021033005015224,NIFRA,49,38,20,595.0,11900.0
2021033005015223,NIFRA,49,47,50,595.0,29750.0
2021033005015220,NIFRA,46,14,50,594.0,29700.0
2021033005015248,NIFRA,11,1,14,596.0,8344.0
2021033005015246,NIFRA,1,1,150,596.0,89400.0
2021033005015243,NIFRA,16,32,16,595.0,9520.0
2021033005015242,NIFRA,52,32,80,595.0,47600.0
2021033005015241,NIFRA,52,22,20,595.0,11900.0
2021033005015236,NIFRA,58,14,50,595.0,29750.0
2021033005015256,NIFRA,17,16,34,596.0,20264.0
2021033005015255,NIFRA,17,7,500,596.0,298000.0
2021033005015254,NIFRA,21,6,50,595.0,29750.0
2021033005015253,NIFRA,16,6,10,595.0,5950.0
2021033005015251,NIFRA,16,35,24,595.0,14280.0
2021033005015249,NIFRA,11,16,16,596.0,9536.0
2021033005015269,NIFRA,17,42,50,596.0,29800.0
2021033005015261,NIFRA,17,51,50,596.0,29800.0
2021033005015260,NIFRA,17,36,50,596.0,29800.0
2021033005015259,NIFRA,17,21,30,596.0,17880.0
2021033005015258,NIFRA,17,35,50,596.0,29800.0
2021033005015257,NIFRA,17,36,50,596.0,29800.0
2021033005015301,NIFRA,21,52,20,595.0,11900.0
2021033005015300,NIFRA,14,52,20,596.0,11920.0
2021033005015298,NIFRA,14,29,50,596.0,29800.0
2021033005015279,NIFRA,14,43,30,596.0,17880.0
2021033005015278,NIFRA,17,43,30,596.0,17880.0
2021033005015270,NIFRA,17,34,50,596.0,29800.0
2021033005015315,NIFRA,26,3,50,595.0,29750.0
2021033005015314,NIFRA,26,14,50,595.0,29750.0
2021033005015312,NIFRA,26,34,50,595.0,29750.0
2021033005015310,NIFRA,26,32,50,595.0,29750.0
2021033005015307,NIFRA,26,48,50,595.0,29750.0
2021033005015302,NIFRA,26,52,20,595.0,11900.0
2021033005015334,NIFRA,8,59,145,596.0,86420.0
2021033005015333,NIFRA,8,21,30,596.0,17880.0
2021033005015332,NIFRA,8,48,25,596.0,14900.0
2021033005015327,NIFRA,26,29,50,595.0,29750.0
2021033005015320,NIFRA,26,14,50,595.0,29750.0
2021033005015318,NIFRA,26,37,60,595.0,35700.0
2021033005015345,NIFRA,49,59,30,596.0,17880.0
2021033005015343,NIFRA,10,14,60,595.0,35700.0
2021033005015342,NIFRA,17,35,80,595.0,47600.0
2021033005015341,NIFRA,17,44,15,595.0,8925.0
2021033005015340,NIFRA,26,44,145,595.0,86275.0
2021033005015338,NIFRA,26,41,25,595.0,14875.0
2021033005015353,NIFRA,35,34,50,595.0,29750.0
2021033005015352,NIFRA,35,21,10,595.0,5950.0
2021033005015351,NIFRA,10,21,40,595.0,23800.0
2021033005015350,NIFRA,10,6,50,595.0,29750.0
2021033005015349,NIFRA,10,54,50,595.0,29750.0
2021033005015348,NIFRA,35,59,10,596.0,5960.0
2021033005015359,NIFRA,45,42,50,596.0,29800.0
2021033005015358,NIFRA,45,42,50,596.0,29800.0
2021033005015357,NIFRA,45,46,40,596.0,23840.0
2021033005015356,NIFRA,45,36,50,596.0,29800.0
2021033005015355,NIFRA,45,21,40,596.0,23840.0
2021033005015354,NIFRA,45,59,215,596.0,128140.0
2021033005015385,NIFRA,25,17,270,597.0,161190.0
2021033005015378,NIFRA,45,21,50,596.0,29800.0
2021033005015376,NIFRA,45,42,60,596.0,35760.0
2021033005015362,NIFRA,45,51,60,596.0,35760.0
2021033005015361,NIFRA,45,39,15,596.0,8940.0
2021033005015360,NIFRA,45,38,50,596.0,29800.0
2021033005015393,NIFRA,58,52,50,597.0,29850.0
2021033005015392,NIFRA,58,35,100,597.0,59700.0
2021033005015389,NIFRA,25,35,10,597.0,5970.0
2021033005015388,NIFRA,25,57,60,597.0,35820.0
2021033005015387,NIFRA,25,57,60,597.0,35820.0
2021033005015386,NIFRA,25,35,100,597.0,59700.0
2021033005015400,NIFRA,45,58,60,596.0,35760.0
2021033005015399,NIFRA,45,20,50,596.0,29800.0
2021033005015397,NIFRA,58,25,280,597.0,167160.0
2021033005015396,NIFRA,58,52,60,597.0,35820.0
2021033005015395,NIFRA,58,52,50,597.0,29850.0
2021033005015394,NIFRA,58,51,60,597.0,35820.0
2021033005015407,NIFRA,45,51,970,596.0,578120.0
2021033005015405,NIFRA,45,45,50,596.0,29800.0
2021033005015404,NIFRA,45,36,50,596.0,29800.0
2021033005015403,NIFRA,45,42,60,596.0,35760.0
2021033005015402,NIFRA,45,34,50,596.0,29800.0
2021033005015401,NIFRA,45,45,30,596.0,17880.0
2021033005015445,NIFRA,35,38,50,595.0,29750.0
2021033005015440,NIFRA,35,14,60,595.0,35700.0
2021033005015438,NIFRA,48,51,50,596.0,29800.0
2021033005015410,NIFRA,13,51,500,596.0,298000.0
2021033005015409,NIFRA,13,51,60,596.0,35760.0
2021033005015408,NIFRA,22,51,200,596.0,119200.0
2021033005015454,NIFRA,35,21,60,595.0,35700.0
2021033005015452,NIFRA,40,58,25,596.0,14900.0
2021033005015451,NIFRA,40,16,60,596.0,35760.0
2021033005015450,NIFRA,40,51,195,596.0,116220.0
2021033005015447,NIFRA,25,51,25,596.0,14900.0
2021033005015446,NIFRA,35,14,50,595.0,29750.0
2021033005015464,NIFRA,35,51,50,595.0,29750.0
2021033005015463,NIFRA,35,21,50,595.0,29750.0
2021033005015462,NIFRA,39,58,500,596.0,298000.0
2021033005015460,NIFRA,35,3,50,595.0,29750.0
2021033005015456,NIFRA,35,28,50,595.0,29750.0
2021033005015455,NIFRA,25,58,50,596.0,29800.0
2021033005015471,NIFRA,54,38,20,595.0,11900.0
2021033005015470,NIFRA,39,38,20,595.0,11900.0
2021033005015468,NIFRA,39,49,30,595.0,17850.0
2021033005015467,NIFRA,54,49,20,595.0,11900.0
2021033005015466,NIFRA,54,45,480,595.0,285600.0
2021033005015465,NIFRA,35,45,20,595.0,11900.0
2021033005015481,NIFRA,34,58,"1,000",596.0,596000.0
2021033005015480,NIFRA,41,41,20,595.0,11900.0
2021033005015479,NIFRA,41,38,30,595.0,17850.0
2021033005015476,NIFRA,41,36,40,595.0,23800.0
2021033005015473,NIFRA,41,14,30,595.0,17850.0
2021033005015472,NIFRA,54,14,30,595.0,17850.0
2021033005015499,NIFRA,53,38,50,595.0,29750.0
2021033005015496,NIFRA,58,41,20,595.0,11900.0
2021033005015488,NIFRA,58,37,50,595.0,29750.0
2021033005015484,NIFRA,58,10,30,595.0,17850.0
2021033005015483,NIFRA,41,10,30,595.0,17850.0
2021033005015482,NIFRA,41,21,50,595.0,29750.0
2021033005015507,NIFRA,34,45,50,595.0,29750.0
2021033005015506,NIFRA,47,45,100,595.0,59500.0
2021033005015505,NIFRA,53,45,100,595.0,59500.0
2021033005015504,NIFRA,45,45,70,595.0,41650.0
2021033005015503,NIFRA,33,45,300,595.0,178500.0
2021033005015502,NIFRA,21,14,100,595.0,59500.0
2021033005015513,NIFRA,59,45,50,595.0,29750.0
2021033005015512,NIFRA,25,45,45,595.0,26775.0
2021033005015511,NIFRA,16,45,100,595.0,59500.0
2021033005015510,NIFRA,41,45,50,595.0,29750.0
2021033005015509,NIFRA,55,45,150,595.0,89250.0
2021033005015508,NIFRA,49,45,100,595.0,59500.0
2021033005015524,NIFRA,34,45,100,595.0,59500.0
2021033005015523,NIFRA,49,45,250,595.0,148750.0
2021033005015519,NIFRA,4,45,50,595.0,29750.0
2021033005015518,NIFRA,46,32,50,594.0,29700.0
2021033005015517,NIFRA,55,45,50,595.0,29750.0
2021033005015515,NIFRA,45,45,200,595.0,119000.0
2021033005015531,NIFRA,43,51,50,595.0,29750.0
2021033005015530,NIFRA,43,28,50,595.0,29750.0
2021033005015529,NIFRA,43,51,50,595.0,29750.0
2021033005015528,NIFRA,43,21,30,595.0,17850.0
2021033005015527,NIFRA,43,45,235,595.0,139825.0
2021033005015525,NIFRA,46,14,50,594.0,29700.0
2021033005015544,NIFRA,43,16,25,595.0,14875.0
2021033005015542,NIFRA,43,49,50,595.0,29750.0
2021033005015540,NIFRA,43,26,60,595.0,35700.0
2021033005015538,NIFRA,43,42,350,595.0,208250.0
2021033005015533,NIFRA,43,21,50,595.0,29750.0
2021033005015532,NIFRA,43,54,50,595.0,29750.0
2021033005015550,NIFRA,45,43,15,595.0,8925.0
2021033005015549,NIFRA,45,42,50,595.0,29750.0
2021033005015548,NIFRA,49,42,25,596.0,14900.0
2021033005015547,NIFRA,49,41,50,596.0,29800.0
2021033005015546,NIFRA,49,58,425,596.0,253300.0
2021033005015545,NIFRA,45,16,35,595.0,20825.0
2021033005015559,NIFRA,59,52,200,595.0,119000.0
2021033005015557,NIFRA,52,52,25,596.0,14900.0
2021033005015556,NIFRA,52,32,100,596.0,59600.0
2021033005015555,NIFRA,52,42,25,596.0,14900.0
2021033005015554,NIFRA,52,57,50,595.0,29750.0
2021033005015553,NIFRA,40,43,35,595.0,20825.0
2021033005015576,NIFRA,46,8,50,594.0,29700.0
2021033005015575,NIFRA,46,58,10,594.0,5940.0
2021033005015570,NIFRA,26,52,5,595.0,2975.0
2021033005015569,NIFRA,56,52,20,595.0,11900.0
2021033005015565,NIFRA,46,14,50,594.0,29700.0
2021033005015564,NIFRA,52,52,50,595.0,29750.0
2021033005015586,NIFRA,37,41,60,595.0,35700.0
2021033005015585,NIFRA,37,43,30,595.0,17850.0
2021033005015584,NIFRA,37,26,50,595.0,29750.0
2021033005015583,NIFRA,37,22,60,595.0,35700.0
2021033005015582,NIFRA,37,16,60,595.0,35700.0
2021033005015581,NIFRA,37,8,60,595.0,35700.0
2021033005015593,NIFRA,37,34,50,595.0,29750.0
2021033005015591,NIFRA,46,16,60,594.0,35640.0
2021033005015590,NIFRA,37,56,30,595.0,17850.0
2021033005015589,NIFRA,37,16,50,595.0,29750.0
2021033005015588,NIFRA,37,21,50,595.0,29750.0
2021033005015587,NIFRA,37,45,50,595.0,29750.0
2021033005015600,NIFRA,37,45,350,595.0,208250.0
2021033005015599,NIFRA,37,54,150,595.0,89250.0
2021033005015598,NIFRA,46,14,30,594.0,17820.0
2021033005015597,NIFRA,46,55,50,594.0,29700.0
2021033005015595,NIFRA,46,38,60,594.0,35640.0
2021033005015594,NIFRA,37,54,450,595.0,267750.0
2021033005015610,NIFRA,46,21,50,594.0,29700.0
2021033005015609,NIFRA,46,36,50,594.0,29700.0
2021033005015608,NIFRA,4,45,100,595.0,59500.0
2021033005015607,NIFRA,46,38,60,594.0,35640.0
2021033005015606,NIFRA,37,45,500,595.0,297500.0
2021033005015605,NIFRA,46,14,50,594.0,29700.0
2021033005015619,NIFRA,17,45,100,595.0,59500.0
2021033005015618,NIFRA,46,3,50,594.0,29700.0
2021033005015617,NIFRA,46,38,60,594.0,35640.0
2021033005015615,NIFRA,46,56,60,594.0,35640.0
2021033005015614,NIFRA,46,16,50,594.0,29700.0
2021033005015612,NIFRA,46,38,60,594.0,35640.0
2021033005015635,NIFRA,38,45,40,595.0,23800.0
2021033005015634,NIFRA,46,38,60,594.0,35640.0
2021033005015625,NIFRA,46,21,60,594.0,35640.0
2021033005015622,NIFRA,46,38,60,594.0,35640.0
2021033005015621,NIFRA,46,8,50,594.0,29700.0
2021033005015620,NIFRA,49,45,500,595.0,297500.0
2021033005015642,NIFRA,41,21,50,594.0,29700.0
2021033005015641,NIFRA,41,8,50,594.0,29700.0
2021033005015640,NIFRA,41,38,18,594.0,10692.0
2021033005015639,NIFRA,21,38,20,594.0,11880.0
2021033005015638,NIFRA,46,38,22,594.0,13068.0
2021033005015637,NIFRA,56,45,10,595.0,5950.0
2021033005015652,NIFRA,36,45,100,595.0,59500.0
2021033005015651,NIFRA,53,28,60,594.0,35640.0
2021033005015649,NIFRA,53,38,60,594.0,35640.0
2021033005015648,NIFRA,53,42,18,594.0,10692.0
2021033005015647,NIFRA,41,42,32,594.0,19008.0
2021033005015643,NIFRA,41,36,50,594.0,29700.0
2021033005015162,CGH,26,51,10,2050.0,20500.0
2021033005015161,CGH,17,39,10,2045.0,20450.0
2021033005015156,CGH,17,38,10,2045.0,20450.0
2021033005015153,CGH,41,49,10,2050.0,20500.0
2021033005015148,CGH,26,55,10,2049.0,20490.0
2021033005015146,CGH,17,38,10,2045.0,20450.0
2021033005014663,CGH,41,57,10,2045.0,20450.0
2021033005014669,CGH,41,56,10,2045.0,20450.0
2021033005014668,CGH,41,4,10,2045.0,20450.0
2021033005014667,CGH,41,58,10,2045.0,20450.0
2021033005014666,CGH,41,45,10,2045.0,20450.0
2021033005014665,CGH,41,47,10,2045.0,20450.0
2021033005014664,CGH,41,35,10,2045.0,20450.0
2021033005014675,CGH,41,47,10,2045.0,20450.0
2021033005014674,CGH,41,21,10,2045.0,20450.0
2021033005014673,CGH,41,33,10,2045.0,20450.0
2021033005014672,CGH,41,21,10,2045.0,20450.0
2021033005014671,CGH,41,4,10,2045.0,20450.0
2021033005014670,CGH,41,52,10,2045.0,20450.0
2021033005014685,CGH,34,14,10,2045.0,20450.0
2021033005014684,CGH,34,56,10,2045.0,20450.0
2021033005014679,CGH,38,56,10,2040.0,20400.0
2021033005014678,CGH,38,58,10,2040.0,20400.0
2021033005014677,CGH,41,14,10,2045.0,20450.0
2021033005014676,CGH,41,52,10,2045.0,20450.0
2021033005014695,CGH,38,44,10,2046.0,20460.0
2021033005014694,CGH,38,17,10,2046.0,20460.0
2021033005014693,CGH,34,35,10,2045.0,20450.0
2021033005014692,CGH,34,58,10,2045.0,20450.0
2021033005014691,CGH,34,17,10,2045.0,20450.0
2021033005014688,CGH,34,28,10,2045.0,20450.0
2021033005014702,CGH,34,8,10,2045.0,20450.0
2021033005014701,CGH,34,45,10,2045.0,20450.0
2021033005014700,CGH,34,18,10,2045.0,20450.0
2021033005014698,CGH,38,11,10,2046.0,20460.0
2021033005014697,CGH,38,3,10,2046.0,20460.0
2021033005014696,CGH,38,3,10,2046.0,20460.0
2021033005014709,CGH,34,56,10,2046.0,20460.0
2021033005014708,CGH,34,19,10,2046.0,20460.0
2021033005014707,CGH,34,57,10,2046.0,20460.0
2021033005014706,CGH,34,14,10,2046.0,20460.0
2021033005014705,CGH,34,42,10,2046.0,20460.0
2021033005014704,CGH,34,34,10,2045.0,20450.0
2021033005014720,CGH,45,48,10,2050.0,20500.0
2021033005014719,CGH,45,21,10,2050.0,20500.0
2021033005014718,CGH,45,21,10,2049.0,20490.0
2021033005014717,CGH,45,6,10,2047.0,20470.0
2021033005014716,CGH,34,47,10,2046.0,20460.0
2021033005014712,CGH,34,20,10,2046.0,20460.0
2021033005014727,CGH,59,55,10,2050.0,20500.0
2021033005014726,CGH,59,29,10,2050.0,20500.0
2021033005014725,CGH,59,34,10,2050.0,20500.0
2021033005014723,CGH,34,56,10,2046.0,20460.0
2021033005014722,CGH,34,58,10,2046.0,20460.0
2021033005014721,CGH,45,25,10,2050.0,20500.0
2021033005014735,CGH,59,1,10,2050.0,20500.0
2021033005014733,CGH,59,20,10,2050.0,20500.0
2021033005014731,CGH,59,45,10,2050.0,20500.0
2021033005014730,CGH,59,41,10,2050.0,20500.0
2021033005014729,CGH,59,45,10,2050.0,20500.0
2021033005014728,CGH,59,20,10,2050.0,20500.0
2021033005014759,CGH,26,34,10,2055.0,20550.0
2021033005014758,CGH,26,50,10,2050.0,20500.0
2021033005014757,CGH,26,38,10,2050.0,20500.0
2021033005014755,CGH,34,45,10,2046.0,20460.0
2021033005014754,CGH,53,17,10,2047.0,20470.0
2021033005014736,CGH,59,34,10,2050.0,20500.0
2021033005014770,CGH,51,45,10,2050.0,20500.0
2021033005014769,CGH,26,20,10,2050.0,20500.0
2021033005014768,CGH,58,59,10,2050.0,20500.0
2021033005014765,CGH,58,59,10,2050.0,20500.0
2021033005014764,CGH,48,52,10,2055.0,20550.0
2021033005014763,CGH,48,13,10,2055.0,20550.0
2021033005014792,CGH,26,20,10,2047.0,20470.0
2021033005014789,CGH,54,38,10,2047.0,20470.0
2021033005014788,CGH,26,4,60,2050.0,123000.0
2021033005014786,CGH,56,4,20,2050.0,41000.0
2021033005014781,CGH,49,4,30,2050.0,61500.0
2021033005014773,CGH,39,17,10,2050.0,20500.0
2021033005014808,CGH,34,3,10,2046.0,20460.0
2021033005014805,CGH,34,45,10,2046.0,20460.0
2021033005014804,CGH,34,10,10,2046.0,20460.0
2021033005014797,CGH,34,14,10,2046.0,20460.0
2021033005014795,CGH,34,45,10,2046.0,20460.0
2021033005014793,CGH,26,4,30,2050.0,61500.0
2021033005014855,CGH,14,20,10,2047.0,20470.0
2021033005014854,CGH,14,57,10,2047.0,20470.0
2021033005014853,CGH,34,17,10,2046.0,20460.0
2021033005014840,CGH,34,13,10,2046.0,20460.0
2021033005014838,CGH,34,41,10,2046.0,20460.0
2021033005014836,CGH,34,42,10,2046.0,20460.0
2021033005014873,CGH,22,45,10,2047.0,20470.0
2021033005014870,CGH,22,22,10,2047.0,20470.0
2021033005014868,CGH,22,39,10,2047.0,20470.0
2021033005014867,CGH,22,21,10,2047.0,20470.0
2021033005014865,CGH,22,29,10,2047.0,20470.0
2021033005014856,CGH,22,56,10,2047.0,20470.0
2021033005014901,CGH,19,56,10,2047.0,20470.0
2021033005014888,CGH,35,10,10,2047.0,20470.0
2021033005014883,CGH,22,40,10,2047.0,20470.0
2021033005014881,CGH,22,10,10,2047.0,20470.0
2021033005014879,CGH,22,16,10,2047.0,20470.0
2021033005014878,CGH,22,36,10,2047.0,20470.0
2021033005014909,CGH,22,19,10,2046.0,20460.0
2021033005014907,CGH,34,10,10,2046.0,20460.0
2021033005014906,CGH,19,28,10,2048.0,20480.0
2021033005014905,CGH,19,16,10,2048.0,20480.0
2021033005014903,CGH,19,38,10,2048.0,20480.0
2021033005014902,CGH,19,45,10,2048.0,20480.0
2021033005014921,CGH,17,10,10,2045.0,20450.0
2021033005014915,CGH,22,21,10,2046.0,20460.0
2021033005014914,CGH,22,10,10,2046.0,20460.0
2021033005014913,CGH,22,45,10,2046.0,20460.0
2021033005014912,CGH,22,29,10,2046.0,20460.0
2021033005014911,CGH,22,38,10,2046.0,20460.0
2021033005014929,CGH,17,42,10,2045.0,20450.0
2021033005014926,CGH,19,42,10,2047.0,20470.0
2021033005014925,CGH,19,59,10,2047.0,20470.0
2021033005014924,CGH,19,16,10,2046.0,20460.0
2021033005014923,CGH,19,39,10,2046.0,20460.0
2021033005014922,CGH,19,46,10,2046.0,20460.0
2021033005014946,CGH,45,39,10,2046.0,20460.0
2021033005014939,CGH,17,29,10,2045.0,20450.0
2021033005014938,CGH,17,39,10,2045.0,20450.0
2021033005014935,CGH,17,4,10,2045.0,20450.0
2021033005014931,CGH,17,33,10,2045.0,20450.0
2021033005014930,CGH,17,10,10,2045.0,20450.0
2021033005014952,CGH,45,47,10,2048.0,20480.0
2021033005014951,CGH,45,20,10,2048.0,20480.0
2021033005014950,CGH,45,38,10,2048.0,20480.0
2021033005014949,CGH,45,39,10,2047.0,20470.0
2021033005014948,CGH,45,17,10,2047.0,20470.0
2021033005014947,CGH,45,14,10,2046.0,20460.0
2021033005014958,CGH,45,35,10,2049.0,20490.0
2021033005014957,CGH,45,49,10,2049.0,20490.0
2021033005014956,CGH,45,21,10,2048.0,20480.0
2021033005014955,CGH,45,45,10,2048.0,20480.0
2021033005014954,CGH,45,34,10,2048.0,20480.0
2021033005014953,CGH,45,38,10,2048.0,20480.0
2021033005014964,CGH,45,58,10,2050.0,20500.0
2021033005014963,CGH,45,25,10,2050.0,20500.0
2021033005014962,CGH,45,35,10,2050.0,20500.0
2021033005014961,CGH,45,6,10,2050.0,20500.0
2021033005014960,CGH,45,45,10,2050.0,20500.0
2021033005014959,CGH,45,4,360,2050.0,738000.0
2021033005014992,CGH,17,39,10,2045.0,20450.0
2021033005014991,CGH,17,35,10,2045.0,20450.0
2021033005014988,CGH,17,56,10,2045.0,20450.0
2021033005014975,CGH,17,39,10,2045.0,20450.0
2021033005014974,CGH,17,49,10,2045.0,20450.0
2021033005014965,CGH,45,4,390,2050.0,799500.0
2021033005015012,CGH,17,39,10,2045.0,20450.0
2021033005015007,CGH,17,59,10,2045.0,20450.0
2021033005014998,CGH,17,38,10,2045.0,20450.0
2021033005014997,CGH,17,52,10,2045.0,20450.0
2021033005014996,CGH,17,8,10,2045.0,20450.0
2021033005014995,CGH,17,57,10,2045.0,20450.0
2021033005015025,CGH,17,39,10,2045.0,20450.0
2021033005015022,CGH,26,6,10,2046.0,20460.0
2021033005015021,CGH,26,21,10,2046.0,20460.0
2021033005015020,CGH,26,34,10,2046.0,20460.0
2021033005015014,CGH,17,57,10,2045.0,20450.0
2021033005015013,CGH,17,59,10,2045.0,20450.0
2021033005015035,CGH,41,16,10,2046.0,20460.0
2021033005015034,CGH,41,19,10,2046.0,20460.0
2021033005015033,CGH,41,55,10,2046.0,20460.0
2021033005015031,CGH,17,1,10,2045.0,20450.0
2021033005015028,CGH,17,28,10,2045.0,20450.0
2021033005015026,CGH,17,44,10,2045.0,20450.0
2021033005015041,CGH,41,50,10,2049.0,20490.0
2021033005015040,CGH,41,21,10,2049.0,20490.0
2021033005015039,CGH,41,3,10,2049.0,20490.0
2021033005015038,CGH,41,49,10,2049.0,20490.0
2021033005015037,CGH,41,52,10,2049.0,20490.0
2021033005015036,CGH,41,39,10,2046.0,20460.0
2021033005015052,CGH,17,43,10,2045.0,20450.0
2021033005015050,CGH,17,21,10,2045.0,20450.0
2021033005015048,CGH,17,26,10,2045.0,20450.0
2021033005015046,CGH,17,32,10,2045.0,20450.0
2021033005015044,CGH,17,8,10,2045.0,20450.0
2021033005015042,CGH,41,42,10,2049.0,20490.0
2021033005015067,CGH,17,16,10,2045.0,20450.0
2021033005015066,CGH,19,39,10,2046.0,20460.0
2021033005015065,CGH,19,39,10,2046.0,20460.0
2021033005015064,CGH,17,32,10,2045.0,20450.0
2021033005015063,CGH,17,17,10,2045.0,20450.0
2021033005015056,CGH,17,16,10,2045.0,20450.0
2021033005015096,CGH,17,41,10,2045.0,20450.0
2021033005015078,CGH,17,35,10,2045.0,20450.0
2021033005015075,CGH,17,16,10,2045.0,20450.0
2021033005015074,CGH,17,36,10,2045.0,20450.0
2021033005015072,CGH,17,57,10,2045.0,20450.0
2021033005015069,CGH,17,17,10,2045.0,20450.0
2021033005015103,CGH,19,22,10,2050.0,20500.0
