Transact. No.,Symbol,Buyer,Seller,Quantity,Rate,Amount
2021040404038809,AHPC,44,6,50,272.0,13600.0
2021040404038735,AHPC,35,57,50,271.0,13550.0
2021040404038714,AHPC,45,6,200,272.0,54400.0
2021040404038806,AIL,45,1,10,994.0,9940.0
2021040404038754,AIL,25,13,30,993.0,29790.0
2021040404038753,AIL,38,13,20,993.0,19860.0
2021040404038752,AIL,19,13,30,993.0,29790.0
2021040404038751,AIL,38,13,10,993.0,9930.0
2021040404038750,AIL,50,13,20,993.0,19860.0
2021040404038749,AIL,57,13,40,994.0,39760.0
2021040404038700,AIL,57,38,10,994.0,9940.0
2021040404038684,AKJCL,58,45,100,152.0,15200.0
2021040404038833,API,17,6,200,333.0,66600.0
2021040404038653,API,36,6,100,333.0,33300.0
2021040404038667,BPCL,22,6,10,410.0,4100.0
2021040404038666,BPCL,26,6,500,410.0,205000.0
2021040404038665,BPCL,51,6,347,410.0,142270.0
2021040404038668,BPCL,33,6,14,410.0,5740.0
2021040404038771,CGH,52,43,60,2009.0,120540.0
2021040404038770,CGH,52,49,20,2008.0,40160.0
2021040404038769,CGH,52,19,10,2007.0,20070.0
2021040404038768,CGH,52,51,10,2005.0,20050.0
2021040404038767,CGH,52,19,20,2005.0,40100.0
2021040404038766,CGH,52,44,10,2005.0,20050.0
2021040404038690,CGH,41,41,30,1981.0,59430.0
2021040404038689,CGH,3,45,50,1982.0,99100.0
2021040404038696,CGH,19,41,10,1980.0,19800.0
2021040404038695,CGH,17,41,10,1980.0,19800.0
2021040404038694,CGH,38,41,20,1980.0,39600.0
2021040404038693,CGH,28,41,100,1981.0,198100.0
2021040404038692,CGH,33,41,50,1981.0,99050.0
2021040404038691,CGH,26,41,10,1981.0,19810.0
2021040404038759,CGH,44,32,10,1990.0,19900.0
2021040404038741,CGH,44,4,10,1990.0,19900.0
2021040404038740,CGH,44,45,60,1982.0,118920.0
2021040404038739,CGH,38,45,20,1982.0,39640.0
2021040404038704,CGH,6,45,50,1982.0,99100.0
2021040404038699,CGH,57,45,10,1982.0,19820.0
2021040404038765,CGH,52,22,10,2005.0,20050.0
2021040404038764,CGH,52,51,10,2005.0,20050.0
2021040404038763,CGH,52,41,10,1996.0,19960.0
2021040404038762,CGH,52,11,10,1995.0,19950.0
2021040404038761,CGH,52,34,10,1995.0,19950.0
2021040404038760,CGH,52,43,10,1994.0,19940.0
2021040404038838,CHCL,25,1,11,615.0,6765.0
2021040404038834,CHCL,36,1,61,615.0,37515.0
2021040404038796,CHCL,41,36,489,616.0,301224.0
2021040404038795,CHCL,41,51,11,616.0,6776.0
2021040404038709,CHCL,36,25,439,615.0,269985.0
2021040404038708,CHCL,19,25,561,615.0,345015.0
2021040404038707,CHCL,16,25,500,615.0,307500.0
2021040404038677,CHCL,22,51,200,616.0,123200.0
2021040404038814,CHL,6,45,13,211.0,2743.0
2021040404038817,DHPL,45,38,10,119.0,1190.0
2021040404038815,EIC,26,54,40,794.0,31760.0
2021040404038757,EIC,26,33,37,794.0,29378.0
2021040404038664,EIC,21,33,63,794.0,50022.0
2021040404038663,EIC,21,22,50,794.0,39700.0
2021040404038662,EIC,21,19,50,794.0,39700.0
2021040404038734,GHL,53,50,100,164.0,16400.0
2021040404038655,GHL,51,50,10,164.0,1640.0
2021040404038738,HDHPC,43,16,30,135.0,4050.0
2021040404038737,HDHPC,8,16,470,135.0,63450.0
2021040404038813,HGI,37,57,80,748.0,59840.0
2021040404038812,HGI,45,57,380,748.0,284240.0
2021040404038688,HGI,10,50,19,749.0,14231.0
2021040404038687,HGI,10,49,101,749.0,75649.0
2021040404038658,HURJA,25,4,10,338.0,3380.0
2021040404038657,HURJA,25,51,300,338.0,101400.0
2021040404038656,HURJA,25,46,45,338.0,15210.0
2021040404038804,IGI,39,19,32,1313.0,42016.0
2021040404038803,IGI,34,19,128,1313.0,168064.0
2021040404038705,LEC,46,6,10,299.0,2990.0
2021040404038778,LGIL,21,17,30,885.0,26550.0
2021040404038777,LGIL,21,22,200,883.0,176600.0
2021040404038776,LGIL,21,48,70,881.0,61670.0
2021040404038755,LGIL,16,44,400,880.0,352000.0
2021040404038713,LGIL,1,48,70,881.0,61670.0
2021040404038698,LGIL,48,48,60,884.0,53040.0
2021040404038682,LGIL,48,34,140,884.0,123760.0
2021040404038830,MEN,46,51,10,704.0,7040.0
2021040404038829,MEN,46,34,10,702.0,7020.0
2021040404038828,MEN,46,58,10,701.0,7010.0
2021040404038719,MHNL,36,45,28,264.0,7392.0
2021040404038718,MHNL,47,45,100,264.0,26400.0
2021040404038717,MHNL,57,45,100,265.0,26500.0
2021040404038716,MHNL,50,45,20,265.0,5300.0
2021040404038715,MHNL,52,45,52,265.0,13780.0
2021040405000028,MLBSL,48,21,10,736.0,7360.0
2021040405000014,MLBSL,41,6,10,722.0,7220.0
2021040404038791,NHPC,58,33,500,167.0,83500.0
2021040404038732,NIBLPF,7,47,515,12.41,6391.15
2021040404038775,NICL,44,19,30,846.0,25380.0
2021040404038774,NICL,48,19,40,846.0,33840.0
2021040404038773,NICL,28,19,200,846.0,169200.0
2021040404038772,NICL,21,19,108,846.0,91368.0
2021040404038697,NICL,40,44,100,847.0,84700.0
2021040405000309,NICLBSL,40,48,10,961.0,9610.0
2021040405000308,NICLBSL,40,17,10,961.0,9610.0
2021040405000307,NICLBSL,40,47,10,961.0,9610.0
2021040405000306,NICLBSL,40,6,10,961.0,9610.0
2021040405000305,NICLBSL,40,28,10,961.0,9610.0
2021040405000304,NICLBSL,40,1,26,961.0,24986.0
2021040405000001,NICLBSL,16,58,10,917.0,9170.0
2021040405000007,NICLBSL,17,13,10,961.0,9610.0
2021040405000006,NICLBSL,40,53,10,953.0,9530.0
2021040405000005,NICLBSL,41,42,10,935.0,9350.0
2021040405000004,NICLBSL,16,41,10,917.0,9170.0
2021040405000003,NICLBSL,16,16,10,917.0,9170.0
2021040405000002,NICLBSL,16,4,10,917.0,9170.0
2021040405000013,NICLBSL,17,10,10,961.0,9610.0
2021040405000012,NICLBSL,17,41,10,961.0,9610.0
2021040405000011,NICLBSL,17,34,10,961.0,9610.0
2021040405000010,NICLBSL,38,26,7,958.0,6706.0
2021040405000009,NICLBSL,17,20,10,961.0,9610.0
2021040405000008,NICLBSL,51,26,3,960.0,2880.0
2021040405000020,NICLBSL,55,55,1,947.0,947.0
2021040405000019,NICLBSL,7,50,10,961.0,9610.0
2021040405000018,NICLBSL,17,44,10,961.0,9610.0
2021040405000017,NICLBSL,17,25,10,961.0,9610.0
2021040405000016,NICLBSL,17,1,10,961.0,9610.0
2021040405000015,NICLBSL,17,10,10,961.0,9610.0
2021040405000026,NICLBSL,7,21,10,961.0,9610.0
2021040405000025,NICLBSL,7,45,10,961.0,9610.0
2021040405000024,NICLBSL,7,11,20,961.0,19220.0
2021040405000023,NICLBSL,7,26,10,961.0,9610.0
2021040405000022,NICLBSL,7,52,10,961.0,9610.0
2021040405000021,NICLBSL,55,55,9,949.0,8541.0
2021040405000033,NICLBSL,7,6,10,961.0,9610.0
2021040405000032,NICLBSL,7,59,35,961.0,33635.0
2021040405000031,NICLBSL,7,58,10,961.0,9610.0
2021040405000030,NICLBSL,7,58,10,961.0,9610.0
2021040405000029,NICLBSL,7,58,10,961.0,9610.0
2021040405000027,NICLBSL,7,38,20,961.0,19220.0
2021040405000039,NICLBSL,7,54,30,961.0,28830.0
2021040405000038,NICLBSL,7,51,10,961.0,9610.0
2021040405000037,NICLBSL,7,45,10,961.0,9610.0
2021040405000036,NICLBSL,7,38,10,961.0,9610.0
2021040405000035,NICLBSL,7,56,10,961.0,9610.0
2021040405000034,NICLBSL,7,42,10,961.0,9610.0
2021040405000045,NICLBSL,7,26,10,961.0,9610.0
2021040405000044,NICLBSL,7,43,20,961.0,19220.0
2021040405000043,NICLBSL,7,45,10,961.0,9610.0
2021040405000042,NICLBSL,7,7,10,961.0,9610.0
2021040405000041,NICLBSL,7,26,10,961.0,9610.0
2021040405000040,NICLBSL,7,1,10,961.0,9610.0
2021040405000051,NICLBSL,7,34,10,961.0,9610.0
2021040405000050,NICLBSL,7,34,10,961.0,9610.0
2021040405000049,NICLBSL,7,34,10,961.0,9610.0
2021040405000048,NICLBSL,7,34,20,961.0,19220.0
2021040405000047,NICLBSL,7,34,10,961.0,9610.0
2021040405000046,NICLBSL,7,6,10,961.0,9610.0
2021040405000057,NICLBSL,7,42,10,961.0,9610.0
2021040405000056,NICLBSL,7,58,10,961.0,9610.0
2021040405000055,NICLBSL,7,33,10,961.0,9610.0
2021040405000054,NICLBSL,7,25,20,961.0,19220.0
2021040405000053,NICLBSL,7,34,10,961.0,9610.0
2021040405000052,NICLBSL,7,34,20,961.0,19220.0
2021040405000063,NICLBSL,40,45,35,961.0,33635.0
2021040405000062,NICLBSL,7,45,15,961.0,14415.0
2021040405000061,NICLBSL,38,55,5,951.0,4755.0
2021040405000060,NICLBSL,29,3,7,944.0,6608.0
2021040405000059,NICLBSL,7,58,10,961.0,9610.0
2021040405000058,NICLBSL,7,58,10,961.0,9610.0
2021040405000069,NICLBSL,40,29,10,961.0,9610.0
2021040405000068,NICLBSL,40,41,10,961.0,9610.0
2021040405000067,NICLBSL,29,3,3,945.0,2835.0
2021040405000066,NICLBSL,40,38,10,961.0,9610.0
2021040405000065,NICLBSL,40,1,10,961.0,9610.0
2021040405000064,NICLBSL,40,45,10,961.0,9610.0
2021040405000075,NICLBSL,40,47,20,961.0,19220.0
2021040405000074,NICLBSL,40,47,20,961.0,19220.0
2021040405000073,NICLBSL,40,47,20,961.0,19220.0
2021040405000072,NICLBSL,40,47,20,961.0,19220.0
2021040405000071,NICLBSL,40,48,10,961.0,9610.0
2021040405000070,NICLBSL,38,55,4,961.0,3844.0
2021040405000081,NICLBSL,40,47,20,961.0,19220.0
2021040405000080,NICLBSL,40,47,10,961.0,9610.0
2021040405000079,NICLBSL,40,47,20,961.0,19220.0
2021040405000078,NICLBSL,40,47,20,961.0,19220.0
2021040405000077,NICLBSL,40,47,20,961.0,19220.0
2021040405000076,NICLBSL,40,47,20,961.0,19220.0
2021040405000087,NICLBSL,40,47,10,961.0,9610.0
2021040405000086,NICLBSL,40,47,10,961.0,9610.0
2021040405000085,NICLBSL,40,45,10,961.0,9610.0
2021040405000084,NICLBSL,40,47,10,961.0,9610.0
2021040405000083,NICLBSL,40,47,10,961.0,9610.0
2021040405000082,NICLBSL,40,47,20,961.0,19220.0
2021040405000093,NICLBSL,40,1,10,961.0,9610.0
2021040405000092,NICLBSL,40,47,10,961.0,9610.0
2021040405000091,NICLBSL,40,47,10,961.0,9610.0
2021040405000090,NICLBSL,40,47,10,961.0,9610.0
2021040405000089,NICLBSL,40,47,10,961.0,9610.0
2021040405000088,NICLBSL,40,47,10,961.0,9610.0
2021040405000099,NICLBSL,40,47,10,961.0,9610.0
2021040405000098,NICLBSL,40,47,10,961.0,9610.0
2021040405000097,NICLBSL,40,47,10,961.0,9610.0
2021040405000096,NICLBSL,40,47,10,961.0,9610.0
2021040405000095,NICLBSL,40,47,10,961.0,9610.0
2021040405000094,NICLBSL,40,47,10,961.0,9610.0
2021040405000105,NICLBSL,40,1,10,961.0,9610.0
2021040405000104,NICLBSL,40,47,10,961.0,9610.0
2021040405000103,NICLBSL,40,47,10,961.0,9610.0
2021040405000102,NICLBSL,40,47,10,961.0,9610.0
2021040405000101,NICLBSL,40,47,10,961.0,9610.0
2021040405000100,NICLBSL,40,47,10,961.0,9610.0
2021040405000111,NICLBSL,40,47,10,961.0,9610.0
2021040405000110,NICLBSL,40,47,10,961.0,9610.0
2021040405000109,NICLBSL,40,47,10,961.0,9610.0
2021040405000108,NICLBSL,40,47,10,961.0,9610.0
2021040405000107,NICLBSL,40,47,10,961.0,9610.0
2021040405000106,NICLBSL,40,47,10,961.0,9610.0
2021040405000117,NICLBSL,40,47,10,961.0,9610.0
2021040405000116,NICLBSL,40,38,10,961.0,9610.0
2021040405000115,NICLBSL,40,47,10,961.0,9610.0
2021040405000114,NICLBSL,40,47,10,961.0,9610.0
2021040405000113,NICLBSL,40,47,10,961.0,9610.0
2021040405000112,NICLBSL,40,47,10,961.0,9610.0
2021040405000123,NICLBSL,40,47,10,961.0,9610.0
2021040405000122,NICLBSL,40,47,10,961.0,9610.0
2021040405000121,NICLBSL,40,47,10,961.0,9610.0
2021040405000120,NICLBSL,40,45,10,961.0,9610.0
2021040405000119,NICLBSL,40,47,10,961.0,9610.0
2021040405000118,NICLBSL,40,47,10,961.0,9610.0
2021040405000129,NICLBSL,40,47,10,961.0,9610.0
2021040405000128,NICLBSL,40,55,10,961.0,9610.0
2021040405000127,NICLBSL,40,47,10,961.0,9610.0
2021040405000126,NICLBSL,40,47,10,961.0,9610.0
2021040405000125,NICLBSL,40,47,10,961.0,9610.0
2021040405000124,NICLBSL,40,47,10,961.0,9610.0
2021040405000135,NICLBSL,40,55,20,961.0,19220.0
2021040405000134,NICLBSL,40,55,20,961.0,19220.0
2021040405000133,NICLBSL,40,55,20,961.0,19220.0
2021040405000132,NICLBSL,40,55,20,961.0,19220.0
2021040405000131,NICLBSL,40,26,10,961.0,9610.0
2021040405000130,NICLBSL,40,10,20,961.0,19220.0
2021040405000141,NICLBSL,38,11,4,959.0,3836.0
2021040405000140,NICLBSL,40,55,20,961.0,19220.0
2021040405000139,NICLBSL,40,55,20,961.0,19220.0
2021040405000138,NICLBSL,40,55,20,961.0,19220.0
2021040405000137,NICLBSL,40,55,20,961.0,19220.0
2021040405000136,NICLBSL,40,55,20,961.0,19220.0
2021040405000147,NICLBSL,40,8,20,961.0,19220.0
2021040405000146,NICLBSL,40,55,20,961.0,19220.0
2021040405000145,NICLBSL,40,8,20,961.0,19220.0
2021040405000144,NICLBSL,40,55,20,961.0,19220.0
2021040405000143,NICLBSL,40,55,20,961.0,19220.0
2021040405000142,NICLBSL,40,55,20,961.0,19220.0
2021040405000153,NICLBSL,40,55,10,961.0,9610.0
2021040405000152,NICLBSL,40,55,10,961.0,9610.0
2021040405000151,NICLBSL,40,55,10,961.0,9610.0
2021040405000150,NICLBSL,40,8,10,961.0,9610.0
2021040405000149,NICLBSL,40,55,10,961.0,9610.0
2021040405000148,NICLBSL,40,55,10,961.0,9610.0
2021040405000159,NICLBSL,40,8,10,961.0,9610.0
2021040405000158,NICLBSL,40,55,10,961.0,9610.0
2021040405000157,NICLBSL,38,11,6,953.0,5718.0
2021040405000156,NICLBSL,40,8,10,961.0,9610.0
2021040405000155,NICLBSL,40,55,10,961.0,9610.0
2021040405000154,NICLBSL,40,55,10,961.0,9610.0
2021040405000165,NICLBSL,40,55,10,961.0,9610.0
2021040405000164,NICLBSL,40,8,10,961.0,9610.0
2021040405000163,NICLBSL,40,8,10,961.0,9610.0
2021040405000162,NICLBSL,40,55,10,961.0,9610.0
2021040405000161,NICLBSL,40,8,10,961.0,9610.0
2021040405000160,NICLBSL,40,55,10,961.0,9610.0
2021040405000171,NICLBSL,40,8,10,961.0,9610.0
2021040405000170,NICLBSL,40,8,10,961.0,9610.0
2021040405000169,NICLBSL,40,55,10,961.0,9610.0
2021040405000168,NICLBSL,40,55,10,961.0,9610.0
2021040405000167,NICLBSL,40,38,10,961.0,9610.0
2021040405000166,NICLBSL,40,8,10,961.0,9610.0
2021040405000177,NICLBSL,40,8,10,961.0,9610.0
2021040405000176,NICLBSL,40,55,10,961.0,9610.0
2021040405000175,NICLBSL,40,38,10,961.0,9610.0
2021040405000174,NICLBSL,40,8,10,961.0,9610.0
2021040405000173,NICLBSL,40,8,10,961.0,9610.0
2021040405000172,NICLBSL,40,8,10,961.0,9610.0
2021040405000183,NICLBSL,40,8,10,961.0,9610.0
2021040405000182,NICLBSL,40,55,10,961.0,9610.0
2021040405000181,NICLBSL,40,8,10,961.0,9610.0
2021040405000180,NICLBSL,40,55,10,961.0,9610.0
2021040405000179,NICLBSL,40,8,10,961.0,9610.0
2021040405000178,NICLBSL,40,55,10,961.0,9610.0
2021040405000189,NICLBSL,40,36,20,961.0,19220.0
2021040405000188,NICLBSL,40,55,10,961.0,9610.0
2021040405000187,NICLBSL,40,8,10,961.0,9610.0
2021040405000186,NICLBSL,40,55,10,961.0,9610.0
2021040405000185,NICLBSL,40,8,10,961.0,9610.0
2021040405000184,NICLBSL,40,38,10,961.0,9610.0
2021040405000195,NICLBSL,40,8,10,961.0,9610.0
2021040405000194,NICLBSL,40,55,10,961.0,9610.0
2021040405000193,NICLBSL,40,8,10,961.0,9610.0
2021040405000192,NICLBSL,40,55,10,961.0,9610.0
2021040405000191,NICLBSL,40,55,10,961.0,9610.0
2021040405000190,NICLBSL,40,55,10,961.0,9610.0
2021040405000201,NICLBSL,40,55,10,961.0,9610.0
2021040405000200,NICLBSL,40,55,10,961.0,9610.0
2021040405000199,NICLBSL,40,55,10,961.0,9610.0
2021040405000198,NICLBSL,40,8,10,961.0,9610.0
2021040405000197,NICLBSL,40,8,10,961.0,9610.0
2021040405000196,NICLBSL,40,55,10,961.0,9610.0
2021040405000207,NICLBSL,40,55,10,961.0,9610.0
2021040405000206,NICLBSL,40,55,10,961.0,9610.0
2021040405000205,NICLBSL,40,55,10,961.0,9610.0
2021040405000204,NICLBSL,40,55,10,961.0,9610.0
2021040405000203,NICLBSL,40,55,10,961.0,9610.0
2021040405000202,NICLBSL,40,55,10,961.0,9610.0
2021040405000213,NICLBSL,40,55,10,961.0,9610.0
2021040405000212,NICLBSL,40,55,10,961.0,9610.0
2021040405000211,NICLBSL,40,55,10,961.0,9610.0
2021040405000210,NICLBSL,40,55,10,961.0,9610.0
2021040405000209,NICLBSL,40,55,10,961.0,9610.0
2021040405000208,NICLBSL,40,55,10,961.0,9610.0
2021040405000219,NICLBSL,40,55,10,961.0,9610.0
2021040405000218,NICLBSL,40,55,10,961.0,9610.0
2021040405000217,NICLBSL,40,55,10,961.0,9610.0
2021040405000216,NICLBSL,40,55,10,961.0,9610.0
2021040405000215,NICLBSL,40,55,10,961.0,9610.0
2021040405000214,NICLBSL,40,55,10,961.0,9610.0
2021040405000225,NICLBSL,40,8,10,961.0,9610.0
2021040405000224,NICLBSL,40,55,10,961.0,9610.0
2021040405000223,NICLBSL,40,8,10,961.0,9610.0
2021040405000222,NICLBSL,40,8,10,961.0,9610.0
2021040405000221,NICLBSL,40,55,10,961.0,9610.0
2021040405000220,NICLBSL,40,29,10,961.0,9610.0
2021040405000231,NICLBSL,40,55,10,961.0,9610.0
2021040405000230,NICLBSL,40,8,10,961.0,9610.0
2021040405000229,NICLBSL,40,55,10,961.0,9610.0
2021040405000228,NICLBSL,40,8,10,961.0,9610.0
2021040405000227,NICLBSL,40,8,10,961.0,9610.0
2021040405000226,NICLBSL,40,55,10,961.0,9610.0
2021040405000237,NICLBSL,40,8,10,961.0,9610.0
2021040405000236,NICLBSL,40,55,10,961.0,9610.0
2021040405000235,NICLBSL,40,8,10,961.0,9610.0
2021040405000234,NICLBSL,40,8,10,961.0,9610.0
2021040405000233,NICLBSL,40,55,10,961.0,9610.0
2021040405000232,NICLBSL,40,8,10,961.0,9610.0
2021040405000243,NICLBSL,40,55,10,961.0,9610.0
2021040405000242,NICLBSL,40,8,10,961.0,9610.0
2021040405000241,NICLBSL,40,55,10,961.0,9610.0
2021040405000240,NICLBSL,40,8,10,961.0,9610.0
2021040405000239,NICLBSL,40,55,10,961.0,9610.0
2021040405000238,NICLBSL,40,8,10,961.0,9610.0
2021040405000249,NICLBSL,40,55,10,961.0,9610.0
2021040405000248,NICLBSL,40,55,10,961.0,9610.0
2021040405000247,NICLBSL,40,55,10,961.0,9610.0
2021040405000246,NICLBSL,40,55,10,961.0,9610.0
2021040405000245,NICLBSL,40,8,10,961.0,9610.0
2021040405000244,NICLBSL,40,55,10,961.0,9610.0
2021040405000255,NICLBSL,40,55,10,961.0,9610.0
2021040405000254,NICLBSL,40,55,10,961.0,9610.0
2021040405000253,NICLBSL,40,55,10,961.0,9610.0
2021040405000252,NICLBSL,40,55,10,961.0,9610.0
2021040405000251,NICLBSL,40,55,10,961.0,9610.0
2021040405000250,NICLBSL,40,55,10,961.0,9610.0
2021040405000261,NICLBSL,40,55,10,961.0,9610.0
2021040405000260,NICLBSL,40,16,10,961.0,9610.0
2021040405000259,NICLBSL,40,29,10,961.0,9610.0
2021040405000258,NICLBSL,40,55,10,961.0,9610.0
2021040405000257,NICLBSL,40,55,10,961.0,9610.0
2021040405000256,NICLBSL,40,55,10,961.0,9610.0
2021040405000267,NICLBSL,40,8,10,961.0,9610.0
2021040405000266,NICLBSL,40,8,10,961.0,9610.0
2021040405000265,NICLBSL,40,8,10,961.0,9610.0
2021040405000264,NICLBSL,40,8,10,961.0,9610.0
2021040405000263,NICLBSL,40,45,10,961.0,9610.0
2021040405000262,NICLBSL,40,47,10,961.0,9610.0
2021040405000273,NICLBSL,40,55,10,961.0,9610.0
2021040405000272,NICLBSL,40,55,10,961.0,9610.0
2021040405000271,NICLBSL,40,16,10,961.0,9610.0
2021040405000270,NICLBSL,40,28,10,961.0,9610.0
2021040405000269,NICLBSL,40,8,10,961.0,9610.0
2021040405000268,NICLBSL,40,8,10,961.0,9610.0
2021040405000279,NICLBSL,40,47,10,961.0,9610.0
2021040405000278,NICLBSL,40,47,10,961.0,9610.0
2021040405000277,NICLBSL,40,47,10,961.0,9610.0
2021040405000276,NICLBSL,40,25,10,961.0,9610.0
2021040405000275,NICLBSL,40,38,20,961.0,19220.0
2021040405000274,NICLBSL,40,58,10,961.0,9610.0
2021040405000285,NICLBSL,40,47,10,961.0,9610.0
2021040405000284,NICLBSL,40,47,10,961.0,9610.0
2021040405000283,NICLBSL,40,47,10,961.0,9610.0
2021040405000282,NICLBSL,40,47,10,961.0,9610.0
2021040405000281,NICLBSL,40,47,10,961.0,9610.0
2021040405000280,NICLBSL,40,47,10,961.0,9610.0
2021040405000291,NICLBSL,40,47,10,961.0,9610.0
2021040405000290,NICLBSL,40,47,10,961.0,9610.0
2021040405000289,NICLBSL,40,47,10,961.0,9610.0
2021040405000288,NICLBSL,40,47,10,961.0,9610.0
2021040405000287,NICLBSL,40,42,10,961.0,9610.0
2021040405000286,NICLBSL,40,47,10,961.0,9610.0
2021040405000297,NICLBSL,40,47,10,961.0,9610.0
2021040405000296,NICLBSL,40,55,10,961.0,9610.0
2021040405000295,NICLBSL,40,47,10,961.0,9610.0
2021040405000294,NICLBSL,40,47,10,961.0,9610.0
2021040405000293,NICLBSL,40,47,10,961.0,9610.0
2021040405000292,NICLBSL,40,47,10,961.0,9610.0
2021040405000303,NICLBSL,40,57,10,961.0,9610.0
2021040405000302,NICLBSL,40,57,10,961.0,9610.0
2021040405000301,NICLBSL,40,28,10,961.0,9610.0
2021040405000300,NICLBSL,40,36,10,961.0,9610.0
2021040405000299,NICLBSL,40,47,10,961.0,9610.0
2021040405000298,NICLBSL,40,1,20,961.0,19220.0
2021040404038811,NIL,38,45,50,1735.0,86750.0
2021040404038810,NIL,38,21,250,1735.0,433750.0
2021040404038805,NIL,10,21,100,1735.0,173500.0
2021040404038747,NIL,55,21,100,1735.0,173500.0
2021040404038706,NIL,6,21,50,1735.0,86750.0
2021040404038649,NIL,55,21,100,1735.0,173500.0
2021040404038837,NLG,37,20,10,1212.0,12120.0
2021040404038807,NLG,45,44,50,1213.0,60650.0
2021040404038782,NLG,16,44,100,1213.0,121300.0
2021040404038779,NLG,45,44,20,1213.0,24260.0
2021040404038748,NLG,10,44,120,1213.0,145560.0
2021040404038712,NLG,1,44,50,1213.0,60650.0
2021040404038703,NLG,50,44,180,1213.0,218340.0
2021040404038701,NLG,47,44,200,1213.0,242600.0
2021040404038680,NLG,37,41,10,1212.0,12120.0
2021040404038679,NLG,19,41,40,1212.0,48480.0
2021040404038678,NLG,58,41,140,1212.0,169680.0
2021040404038802,PIC,19,14,50,1355.0,67750.0
2021040404038801,PIC,19,58,11,1355.0,14905.0
2021040404038800,PIC,19,25,100,1355.0,135500.0
2021040404038799,PIC,19,7,480,1352.0,648960.0
2021040404038798,PIC,19,35,350,1352.0,473200.0
2021040404038674,PIC,19,35,650,1352.0,878800.0
2021040404038673,PIC,19,34,300,1351.0,405300.0
2021040404038672,PIC,19,53,50,1351.0,67550.0
2021040404038819,PICL,45,59,200,950.0,190000.0
2021040404038818,PICL,45,16,300,948.0,284400.0
2021040404038781,PICL,1,10,33,944.0,31152.0
2021040404038736,PPCL,25,58,190,286.0,54340.0
2021040404038660,PPCL,6,20,100,285.0,28500.0
2021040404038659,PPCL,45,20,470,285.0,133950.0
2021040404038790,PRIN,43,48,100,1015.0,101500.0
2021040404038789,PRIN,43,40,100,1015.0,101500.0
2021040404038788,PRIN,43,6,100,1015.0,101500.0
2021040404038787,PRIN,43,45,500,1015.0,507500.0
2021040404038786,PRIN,43,22,10,1015.0,10150.0
2021040404038785,PRIN,43,43,57,1015.0,57855.0
2021040404038784,PRIN,43,58,305,1014.0,309270.0
2021040404038758,PRIN,55,22,100,1013.0,101300.0
2021040404038711,RADHI,4,47,250,441.0,110250.0
2021040404038710,RADHI,4,54,100,441.0,44100.0
2021040404038669,RBCL,6,28,30,18840.0,565200.0
2021040404038728,RHPC,19,55,31,213.0,6603.0
2021040404038727,RHPC,19,34,181,213.0,38553.0
2021040404038726,RHPC,19,57,300,213.0,63900.0
2021040404038725,RHPC,19,51,300,213.0,63900.0
2021040404038724,RHPC,19,42,160,213.0,34080.0
2021040404038723,RHPC,19,4,200,213.0,42600.0
2021040404038722,RHPC,19,57,200,213.0,42600.0
2021040404038721,RHPC,19,57,28,213.0,5964.0
2021040404038720,RHPC,19,11,100,213.0,21300.0
2021040404038808,RHPL,52,54,120,502.0,60240.0
2021040404038780,RHPL,47,44,40,505.0,20200.0
2021040404038731,RHPL,47,10,80,505.0,40400.0
2021040404038730,RHPL,47,45,10,505.0,5050.0
2021040404038729,RHPL,47,45,70,505.0,35350.0
2021040404038650,RHPL,41,35,500,503.0,251500.0
2021040404038648,RHPL,59,45,470,505.0,237350.0
2021040404038792,RRHP,51,48,500,388.0,194000.0
2021040404038797,SGI,40,41,10,819.0,8190.0
2021040404038683,SIC,20,20,70,1835.0,128450.0
2021040404038675,SIC,20,21,20,1835.0,36700.0
2021040404038670,SIC,20,13,20,1835.0,36700.0
2021040404038676,SIL,50,45,75,1284.0,96300.0
2021040404038686,SJCL,16,46,40,423.0,16920.0
2021040404038654,SSHL,22,44,200,208.0,41600.0
2021040404038783,UIC,38,3,84,759.0,63756.0
2021040404038733,UIC,8,3,20,759.0,15180.0
2021040404038661,UIC,52,3,110,759.0,83490.0
2021040404038652,UIC,21,3,16,759.0,12144.0
2021040404038651,UIC,21,13,84,759.0,63756.0
2021040404038827,UMHL,53,5,445,186.0,82770.0
2021040404038826,UMHL,22,5,200,186.0,37200.0
2021040404038825,UMHL,28,5,"1,000",186.0,186000.0
2021040404038824,UMHL,49,5,86,186.0,15996.0
2021040404038823,UMHL,35,5,50,187.0,9350.0
2021040404038822,UMHL,52,5,19,187.0,3553.0
2021040404038821,UMHL,48,5,100,188.0,18800.0
2021040404038820,UMHL,52,5,100,188.0,18800.0
2021040404038756,UMHL,38,51,10,189.0,1890.0
2021040404038702,UMHL,13,51,10,189.0,1890.0
2021040404038836,UPCL,45,41,925,150.0,138750.0
2021040404038835,UPCL,45,44,75,150.0,11250.0
2021040404038794,UPCL,41,44,200,150.0,30000.0
2021040404038793,UPCL,41,39,"1,000",150.0,150000.0
2021040404038746,UPCL,49,44,225,150.0,33750.0
2021040404038745,UPCL,49,45,20,150.0,3000.0
2021040404038744,UPCL,49,43,150,150.0,22500.0
2021040404038743,UPCL,49,49,70,150.0,10500.0
2021040404038742,UPCL,49,1,535,150.0,80250.0
2021040404038832,UPPER,47,52,20,862.0,17240.0
2021040404038831,UPPER,52,52,100,862.0,86200.0
2021040404038816,UPPER,45,54,100,863.0,86300.0
2021040404038685,UPPER,46,54,50,863.0,43150.0
2021040404038681,UPPER,5,54,10,863.0,8630.0
2021040404038671,UPPER,58,54,40,863.0,34520.0
2021040404038645,AHPC,40,6,580,272.0,157760.0
2021040404038644,AHPC,40,57,100,272.0,27200.0
2021040404038643,AHPC,40,40,144,272.0,39168.0
2021040404038622,AHPC,35,17,100,271.0,27100.0
2021040404038557,AHPC,25,40,30,272.0,8160.0
2021040404038556,AHPC,25,8,25,272.0,6800.0
2021040404038225,AHPC,13,48,40,272.0,10880.0
2021040404038219,AHPC,17,38,200,272.0,54400.0
2021040404038191,AHPC,57,38,200,272.0,54400.0
2021040404038555,AHPC,25,57,160,272.0,43520.0
2021040404038554,AHPC,25,48,85,272.0,23120.0
2021040404038466,AHPC,35,50,50,271.0,13550.0
2021040404038369,AHPC,35,54,80,271.0,21680.0
2021040404038365,AHPC,40,48,200,272.0,54400.0
2021040404038248,AHPC,36,48,200,272.0,54400.0
2021040404038614,AIL,55,32,40,994.0,39760.0
2021040404038603,AIL,16,32,100,994.0,99400.0
2021040404038546,AIL,11,32,90,994.0,89460.0
2021040404038541,AIL,5,32,50,994.0,49700.0
2021040404038534,AIL,29,32,20,994.0,19880.0
2021040404038515,AIL,40,52,73,993.0,72489.0
2021040404038185,AIL,45,45,30,994.0,29820.0
2021040404038171,AIL,45,45,10,994.0,9940.0
2021040404038167,AIL,48,45,20,994.0,19880.0
2021040404038318,AIL,37,44,40,994.0,39760.0
2021040404038308,AIL,37,45,60,994.0,59640.0
2021040404038212,AIL,34,4,390,993.0,387270.0
2021040404038211,AIL,45,4,60,994.0,59640.0
2021040404038187,AIL,45,38,10,994.0,9940.0
2021040404038186,AIL,45,45,30,994.0,29820.0
2021040404038394,AIL,6,36,20,994.0,19880.0
2021040404038378,AIL,40,36,70,994.0,69580.0
2021040404038377,AIL,40,44,130,994.0,129220.0
2021040404038347,AIL,35,44,50,994.0,49700.0
2021040404038326,AIL,21,44,50,994.0,49700.0
2021040404038319,AIL,51,44,30,994.0,29820.0
2021040404038470,AIL,6,41,15,994.0,14910.0
2021040404038453,AIL,28,54,10,993.0,9930.0
2021040404038428,AIL,57,41,10,994.0,9940.0
2021040404038427,AIL,57,36,20,994.0,19880.0
2021040404038398,AIL,57,11,30,993.0,29790.0
2021040404038397,AIL,34,11,214,993.0,212502.0
2021040404038514,AIL,45,52,200,993.0,198600.0
2021040404038513,AIL,38,52,25,993.0,24825.0
2021040404038507,AIL,34,32,50,994.0,49700.0
2021040404038486,AIL,38,48,15,993.0,14895.0
2021040404038485,AIL,45,48,10,994.0,9940.0
2021040404038484,AIL,6,48,85,994.0,84490.0
2021040404038575,AKJCL,58,57,150,152.0,22800.0
2021040404038488,AKPL,47,56,200,336.0,67200.0
2021040404038169,AKPL,38,21,218,335.0,73030.0
2021040404038168,AKPL,7,21,82,335.0,27470.0
2021040404038632,API,33,43,185,332.0,61420.0
2021040404038631,API,58,43,15,332.0,4980.0
2021040404038464,API,45,6,150,333.0,49950.0
2021040404038407,API,16,6,60,333.0,19980.0
2021040404038209,API,58,25,10,332.0,3320.0
2021040404038208,API,43,25,100,332.0,33200.0
2021040404038207,API,26,25,300,332.0,99600.0
2021040404038206,API,3,25,90,332.0,29880.0
2021040404038179,API,3,52,200,332.0,66400.0
2021040404038604,BARUN,54,57,500,246.0,123000.0
2021040404038163,BARUN,54,6,219,246.0,53874.0
2021040404038536,BPCL,51,36,13,410.0,5330.0
2021040404038512,BPCL,51,21,10,410.0,4100.0
2021040404038574,BPCL,51,57,200,410.0,82000.0
2021040404038634,CGH,41,45,10,1982.0,19820.0
2021040404038580,CGH,50,45,10,1985.0,19850.0
2021040404038579,CGH,42,45,50,1985.0,99250.0
2021040404038578,CGH,16,45,400,1985.0,794000.0
2021040404038577,CGH,22,45,40,1986.0,79440.0
2021040404038564,CGH,44,36,190,1990.0,378100.0
2021040404038399,CGH,51,7,10,1987.0,19870.0
2021040404038335,CGH,16,36,10,1990.0,19900.0
2021040404038223,CGH,59,8,10,1986.0,19860.0
2021040404038563,CGH,44,22,10,1987.0,19870.0
2021040404038553,CGH,22,19,10,1986.0,19860.0
2021040404038414,CGH,10,36,20,1990.0,39800.0
2021040404038402,CGH,16,7,280,1985.0,555800.0
2021040404038401,CGH,55,7,100,1985.0,198500.0
2021040404038400,CGH,59,7,10,1986.0,19860.0
2021040404038482,CHCL,57,51,89,616.0,54824.0
2021040404038481,CHCL,57,8,11,616.0,6776.0
2021040404038337,CHCL,19,25,200,615.0,123000.0
2021040404038336,CHCL,19,25,239,615.0,146985.0
2021040404038332,CHCL,58,25,30,615.0,18450.0
2021040404038330,CHCL,50,25,131,615.0,80565.0
2021040404038309,CHCL,50,20,100,615.0,61500.0
2021040404038236,CHCL,50,38,200,615.0,123000.0
2021040404038180,CHCL,50,1,69,615.0,42435.0
2021040404038178,CHCL,47,1,200,615.0,123000.0
2021040404038177,CHCL,59,1,231,615.0,142065.0
2021040404038166,CHCL,59,3,200,615.0,123000.0
2021040404038241,CMF2,35,50,100,11.0,1100.0
2021040404038521,DHPL,19,25,202,118.0,23836.0
2021040404038538,EIC,17,19,50,794.0,39700.0
2021040404038527,EIC,38,41,50,794.0,39700.0
2021040404038518,EIC,17,41,50,794.0,39700.0
2021040404038462,EIC,21,11,112,795.0,89040.0
2021040404038461,EIC,21,26,50,795.0,39750.0
2021040404038460,EIC,21,29,30,795.0,23850.0
2021040404038459,EIC,21,41,100,795.0,79500.0
2021040404038458,EIC,21,57,120,795.0,95400.0
2021040404038457,EIC,21,19,45,795.0,35775.0
2021040404038456,EIC,21,52,43,795.0,34185.0
2021040404038217,EIC,26,52,34,795.0,27030.0
2021040404038450,GHL,51,50,10,164.0,1640.0
2021040404038413,GIC,4,19,10,793.0,7930.0
2021040404038246,GIMES1,4,7,100,15.97,1597.0
2021040404038620,GLH,16,4,20,380.0,7600.0
2021040404038587,GLH,50,41,10,378.0,3780.0
2021040404038454,GLH,50,16,10,378.0,3780.0
2021040404038408,GLH,50,32,10,378.0,3780.0
2021040404038405,GLH,1,4,165,380.0,62700.0
2021040404038404,GLH,1,21,10,380.0,3800.0
2021040404038403,GLH,1,4,225,380.0,85500.0
2021040404038333,GLH,50,40,10,378.0,3780.0
2021040404038249,GLH,50,51,10,378.0,3780.0
2021040404038222,GLH,16,4,10,380.0,3800.0
2021040404038221,GLH,16,7,10,379.0,3790.0
2021040404038165,GLH,50,16,10,378.0,3780.0
2021040404038522,HDHPC,8,19,10,135.0,1350.0
2021040404038334,HDHPC,8,52,450,135.0,60750.0
2021040404038572,HGI,37,49,49,749.0,36701.0
2021040404038571,HGI,37,13,130,748.0,97240.0
2021040404038537,HGI,34,13,270,748.0,201960.0
2021040404038535,HGI,37,49,500,749.0,374500.0
2021040404038339,HGI,34,18,30,748.0,22440.0
2021040404038233,HGI,37,25,2,748.0,1496.0
2021040404038226,HGI,28,37,71,748.0,53108.0
2021040404038157,HGI,37,37,500,748.0,374000.0
2021040404038232,HGI,37,41,15,748.0,11220.0
2021040404038231,HGI,37,17,62,748.0,46376.0
2021040404038230,HGI,37,19,50,748.0,37400.0
2021040404038229,HGI,37,48,100,748.0,74800.0
2021040404038228,HGI,37,8,271,748.0,202708.0
2021040404038227,HGI,28,8,29,748.0,21692.0
2021040404038596,KPCL,38,40,100,290.0,29000.0
2021040404038621,LGIL,25,34,110,884.0,97240.0
2021040404038619,LGIL,26,34,100,884.0,88400.0
2021040404038617,LGIL,16,29,284,880.0,249920.0
2021040404038616,LGIL,41,29,16,881.0,14096.0
2021040404038562,LGIL,57,34,50,884.0,44200.0
2021040404038550,LGIL,33,34,86,884.0,76024.0
2021040404038324,LGIL,21,1,80,885.0,70800.0
2021040404038323,LGIL,21,53,157,884.0,138788.0
2021040404038322,LGIL,21,10,45,884.0,39780.0
2021040404038314,LGIL,57,10,55,884.0,48620.0
2021040404038313,LGIL,57,44,45,884.0,39780.0
2021040404038242,LGIL,44,44,50,883.0,44150.0
2021040404038385,LGIL,41,45,200,883.0,176600.0
2021040404038384,LGIL,57,45,50,883.0,44150.0
2021040404038383,LGIL,57,45,50,883.0,44150.0
2021040404038382,LGIL,44,45,73,883.0,64459.0
2021040404038381,LGIL,59,45,22,884.0,19448.0
2021040404038325,LGIL,21,17,18,885.0,15930.0
2021040404038511,LGIL,21,34,14,884.0,12376.0
2021040404038510,LGIL,21,57,86,884.0,76024.0
2021040404038494,LGIL,41,32,184,881.0,162104.0
2021040404038493,LGIL,8,32,16,881.0,14096.0
2021040404038387,LGIL,8,45,34,881.0,29954.0
2021040404038386,LGIL,36,45,71,882.0,62622.0
2021040404038154,MHNL,14,48,180,268.0,48240.0
2021040404038153,MHNL,14,22,220,267.0,58740.0
2021040404038152,MHNL,14,44,600,266.0,159600.0
2021040404038471,NGPL,45,58,10,242.0,2420.0
2021040404038465,NHDL,22,40,50,324.0,16200.0
2021040404038531,NHPC,45,58,660,168.0,110880.0
2021040404038520,NHPC,58,35,120,167.0,20040.0
2021040404038411,NHPC,43,58,"1,000",168.0,168000.0
2021040404038328,NICL,21,14,50,846.0,42300.0
2021040404038327,NICL,21,58,272,846.0,230112.0
2021040404038199,NICL,59,58,108,846.0,91368.0
2021040404038612,NIL,59,21,50,1735.0,86750.0
2021040404038602,NIL,52,21,350,1735.0,607250.0
2021040404038597,NIL,22,54,168,1732.0,290976.0
2021040404038545,NIL,19,54,200,1732.0,346400.0
2021040404038544,NIL,22,54,50,1733.0,86650.0
2021040404038543,NIL,50,54,140,1733.0,242620.0
2021040404038234,NIL,43,51,100,1733.0,173300.0
2021040404038203,NIL,35,51,20,1733.0,34660.0
2021040404038190,NIL,36,51,50,1733.0,86650.0
2021040404038189,NIL,1,51,30,1733.0,51990.0
2021040404038164,NIL,37,51,30,1733.0,51990.0
2021040404038158,NIL,16,51,30,1733.0,51990.0
2021040404038542,NIL,43,33,50,1735.0,86750.0
2021040404038468,NIL,38,45,100,1736.0,173600.0
2021040404038395,NIL,5,19,100,1735.0,173500.0
2021040404038239,NIL,38,54,100,1733.0,173300.0
2021040404038238,NIL,38,22,30,1733.0,51990.0
2021040404038237,NIL,38,51,390,1733.0,675870.0
2021040404038646,NLG,59,44,20,1213.0,24260.0
2021040404038611,NLG,25,44,25,1213.0,30325.0
2021040404038610,NLG,16,44,50,1213.0,60650.0
2021040404038609,NLG,16,44,200,1213.0,242600.0
2021040404038608,NLG,54,44,15,1213.0,18195.0
2021040404038607,NLG,45,44,600,1213.0,727800.0
2021040404038307,NLG,45,35,126,1214.0,152964.0
2021040404038306,NLG,36,35,220,1214.0,267080.0
2021040404038304,NLG,36,28,65,1214.0,78910.0
2021040404038220,NLG,36,44,60,1214.0,72840.0
2021040404038344,NLG,44,41,50,1215.0,60750.0
2021040404038343,NLG,44,34,100,1215.0,121500.0
2021040404038342,NLG,44,29,14,1215.0,17010.0
2021040404038341,NLG,44,43,30,1214.0,36420.0
2021040404038340,NLG,44,46,84,1214.0,101976.0
2021040404038316,NLG,45,46,24,1214.0,29136.0
2021040404038566,NLG,7,53,22,1215.0,26730.0
2021040404038565,NLG,7,55,28,1215.0,34020.0
2021040404038483,NLG,21,57,50,1213.0,60650.0
2021040404038345,NLG,44,55,22,1215.0,26730.0
2021040404038606,NLG,38,44,50,1214.0,60700.0
2021040404038605,NLG,53,44,300,1214.0,364200.0
2021040404038601,NLG,55,45,200,1215.0,243000.0
2021040404038576,NLG,45,45,600,1215.0,729000.0
2021040404038573,NLG,19,53,28,1215.0,34020.0
2021040404038305,NMB50,38,16,"5,000",12.35,61750.0
2021040404038235,NMB50,38,21,600,12.33,7398.0
2021040404038570,NMBHF1,19,21,416,11.42,4750.72
2021040404038567,PIC,33,53,110,1350.0,148500.0
2021040404038549,PIC,33,21,150,1350.0,202500.0
2021040404038533,PIC,51,21,30,1350.0,40500.0
2021040404038303,PIC,59,21,314,1350.0,423900.0
2021040404038302,PIC,59,34,11,1350.0,14850.0
2021040404038301,PIC,59,34,11,1350.0,14850.0
2021040404038149,PIC,28,42,10,1350.0,13500.0
2021040404038148,PIC,28,33,150,1350.0,202500.0
2021040404038294,PIC,59,44,23,1350.0,31050.0
2021040404038245,PIC,7,44,127,1350.0,171450.0
2021040404038244,PIC,7,44,89,1350.0,120150.0
2021040404038243,PIC,7,36,84,1350.0,113400.0
2021040404038151,PIC,28,44,11,1350.0,14850.0
2021040404038150,PIC,28,55,20,1350.0,27000.0
2021040404038300,PIC,59,21,400,1350.0,540000.0
2021040404038299,PIC,59,35,10,1350.0,13500.0
2021040404038298,PIC,59,21,30,1350.0,40500.0
2021040404038297,PIC,59,4,20,1350.0,27000.0
2021040404038296,PIC,59,42,161,1350.0,217350.0
2021040404038295,PIC,59,22,20,1350.0,27000.0
2021040404038630,PICL,4,3,283,940.0,266020.0
2021040404038629,PICL,10,3,413,940.0,388220.0
2021040404038628,PICL,28,3,100,940.0,94000.0
2021040404038627,PICL,53,3,100,940.0,94000.0
2021040404038626,PICL,14,3,500,940.0,470000.0
2021040404038625,PICL,7,3,50,940.0,47000.0
2021040404038311,PICL,32,3,10,947.0,9470.0
2021040404038218,PICL,53,3,50,947.0,47350.0
2021040404038181,PICL,46,3,500,947.0,473500.0
2021040404038161,PICL,8,3,500,947.0,473500.0
2021040404038477,PICL,41,3,100,946.0,94600.0
2021040404038476,PICL,35,3,50,946.0,47300.0
2021040404038452,PICL,57,20,30,947.0,28410.0
2021040404038451,PICL,32,20,222,947.0,210234.0
2021040404038379,PICL,32,3,178,947.0,168566.0
2021040404038370,PICL,45,3,300,947.0,284100.0
2021040404038624,PICL,38,3,500,942.0,471000.0
2021040404038623,PICL,53,3,110,942.0,103620.0
2021040404038558,PICL,32,3,300,945.0,283500.0
2021040404038517,PICL,41,3,250,945.0,236250.0
2021040404038479,PICL,59,3,20,945.0,18900.0
2021040404038478,PICL,45,3,100,946.0,94600.0
2021040404038492,PPCL,19,58,100,286.0,28600.0
2021040404038561,PRIN,40,22,10,1010.0,10100.0
2021040404038529,PRIN,40,54,61,1010.0,61610.0
2021040404038528,PRIN,49,54,89,1010.0,89890.0
2021040404038346,PRIN,49,40,300,1010.0,303000.0
2021040404038331,PRIN,49,33,"4,522",1010.0,4567220.0
2021040404038184,PRIN,49,36,89,1010.0,89890.0
2021040404038183,PRIN,39,36,60,1010.0,60600.0
2021040404038552,RADHI,45,52,11,440.0,4840.0
2021040404038551,RADHI,45,41,30,440.0,13200.0
2021040404038366,RADHI,4,54,50,439.0,21950.0
2021040404038205,RADHI,16,41,70,440.0,30800.0
2021040404038202,RADHI,16,54,100,440.0,44000.0
2021040404038201,RADHI,16,29,330,439.0,144870.0
2021040404038200,RADHI,50,29,40,439.0,17560.0
2021040404038176,RADHI,50,41,10,439.0,4390.0
2021040404038406,RHPC,1,50,50,212.0,10600.0
2021040404038376,RHPC,1,26,"1,000",212.0,212000.0
2021040404038375,RHPC,1,41,200,212.0,42400.0
2021040404038374,RHPC,1,21,18,212.0,3816.0
2021040404038373,RHPC,1,58,30,212.0,6360.0
2021040404038372,RHPC,1,55,200,212.0,42400.0
2021040404038371,RHPC,1,43,680,212.0,144160.0
2021040404038159,RHPC,59,43,500,212.0,106000.0
2021040404038647,RHPL,59,45,80,504.0,40320.0
2021040404038539,RHPL,45,45,80,505.0,40400.0
2021040404038530,RHPL,21,45,100,505.0,50500.0
2021040404038526,RHPL,38,45,30,505.0,15150.0
2021040404038525,RHPL,38,45,10,505.0,5050.0
2021040404038519,RHPL,14,45,50,505.0,25250.0
2021040404038215,RHPL,45,53,70,506.0,35420.0
2021040404038214,RHPL,45,26,70,506.0,35420.0
2021040404038213,RHPL,45,38,40,506.0,20240.0
2021040404038155,RHPL,45,14,240,505.0,121200.0
2021040404038255,RHPL,14,58,50,505.0,25250.0
2021040404038254,RHPL,14,58,50,505.0,25250.0
2021040404038253,RHPL,13,58,500,505.0,252500.0
2021040404038252,RHPL,45,58,196,505.0,98980.0
2021040404038251,RHPL,45,58,290,506.0,146740.0
2021040404038216,RHPL,45,48,30,506.0,15180.0
2021040404038261,RHPL,51,58,110,502.0,55220.0
2021040404038260,RHPL,10,58,50,503.0,25150.0
2021040404038259,RHPL,16,58,"1,000",503.0,503000.0
2021040404038258,RHPL,52,58,"1,000",504.0,504000.0
2021040404038257,RHPL,50,58,25,504.0,12600.0
2021040404038256,RHPL,36,58,90,504.0,45360.0
2021040404038267,RHPL,45,58,100,501.0,50100.0
2021040404038266,RHPL,1,58,"1,050",501.0,526050.0
2021040404038265,RHPL,46,58,80,502.0,40160.0
2021040404038264,RHPL,21,58,100,502.0,50200.0
2021040404038263,RHPL,32,58,100,502.0,50200.0
2021040404038262,RHPL,57,58,400,502.0,200800.0
2021040404038273,RHPL,26,58,200,500.0,100000.0
2021040404038272,RHPL,41,58,45,500.0,22500.0
2021040404038271,RHPL,11,58,200,500.0,100000.0
2021040404038270,RHPL,41,58,245,500.0,122500.0
2021040404038269,RHPL,45,58,500,501.0,250500.0
2021040404038268,RHPL,45,58,500,501.0,250500.0
2021040404038279,RHPL,7,58,200,500.0,100000.0
2021040404038278,RHPL,47,58,500,500.0,250000.0
2021040404038277,RHPL,45,58,240,500.0,120000.0
2021040404038276,RHPL,39,58,500,500.0,250000.0
2021040404038275,RHPL,51,58,100,500.0,50000.0
2021040404038274,RHPL,43,58,500,500.0,250000.0
2021040404038285,RHPL,58,58,"5,000",499.0,2495000.0
2021040404038284,RHPL,25,58,500,499.0,249500.0
2021040404038283,RHPL,34,58,50,500.0,25000.0
2021040404038282,RHPL,22,58,20,500.0,10000.0
2021040404038281,RHPL,45,58,50,500.0,25000.0
2021040404038280,RHPL,17,58,200,500.0,100000.0
2021040404038509,RHPL,17,45,30,505.0,15150.0
2021040404038508,RHPL,17,57,70,505.0,35350.0
2021040404038500,RHPL,50,57,30,505.0,15150.0
2021040404038396,RHPL,52,38,80,502.0,40160.0
2021040404038380,RHPL,17,57,200,505.0,101000.0
2021040404038286,RHPL,45,58,259,499.0,129241.0
2021040404038210,RRHP,39,16,10,385.0,3850.0
2021040404038432,SGI,40,52,172,819.0,140868.0
2021040404038431,SGI,48,52,28,819.0,22932.0
2021040404038348,SGI,48,45,10,819.0,8190.0
2021040404038315,SGI,48,54,10,819.0,8190.0
2021040404038204,SGI,48,45,10,819.0,8190.0
2021040404038455,SHPC,44,58,55,367.0,20185.0
2021040404038449,SHPC,44,50,288,369.0,106272.0
2021040404038448,SHPC,44,25,300,369.0,110700.0
2021040404038447,SHPC,44,35,500,369.0,184500.0
2021040404038446,SHPC,44,57,22,369.0,8118.0
2021040404038445,SHPC,44,34,500,369.0,184500.0
2021040404038438,SHPC,44,45,50,368.0,18400.0
2021040404038437,SHPC,44,34,660,368.0,242880.0
2021040404038436,SHPC,44,48,"1,100",368.0,404800.0
2021040404038444,SHPC,44,44,50,369.0,18450.0
2021040404038443,SHPC,44,25,200,369.0,73800.0
2021040404038442,SHPC,44,39,300,369.0,110700.0
2021040404038441,SHPC,44,19,805,368.0,296240.0
2021040404038440,SHPC,44,13,115,368.0,42320.0
2021040404038439,SHPC,44,41,110,368.0,40480.0
2021040404038639,SIC,20,19,90,1835.0,165150.0
2021040404038600,SIC,7,19,160,1835.0,293600.0
2021040404038599,SIC,7,32,90,1834.0,165060.0
2021040404038490,SIC,52,11,30,1834.0,55020.0
2021040404038367,SIC,52,17,20,1834.0,36680.0
2021040404038364,SIC,44,17,30,1834.0,55020.0
2021040404038320,SIC,10,45,207,1833.0,379431.0
2021040404038240,SIC,26,45,20,1833.0,36660.0
2021040404038637,SICL,19,48,31,1975.0,61225.0
2021040404038636,SICL,19,32,19,1975.0,37525.0
2021040404038633,SICL,59,32,30,1975.0,59250.0
2021040404038598,SICL,41,32,20,1975.0,39500.0
2021040404038569,SICL,21,32,70,1975.0,138250.0
2021040404038474,SICL,7,32,50,1975.0,98750.0
2021040404038420,SICL,6,4,50,1972.0,98600.0
2021040404038419,SICL,43,4,50,1974.0,98700.0
2021040404038415,SICL,7,32,27,1975.0,53325.0
2021040404038247,SICL,52,32,25,1975.0,49375.0
2021040404038426,SICL,41,4,85,1970.0,167450.0
2021040404038425,SICL,1,4,100,1971.0,197100.0
2021040404038424,SICL,47,4,50,1971.0,98550.0
2021040404038423,SICL,17,4,100,1971.0,197100.0
2021040404038422,SICL,21,4,45,1971.0,88695.0
2021040404038421,SICL,7,4,20,1972.0,39440.0
2021040404038581,SIL,45,45,200,1284.0,256800.0
2021040404038568,SIL,21,45,100,1284.0,128400.0
2021040404038547,SIL,22,45,100,1284.0,128400.0
2021040404038532,SIL,51,45,100,1284.0,128400.0
2021040404038469,SIL,43,45,300,1284.0,385200.0
2021040404038338,SIL,50,45,125,1284.0,160500.0
2021040404038435,SJCL,16,38,40,423.0,16920.0
2021040404038317,SPDL,6,57,100,280.0,28000.0
2021040404038540,SSHL,17,44,200,208.0,41600.0
2021040404038613,STC,45,33,50,12700.0,635000.0
2021040404038641,UIC,29,13,50,759.0,37950.0
2021040404038640,UIC,29,29,50,758.0,37900.0
2021040404038638,UIC,53,20,300,757.0,227100.0
2021040404038615,UIC,45,29,50,758.0,37900.0
2021040404038586,UIC,48,13,166,759.0,125994.0
2021040404038585,UIC,48,43,134,759.0,101706.0
2021040404038321,UIC,21,58,100,760.0,76000.0
2021040404038188,UIC,1,58,100,760.0,76000.0
2021040404038170,UIC,5,58,110,760.0,83600.0
2021040404038392,UIC,45,26,50,760.0,38000.0
2021040404038391,UIC,45,48,500,760.0,380000.0
2021040404038390,UIC,45,59,100,760.0,76000.0
2021040404038389,UIC,45,59,100,760.0,76000.0
2021040404038388,UIC,45,58,18,760.0,13680.0
2021040404038363,UIC,51,58,100,760.0,76000.0
2021040404038472,UIC,8,3,20,760.0,15200.0
2021040404038463,UIC,16,3,200,760.0,152000.0
2021040404038418,UIC,4,26,120,759.0,91080.0
2021040404038417,UIC,1,26,80,759.0,60720.0
2021040404038409,UIC,14,13,200,759.0,151800.0
2021040404038393,UIC,45,3,150,760.0,114000.0
2021040404038548,UIC,41,43,150,759.0,113850.0
2021040404038504,UIC,48,43,105,759.0,79695.0
2021040404038503,UIC,41,43,31,759.0,23529.0
2021040404038502,UIC,50,43,500,759.0,379500.0
2021040404038501,UIC,4,43,80,759.0,60720.0
2021040404038473,UIC,6,3,57,760.0,43320.0
2021040404038312,UMHL,52,59,20,187.0,3740.0
2021040404038224,UMHL,52,20,11,187.0,2057.0
2021040404038635,UMRH,41,4,11,305.0,3355.0
2021040404038582,UMRH,50,21,10,303.0,3030.0
2021040404038250,UMRH,50,14,300,302.0,90600.0
2021040404038506,UNHPL,34,41,247,124.0,30628.0
2021040404038505,UNHPL,5,41,43,125.0,5375.0
2021040404038430,UNHPL,57,22,90,126.0,11340.0
2021040404038429,UNHPL,57,50,350,126.0,44100.0
2021040404038368,UNHPL,5,20,50,125.0,6250.0
2021040404038595,UPCL,57,1,65,150.0,9750.0
2021040404038491,UPCL,48,40,50,149.0,7450.0
2021040404038434,UPCL,48,20,10,149.0,1490.0
2021040404038433,UPCL,38,20,40,149.0,5960.0
2021040404038362,UPCL,38,1,400,150.0,60000.0
2021040404038288,UPCL,41,22,200,150.0,30000.0
2021040404038287,UPCL,41,37,251,150.0,37650.0
2021040404038156,UPCL,38,26,50,149.0,7450.0
2021040404038349,UPCL,38,39,"1,000",150.0,150000.0
2021040404038293,UPCL,41,14,199,150.0,29850.0
2021040404038292,UPCL,41,14,200,150.0,30000.0
2021040404038291,UPCL,41,42,400,150.0,60000.0
2021040404038290,UPCL,41,25,500,150.0,75000.0
2021040404038289,UPCL,41,29,50,150.0,7500.0
2021040404038355,UPCL,38,13,500,150.0,75000.0
2021040404038354,UPCL,38,28,100,150.0,15000.0
2021040404038353,UPCL,38,45,100,150.0,15000.0
2021040404038352,UPCL,38,29,50,150.0,7500.0
2021040404038351,UPCL,38,45,500,150.0,75000.0
2021040404038350,UPCL,38,48,500,150.0,75000.0
2021040404038361,UPCL,38,19,50,150.0,7500.0
2021040404038360,UPCL,38,7,200,150.0,30000.0
2021040404038359,UPCL,38,46,300,150.0,45000.0
2021040404038358,UPCL,38,44,800,150.0,120000.0
2021040404038357,UPCL,38,44,450,150.0,67500.0
2021040404038356,UPCL,38,45,50,150.0,7500.0
2021040404038642,UPPER,40,54,200,863.0,172600.0
2021040404038618,UPPER,45,54,40,863.0,34520.0
2021040404038594,UPPER,59,54,100,863.0,86300.0
2021040404038593,UPPER,59,54,500,863.0,431500.0
2021040404038592,UPPER,57,54,100,863.0,86300.0
2021040404038173,UPPER,19,44,200,863.0,172600.0
2021040404038172,UPPER,1,44,28,863.0,24164.0
2021040404038162,UPPER,57,13,30,864.0,25920.0
2021040404038160,UPPER,10,13,100,864.0,86400.0
2021040404038194,UPPER,17,13,42,864.0,36288.0
2021040404038193,UPPER,17,26,300,864.0,259200.0
2021040404038192,UPPER,58,13,60,864.0,51840.0
2021040404038182,UPPER,57,13,200,864.0,172800.0
2021040404038175,UPPER,50,44,172,863.0,148436.0
2021040404038174,UPPER,45,44,100,863.0,86300.0
2021040404038329,UPPER,57,28,20,864.0,17280.0
2021040404038310,UPPER,7,28,100,864.0,86400.0
2021040404038198,UPPER,17,21,748,865.0,647020.0
2021040404038197,UPPER,17,32,160,865.0,138400.0
2021040404038196,UPPER,17,41,50,865.0,43250.0
2021040404038195,UPPER,17,44,500,865.0,432500.0
2021040404038480,UPPER,57,21,10,865.0,8650.0
2021040404038475,UPPER,57,43,100,864.0,86400.0
2021040404038467,UPPER,38,21,20,865.0,17300.0
2021040404038416,UPPER,57,16,140,864.0,120960.0
2021040404038412,UPPER,57,51,400,864.0,345600.0
2021040404038410,UPPER,47,21,50,865.0,43250.0
2021040404038498,UPPER,1,48,100,864.0,86400.0
2021040404038497,UPPER,7,48,100,864.0,86400.0
2021040404038496,UPPER,44,48,500,864.0,432000.0
2021040404038495,UPPER,57,48,40,864.0,34560.0
2021040404038489,UPPER,57,38,100,864.0,86400.0
2021040404038487,UPPER,57,17,200,864.0,172800.0
2021040404038560,UPPER,38,48,100,864.0,86400.0
2021040404038559,UPPER,3,48,20,864.0,17280.0
2021040404038524,UPPER,7,48,50,864.0,43200.0
2021040404038523,UPPER,5,48,10,864.0,8640.0
2021040404038516,UPPER,52,48,20,864.0,17280.0
2021040404038499,UPPER,41,48,10,864.0,8640.0
2021040404038591,UPPER,34,54,500,863.0,431500.0
2021040404038590,UPPER,37,54,20,863.0,17260.0
2021040404038589,UPPER,38,54,95,863.0,81985.0
2021040404038588,UPPER,58,54,628,863.0,541964.0
2021040404038584,UPPER,58,38,372,863.0,321036.0
2021040404038583,UPPER,50,38,28,863.0,24164.0
2021040404038089,AHPC,32,38,50,272.0,13600.0
2021040404038054,AHPC,57,38,45,272.0,12240.0
2021040404038053,AHPC,57,38,455,272.0,123760.0
2021040404037950,AHPC,34,38,200,272.0,54400.0
2021040404037869,AHPC,45,38,150,272.0,40800.0
2021040404037868,AHPC,52,38,295,272.0,80240.0
2021040404037686,AHPC,43,41,80,272.0,21760.0
2021040404037673,AHPC,35,41,500,271.0,135500.0
2021040404037772,AHPC,52,3,70,272.0,19040.0
2021040404037758,AHPC,50,3,50,272.0,13600.0
2021040404037703,AHPC,45,3,60,272.0,16320.0
2021040404037702,AHPC,45,3,20,272.0,5440.0
2021040404037701,AHPC,45,3,80,272.0,21760.0
2021040404037687,AHPC,43,3,20,272.0,5440.0
2021040404038132,AIL,46,45,110,994.0,109340.0
2021040404038131,AIL,46,59,40,994.0,39760.0
2021040404038091,AIL,34,35,100,993.0,99300.0
2021040404038085,AIL,34,13,40,993.0,39720.0
2021040404038067,AIL,34,35,100,993.0,99300.0
2021040404038063,AIL,58,59,50,994.0,49700.0
2021040404037700,AIL,21,45,10,993.0,9930.0
2021040404037674,AIL,21,29,100,993.0,99300.0
2021040404037667,AIL,36,57,10,994.0,9940.0
2021040404037662,AIL,34,57,70,994.0,69580.0
2021040404037661,AIL,34,37,30,993.0,29790.0
2021040404037756,AIL,8,57,492,994.0,489048.0
2021040404037724,AIL,14,48,35,992.0,34720.0
2021040404037723,AIL,7,48,150,992.0,148800.0
2021040404037722,AIL,45,48,200,993.0,198600.0
2021040404037721,AIL,45,48,20,993.0,19860.0
2021040404037720,AIL,21,48,45,993.0,44685.0
2021040404037800,AIL,52,57,90,994.0,89460.0
2021040404037799,AIL,52,57,10,994.0,9940.0
2021040404037797,AIL,34,38,130,993.0,129090.0
2021040404037781,AIL,38,41,40,992.0,39680.0
2021040404037780,AIL,38,41,30,992.0,29760.0
2021040404037779,AIL,57,41,40,993.0,39720.0
2021040404037963,AIL,5,19,40,994.0,39760.0
2021040404037878,AIL,45,19,20,994.0,19880.0
2021040404037877,AIL,45,50,80,994.0,79520.0
2021040404037864,AIL,36,50,20,994.0,19880.0
2021040404037863,AIL,36,57,80,994.0,79520.0
2021040404037842,AIL,29,57,50,994.0,49700.0
2021040404038043,AIL,54,59,10,994.0,9940.0
2021040404038042,AIL,54,48,40,994.0,39760.0
2021040404038041,AIL,57,48,100,994.0,99400.0
2021040404038009,AIL,34,47,26,993.0,25818.0
2021040404037967,AIL,22,48,100,994.0,99400.0
2021040404037964,AIL,5,48,60,994.0,59640.0
2021040404037698,AKJCL,28,10,10,152.0,1520.0
2021040404038087,AKPL,21,56,787,336.0,264432.0
2021040404038086,AKPL,21,56,213,336.0,71568.0
2021040404038028,AKPL,7,58,11,335.0,3685.0
2021040404037931,AKPL,7,32,100,335.0,33500.0
2021040404037893,AKPL,7,45,13,335.0,4355.0
2021040404037853,AKPL,7,34,500,335.0,167500.0
2021040404037802,AKPL,36,56,500,336.0,168000.0
2021040404038082,API,3,32,10,332.0,3320.0
2021040404037851,API,3,38,500,332.0,166000.0
2021040404037806,API,54,6,200,333.0,66600.0
2021040404037763,API,58,6,9,332.0,2988.0
2021040404037762,API,58,44,125,332.0,41500.0
2021040404037719,API,58,46,66,332.0,21912.0
2021040404037718,API,57,46,50,332.0,16600.0
2021040404037717,API,19,46,20,332.0,6640.0
2021040404037716,API,6,46,100,332.0,33200.0
2021040404037999,BARUN,54,13,13,246.0,3198.0
2021040404038081,BPCL,54,51,290,411.0,119190.0
2021040404038080,BPCL,54,38,60,411.0,24660.0
2021040404038032,BPCL,35,38,40,411.0,16440.0
2021040404037901,BPCL,47,13,65,411.0,26715.0
2021040404037900,BPCL,47,41,13,411.0,5343.0
2021040404037822,BPCL,51,54,100,410.0,41000.0
2021040404037805,BPCL,51,38,50,410.0,20500.0
2021040404037803,BPCL,51,45,30,410.0,12300.0
2021040404038031,BPCL,35,14,150,411.0,61650.0
2021040404038030,BPCL,35,13,10,411.0,4110.0
2021040404038029,BPCL,35,16,100,411.0,41100.0
2021040404038139,CGH,38,36,10,1990.0,19900.0
2021040404038118,CGH,51,36,25,1990.0,49750.0
2021040404038117,CGH,28,36,245,1990.0,487550.0
2021040404038115,CGH,28,45,55,1990.0,109450.0
2021040404038114,CGH,1,45,20,1990.0,39800.0
2021040404038113,CGH,14,45,100,1990.0,199000.0
2021040404037692,CGH,35,41,40,1993.0,79720.0
2021040404037691,CGH,58,41,10,1994.0,19940.0
2021040404037690,CGH,53,41,20,1994.0,39880.0
2021040404037689,CGH,51,41,25,1995.0,49875.0
2021040404037688,CGH,22,41,70,1995.0,139650.0
2021040404037669,CGH,29,29,10,1999.0,19990.0
2021040404037737,CGH,52,57,10,2000.0,20000.0
2021040404037736,CGH,52,55,10,2000.0,20000.0
2021040404037735,CGH,52,44,10,2000.0,20000.0
2021040404037734,CGH,52,11,10,2000.0,20000.0
2021040404037733,CGH,52,1,20,2000.0,40000.0
2021040404037693,CGH,7,41,25,1993.0,49825.0
2021040404037743,CGH,52,29,10,2000.0,20000.0
2021040404037742,CGH,52,52,10,2000.0,20000.0
2021040404037741,CGH,52,58,10,2000.0,20000.0
2021040404037740,CGH,52,6,10,2000.0,20000.0
2021040404037739,CGH,52,7,20,2000.0,40000.0
2021040404037738,CGH,52,52,10,2000.0,20000.0
2021040404037749,CGH,52,8,10,2000.0,20000.0
2021040404037748,CGH,52,57,10,2000.0,20000.0
2021040404037747,CGH,52,41,10,2000.0,20000.0
2021040404037746,CGH,52,38,50,2000.0,100000.0
2021040404037745,CGH,52,1,10,2000.0,20000.0
2021040404037744,CGH,52,21,10,2000.0,20000.0
2021040404037755,CGH,52,45,10,2002.0,20020.0
2021040404037754,CGH,52,45,100,2001.0,200100.0
2021040404037753,CGH,52,45,10,2000.0,20000.0
2021040404037752,CGH,52,58,10,2000.0,20000.0
2021040404037751,CGH,52,58,100,2000.0,200000.0
2021040404037750,CGH,52,21,10,2000.0,20000.0
2021040404038094,CGH,58,45,45,1992.0,89640.0
2021040404038090,CGH,32,16,10,1995.0,19950.0
2021040404037889,CGH,58,36,85,1992.0,169320.0
2021040404037888,CGH,7,36,15,1993.0,29895.0
2021040404037875,CGH,57,16,10,1995.0,19950.0
2021040404037773,CGH,57,19,100,1995.0,199500.0
2021040404038100,CGH,26,45,20,1991.0,39820.0
2021040404038099,CGH,38,45,20,1991.0,39820.0
2021040404038098,CGH,40,45,190,1991.0,378290.0
2021040404038097,CGH,45,45,10,1992.0,19920.0
2021040404038096,CGH,28,45,10,1992.0,19920.0
2021040404038095,CGH,41,45,10,1992.0,19920.0
2021040404038106,CGH,14,45,10,1990.0,19900.0
2021040404038105,CGH,6,45,50,1990.0,99500.0
2021040404038104,CGH,6,45,50,1991.0,99550.0
2021040404038103,CGH,38,45,10,1991.0,19910.0
2021040404038102,CGH,35,45,10,1991.0,19910.0
2021040404038101,CGH,49,45,10,1991.0,19910.0
2021040404038112,CGH,39,45,50,1990.0,99500.0
2021040404038111,CGH,19,45,10,1990.0,19900.0
2021040404038110,CGH,38,45,20,1990.0,39800.0
2021040404038109,CGH,55,45,200,1990.0,398000.0
2021040404038108,CGH,29,45,100,1990.0,199000.0
2021040404038107,CGH,54,45,50,1990.0,99500.0
2021040404037985,CHCL,59,58,69,615.0,42435.0
2021040404037984,CHCL,36,58,81,615.0,49815.0
2021040404037880,CHCL,36,25,50,615.0,30750.0
2021040404037820,CHCL,36,57,200,615.0,123000.0
2021040404037819,CHCL,36,34,100,615.0,61500.0
2021040404037818,CHCL,36,21,69,615.0,42435.0
2021040404037796,CHCL,36,21,30,615.0,18450.0
2021040404038007,DHPL,59,25,98,118.0,11564.0
2021040404038006,DHPL,59,34,102,118.0,12036.0
2021040404037942,DHPL,34,34,30,118.0,3540.0
2021040404038084,EIC,57,52,20,795.0,15900.0
2021040404038033,EIC,57,52,20,795.0,15900.0
2021040404038013,EIC,5,52,50,795.0,39750.0
2021040404037885,EIC,57,1,20,795.0,15900.0
2021040404037928,GHL,53,38,870,162.0,140940.0
2021040404037816,GHL,53,19,10,162.0,1620.0
2021040404037815,GHL,13,19,30,162.0,4860.0
2021040404037814,GHL,13,19,85,162.0,13770.0
2021040404038130,GIC,4,1,10,793.0,7930.0
2021040404037935,GIC,4,45,10,793.0,7930.0
2021040404037906,GIC,4,54,10,793.0,7930.0
2021040404038065,GLH,50,32,10,378.0,3780.0
2021040404038037,GLH,50,58,10,378.0,3780.0
2021040404038015,GLH,50,57,10,378.0,3780.0
2021040404038014,GLH,50,44,10,378.0,3780.0
2021040404038005,GLH,50,16,10,378.0,3780.0
2021040404037949,GLH,50,58,10,378.0,3780.0
2021040404037948,GLH,50,54,10,378.0,3780.0
2021040404037947,GLH,50,58,10,378.0,3780.0
2021040404037946,GLH,50,51,40,378.0,15120.0
2021040404037912,GLH,38,51,20,378.0,7560.0
2021040404037866,GLH,36,44,10,377.0,3770.0
2021040404038079,HDHPC,8,58,50,135.0,6750.0
2021040404037804,HDHPC,8,16,50,135.0,6750.0
2021040404037790,HDHPC,8,29,20,135.0,2700.0
2021040404037707,HDHPC,52,58,298,136.0,40528.0
2021040404037706,HDHPC,52,25,62,136.0,8432.0
2021040404037705,HDHPC,52,58,300,136.0,40800.0
2021040404037998,HGI,45,40,120,747.0,89640.0
2021040404037983,HGI,28,40,200,747.0,149400.0
2021040404037951,HGI,4,40,100,747.0,74700.0
2021040404037945,HGI,54,40,80,747.0,59760.0
2021040404037860,HGI,54,58,120,747.0,89640.0
2021040404037725,HGI,35,3,100,747.0,74700.0
2021040404037778,HPPL,16,58,20,398.0,7960.0
2021040404037767,HPPL,36,58,500,398.0,199000.0
2021040404037668,HPPL,28,26,10,393.0,3930.0
2021040404037648,HPPL,28,38,883,393.0,347019.0
2021040404038122,HURJA,35,41,20,337.0,6740.0
2021040404037813,HURJA,50,29,20,336.0,6720.0
2021040404037699,HURJA,50,26,20,336.0,6720.0
2021040404037966,JOSHI,44,21,10,128.0,1280.0
2021040404037782,JOSHI,44,26,20,128.0,2560.0
2021040404037770,JOSHI,58,39,300,129.0,38700.0
2021040404037986,KPCL,33,40,500,290.0,145000.0
2021040404037811,LEC,46,26,20,298.0,5960.0
2021040404038074,LGIL,57,44,130,884.0,114920.0
2021040404038073,LGIL,21,44,222,884.0,196248.0
2021040404038072,LGIL,6,44,50,884.0,44200.0
2021040404038071,LGIL,57,44,53,884.0,46852.0
2021040404038017,LGIL,57,3,50,884.0,44200.0
2021040404037995,LGIL,5,1,20,885.0,17700.0
2021040404037732,LGIL,57,43,85,884.0,75140.0
2021040404037715,LGIL,20,43,15,884.0,13260.0
2021040404037714,LGIL,20,16,485,884.0,428740.0
2021040404037680,LGIL,57,48,300,883.0,264900.0
2021040404037666,LGIL,43,16,15,884.0,13260.0
2021040404037665,LGIL,43,47,85,884.0,75140.0
2021040404037892,LGIL,57,28,62,884.0,54808.0
2021040404037890,LGIL,58,29,10,885.0,8850.0
2021040404037884,LGIL,52,29,20,885.0,17700.0
2021040404037883,LGIL,52,29,20,885.0,17700.0
2021040404037882,LGIL,52,48,20,885.0,17700.0
2021040404037881,LGIL,52,6,10,885.0,8850.0
2021040404037849,MEN,56,21,10,698.0,6980.0
2021040404037728,MEN,56,25,10,698.0,6980.0
2021040404037871,MHNL,52,22,448,265.0,118720.0
2021040404037870,MHNL,57,22,52,266.0,13832.0
2021040404037679,MHNL,57,33,148,266.0,39368.0
2021040404037678,MHNL,57,33,460,266.0,122360.0
2021040404037650,MHNL,52,22,280,267.0,74760.0
2021040404037649,NBF2,41,20,500,11.2,5600.0
2021040404037765,NEF,21,25,"1,127",12.11,13647.97
2021040404037930,NGPL,52,58,86,240.0,20640.0
2021040404037929,NGPL,51,58,50,240.0,12000.0
2021040404037769,NHDL,5,21,10,322.0,3220.0
2021040404037727,NHDL,5,45,10,322.0,3220.0
2021040404038062,NHPC,25,58,50,168.0,8400.0
2021040404038051,NHPC,58,35,100,167.0,16700.0
2021040404038011,NHPC,45,58,990,168.0,166320.0
2021040404037982,NHPC,43,58,"1,000",168.0,168000.0
2021040404037921,NHPC,48,58,495,168.0,83160.0
2021040404037920,NHPC,48,16,10,168.0,1680.0
2021040404037919,NHPC,48,19,495,168.0,83160.0
2021040404037684,NHPC,41,19,20,168.0,3360.0
2021040404037683,NHPC,41,16,80,168.0,13440.0
2021040404037677,NHPC,58,1,160,167.0,26720.0
2021040404037676,NHPC,46,1,20,167.0,3340.0
2021040404037801,NIBSF1,28,22,"2,000",13.05,26100.0
2021040404038061,NICBF,35,53,100,11.4,1140.0
2021040404037771,NICBF,35,21,300,11.4,3420.0
2021040404037965,NICGF,6,21,300,12.37,3711.0
2021040404037685,NICGF,6,20,500,12.37,6185.0
2021040404037943,NICL,59,58,100,846.0,84600.0
2021040404037938,NICL,46,58,20,846.0,16920.0
2021040404037937,NICL,46,19,50,846.0,42300.0
2021040404037936,NICL,46,33,70,846.0,59220.0
2021040404037848,NICL,57,43,30,845.0,25350.0
2021040404037792,NICL,17,33,10,846.0,8460.0
2021040404037660,NICL,42,32,1,845.0,845.0
2021040404037659,NICL,42,29,99,845.0,83655.0
2021040404038018,NIL,45,51,50,1733.0,86650.0
2021040404037905,NIL,45,54,193,1733.0,334469.0
2021040404037859,NIL,45,54,50,1733.0,86650.0
2021040404037760,NIL,6,54,50,1733.0,86650.0
2021040404037759,NIL,6,54,207,1733.0,358731.0
2021040404037713,NIL,6,16,93,1733.0,161169.0
2021040404037712,NIL,7,16,86,1733.0,149038.0
2021040404037711,NIL,51,16,200,1734.0,346800.0
2021040404037710,NIL,57,16,200,1735.0,347000.0
2021040404037709,NIL,6,16,140,1735.0,242900.0
2021040404037695,NIL,6,50,60,1735.0,104100.0
2021040404037694,NIL,37,50,50,1735.0,86750.0
2021040404038116,NLG,36,58,155,1213.0,188015.0
2021040404038092,NLG,45,58,50,1213.0,60650.0
2021040404038083,NLG,1,58,55,1213.0,66715.0
2021040404037708,NLG,41,58,"1,000",1213.0,1213000.0
2021040404037904,NLG,17,17,50,1212.0,60600.0
2021040404038021,NLG,41,58,"1,000",1213.0,1213000.0
2021040404037941,NLG,47,34,50,1212.0,60600.0
2021040404037940,NLG,17,34,50,1212.0,60600.0
2021040404038147,PIC,28,25,50,1350.0,67500.0
2021040404038146,PIC,28,54,20,1350.0,27000.0
2021040404038145,PIC,28,46,20,1350.0,27000.0
2021040404038144,PIC,28,41,19,1350.0,25650.0
2021040404038036,PIC,28,41,31,1350.0,41850.0
2021040404038035,PIC,28,6,200,1350.0,270000.0
2021040404037789,PIC,33,51,50,1349.0,67450.0
2021040404037788,PIC,33,36,200,1349.0,269800.0
2021040404037787,PIC,33,22,50,1349.0,67450.0
2021040404037786,PIC,33,6,75,1349.0,101175.0
2021040404037654,PIC,32,26,200,1348.0,269600.0
2021040404038034,PIC,28,56,69,1350.0,93150.0
2021040404037847,PIC,29,56,431,1350.0,581850.0
2021040404037846,PIC,29,42,100,1350.0,135000.0
2021040404037845,PIC,29,43,10,1350.0,13500.0
2021040404037844,PIC,29,34,230,1350.0,310500.0
2021040404037843,PIC,29,58,229,1350.0,309150.0
2021040404038141,PICL,1,3,100,947.0,94700.0
2021040404038129,PICL,57,3,50,947.0,47350.0
2021040404038128,PICL,59,3,200,947.0,189400.0
2021040404038127,PICL,32,3,112,947.0,106064.0
2021040404038126,PICL,14,3,10,950.0,9500.0
2021040404038125,PICL,53,3,55,950.0,52250.0
2021040404037791,PICL,34,3,200,947.0,189400.0
2021040404037766,PICL,25,3,100,947.0,94700.0
2021040404037730,PICL,21,3,50,947.0,47350.0
2021040404037729,PICL,45,3,400,947.0,378800.0
2021040404037857,PICL,17,19,67,945.0,63315.0
2021040404037856,PICL,36,19,100,945.0,94500.0
2021040404037855,PICL,44,19,100,945.0,94500.0
2021040404037854,PICL,41,19,195,945.0,184275.0
2021040404037823,PICL,53,3,100,947.0,94700.0
2021040404037821,PICL,32,3,50,947.0,47350.0
2021040404037971,PICL,45,3,80,950.0,76000.0
2021040404037970,PICL,45,4,20,950.0,19000.0
2021040404037969,PICL,45,59,100,950.0,95000.0
2021040404037903,PICL,52,59,50,950.0,47500.0
2021040404037874,PICL,32,3,100,947.0,94700.0
2021040404037873,PICL,32,19,38,945.0,35910.0
2021040404038121,PICL,59,3,59,950.0,56050.0
2021040404038120,PICL,59,3,111,950.0,105450.0
2021040404038119,PICL,59,59,30,949.0,28470.0
2021040404038039,PICL,43,3,140,950.0,133000.0
2021040404037993,PICL,45,3,569,950.0,540550.0
2021040404037991,PICL,25,3,100,950.0,95000.0
2021040404037655,PMHPL,11,20,10,188.0,1880.0
2021040404037908,PPCL,45,26,10,285.0,2850.0
2021040404037907,PPCL,20,40,10,290.0,2900.0
2021040404037697,PPCL,45,20,20,285.0,5700.0
2021040404038016,PRIN,39,34,20,1010.0,20200.0
2021040404037927,PRIN,39,10,20,1010.0,20200.0
2021040404037926,PRIN,10,10,60,1010.0,60600.0
2021040404037925,PRIN,54,10,20,1010.0,20200.0
2021040404037834,PRIN,41,36,265,1011.0,267915.0
2021040404037833,PRIN,29,36,200,1011.0,202200.0
2021040404037826,PRIN,55,36,50,1013.0,50650.0
2021040404037825,PRIN,25,36,100,1013.0,101300.0
2021040404037824,PRIN,34,36,206,1013.0,208678.0
2021040404037768,PRIN,21,58,165,1014.0,167310.0
2021040404037764,PRIN,35,58,30,1014.0,30420.0
2021040404037832,PRIN,57,36,500,1012.0,506000.0
2021040404037831,PRIN,43,36,100,1012.0,101200.0
2021040404037830,PRIN,14,36,10,1013.0,10130.0
2021040404037829,PRIN,57,36,10,1013.0,10130.0
2021040404037828,PRIN,57,36,500,1013.0,506500.0
2021040404037827,PRIN,36,36,20,1013.0,20260.0
2021040404038012,RADHI,58,5,238,440.0,104720.0
2021040404037981,RADHI,58,26,12,440.0,5280.0
2021040404037807,RADHI,34,29,30,441.0,13230.0
2021040404037671,RADHI,53,29,50,441.0,22050.0
2021040404038076,RBCL,7,28,20,18840.0,376800.0
2021040404037794,RBCL,16,28,26,18850.0,490100.0
2021040404037731,RBCL,16,28,26,18850.0,490100.0
2021040404038088,RHPC,58,43,30,212.0,6360.0
2021040404037968,RHPC,48,43,50,212.0,10600.0
2021040404038055,RHPL,45,58,10,505.0,5050.0
2021040404037997,RHPL,45,58,100,504.0,50400.0
2021040404037996,RHPL,45,37,454,503.0,228362.0
2021040404037992,RHPL,51,37,200,503.0,100600.0
2021040404037988,RHPL,34,37,100,503.0,50300.0
2021040404037980,RHPL,34,37,450,503.0,226350.0
2021040404037653,RHPL,38,58,100,505.0,50500.0
2021040404037872,RHPL,48,58,100,505.0,50500.0
2021040404037808,RHPL,21,58,60,505.0,30300.0
2021040404037777,RHPL,45,20,28,504.0,14112.0
2021040404037776,RHPL,38,20,12,504.0,6048.0
2021040404037704,RHPL,51,58,200,505.0,101000.0
2021040404037672,RHPL,41,58,100,505.0,50500.0
2021040404037918,RHPL,54,6,100,504.0,50400.0
2021040404037917,RHPL,32,6,50,504.0,25200.0
2021040404037916,RHPL,16,6,80,504.0,40320.0
2021040404037915,RHPL,22,6,60,504.0,30240.0
2021040404037914,RHPL,33,6,100,504.0,50400.0
2021040404037913,RHPL,45,6,12,504.0,6048.0
2021040404037958,RHPL,16,32,20,505.0,10100.0
2021040404037957,RHPL,16,6,70,505.0,35350.0
2021040404037956,RHPL,16,41,50,505.0,25250.0
2021040404037955,RHPL,16,45,70,505.0,35350.0
2021040404037954,RHPL,16,58,"1,190",505.0,600950.0
2021040404037939,RHPL,38,6,98,504.0,49392.0
2021040404037973,RHPL,59,37,91,503.0,45773.0
2021040404037972,RHPL,14,37,100,505.0,50500.0
2021040404037962,RHPL,16,21,40,505.0,20200.0
2021040404037961,RHPL,16,58,79,505.0,39895.0
2021040404037960,RHPL,16,58,70,505.0,35350.0
2021040404037959,RHPL,16,36,40,505.0,20200.0
2021040404037979,RHPL,17,37,155,503.0,77965.0
2021040404037978,RHPL,29,37,"1,000",503.0,503000.0
2021040404037977,RHPL,32,37,100,503.0,50300.0
2021040404037976,RHPL,57,37,50,503.0,25150.0
2021040404037975,RHPL,55,37,200,503.0,100600.0
2021040404037974,RHPL,58,37,100,503.0,50300.0
2021040404037879,RRHP,39,20,10,385.0,3850.0
2021040404037812,SEF,36,25,200,11.95,2390.0
2021040404038142,SFMF,22,52,500,12.75,6375.0
2021040404038038,SGI,48,54,10,819.0,8190.0
2021040404038001,SGI,48,1,10,819.0,8190.0
2021040404037990,SGI,48,6,10,819.0,8190.0
2021040404037867,SGI,48,54,10,819.0,8190.0
2021040404037850,SGI,48,36,10,819.0,8190.0
2021040404038020,SHPC,44,41,100,367.0,36700.0
2021040404037911,SHPC,44,19,93,367.0,34131.0
2021040404037910,SHPC,21,19,50,367.0,18350.0
2021040404037909,SHPC,33,19,357,367.0,131019.0
2021040404037793,SHPC,43,34,90,368.0,33120.0
2021040404038143,SIC,19,16,30,1830.0,54900.0
2021040404038093,SIC,34,45,100,1825.0,182500.0
2021040404038066,SIC,32,16,10,1830.0,18300.0
2021040404038064,SIC,58,16,10,1830.0,18300.0
2021040404038052,SIC,8,16,50,1830.0,91500.0
2021040404038040,SIC,52,45,73,1833.0,133809.0
2021040404038078,SICL,45,32,20,1975.0,39500.0
2021040404038077,SICL,17,32,30,1975.0,59250.0
2021040404038056,SICL,43,32,137,1975.0,270575.0
2021040404038050,SICL,34,44,100,1972.0,197200.0
2021040404038049,SICL,58,44,26,1972.0,51272.0
2021040404038048,SICL,33,44,40,1973.0,78920.0
2021040404037852,SICL,35,32,22,1975.0,43450.0
2021040404037670,SICL,35,41,20,1974.0,39480.0
2021040404038047,SICL,57,44,10,1973.0,19730.0
2021040404038046,SICL,35,44,10,1973.0,19730.0
2021040404038045,SICL,58,44,35,1974.0,69090.0
2021040404038044,SICL,58,44,30,1974.0,59220.0
2021040404038000,SICL,17,32,10,1975.0,19750.0
2021040404037862,SICL,43,32,200,1975.0,395000.0
2021040404038024,SIL,59,58,110,1286.0,141460.0
2021040404038023,SIL,59,54,190,1286.0,244340.0
2021040404038022,SIL,59,34,200,1285.0,257000.0
2021040404037934,SIL,16,54,10,1286.0,12860.0
2021040404038140,SJCL,16,50,20,423.0,8460.0
2021040404038025,SJCL,51,20,10,423.0,4230.0
2021040404037933,SJCL,51,59,840,423.0,355320.0
2021040404037675,SJCL,51,57,10,423.0,4230.0
2021040404037876,SPDL,53,45,990,277.0,274230.0
2021040404037891,SSHL,22,44,400,208.0,83200.0
2021040404037865,SSHL,21,32,100,207.0,20700.0
2021040404037783,SSHL,43,44,650,208.0,135200.0
2021040404038069,STC,59,59,10,12789.0,127890.0
2021040404038068,STC,59,48,10,12787.0,127870.0
2021040404037987,STC,45,17,10,12787.0,127870.0
2021040404037810,STC,45,33,10,12787.0,127870.0
2021040404037809,STC,45,45,15,12785.0,191775.0
2021040404038019,TRH,45,57,774,320.0,247680.0
2021040404037899,TRH,45,57,"1,000",320.0,320000.0
2021040404037898,TRH,38,57,30,320.0,9600.0
2021040404037897,TRH,45,57,30,320.0,9600.0
2021040404037896,TRH,33,57,100,320.0,32000.0
2021040404037895,TRH,11,57,50,320.0,16000.0
2021040404037894,TRH,35,57,16,320.0,5120.0
2021040404038010,UIC,57,58,470,760.0,357200.0
2021040404038008,UIC,13,58,50,760.0,38000.0
2021040404037944,UIC,1,3,20,759.0,15180.0
2021040404037932,UIC,10,58,100,760.0,76000.0
2021040404037761,UIC,21,58,90,760.0,68400.0
2021040404037696,UIC,20,58,50,760.0,38000.0
2021040404037785,UMHL,33,51,10,189.0,1890.0
2021040404037652,UMHL,16,45,50,187.0,9350.0
2021040404037902,UMRH,50,53,10,302.0,3020.0
2021040404038124,UPCL,41,37,364,150.0,54600.0
2021040404038123,UPCL,41,1,636,150.0,95400.0
2021040404037994,UPCL,59,1,10,150.0,1500.0
2021040404037989,UPCL,38,38,500,149.0,74500.0
2021040404037817,UPCL,57,1,65,150.0,9750.0
2021040404037682,UPCL,38,29,"1,410",149.0,210090.0
2021040404037681,UPCL,36,29,590,149.0,87910.0
2021040404037656,UPCL,38,1,100,150.0,15000.0
2021040404037651,UPCL,36,26,100,149.0,14900.0
2021040404038138,UPPER,1,36,72,863.0,62136.0
2021040404038137,UPPER,4,36,150,863.0,129450.0
2021040404038136,UPPER,38,36,50,863.0,43150.0
2021040404038135,UPPER,38,36,10,863.0,8630.0
2021040404038134,UPPER,3,36,15,863.0,12945.0
2021040404038133,UPPER,53,36,103,863.0,88889.0
2021040404037663,UPPER,34,38,135,864.0,116640.0
2021040404037658,UPPER,58,38,45,864.0,38880.0
2021040404037657,UPPER,33,38,10,864.0,8640.0
2021040404037784,UPPER,43,19,100,864.0,86400.0
2021040404037775,UPPER,38,19,50,864.0,43200.0
2021040404037774,UPPER,25,19,10,864.0,8640.0
2021040404037757,UPPER,58,35,500,864.0,432000.0
2021040404037726,UPPER,35,25,10,865.0,8650.0
2021040404037664,UPPER,34,25,365,865.0,315725.0
2021040404037838,UPPER,57,22,70,865.0,60550.0
2021040404037837,UPPER,57,25,290,865.0,250850.0
2021040404037836,UPPER,57,51,50,864.0,43200.0
2021040404037835,UPPER,57,19,240,864.0,207360.0
2021040404037798,UPPER,38,19,100,864.0,86400.0
2021040404037795,UPPER,7,19,100,864.0,86400.0
2021040404037886,UPPER,45,58,410,864.0,354240.0
2021040404037861,UPPER,22,58,50,864.0,43200.0
2021040404037858,UPPER,6,58,50,864.0,43200.0
2021040404037841,UPPER,57,41,10,865.0,8650.0
2021040404037840,UPPER,57,57,200,865.0,173000.0
2021040404037839,UPPER,57,41,140,865.0,121100.0
2021040404037953,UPPER,29,13,90,864.0,77760.0
2021040404037952,UPPER,59,13,10,864.0,8640.0
2021040404037924,UPPER,59,50,40,864.0,34560.0
2021040404037923,UPPER,59,57,40,864.0,34560.0
2021040404037922,UPPER,59,46,10,864.0,8640.0
2021040404037887,UPPER,45,46,90,864.0,77760.0
2021040404038027,UPPER,5,41,94,863.0,81122.0
2021040404038026,UPPER,45,41,200,864.0,172800.0
2021040404038004,UPPER,5,35,106,863.0,91478.0
2021040404038003,UPPER,59,35,14,863.0,12082.0
2021040404038002,UPPER,29,35,110,864.0,95040.0
2021040404038075,UPPER,53,10,97,863.0,83711.0
2021040404038070,UPPER,32,13,100,864.0,86400.0
2021040404038060,UPPER,13,32,40,865.0,34600.0
2021040404038059,UPPER,13,26,50,865.0,43250.0
2021040404038058,UPPER,13,8,70,865.0,60550.0
2021040404038057,UPPER,13,36,40,865.0,34600.0
2021040404037627,AHPC,48,21,200,272.0,54400.0
2021040404037626,AHPC,48,10,142,272.0,38624.0
2021040404037466,AHPC,45,10,100,272.0,27200.0
2021040404037465,AHPC,33,10,20,272.0,5440.0
2021040404037464,AHPC,14,10,300,272.0,81600.0
2021040404037463,AHPC,34,10,100,272.0,27200.0
2021040404037298,AHPC,22,13,771,272.0,209712.0
2021040404037297,AHPC,53,13,87,272.0,23664.0
2021040404037175,AHPC,53,26,13,272.0,3536.0
2021040404037174,AHPC,17,26,87,272.0,23664.0
2021040404037462,AHPC,34,10,338,272.0,91936.0
2021040404037455,AHPC,59,16,200,273.0,54600.0
2021040404037324,AHPC,34,38,20,272.0,5440.0
2021040404037316,AHPC,45,16,100,273.0,27300.0
2021040404037300,AHPC,45,16,500,273.0,136500.0
2021040404037299,AHPC,34,13,142,272.0,38624.0
2021040404037644,AIL,7,19,40,992.0,39680.0
2021040404037643,AIL,38,19,20,993.0,19860.0
2021040404037642,AIL,20,19,40,993.0,39720.0
2021040404037619,AIL,20,50,10,993.0,9930.0
2021040404037576,AIL,21,57,93,994.0,92442.0
2021040404037558,AIL,54,57,40,994.0,39760.0
2021040404037187,AIL,34,47,50,994.0,49700.0
2021040404037164,AIL,34,21,10,994.0,9940.0
2021040404037193,AIL,35,47,15,993.0,14895.0
2021040404037192,AIL,35,47,200,994.0,198800.0
2021040404037191,AIL,38,47,75,994.0,74550.0
2021040404037190,AIL,38,47,150,994.0,149100.0
2021040404037189,AIL,17,47,100,994.0,99400.0
2021040404037188,AIL,25,47,10,994.0,9940.0
2021040404037199,AIL,57,47,50,993.0,49650.0
2021040404037198,AIL,26,47,100,993.0,99300.0
2021040404037197,AIL,57,47,50,993.0,49650.0
2021040404037196,AIL,41,47,50,993.0,49650.0
2021040404037195,AIL,17,47,20,993.0,19860.0
2021040404037194,AIL,17,47,50,993.0,49650.0
2021040404037205,AIL,56,47,80,992.0,79360.0
2021040404037204,AIL,19,47,50,992.0,49600.0
2021040404037203,AIL,57,47,20,992.0,19840.0
2021040404037202,AIL,3,47,50,992.0,49600.0
2021040404037201,AIL,14,47,30,992.0,29760.0
2021040404037200,AIL,28,47,100,993.0,99300.0
2021040404037211,AIL,22,47,10,992.0,9920.0
2021040404037210,AIL,18,47,50,992.0,49600.0
2021040404037209,AIL,16,47,10,992.0,9920.0
2021040404037208,AIL,17,47,10,992.0,9920.0
2021040404037207,AIL,35,47,20,992.0,19840.0
2021040404037206,AIL,11,47,40,992.0,39680.0
2021040404037240,AIL,17,35,20,994.0,19880.0
2021040404037216,AIL,7,47,10,992.0,9920.0
2021040404037215,AIL,38,47,20,992.0,19840.0
2021040404037214,AIL,57,47,50,992.0,49600.0
2021040404037213,AIL,1,47,20,992.0,19840.0
2021040404037212,AIL,36,47,10,992.0,9920.0
2021040404037322,AIL,32,32,10,994.0,9940.0
2021040404037314,AIL,58,34,10,995.0,9950.0
2021040404037293,AIL,57,34,20,995.0,19900.0
2021040404037277,AIL,32,32,10,994.0,9940.0
2021040404037271,AIL,37,34,100,995.0,99500.0
2021040404037241,AIL,32,35,30,994.0,29820.0
2021040404037436,AIL,21,57,15,994.0,14910.0
2021040404037392,AIL,38,57,120,994.0,119280.0
2021040404037391,AIL,38,57,40,994.0,39760.0
2021040404037383,AIL,58,57,10,994.0,9940.0
2021040404037361,AIL,3,34,150,995.0,149250.0
2021040404037323,AIL,58,32,90,994.0,89460.0
2021040404037536,AIL,41,51,15,993.0,14895.0
2021040404037532,AIL,16,57,10,994.0,9940.0
2021040404037515,AIL,22,57,50,994.0,49700.0
2021040404037476,AIL,10,57,30,994.0,29820.0
2021040404037457,AIL,52,57,10,994.0,9940.0
2021040404037439,AIL,45,57,50,994.0,49700.0
2021040404037551,AIL,38,59,10,993.0,9930.0
2021040404037550,AIL,14,51,2,993.0,1986.0
2021040404037549,AIL,38,51,18,993.0,17874.0
2021040404037539,AIL,22,51,10,993.0,9930.0
2021040404037538,AIL,20,51,25,993.0,24825.0
2021040404037537,AIL,45,51,30,993.0,29790.0
2021040404037554,AKJCL,28,37,60,152.0,9120.0
2021040404037479,AKJCL,28,26,10,152.0,1520.0
2021040404037422,AKJCL,28,58,77,152.0,11704.0
2021040404037388,AKJCL,28,58,40,152.0,6080.0
2021040404037387,AKJCL,47,58,310,152.0,47120.0
2021040404037234,AKJCL,47,45,190,152.0,28880.0
2021040404037233,AKJCL,55,45,310,152.0,47120.0
2021040404037517,AKPL,7,26,13,335.0,4355.0
2021040404037510,AKPL,7,48,281,335.0,94135.0
2021040404037505,AKPL,21,48,500,335.0,167500.0
2021040404037461,AKPL,38,48,"1,111",335.0,372185.0
2021040404037308,AKPL,34,48,50,335.0,16750.0
2021040404037424,API,48,29,60,332.0,19920.0
2021040404037423,API,48,36,92,332.0,30544.0
2021040404037384,API,3,4,105,331.0,34755.0
2021040404037313,API,8,36,200,332.0,66400.0
2021040404037284,API,16,36,500,332.0,166000.0
2021040404037256,API,3,54,500,331.0,165500.0
2021040404037182,API,41,38,442,332.0,146744.0
2021040404037249,API,3,5,80,331.0,26480.0
2021040404037242,API,3,13,25,331.0,8275.0
2021040404037235,API,21,36,100,332.0,33200.0
2021040404037222,API,3,51,858,331.0,283998.0
2021040404037184,API,41,36,108,332.0,35856.0
2021040404037183,API,41,34,50,332.0,16600.0
2021040404037566,BARUN,5,11,50,247.0,12350.0
2021040404037273,BARUN,54,17,52,246.0,12792.0
2021040404037577,BPCL,51,10,"1,650",410.0,676500.0
2021040404037250,BPCL,51,17,108,410.0,44280.0
2021040404037319,BPCL,51,16,100,410.0,41000.0
2021040404037255,BPCL,33,16,200,410.0,82000.0
2021040404037254,BPCL,13,17,20,410.0,8200.0
2021040404037253,BPCL,58,17,20,410.0,8200.0
2021040404037252,BPCL,52,17,10,410.0,4100.0
2021040404037251,BPCL,22,17,10,410.0,4100.0
2021040404037633,CGH,22,1,10,1995.0,19950.0
2021040404037624,CGH,48,1,10,2000.0,20000.0
2021040404037623,CGH,22,58,10,1995.0,19950.0
2021040404037579,CGH,22,38,10,1995.0,19950.0
2021040404037578,CGH,29,29,10,1999.0,19990.0
2021040404037460,CGH,57,53,10,1995.0,19950.0
2021040404037243,CGH,8,57,10,1995.0,19950.0
2021040404037231,CGH,8,50,10,1995.0,19950.0
2021040404037161,CGH,8,58,10,1995.0,19950.0
2021040404037149,CGH,8,21,10,1995.0,19950.0
2021040404037446,CGH,1,1,10,1995.0,19950.0
2021040404037433,CGH,6,1,10,2000.0,20000.0
2021040404037432,CGH,6,17,10,1998.0,19980.0
2021040404037365,CGH,1,41,10,1995.0,19950.0
2021040404037292,CGH,1,21,10,1995.0,19950.0
2021040404037247,CGH,1,1,10,1995.0,19950.0
2021040404037546,CHCL,36,38,20,615.0,12300.0
2021040404037167,CHCL,26,8,30,616.0,18480.0
2021040404037598,CMF1,10,20,500,10.46,5230.0
2021040404037434,CMF1,10,21,300,10.46,3138.0
2021040404037221,CMF2,35,38,100,11.0,1100.0
2021040404037374,DHPL,43,45,290,117.0,33930.0
2021040404037373,DHPL,13,45,10,117.0,1170.0
2021040404037372,DHPL,45,45,60,117.0,7020.0
2021040404037371,DHPL,34,45,50,117.0,5850.0
2021040404037370,DHPL,41,45,200,117.0,23400.0
2021040404037369,DHPL,1,45,890,117.0,104130.0
2021040404037171,DHPL,44,34,72,118.0,8496.0
2021040404037170,DHPL,44,25,200,118.0,23600.0
2021040404037169,DHPL,44,38,300,118.0,35400.0
2021040404037168,DHPL,44,11,528,118.0,62304.0
2021040404037638,EIC,26,35,16,794.0,12704.0
2021040404037637,EIC,4,35,34,794.0,26996.0
2021040404037607,EIC,57,1,30,795.0,23850.0
2021040404037606,EIC,57,43,100,795.0,79500.0
2021040404037605,EIC,57,51,50,795.0,39750.0
2021040404037604,EIC,57,41,180,795.0,143100.0
2021040404037312,EIC,22,58,140,795.0,111300.0
2021040404037311,EIC,22,26,200,795.0,159000.0
2021040404037310,EIC,22,19,50,795.0,39750.0
2021040404037309,EIC,22,39,110,795.0,87450.0
2021040404037228,EIC,59,39,100,795.0,79500.0
2021040404037603,EIC,57,13,50,795.0,39750.0
2021040404037602,EIC,57,17,100,795.0,79500.0
2021040404037601,EIC,57,58,110,795.0,87450.0
2021040404037541,EIC,4,16,66,794.0,52404.0
2021040404037540,EIC,6,16,34,794.0,26996.0
2021040404037386,EIC,6,29,30,794.0,23820.0
2021040404037557,GHL,13,26,30,162.0,4860.0
2021040404037438,GHL,22,40,"1,000",163.0,163000.0
2021040404037230,GHL,51,50,10,164.0,1640.0
2021040404037224,GHL,28,50,100,164.0,16400.0
2021040404037223,GHL,28,56,200,164.0,32800.0
2021040404037636,GLH,36,16,10,377.0,3770.0
2021040404037555,GLH,36,29,100,377.0,37700.0
2021040404037552,GLH,36,44,10,377.0,3770.0
2021040404037477,GLH,36,32,10,377.0,3770.0
2021040404037475,GLH,36,58,10,377.0,3770.0
2021040404037448,GLH,36,36,10,377.0,3770.0
2021040404037155,GLH,36,44,10,377.0,3770.0
2021040404037151,GLH,36,6,10,377.0,3770.0
2021040404037263,GLH,36,17,10,377.0,3770.0
2021040404037260,GLH,35,51,10,378.0,3780.0
2021040404037259,GLH,35,21,10,378.0,3780.0
2021040404037232,GLH,36,44,10,377.0,3770.0
2021040404037177,GLH,36,32,10,377.0,3770.0
2021040404037165,GLH,36,16,10,377.0,3770.0
2021040404037408,GLH,36,1,70,377.0,26390.0
2021040404037347,GLH,36,44,10,377.0,3770.0
2021040404037344,GLH,36,57,10,377.0,3770.0
2021040404037305,GLH,36,58,10,377.0,3770.0
2021040404037275,GLH,36,57,10,377.0,3770.0
2021040404037274,GLH,36,44,10,377.0,3770.0
2021040404037597,HDHPC,8,26,10,135.0,1350.0
2021040404037382,HDHPC,8,7,10,135.0,1350.0
2021040404037346,HDHPC,21,25,38,136.0,5168.0
2021040404037345,HDHPC,21,28,240,136.0,32640.0
2021040404037335,HDHPC,8,21,10,135.0,1350.0
2021040404037220,HDHPC,8,29,20,135.0,2700.0
2021040404037567,HGI,37,37,20,746.0,14920.0
2021040404037530,HGI,53,37,67,748.0,50116.0
2021040404037509,HGI,37,32,301,746.0,224546.0
2021040404037508,HGI,37,32,100,746.0,74600.0
2021040404037507,HGI,28,32,99,747.0,73953.0
2021040404037504,HGI,28,43,50,747.0,37350.0
2021040404037270,HGI,58,52,42,745.0,31290.0
2021040404037269,HGI,58,35,400,745.0,298000.0
2021040404037268,HGI,52,35,100,745.0,74500.0
2021040404037181,HGI,10,52,12,745.0,8940.0
2021040404037180,HGI,10,48,38,745.0,28310.0
2021040404037503,HGI,28,41,101,747.0,75447.0
2021040404037502,HGI,28,7,50,747.0,37350.0
2021040404037501,HGI,28,7,200,747.0,149400.0
2021040404037480,HGI,37,52,200,746.0,149200.0
2021040404037459,HGI,37,8,200,746.0,149200.0
2021040404037458,HGI,37,8,500,746.0,373000.0
2021040404037647,HPPL,28,38,80,394.0,31520.0
2021040404037646,HPPL,1,38,37,395.0,14615.0
2021040404037321,HPPL,1,40,10,395.0,3950.0
2021040404037246,HPPL,1,17,10,395.0,3950.0
2021040404037521,HURJA,50,58,30,336.0,10080.0
2021040404037520,HURJA,32,58,75,336.0,25200.0
2021040404037519,HURJA,58,58,125,336.0,42000.0
2021040404037518,HURJA,32,58,20,337.0,6740.0
2021040404037239,HURJA,58,29,20,336.0,6720.0
2021040404037162,HURJA,58,20,20,336.0,6720.0
2021040404037628,JOSHI,44,46,20,128.0,2560.0
2021040404037561,JOSHI,44,57,170,128.0,21760.0
2021040404037560,JOSHI,21,57,20,128.0,2560.0
2021040404037559,JOSHI,51,57,110,128.0,14080.0
2021040404037272,JOSHI,51,17,20,128.0,2560.0
2021040404037178,JOSHI,51,20,20,128.0,2560.0
2021040404037163,KPCL,57,26,10,289.0,2890.0
2021040404037334,KPCL,57,17,10,289.0,2890.0
2021040404037499,KPCL,56,45,300,286.0,85800.0
2021040404037498,KPCL,22,45,50,287.0,14350.0
2021040404037497,KPCL,55,45,530,287.0,152110.0
2021040404037496,KPCL,55,45,500,288.0,144000.0
2021040404037495,KPCL,21,45,90,288.0,25920.0
2021040404037529,KPCL,54,40,60,290.0,17400.0
2021040404037528,KPCL,54,45,30,286.0,8580.0
2021040404037630,LEC,50,46,10,300.0,3000.0
2021040404037629,LEC,50,45,30,298.0,8940.0
2021040404037339,LEC,46,46,10,297.0,2970.0
2021040404037338,LEC,46,21,10,297.0,2970.0
2021040404037337,LEC,46,35,50,297.0,14850.0
2021040404037336,LEC,46,45,219,297.0,65043.0
2021040404037276,LEC,16,20,10,296.0,2960.0
2021040404037217,LEC,16,26,20,296.0,5920.0
2021040404037467,LGIL,19,47,50,884.0,44200.0
2021040404037429,LGIL,44,13,27,883.0,23841.0
2021040404037428,LGIL,38,13,100,883.0,88300.0
2021040404037427,LGIL,17,13,30,883.0,26490.0
2021040404037426,LGIL,25,13,45,883.0,39735.0
2021040404037399,LGIL,40,47,100,884.0,88400.0
2021040404037185,LGIL,41,7,75,883.0,66225.0
2021040404037356,LGIL,50,47,25,884.0,22100.0
2021040404037355,LGIL,50,36,25,884.0,22100.0
2021040404037331,LGIL,52,36,100,884.0,88400.0
2021040404037245,LGIL,25,57,25,883.0,22075.0
2021040404037244,LGIL,48,57,45,883.0,39735.0
2021040404037186,LGIL,41,36,375,884.0,331500.0
2021040404037635,MEN,56,38,10,698.0,6980.0
2021040404037592,MEN,19,36,10,702.0,7020.0
2021040404037591,MEN,19,52,100,702.0,70200.0
2021040404037590,MEN,19,1,100,702.0,70200.0
2021040404037589,MEN,19,21,10,702.0,7020.0
2021040404037588,MEN,19,58,10,702.0,7020.0
2021040404037581,MEN,19,26,10,699.0,6990.0
2021040404037570,MEN,56,32,10,698.0,6980.0
2021040404037527,MEN,56,16,10,698.0,6980.0
2021040404037377,MEN,56,20,10,698.0,6980.0
2021040404037587,MEN,19,58,10,702.0,7020.0
2021040404037586,MEN,19,48,10,701.0,7010.0
2021040404037585,MEN,19,58,10,701.0,7010.0
2021040404037584,MEN,19,21,10,700.0,7000.0
2021040404037583,MEN,19,47,10,700.0,7000.0
2021040404037582,MEN,19,16,10,700.0,7000.0
2021040404037413,MHNL,52,22,30,267.0,8010.0
2021040404037411,MHNL,45,22,470,267.0,125490.0
2021040404037410,MHNL,45,41,30,267.0,8010.0
2021040404037409,MHNL,57,20,40,266.0,10640.0
2021040404037394,NEF,21,58,241,12.11,2918.51
2021040404037531,NGPL,51,58,10,241.0,2410.0
2021040404037358,NGPL,45,58,100,241.0,24100.0
2021040404037283,NHDL,5,17,10,322.0,3220.0
2021040404037264,NHDL,5,54,190,322.0,61180.0
2021040404037562,NHPC,58,19,20,168.0,3360.0
2021040404037326,NHPC,41,19,61,168.0,10248.0
2021040404037325,NHPC,41,57,39,168.0,6552.0
2021040404037157,NHPC,54,57,11,168.0,1848.0
2021040404037156,NHPC,54,34,139,168.0,23352.0
2021040404037600,NICL,26,33,300,846.0,253800.0
2021040404037393,NICL,14,33,20,846.0,16920.0
2021040404037333,NICL,14,47,30,846.0,25380.0
2021040404037332,NICL,22,47,20,846.0,16920.0
2021040404037639,NIL,37,51,200,1735.0,347000.0
2021040404037574,NIL,36,51,50,1735.0,86750.0
2021040404037565,NIL,45,51,50,1735.0,86750.0
2021040404037556,NIL,57,51,10,1735.0,17350.0
2021040404037514,NIL,59,51,200,1735.0,347000.0
2021040404037513,NIL,26,51,100,1735.0,173500.0
2021040404037280,NIL,36,50,230,1736.0,399280.0
2021040404037512,NIL,36,51,50,1735.0,86750.0
2021040404037511,NIL,14,51,40,1735.0,69400.0
2021040404037366,NIL,52,50,30,1736.0,52080.0
2021040404037342,NIL,14,35,10,1735.0,17350.0
2021040404037341,NIL,47,35,10,1735.0,17350.0
2021040404037340,NIL,52,35,100,1735.0,173500.0
2021040404037620,NLG,57,58,50,1213.0,60650.0
2021040404037456,NLG,34,58,100,1213.0,121300.0
2021040404037425,NLG,45,58,50,1213.0,60650.0
2021040404037398,NLG,43,58,200,1213.0,242600.0
2021040404037397,NLG,52,58,40,1214.0,48560.0
2021040404037226,NLG,37,53,100,1214.0,121400.0
2021040404037172,NLG,58,53,20,1214.0,24280.0
2021040404037396,NLG,41,58,150,1214.0,182100.0
2021040404037395,NLG,21,58,150,1214.0,182100.0
2021040404037330,NLG,21,47,39,1214.0,47346.0
2021040404037329,NLG,21,57,20,1214.0,24280.0
2021040404037328,NLG,21,36,10,1214.0,12140.0
2021040404037327,NLG,21,53,31,1214.0,37634.0
2021040404037564,NMBHF1,19,10,"3,573",11.42,40803.66
2021040404037542,NMBHF1,37,10,"4,584",11.43,52395.12
2021040404037500,NMBHF1,19,10,"1,339",11.5,15398.5
2021040404037454,NMBHF1,47,10,"30,000",11.52,345600.0
2021040404037453,NMBHF1,37,10,"2,000",11.52,23040.0
2021040404037452,NMBHF1,37,10,"2,000",11.52,23040.0
2021040404037451,NMBHF1,37,10,"2,000",11.52,23040.0
2021040404037450,NMBHF1,37,10,"2,000",11.52,23040.0
2021040404037449,NMBHF1,37,10,"2,000",11.52,23040.0
2021040404037634,PIC,32,6,11,1348.0,14828.0
2021040404037621,PIC,32,17,30,1348.0,40440.0
2021040404037613,PIC,51,6,29,1349.0,39121.0
2021040404037612,PIC,51,11,11,1349.0,14839.0
2021040404037611,PIC,51,57,10,1349.0,13490.0
2021040404037610,PIC,51,58,10,1349.0,13490.0
2021040404037150,PIC,32,55,50,1348.0,67400.0
2021040404037609,PIC,51,22,30,1349.0,40470.0
2021040404037608,PIC,51,51,10,1349.0,13490.0
2021040404037553,PIC,32,8,40,1348.0,53920.0
2021040404037379,PIC,29,51,100,1349.0,134900.0
2021040404037301,PIC,35,51,100,1349.0,134900.0
2021040404037166,PIC,13,51,20,1349.0,26980.0
2021040404037491,PICL,45,59,50,950.0,47500.0
2021040404037490,PICL,45,6,100,950.0,95000.0
2021040404037489,PICL,45,6,100,950.0,95000.0
2021040404037488,PICL,45,6,100,950.0,95000.0
2021040404037487,PICL,45,45,50,950.0,47500.0
2021040404037486,PICL,45,35,100,950.0,95000.0
2021040404037218,PICL,43,47,150,946.0,141900.0
2021040404037485,PICL,25,58,5,949.0,4745.0
2021040404037484,PICL,25,13,45,949.0,42705.0
2021040404037296,PICL,32,13,10,949.0,9490.0
2021040404037294,PICL,50,13,100,949.0,94900.0
2021040404037257,PICL,47,13,200,949.0,189800.0
2021040404037225,PICL,1,13,500,949.0,474500.0
2021040404037357,PMHPL,11,26,10,188.0,1880.0
2021040404037285,PMHPL,11,57,10,188.0,1880.0
2021040404037376,PPCL,6,26,10,283.0,2830.0
2021040404037304,PPCL,57,29,10,283.0,2830.0
2021040404037641,PRIN,8,34,80,1015.0,81200.0
2021040404037640,PRIN,8,22,20,1015.0,20300.0
2021040404037563,PRIN,58,22,100,1015.0,101500.0
2021040404037360,PRIN,8,54,50,1014.0,50700.0
2021040404037229,PRIN,44,26,50,1015.0,50750.0
2021040404037571,RADHI,32,46,50,440.0,22000.0
2021040404037535,RADHI,3,29,50,441.0,22050.0
2021040404037494,RADHI,32,22,369,440.0,162360.0
2021040404037493,RADHI,3,22,38,440.0,16720.0
2021040404037320,RADHI,4,5,455,441.0,200655.0
2021040404037237,RADHI,3,25,12,440.0,5280.0
2021040404037236,RADHI,54,5,10,441.0,4410.0
2021040404037420,RHPC,1,45,150,211.0,31650.0
2021040404037402,RHPC,16,43,100,212.0,21200.0
2021040404037306,RHPC,1,26,25,211.0,5275.0
2021040404037303,RHPC,1,57,100,211.0,21100.0
2021040404037302,RHPC,1,58,32,211.0,6752.0
2021040404037625,RHPL,48,58,10,505.0,5050.0
2021040404037618,RHPL,38,46,70,504.0,35280.0
2021040404037596,RHPL,38,45,18,504.0,9072.0
2021040404037595,RHPL,34,45,50,504.0,25200.0
2021040404037594,RHPL,33,45,20,504.0,10080.0
2021040404037593,RHPL,46,45,12,504.0,6048.0
2021040404037295,RHPL,33,58,100,505.0,50500.0
2021040404037287,RHPL,59,58,500,505.0,252500.0
2021040404037286,RHPL,58,58,40,505.0,20200.0
2021040404037492,RHPL,46,7,40,504.0,20160.0
2021040404037447,RHPL,46,57,30,504.0,15120.0
2021040404037445,RHPL,19,58,50,505.0,25250.0
2021040404037435,RHPL,46,21,70,504.0,35280.0
2021040404037343,RHPL,45,58,50,505.0,25250.0
2021040404037307,RHPL,26,58,500,505.0,252500.0
2021040404037317,SEF,38,45,500,11.92,5960.0
2021040404037412,SGI,48,36,10,819.0,8190.0
2021040404037349,SGI,48,29,10,819.0,8190.0
2021040404037318,SGI,48,13,10,819.0,8190.0
2021040404037267,SGI,48,51,10,819.0,8190.0
2021040404037580,SHL,43,38,200,202.0,40400.0
2021040404037545,SIC,34,22,20,1825.0,36500.0
2021040404037544,SIC,5,22,20,1825.0,36500.0
2021040404037442,SIC,43,20,25,1846.0,46150.0
2021040404037441,SIC,43,34,45,1846.0,83070.0
2021040404037440,SIC,43,21,30,1835.0,55050.0
2021040404037407,SIC,5,28,152,1825.0,277400.0
2021040404037381,SIC,58,28,20,1825.0,36500.0
2021040404037364,SIC,58,44,10,1821.0,18210.0
2021040404037261,SIC,52,11,35,1820.0,63700.0
2021040404037173,SIC,32,11,10,1820.0,18200.0
2021040404037534,SICL,41,41,50,1974.0,98700.0
2021040404037533,SICL,21,41,30,1974.0,59220.0
2021040404037430,SICL,21,32,20,1974.0,39480.0
2021040404037389,SICL,21,7,25,1971.0,49275.0
2021040404037176,SICL,21,48,30,1971.0,59130.0
2021040404037437,SIL,43,34,200,1286.0,257200.0
2021040404037401,SIL,57,36,500,1283.0,641500.0
2021040404037400,SIL,7,36,48,1283.0,61584.0
2021040404037473,SJCL,51,21,40,423.0,16920.0
2021040404037380,SJCL,51,29,20,423.0,8460.0
2021040404037419,SPDL,34,45,10,278.0,2780.0
2021040404037418,SPDL,34,43,250,278.0,69500.0
2021040404037417,SPDL,34,17,15,278.0,4170.0
2021040404037416,SPDL,34,21,15,278.0,4170.0
2021040404037415,SPDL,34,33,600,278.0,166800.0
2021040404037414,SPDL,34,41,110,278.0,30580.0
2021040404037543,SSHL,50,44,50,208.0,10400.0
2021040404037258,SSHL,21,29,200,207.0,41400.0
2021040404037575,STC,35,33,23,12650.0,290950.0
2021040404037431,STC,35,54,27,12650.0,341550.0
2021040404037569,UIC,35,58,270,760.0,205200.0
2021040404037568,UIC,35,38,30,759.0,22770.0
2021040404037516,UIC,45,38,50,759.0,37950.0
2021040404037506,UIC,46,38,20,759.0,15180.0
2021040404037474,UIC,4,58,100,760.0,76000.0
2021040404037444,UIC,57,58,"1,000",760.0,760000.0
2021040404037153,UIC,1,34,200,760.0,152000.0
2021040404037152,UIC,1,16,50,760.0,38000.0
2021040404037348,UIC,1,44,62,760.0,47120.0
2021040404037262,UIC,1,38,"2,660",760.0,2021600.0
2021040404037219,UIC,1,43,30,760.0,22800.0
2021040404037160,UIC,1,38,950,760.0,722000.0
2021040404037158,UIC,1,38,50,760.0,38000.0
2021040404037154,UIC,1,6,200,760.0,152000.0
2021040404037385,UIC,53,58,130,760.0,98800.0
2021040404037378,UIC,45,58,50,760.0,38000.0
2021040404037359,UIC,35,58,264,760.0,200640.0
2021040404037352,UIC,43,58,200,760.0,152000.0
2021040404037351,UIC,34,58,500,760.0,380000.0
2021040404037350,UIC,1,58,"1,298",760.0,986480.0
2021040404037472,UMHL,35,46,200,188.0,37600.0
2021040404037375,UMHL,35,40,13,188.0,2444.0
2021040404037368,UMHL,49,17,14,186.0,2604.0
2021040404037248,UMHL,16,40,987,188.0,185556.0
2021040404037471,UNHPL,5,13,907,125.0,113375.0
2021040404037470,UNHPL,58,13,70,125.0,8750.0
2021040404037469,UNHPL,5,13,500,125.0,62500.0
2021040404037468,UNHPL,5,13,23,125.0,2875.0
2021040404037617,UPCL,36,10,50,149.0,7450.0
2021040404037526,UPCL,36,58,70,149.0,10430.0
2021040404037478,UPCL,36,51,"1,000",149.0,149000.0
2021040404037421,UPCL,36,26,50,149.0,7450.0
2021040404037367,UPCL,36,26,50,149.0,7450.0
2021040404037266,UPCL,52,1,189,150.0,28350.0
2021040404037265,UPCL,52,51,11,150.0,1650.0
2021040404037227,UPCL,36,40,30,149.0,4470.0
2021040404037159,UPCL,28,51,300,150.0,45000.0
2021040404037645,UPPER,38,25,50,865.0,43250.0
2021040404037632,UPPER,1,25,785,865.0,679025.0
2021040404037631,UPPER,1,34,215,865.0,185975.0
2021040404037622,UPPER,33,22,40,864.0,34560.0
2021040404037616,UPPER,34,58,40,864.0,34560.0
2021040404037615,UPPER,58,58,35,864.0,30240.0
2021040404037148,UPPER,5,6,10,864.0,8640.0
2021040404037282,UPPER,17,6,111,864.0,95904.0
2021040404037281,UPPER,17,43,500,864.0,432000.0
2021040404037279,UPPER,21,4,175,863.0,151025.0
2021040404037278,UPPER,53,6,199,864.0,171936.0
2021040404037238,UPPER,44,6,80,864.0,69120.0
2021040404037179,UPPER,10,6,100,864.0,86400.0
2021040404037315,UPPER,4,58,10,864.0,8640.0
2021040404037291,UPPER,59,34,86,863.0,74218.0
2021040404037290,UPPER,5,34,30,863.0,25890.0
2021040404037289,UPPER,21,34,95,863.0,81985.0
2021040404037288,UPPER,17,34,289,864.0,249696.0
2021040404037403,UPPER,10,36,175,865.0,151375.0
2021040404037390,UPPER,22,36,25,865.0,21625.0
2021040404037363,UPPER,38,38,133,864.0,114912.0
2021040404037362,UPPER,4,38,140,864.0,120960.0
2021040404037354,UPPER,5,36,10,865.0,8650.0
2021040404037353,UPPER,4,58,50,864.0,43200.0
2021040404037482,UPPER,28,50,50,865.0,43250.0
2021040404037481,UPPER,28,46,30,865.0,25950.0
2021040404037443,UPPER,57,46,10,865.0,8650.0
2021040404037406,UPPER,10,46,65,865.0,56225.0
2021040404037405,UPPER,10,21,10,865.0,8650.0
2021040404037404,UPPER,10,55,50,865.0,43250.0
2021040404037483,UPPER,28,54,20,865.0,17300.0
2021040404037525,UPPER,58,32,130,865.0,112450.0
2021040404037524,UPPER,58,34,150,865.0,129750.0
2021040404037523,UPPER,58,32,40,865.0,34600.0
2021040404037522,UPPER,58,54,180,865.0,155700.0
2021040404037614,UPPER,57,58,67,864.0,57888.0
2021040404037599,UPPER,58,34,40,865.0,34600.0
2021040404037573,UPPER,6,34,245,865.0,211925.0
2021040404037572,UPPER,6,32,255,865.0,220575.0
2021040404037548,UPPER,57,45,433,864.0,374112.0
2021040404037547,UPPER,38,45,67,864.0,57888.0
2021040404037104,AHPC,8,16,80,273.0,21840.0
2021040404037103,AHPC,8,38,20,273.0,5460.0
2021040404037087,AHPC,32,38,80,273.0,21840.0
2021040404037086,AHPC,32,32,80,273.0,21840.0
2021040404037047,AHPC,20,32,100,273.0,27300.0
2021040404037039,AHPC,58,32,120,273.0,32760.0
2021040404036778,AHPC,21,28,20,273.0,5460.0
2021040404036721,AHPC,32,28,35,273.0,9555.0
2021040404036906,AHPC,58,28,150,272.0,40800.0
2021040404036905,AHPC,47,28,20,272.0,5440.0
2021040404036876,AHPC,58,32,20,273.0,5460.0
2021040404036875,AHPC,58,28,380,273.0,103740.0
2021040404036861,AHPC,1,28,20,273.0,5460.0
2021040404036780,AHPC,58,28,50,273.0,13650.0
2021040404037038,AHPC,58,6,80,273.0,21840.0
2021040404037022,AHPC,3,6,100,273.0,27300.0
2021040404036966,AHPC,25,6,20,273.0,5460.0
2021040404036965,AHPC,25,32,280,273.0,76440.0
2021040404036909,AHPC,17,13,13,272.0,3536.0
2021040404036907,AHPC,41,28,50,272.0,13600.0
2021040404037134,AIL,34,34,10,994.0,9940.0
2021040404037098,AIL,34,17,10,994.0,9940.0
2021040404037074,AIL,22,34,40,995.0,39800.0
2021040404037063,AIL,34,54,10,994.0,9940.0
2021040404036975,AIL,34,58,10,994.0,9940.0
2021040404036874,AIL,41,58,40,994.0,39760.0
2021040404036782,AIL,38,41,20,994.0,19880.0
2021040404036781,AIL,38,44,183,994.0,181902.0
2021040404036775,AIL,35,29,50,993.0,49650.0
2021040404036715,AIL,35,6,25,993.0,24825.0
2021040404036694,AIL,35,44,700,994.0,695800.0
2021040404036676,AIL,58,44,10,994.0,9940.0
2021040404036828,AIL,55,48,10,994.0,9940.0
2021040404036800,AIL,26,34,25,995.0,24875.0
2021040404036792,AIL,55,59,40,994.0,39760.0
2021040404036785,AIL,36,59,60,994.0,59640.0
2021040404036784,AIL,36,55,50,994.0,49700.0
2021040404036783,AIL,38,34,97,994.0,96418.0
2021040404037108,AKJCL,55,44,10,152.0,1520.0
2021040404036836,AKJCL,55,20,20,152.0,3040.0
2021040404037137,AKPL,16,6,25,334.0,8350.0
2021040404037081,AKPL,50,20,49,334.0,16366.0
2021040404037079,AKPL,21,48,100,335.0,33500.0
2021040404037042,AKPL,21,48,458,335.0,153430.0
2021040404037041,AKPL,21,32,200,335.0,67000.0
2021040404037040,AKPL,21,50,342,335.0,114570.0
2021040404036992,AKPL,28,50,20,335.0,6700.0
2021040404036957,AKPL,36,50,500,335.0,167500.0
2021040404036954,AKPL,21,50,500,335.0,167500.0
2021040404036767,AKPL,50,50,351,334.0,117234.0
2021040404036766,AKPL,29,50,699,334.0,233466.0
2021040404036765,AKPL,37,50,"1,950",334.0,651300.0
2021040404037059,API,3,20,12,331.0,3972.0
2021040404037058,API,25,20,78,331.0,25818.0
2021040404037026,API,41,38,50,332.0,16600.0
2021040404036988,API,57,38,10,332.0,3320.0
2021040404036949,API,25,34,50,331.0,16550.0
2021040404036819,API,25,29,222,331.0,73482.0
2021040404036713,API,44,29,300,332.0,99600.0
2021040404036692,API,16,6,500,333.0,166500.0
2021040404036659,API,44,34,300,332.0,99600.0
2021040404036812,API,44,29,200,332.0,66400.0
2021040404036811,API,33,29,500,332.0,166000.0
2021040404036810,API,44,29,603,332.0,200196.0
2021040404036798,API,44,26,17,332.0,5644.0
2021040404036758,API,44,32,100,332.0,33200.0
2021040404036714,API,1,6,10,333.0,3330.0
2021040404036818,API,26,29,100,331.0,33100.0
2021040404036817,API,41,29,"1,000",331.0,331000.0
2021040404036816,API,41,29,"1,000",331.0,331000.0
2021040404036815,API,57,29,10,331.0,3310.0
2021040404036814,API,18,29,865,331.0,286315.0
2021040404036813,API,52,29,500,332.0,166000.0
2021040404037052,BARUN,28,50,69,245.0,16905.0
2021040404037051,BARUN,13,50,431,245.0,105595.0
2021040404037028,BARUN,13,36,"1,310",246.0,322260.0
2021040404036959,BARUN,5,36,390,246.0,95940.0
2021040404036863,BARUN,25,11,20,247.0,4940.0
2021040404036862,BARUN,25,13,80,247.0,19760.0
2021040404036777,BARUN,5,36,100,246.0,24600.0
2021040404036695,BARUN,5,7,10,246.0,2460.0
2021040404036864,BPCL,51,20,36,410.0,14760.0
2021040404036824,BPCL,51,26,13,410.0,5330.0
2021040404036799,BPCL,51,43,13,410.0,5330.0
2021040404036761,BPCL,51,8,13,410.0,5330.0
2021040404036690,BPCL,51,8,13,410.0,5330.0
2021040404037147,CGH,52,1,60,2000.0,120000.0
2021040404037146,CGH,52,38,10,2000.0,20000.0
2021040404037145,CGH,52,57,10,2000.0,20000.0
2021040404037144,CGH,52,37,10,2000.0,20000.0
2021040404037143,CGH,52,58,10,2000.0,20000.0
2021040404037142,CGH,52,49,10,2000.0,20000.0
2021040404036725,CGH,51,58,10,1994.0,19940.0
2021040404036716,CGH,51,51,10,1994.0,19940.0
2021040404036709,CGH,51,57,10,1994.0,19940.0
2021040404036673,CGH,48,58,10,1993.0,19930.0
2021040404036650,CGH,48,58,10,1993.0,19930.0
2021040404036879,CGH,35,33,10,1993.0,19930.0
2021040404036878,CGH,48,33,20,1993.0,39860.0
2021040404036866,CGH,48,57,10,1993.0,19930.0
2021040404036856,CGH,43,36,10,1994.0,19940.0
2021040404036854,CGH,51,52,10,1994.0,19940.0
2021040404036779,CGH,51,21,10,1994.0,19940.0
2021040404037060,CGH,53,48,10,1994.0,19940.0
2021040404037046,CGH,53,58,10,1994.0,19940.0
2021040404036956,CGH,53,44,20,1994.0,39880.0
2021040404036953,CGH,53,41,10,1994.0,19940.0
2021040404036942,CGH,53,22,10,1994.0,19940.0
2021040404036882,CGH,53,35,10,1994.0,19940.0
2021040404037141,CGH,52,44,40,2000.0,80000.0
2021040404037140,CGH,52,6,10,2000.0,20000.0
2021040404037139,CGH,52,32,10,1998.0,19980.0
2021040404037138,CGH,52,57,10,1998.0,19980.0
2021040404037120,CGH,8,35,160,1995.0,319200.0
2021040404037097,CGH,53,36,10,1994.0,19940.0
2021040404037032,CHCL,36,3,450,615.0,276750.0
2021040404037031,CHCL,6,3,150,615.0,92250.0
2021040404036941,CHCL,6,1,184,615.0,113160.0
2021040404036760,CHCL,6,17,166,615.0,102090.0
2021040404036759,CHCL,36,17,500,615.0,307500.0
2021040404036688,CHCL,41,25,100,615.0,61500.0
2021040404036687,CHCL,58,25,100,615.0,61500.0
2021040404036686,CHCL,48,25,100,615.0,61500.0
2021040404036685,CHCL,33,25,300,615.0,184500.0
2021040404036684,CHCL,33,25,392,615.0,241080.0
2021040404037077,CHL,39,41,33,210.0,6930.0
2021040404036958,DHPL,1,52,100,117.0,11700.0
2021040404037105,EIC,6,34,20,794.0,15880.0
2021040404037096,EIC,6,50,500,794.0,397000.0
2021040404037095,EIC,6,57,50,794.0,39700.0
2021040404037094,EIC,6,33,100,794.0,79400.0
2021040404037093,EIC,6,29,266,794.0,211204.0
2021040404037089,EIC,17,29,90,794.0,71460.0
2021040404036697,EIC,49,58,613,790.0,484270.0
2021040404036696,EIC,52,58,200,791.0,158200.0
2021040404036682,EIC,55,26,21,792.0,16632.0
2021040404036657,EIC,52,29,100,794.0,79400.0
2021040404037088,EIC,17,29,10,793.0,7930.0
2021040404036962,EIC,48,29,60,794.0,47640.0
2021040404036704,EIC,32,26,29,791.0,22939.0
2021040404036700,EIC,47,58,37,790.0,29230.0
2021040404036699,EIC,57,58,50,790.0,39500.0
2021040404036698,EIC,29,58,200,790.0,158000.0
2021040404037036,GHL,13,20,30,162.0,4860.0
2021040404036904,GHL,13,26,30,162.0,4860.0
2021040404036823,GHL,54,50,30,164.0,4920.0
2021040404036788,GHL,17,50,50,164.0,8200.0
2021040404036918,GIC,4,59,10,793.0,7930.0
2021040404036869,GIC,4,14,10,793.0,7930.0
2021040404036822,GIC,4,36,10,793.0,7930.0
2021040404037099,GLH,35,44,10,378.0,3780.0
2021040404037090,GLH,36,44,10,377.0,3770.0
2021040404037085,GLH,36,32,10,377.0,3770.0
2021040404037080,GLH,36,21,10,377.0,3770.0
2021040404037033,GLH,36,22,10,377.0,3770.0
2021040404036969,GLH,36,44,10,377.0,3770.0
2021040404036895,GLH,36,35,10,377.0,3770.0
2021040404036821,GLH,25,44,10,378.0,3780.0
2021040404036787,GLH,25,57,10,378.0,3780.0
2021040404036776,GLH,25,35,10,378.0,3780.0
2021040404036689,GLH,25,35,10,378.0,3780.0
2021040404037071,HDHPC,58,20,50,135.0,6750.0
2021040404036652,HDHPC,10,28,300,136.0,40800.0
2021040404037116,HGI,48,48,50,745.0,37250.0
2021040404037115,HGI,52,48,12,745.0,8940.0
2021040404036913,HGI,52,52,28,745.0,20860.0
2021040404036912,HGI,44,52,"1,472",746.0,1098112.0
2021040404036871,HGI,44,48,350,746.0,261100.0
2021040404036825,HGI,44,35,178,745.0,132610.0
2021040404036712,HGI,26,35,300,745.0,223500.0
2021040404036711,HGI,13,35,500,745.0,372500.0
2021040404036710,HGI,51,35,100,746.0,74600.0
2021040404037118,HPPL,1,20,10,395.0,3950.0
2021040404036950,HPPL,1,26,10,395.0,3950.0
2021040404036952,HURJA,58,34,235,336.0,78960.0
2021040404036951,HURJA,37,34,265,336.0,89040.0
2021040404037117,JOSHI,51,26,10,128.0,1280.0
2021040404036929,KKHC,50,41,110,123.0,13530.0
2021040404037037,KPCL,57,21,10,289.0,2890.0
2021040404037043,LEC,16,44,10,296.0,2960.0
2021040404036868,LEC,16,57,110,296.0,32560.0
2021040404036867,LEC,45,57,10,296.0,2960.0
2021040404036755,LEC,48,45,200,297.0,59400.0
2021040404036674,LEMF,47,28,100,11.03,1103.0
2021040404037091,LGIL,36,6,29,882.0,25578.0
2021040404037010,LGIL,34,7,25,883.0,22075.0
2021040404037009,LGIL,34,8,20,883.0,17660.0
2021040404037008,LGIL,34,32,25,882.0,22050.0
2021040404036974,LGIL,59,41,178,881.0,156818.0
2021040404036973,LGIL,26,41,212,881.0,186772.0
2021040404036726,LGIL,16,44,961,879.0,844719.0
2021040404036675,LGIL,38,16,500,878.0,439000.0
2021040404036649,LGIL,29,44,79,879.0,69441.0
2021040404036648,LGIL,29,51,500,879.0,439500.0
2021040404036732,LGIL,16,44,200,880.0,176000.0
2021040404036731,LGIL,16,35,259,880.0,227920.0
2021040404036730,LGIL,16,17,100,880.0,88000.0
2021040404036729,LGIL,16,48,82,880.0,72160.0
2021040404036728,LGIL,16,57,100,879.0,87900.0
2021040404036727,LGIL,16,22,200,879.0,175800.0
