Transact. No.,Symbol,Buyer,Seller,Quantity,Rate,Amount
2021040804026516,AHPC,33,53,100,264.0,26400.0
2021040804026455,AHPC,28,59,16,265.0,4240.0
2021040804026627,AIL,19,39,35,845.0,29575.0
2021040804026626,AIL,26,39,15,845.0,12675.0
2021040804026600,AIL,26,59,35,845.0,29575.0
2021040804026599,AIL,49,59,65,845.0,54925.0
2021040804026523,AIL,57,43,10,846.0,8460.0
2021040804026522,AIL,57,14,80,846.0,67680.0
2021040804026365,AIL,14,1,110,846.0,93060.0
2021040804026330,AIL,17,52,10,845.0,8450.0
2021040804026319,AIL,34,1,20,846.0,16920.0
2021040804026521,AIL,57,1,110,846.0,93060.0
2021040804026477,AIL,41,1,30,846.0,25380.0
2021040804026458,AIL,49,4,10,845.0,8450.0
2021040804026457,AIL,14,4,10,845.0,8450.0
2021040804026456,AIL,17,4,30,845.0,25350.0
2021040804026377,AIL,34,38,200,846.0,169200.0
2021040804026676,AKPL,36,4,35,330.0,11550.0
2021040804026666,AKPL,36,32,455,330.0,150150.0
2021040804026665,AKPL,36,32,545,330.0,179850.0
2021040804026590,AKPL,59,32,500,331.0,165500.0
2021040804026441,AKPL,17,32,50,331.0,16550.0
2021040804026381,AKPL,57,32,100,331.0,33100.0
2021040804026598,API,46,32,881,329.0,289849.0
2021040804026567,API,25,32,100,329.0,32900.0
2021040804026506,API,57,32,200,329.0,65800.0
2021040804026475,API,26,32,100,329.0,32900.0
2021040804026474,API,56,32,500,329.0,164500.0
2021040804026473,API,38,32,78,329.0,25662.0
2021040804026401,API,38,57,72,329.0,23688.0
2021040804026400,API,55,57,928,329.0,305312.0
2021040804026623,BARUN,5,54,50,245.0,12250.0
2021040804026611,BPCL,37,59,172,422.0,72584.0
2021040804026610,BPCL,37,53,28,422.0,11816.0
2021040804026569,BPCL,29,53,200,422.0,84400.0
2021040804026341,BPCL,58,53,50,422.0,21100.0
2021040804026340,BPCL,7,53,50,422.0,21100.0
2021040804026339,BPCL,51,53,274,422.0,115628.0
2021040804026306,BPCL,49,49,"26,620",420.0,11180400.0
2021040804026407,BPCL,51,53,100,422.0,42200.0
2021040804026345,BPCL,21,53,50,422.0,21100.0
2021040804026344,BPCL,45,53,"1,000",422.0,422000.0
2021040804026343,BPCL,56,53,100,422.0,42200.0
2021040804026342,BPCL,53,53,148,422.0,62456.0
2021040804026679,CGH,21,38,55,2625.0,144375.0
2021040804026678,CGH,40,38,10,2630.0,26300.0
2021040804026671,CGH,40,38,10,2630.0,26300.0
2021040804026608,CGH,20,20,50,2643.0,132150.0
2021040804026607,CGH,20,21,10,2641.0,26410.0
2021040804026606,CGH,20,32,20,2641.0,52820.0
2021040804026309,CGH,58,26,45,2639.0,118755.0
2021040804026283,CGH,14,32,20,2641.0,52820.0
2021040804026519,CGH,4,3,19,2640.0,50160.0
2021040804026518,CGH,4,41,10,2640.0,26400.0
2021040804026484,CGH,6,53,60,2630.0,157800.0
2021040804026483,CGH,53,53,30,2631.0,78930.0
2021040804026318,CGH,41,32,10,2641.0,26410.0
2021040804026310,CGH,36,26,40,2630.0,105200.0
2021040804026605,CGH,20,3,31,2640.0,81840.0
2021040804026604,CGH,20,56,85,2630.0,223550.0
2021040804026603,CGH,51,56,10,2630.0,26300.0
2021040804026577,CGH,17,56,45,2630.0,118350.0
2021040804026563,CGH,17,56,20,2630.0,52600.0
2021040804026562,CGH,6,56,40,2630.0,105200.0
2021040804026622,CHCL,40,21,10,670.0,6700.0
2021040804026578,CHCL,6,21,100,670.0,67000.0
2021040804026560,CHCL,17,36,115,666.0,76590.0
2021040804026559,CHCL,45,36,200,666.0,133200.0
2021040804026558,CHCL,36,36,85,666.0,56610.0
2021040804026504,CHCL,36,56,10,666.0,6660.0
2021040804026429,CHCL,25,33,100,669.0,66900.0
2021040804026428,CHCL,25,5,400,668.0,267200.0
2021040804026427,CHCL,25,45,280,668.0,187040.0
2021040804026426,CHCL,25,17,128,667.0,85376.0
2021040804026413,CHCL,6,17,100,667.0,66700.0
2021040804026282,CHCL,36,46,100,666.0,66600.0
2021040804026482,CHCL,36,58,175,666.0,116550.0
2021040804026481,CHCL,1,58,25,667.0,16675.0
2021040804026433,CHCL,25,21,130,670.0,87100.0
2021040804026432,CHCL,25,49,50,669.0,33450.0
2021040804026431,CHCL,25,45,248,669.0,165912.0
2021040804026430,CHCL,25,42,14,669.0,9366.0
2021040804026323,CHL,49,4,"1,688",223.0,376424.0
2021040804026564,CMF1,49,49,"500,000",10.55,5275000.0
2021040804026673,DHPL,52,58,60,126.0,7560.0
2021040804026672,DHPL,52,53,162,126.0,20412.0
2021040804026436,DHPL,1,53,348,126.0,43848.0
2021040804026435,DHPL,1,34,550,126.0,69300.0
2021040804026443,EIC,49,48,50,769.0,38450.0
2021040804026290,EIC,34,48,190,769.0,146110.0
2021040804026289,EIC,34,57,10,769.0,7690.0
2021040804026470,GHL,40,45,112,164.0,18368.0
2021040804026469,GHL,40,38,238,163.0,38794.0
2021040804026651,GIC,53,52,10,733.0,7330.0
2021040804026362,GIC,53,57,180,734.0,132120.0
2021040804026361,GIC,53,36,10,734.0,7340.0
2021040804026360,GIC,53,25,50,734.0,36700.0
2021040804026359,GIC,53,51,30,734.0,22020.0
2021040804026358,GIC,53,57,230,734.0,168820.0
2021040804026539,GIC,53,52,10,733.0,7330.0
2021040804026505,GIC,57,57,10,734.0,7340.0
2021040804026647,GLH,4,57,10,410.0,4100.0
2021040804026645,GLH,4,34,10,410.0,4100.0
2021040804026531,GLH,4,6,10,410.0,4100.0
2021040804026488,GLH,4,36,10,410.0,4100.0
2021040804026465,GLH,4,6,50,410.0,20500.0
2021040804026444,GLH,4,49,10,410.0,4100.0
2021040804026415,GLH,4,33,10,410.0,4100.0
2021040804026347,GLH,4,58,10,410.0,4100.0
2021040804026646,HDHPC,34,41,"1,000",152.0,152000.0
2021040804026621,HDHPC,56,33,250,152.0,38000.0
2021040804026620,HDHPC,56,22,10,152.0,1520.0
2021040804026619,HDHPC,56,14,100,152.0,15200.0
2021040804026618,HDHPC,56,49,140,152.0,21280.0
2021040804026515,HDHPC,33,49,90,152.0,13680.0
2021040804026449,HDHPC,58,7,25,151.0,3775.0
2021040804026448,HDHPC,36,7,785,151.0,118535.0
2021040804026394,HDHPC,36,36,250,151.0,37750.0
2021040804026364,HDHPC,36,55,20,151.0,3020.0
2021040804026514,HDHPC,33,22,10,152.0,1520.0
2021040804026507,HDHPC,18,7,"1,250",151.0,188750.0
2021040804026453,HDHPC,18,7,610,151.0,92110.0
2021040804026452,HDHPC,13,7,20,151.0,3020.0
2021040804026451,HDHPC,59,7,500,151.0,75500.0
2021040804026450,HDHPC,22,7,60,151.0,9060.0
2021040804026663,HGI,6,37,10,783.0,7830.0
2021040804026480,HGI,21,37,231,783.0,180873.0
2021040804026412,HGI,21,38,77,782.0,60214.0
2021040804026397,HGI,25,38,50,782.0,39100.0
2021040804026280,HGI,26,38,339,782.0,265098.0
2021040804026279,HGI,26,38,185,783.0,144855.0
2021040804026337,IGI,36,29,380,1244.0,472720.0
2021040804026336,IGI,36,59,100,1243.0,124300.0
2021040804026335,IGI,36,53,220,1238.0,272360.0
2021040804026571,IGI,29,22,100,1244.0,124400.0
2021040804026570,IGI,29,29,180,1244.0,223920.0
2021040804026581,IGI,36,34,100,1245.0,124500.0
2021040804026580,IGI,36,17,11,1245.0,13695.0
2021040804026579,IGI,36,45,951,1245.0,1183995.0
2021040804026574,IGI,29,45,49,1245.0,61005.0
2021040804026573,IGI,29,39,125,1245.0,155625.0
2021040804026572,IGI,29,35,46,1245.0,57270.0
2021040804026582,IGI,36,51,10,1245.0,12450.0
2021040805000098,JLI,55,55,10,426.0,4260.0
2021040805000097,JLI,55,55,10,426.0,4260.0
2021040805000096,JLI,55,55,10,426.0,4260.0
2021040805000091,JLI,55,47,10,426.0,4260.0
2021040805000084,JLI,55,45,10,426.0,4260.0
2021040805000058,JLI,55,42,10,426.0,4260.0
2021040805000003,JLI,42,58,10,398.0,3980.0
2021040805000002,JLI,42,21,10,398.0,3980.0
2021040805000009,JLI,41,58,10,388.0,3880.0
2021040805000008,JLI,49,4,10,398.0,3980.0
2021040805000007,JLI,49,4,10,398.0,3980.0
2021040805000006,JLI,42,49,10,398.0,3980.0
2021040805000005,JLI,42,49,10,398.0,3980.0
2021040805000004,JLI,42,52,10,398.0,3980.0
2021040805000018,JLI,17,17,8,382.0,3056.0
2021040805000016,JLI,17,17,2,384.0,768.0
2021040805000014,JLI,17,17,8,382.0,3056.0
2021040805000013,JLI,17,17,1,383.0,383.0
2021040805000012,JLI,17,17,1,387.0,387.0
2021040805000010,JLI,41,38,10,388.0,3880.0
2021040805000038,JLI,17,17,1,403.0,403.0
2021040805000034,JLI,14,17,10,407.0,4070.0
2021040805000029,JLI,38,17,1,387.0,387.0
2021040805000026,JLI,33,17,1,382.0,382.0
2021040805000023,JLI,17,17,9,382.0,3438.0
2021040805000020,JLI,17,17,1,383.0,383.0
2021040805000052,JLI,35,14,10,423.0,4230.0
2021040805000047,JLI,45,57,3,415.0,1245.0
2021040805000046,JLI,13,14,10,415.0,4150.0
2021040805000042,JLI,52,57,7,407.0,2849.0
2021040805000041,JLI,17,17,1,411.0,411.0
2021040805000039,JLI,17,17,6,404.0,2424.0
2021040804026616,JOSHI,57,14,100,138.0,13800.0
2021040804026615,JOSHI,34,14,10,138.0,1380.0
2021040804026614,JOSHI,13,14,40,138.0,5520.0
2021040804026613,JOSHI,14,14,100,138.0,13800.0
2021040804026612,JOSHI,29,14,465,138.0,64170.0
2021040804026332,JOSHI,34,57,10,139.0,1390.0
2021040804026533,LGIL,53,56,50,825.0,41250.0
2021040804026411,LGIL,14,46,91,824.0,74984.0
2021040804026376,LGIL,58,46,70,824.0,57680.0
2021040804026372,LGIL,1,46,39,824.0,32136.0
2021040804026371,LGIL,1,11,161,824.0,132664.0
2021040804026278,LGIL,53,49,50,823.0,41150.0
2021040804026384,NBF2,54,34,645,11.42,7365.9
2021040804026383,NBF2,54,46,"5,855",11.41,66805.55
2021040804026382,NBF2,54,45,500,11.4,5700.0
2021040804026551,NHPC,49,57,"1,320",172.0,227040.0
2021040804026550,NHPC,5,57,200,172.0,34400.0
2021040804026549,NHPC,39,57,"1,000",172.0,172000.0
2021040804026548,NHPC,11,57,500,172.0,86000.0
2021040804026547,NHPC,49,57,70,172.0,12040.0
2021040804026546,NHPC,41,57,100,172.0,17200.0
2021040804026351,NHPC,34,28,200,172.0,34400.0
2021040804026334,NHPC,56,33,100,173.0,17300.0
2021040804026317,NHPC,57,33,"2,000",173.0,346000.0
2021040804026530,NHPC,21,50,138,173.0,23874.0
2021040804026529,NHPC,21,22,10,173.0,1730.0
2021040804026528,NHPC,21,33,252,173.0,43596.0
2021040804026508,NHPC,52,33,"1,000",173.0,173000.0
2021040804026353,NHPC,22,28,740,172.0,127280.0
2021040804026352,NHPC,3,28,60,172.0,10320.0
2021040804026545,NHPC,56,57,810,172.0,139320.0
2021040804026538,NHPC,56,40,190,172.0,32680.0
2021040804026537,NHPC,32,40,50,172.0,8600.0
2021040804026536,NHPC,56,40,"1,000",172.0,172000.0
2021040804026535,NHPC,22,40,260,172.0,44720.0
2021040804026534,NHPC,50,50,100,173.0,17300.0
2021040804026642,NICL,11,28,10,814.0,8140.0
2021040804026641,NICL,36,28,100,814.0,81400.0
2021040804026640,NICL,6,28,450,814.0,366300.0
2021040804026639,NICL,35,28,100,814.0,81400.0
2021040804026638,NICL,45,28,20,814.0,16280.0
2021040804026637,NICL,50,28,20,814.0,16280.0
2021040804026636,NICL,53,28,300,815.0,244500.0
2021040805000095,NICLBSL,10,42,20,1405.0,28100.0
2021040805000094,NICLBSL,10,58,10,1405.0,14050.0
2021040805000093,NICLBSL,10,58,10,1405.0,14050.0
2021040805000092,NICLBSL,10,13,10,1405.0,14050.0
2021040805000090,NICLBSL,10,41,10,1405.0,14050.0
2021040805000089,NICLBSL,10,33,10,1405.0,14050.0
2021040805000021,NICLBSL,10,16,10,1405.0,14050.0
2021040805000019,NICLBSL,10,6,10,1405.0,14050.0
2021040805000017,NICLBSL,25,49,10,1394.0,13940.0
2021040805000015,NICLBSL,47,55,10,1367.0,13670.0
2021040805000011,NICLBSL,45,1,10,1341.0,13410.0
2021040805000001,NICLBSL,49,45,10,1297.0,12970.0
2021040805000030,NICLBSL,10,7,20,1405.0,28100.0
2021040805000028,NICLBSL,10,55,10,1405.0,14050.0
2021040805000027,NICLBSL,10,49,10,1405.0,14050.0
2021040805000025,NICLBSL,10,45,10,1405.0,14050.0
2021040805000024,NICLBSL,10,5,10,1405.0,14050.0
2021040805000022,NICLBSL,10,33,10,1405.0,14050.0
2021040805000037,NICLBSL,10,6,10,1405.0,14050.0
2021040805000036,NICLBSL,10,48,10,1405.0,14050.0
2021040805000035,NICLBSL,10,6,10,1405.0,14050.0
2021040805000033,NICLBSL,10,42,10,1405.0,14050.0
2021040805000032,NICLBSL,10,17,10,1405.0,14050.0
2021040805000031,NICLBSL,10,51,10,1405.0,14050.0
2021040805000049,NICLBSL,10,10,10,1405.0,14050.0
2021040805000048,NICLBSL,10,49,20,1405.0,28100.0
2021040805000045,NICLBSL,10,7,31,1405.0,43555.0
2021040805000044,NICLBSL,10,26,10,1405.0,14050.0
2021040805000043,NICLBSL,10,41,10,1405.0,14050.0
2021040805000040,NICLBSL,10,49,10,1405.0,14050.0
2021040805000056,NICLBSL,38,58,8,1405.0,11240.0
2021040805000055,NICLBSL,10,10,10,1405.0,14050.0
2021040805000054,NICLBSL,10,50,10,1405.0,14050.0
2021040805000053,NICLBSL,10,3,22,1405.0,30910.0
2021040805000051,NICLBSL,10,10,10,1405.0,14050.0
2021040805000050,NICLBSL,10,55,10,1405.0,14050.0
2021040805000063,NICLBSL,10,58,10,1405.0,14050.0
2021040805000062,NICLBSL,10,49,10,1405.0,14050.0
2021040805000061,NICLBSL,10,19,10,1405.0,14050.0
2021040805000060,NICLBSL,10,47,10,1405.0,14050.0
2021040805000059,NICLBSL,10,51,10,1405.0,14050.0
2021040805000057,NICLBSL,10,16,10,1405.0,14050.0
2021040805000069,NICLBSL,10,34,10,1405.0,14050.0
2021040805000068,NICLBSL,10,6,10,1405.0,14050.0
2021040805000067,NICLBSL,10,22,10,1405.0,14050.0
2021040805000066,NICLBSL,10,11,10,1405.0,14050.0
2021040805000065,NICLBSL,10,11,10,1405.0,14050.0
2021040805000064,NICLBSL,10,58,10,1405.0,14050.0
2021040805000075,NICLBSL,10,7,10,1405.0,14050.0
2021040805000074,NICLBSL,10,26,10,1405.0,14050.0
2021040805000073,NICLBSL,10,35,10,1405.0,14050.0
2021040805000072,NICLBSL,10,59,10,1405.0,14050.0
2021040805000071,NICLBSL,10,42,10,1405.0,14050.0
2021040805000070,NICLBSL,10,55,10,1405.0,14050.0
2021040805000081,NICLBSL,10,1,20,1405.0,28100.0
2021040805000080,NICLBSL,10,22,10,1405.0,14050.0
2021040805000079,NICLBSL,10,34,10,1405.0,14050.0
2021040805000078,NICLBSL,10,44,10,1405.0,14050.0
2021040805000077,NICLBSL,10,38,10,1405.0,14050.0
2021040805000076,NICLBSL,10,46,10,1405.0,14050.0
2021040805000088,NICLBSL,10,51,10,1405.0,14050.0
2021040805000087,NICLBSL,10,35,10,1405.0,14050.0
2021040805000086,NICLBSL,10,39,10,1405.0,14050.0
2021040805000085,NICLBSL,10,39,10,1405.0,14050.0
2021040805000083,NICLBSL,10,38,10,1405.0,14050.0
2021040805000082,NICLBSL,10,34,10,1405.0,14050.0
2021040804026674,NIL,17,52,50,1664.0,83200.0
2021040804026643,NIL,34,52,50,1664.0,83200.0
2021040804026566,NIL,37,52,31,1667.0,51677.0
2021040804026557,NIL,37,3,150,1667.0,250050.0
2021040804026527,NIL,28,21,355,1669.0,592495.0
2021040804026423,NIL,37,8,166,1667.0,276722.0
2021040804026357,NIL,37,41,50,1667.0,83350.0
2021040804026316,NIL,37,55,193,1667.0,321731.0
2021040804026315,NIL,37,41,385,1667.0,641795.0
2021040804026314,NIL,37,43,25,1660.0,41500.0
2021040804026292,NIL,47,43,75,1660.0,124500.0
2021040804026291,NIL,47,57,25,1660.0,41500.0
2021040804026644,NLG,34,44,20,1140.0,22800.0
2021040804026552,NLG,57,44,200,1140.0,228000.0
2021040804026445,NLG,57,44,100,1140.0,114000.0
2021040804026288,NLG,17,44,50,1140.0,57000.0
2021040804026281,NLG,46,44,40,1140.0,45600.0
2021040804026346,NLG,40,44,200,1140.0,228000.0
2021040804026654,PIC,49,33,80,1300.0,104000.0
2021040804026653,PIC,4,33,100,1303.0,130300.0
2021040804026625,PIC,45,33,50,1305.0,65250.0
2021040804026591,PIC,4,56,200,1303.0,260600.0
2021040804026478,PIC,49,45,20,1300.0,26000.0
2021040804026652,PICL,39,34,115,878.0,100970.0
2021040804026595,PICL,16,34,35,878.0,30730.0
2021040804026575,PICL,58,28,500,878.0,439000.0
2021040804026493,PICL,16,39,15,878.0,13170.0
2021040804026492,PICL,50,39,30,878.0,26340.0
2021040804026410,PICL,22,34,10,879.0,8790.0
2021040804026329,PICL,41,19,300,880.0,264000.0
2021040804026307,PICL,50,1,20,878.0,17560.0
2021040804026568,PMHPL,29,52,10,191.0,1910.0
2021040804026496,PPCL,38,53,50,314.0,15700.0
2021040804026424,PPCL,49,53,16,316.0,5056.0
2021040804026422,PPCL,49,43,100,316.0,31600.0
2021040804026421,PPCL,49,22,100,316.0,31600.0
2021040804026420,PPCL,49,34,20,316.0,6320.0
2021040804026419,PPCL,49,43,100,316.0,31600.0
2021040804026418,PPCL,49,13,50,315.0,15750.0
2021040804026417,PPCL,49,54,14,315.0,4410.0
2021040804026402,PPCL,51,14,10,310.0,3100.0
2021040804026393,PRIN,59,53,100,959.0,95900.0
2021040804026380,PRIN,47,53,10,959.0,9590.0
2021040804026304,PRIN,41,53,10,959.0,9590.0
2021040804026502,RADHI,55,58,34,470.0,15980.0
2021040804026487,RADHI,51,58,200,470.0,94000.0
2021040804026486,RADHI,51,46,220,470.0,103400.0
2021040804026485,RADHI,51,57,80,470.0,37600.0
2021040804026328,RADHI,51,57,20,470.0,9400.0
2021040804026327,RADHI,51,58,200,470.0,94000.0
2021040804026326,RADHI,51,16,170,470.0,79900.0
2021040804026325,RADHI,51,52,35,470.0,16450.0
2021040804026324,RADHI,51,58,75,470.0,35250.0
2021040804026440,RHPC,39,58,393,211.0,82923.0
2021040804026439,RHPC,59,58,607,211.0,128077.0
2021040804026379,RHPC,56,43,50,213.0,10650.0
2021040804026378,RHPC,56,55,50,213.0,10650.0
2021040804026669,RHPL,47,38,30,506.0,15180.0
2021040804026668,RHPL,22,38,70,506.0,35420.0
2021040804026602,RHPL,22,57,50,506.0,25300.0
2021040804026601,RHPL,22,48,80,506.0,40480.0
2021040804026544,RHPL,53,10,60,505.0,30300.0
2021040804026543,RHPL,37,10,30,505.0,15150.0
2021040804026302,RHPL,35,21,100,504.0,50400.0
2021040804026295,RHPL,50,53,100,505.0,50500.0
2021040804026460,RHPL,43,34,105,506.0,53130.0
2021040804026425,RHPL,59,53,15,505.0,7575.0
2021040804026416,RHPL,20,53,200,505.0,101000.0
2021040804026385,RHPL,53,53,25,505.0,12625.0
2021040804026355,RHPL,6,53,50,505.0,25250.0
2021040804026303,RHPL,49,21,100,504.0,50400.0
2021040804026542,RHPL,57,10,90,505.0,45450.0
2021040804026541,RHPL,41,10,550,505.0,277750.0
2021040804026540,RHPL,59,10,265,505.0,133825.0
2021040804026520,RHPL,59,57,20,505.0,10100.0
2021040804026462,RHPL,43,40,70,506.0,35420.0
2021040804026461,RHPL,43,19,20,506.0,10120.0
2021040804026387,RRHP,17,36,50,378.0,18900.0
2021040804026624,SGI,38,52,10,790.0,7900.0
2021040804026589,SGI,38,32,10,790.0,7900.0
2021040804026588,SGI,38,6,50,790.0,39500.0
2021040804026587,SGI,38,34,70,790.0,55300.0
2021040804026586,SGI,38,35,300,790.0,237000.0
2021040804026585,SGI,38,36,10,789.0,7890.0
2021040804026565,SGI,14,5,50,789.0,39450.0
2021040804026561,SGI,57,5,50,789.0,39450.0
2021040804026554,SGI,38,34,90,790.0,71100.0
2021040804026553,SGI,38,6,10,789.0,7890.0
2021040804026287,SGI,38,29,100,789.0,78900.0
2021040804026392,SHL,28,6,600,200.0,120000.0
2021040804026391,SHL,45,6,100,200.0,20000.0
2021040804026390,SHL,45,6,100,200.0,20000.0
2021040804026389,SHL,8,6,100,200.0,20000.0
2021040804026388,SHL,54,6,400,200.0,80000.0
2021040804026398,SHPC,3,49,500,371.0,185500.0
2021040804026363,SHPC,3,39,734,371.0,272314.0
2021040804026356,SHPC,49,45,980,372.0,364560.0
2021040804026556,SIC,6,26,29,1702.0,49358.0
2021040804026555,SIC,49,26,71,1702.0,120842.0
2021040804026501,SIC,49,32,29,1702.0,49358.0
2021040804026500,SIC,49,32,30,1702.0,51060.0
2021040804026499,SIC,49,32,75,1702.0,127650.0
2021040804026498,SIC,13,32,116,1702.0,197432.0
2021040804026497,SIC,19,32,50,1702.0,85100.0
2021040804026349,SIC,55,32,50,1703.0,85150.0
2021040804026286,SIC,38,32,40,1703.0,68120.0
2021040804026285,SIC,38,32,50,1703.0,85150.0
2021040804026284,SIC,52,32,20,1703.0,34060.0
2021040804026526,SICL,3,16,29,1933.0,56057.0
2021040804026525,SICL,36,16,34,1933.0,65722.0
2021040804026512,SICL,36,25,66,1933.0,127578.0
2021040804026511,SICL,7,25,40,1933.0,77320.0
2021040804026510,SICL,58,25,34,1933.0,65722.0
2021040804026509,SICL,58,25,10,1933.0,19330.0
2021040804026464,SICL,14,48,10,1934.0,19340.0
2021040804026442,SICL,48,48,50,1934.0,96700.0
2021040804026434,SICL,49,48,25,1934.0,48350.0
2021040804026322,SICL,49,48,20,1934.0,38680.0
2021040804026466,SIL,11,26,30,1268.0,38040.0
2021040804026463,SIL,29,26,20,1268.0,25360.0
2021040804026386,SIL,29,26,10,1268.0,12680.0
2021040804026662,SJCL,43,56,10,476.0,4760.0
2021040804026661,SJCL,36,56,290,476.0,138040.0
2021040804026634,SJCL,36,49,150,476.0,71400.0
2021040804026609,SJCL,41,58,25,477.0,11925.0
2021040804026524,SJCL,57,58,200,477.0,95400.0
2021040804026491,SJCL,36,59,20,476.0,9520.0
2021040804026399,SJCL,49,58,150,477.0,71550.0
2021040804026375,SJCL,7,58,30,477.0,14310.0
2021040804026374,SJCL,7,55,300,477.0,143100.0
2021040804026373,SJCL,7,21,170,477.0,81090.0
2021040804026333,SJCL,36,57,40,476.0,19040.0
2021040804026308,SJCL,50,21,50,477.0,23850.0
2021040804026677,SPDL,16,44,150,274.0,41100.0
2021040804026675,SPDL,11,44,500,274.0,137000.0
2021040804026584,SPDL,50,36,607,273.0,165711.0
2021040804026583,SPDL,45,36,100,273.0,27300.0
2021040804026576,SPDL,17,44,"1,000",274.0,274000.0
2021040804026414,SPDL,11,44,300,274.0,82200.0
2021040804026300,SPDL,48,44,600,274.0,164400.0
2021040804026293,SPDL,36,44,150,274.0,41100.0
2021040804026459,SSHL,22,22,45,243.0,10935.0
2021040804026348,SSHL,49,57,100,244.0,24400.0
2021040804026517,STC,57,49,10,11201.0,112010.0
2021040804026331,STC,57,7,10,11201.0,112010.0
2021040804026321,STC,39,49,30,11250.0,337500.0
2021040804026320,STC,39,33,20,11249.0,224980.0
2021040804026495,TRH,38,53,300,325.0,97500.0
2021040804026494,TRH,38,41,154,325.0,50050.0
2021040804026367,TRH,49,41,300,325.0,97500.0
2021040804026366,TRH,34,41,190,325.0,61750.0
2021040804026405,UIC,41,22,80,708.0,56640.0
2021040804026396,UIC,40,22,20,708.0,14160.0
2021040804026395,UIC,40,34,80,708.0,56640.0
2021040804026369,UIC,42,13,447,707.0,316029.0
2021040804026368,UIC,14,13,553,707.0,390971.0
2021040804026313,UIC,14,34,170,708.0,120360.0
2021040804026312,UIC,14,57,65,708.0,46020.0
2021040804026311,UIC,14,14,65,708.0,46020.0
2021040804026667,UMHL,32,5,200,192.0,38400.0
2021040804026597,UMHL,34,36,914,191.0,174574.0
2021040804026596,UMHL,49,36,86,191.0,16426.0
2021040804026490,UMHL,49,36,14,191.0,2674.0
2021040804026489,UMHL,49,36,186,191.0,35526.0
2021040804026660,UMRH,34,32,10,307.0,3070.0
2021040804026635,UMRH,58,36,10,305.0,3050.0
2021040804026301,UMRH,8,32,10,307.0,3070.0
2021040804026294,UMRH,58,36,10,305.0,3050.0
2021040804026650,UNHPL,43,57,440,133.0,58520.0
2021040804026649,UNHPL,58,57,80,133.0,10640.0
2021040804026648,UNHPL,25,57,80,133.0,10640.0
2021040804026659,UPCL,49,48,500,173.0,86500.0
2021040804026658,UPCL,37,17,205,171.0,35055.0
2021040804026657,UPCL,52,17,50,172.0,8600.0
2021040804026656,UPCL,52,17,200,172.0,34400.0
2021040804026655,UPCL,28,17,45,172.0,7740.0
2021040804026305,UPCL,41,55,50,173.0,8650.0
2021040804026299,UPCL,28,38,955,172.0,164260.0
2021040804026298,UPCL,34,38,145,172.0,24940.0
2021040804026297,UPCL,34,38,174,173.0,30102.0
2021040804026296,UPCL,14,38,226,173.0,39098.0
2021040804026354,UPCL,38,55,45,173.0,7785.0
2021040804026594,UPCL,34,48,105,173.0,18165.0
2021040804026513,UPCL,45,48,405,173.0,70065.0
2021040804026454,UPCL,45,55,95,173.0,16435.0
2021040804026403,UPCL,34,55,10,173.0,1730.0
2021040804026670,UPPER,36,38,10,892.0,8920.0
2021040804026664,UPPER,36,45,10,892.0,8920.0
2021040804026633,UPPER,50,48,50,891.0,44550.0
2021040804026632,UPPER,6,48,22,891.0,19602.0
2021040804026631,UPPER,32,48,50,891.0,44550.0
2021040804026630,UPPER,5,48,978,891.0,871398.0
2021040804026370,UPPER,26,54,40,891.0,35640.0
2021040804026350,UPPER,34,52,100,892.0,89200.0
2021040804026338,UPPER,26,25,10,891.0,8910.0
2021040804026438,UPPER,53,37,20,892.0,17840.0
2021040804026437,UPPER,53,48,71,892.0,63332.0
2021040804026409,UPPER,51,48,29,892.0,25868.0
2021040804026408,UPPER,51,52,21,892.0,18732.0
2021040804026406,UPPER,3,52,29,892.0,25868.0
2021040804026404,UPPER,56,52,100,892.0,89200.0
2021040804026472,UPPER,21,3,40,890.0,35600.0
2021040804026471,UPPER,58,3,160,890.0,142400.0
2021040804026468,UPPER,58,45,40,890.0,35600.0
2021040804026467,UPPER,47,45,10,890.0,8900.0
2021040804026447,UPPER,52,7,100,891.0,89100.0
2021040804026446,UPPER,3,7,50,891.0,44550.0
2021040804026532,UPPER,5,7,22,891.0,19602.0
2021040804026503,UPPER,4,7,33,891.0,29403.0
2021040804026479,UPPER,48,7,152,891.0,135432.0
2021040804026476,UPPER,16,7,10,891.0,8910.0
2021040804026629,UPPER,51,48,200,892.0,178400.0
2021040804026628,UPPER,6,48,200,892.0,178400.0
2021040804026617,UPPER,47,3,10,893.0,8930.0
2021040804026593,UPPER,16,3,10,893.0,8930.0
2021040804026592,UPPER,16,37,20,893.0,17860.0
2021040804026253,AHPC,33,57,150,264.0,39600.0
2021040804026252,AHPC,8,57,50,264.0,13200.0
2021040804026145,AHPC,7,6,620,265.0,164300.0
2021040804026041,AHPC,48,6,100,265.0,26500.0
2021040804025998,AHPC,4,6,100,265.0,26500.0
2021040804025991,AHPC,41,6,180,265.0,47700.0
2021040804025907,AHPC,49,51,200,264.0,52800.0
2021040804025870,AHPC,46,14,6,265.0,1590.0
2021040804025869,AHPC,46,40,74,265.0,19610.0
2021040804025990,AHPC,41,22,320,265.0,84800.0
2021040804025961,AHPC,3,22,180,265.0,47700.0
2021040804025960,AHPC,3,57,20,265.0,5300.0
2021040804025932,AHPC,8,48,950,264.0,250800.0
2021040804025931,AHPC,14,48,10,264.0,2640.0
2021040804025930,AHPC,49,48,40,264.0,10560.0
2021040804026263,AIL,36,1,100,846.0,84600.0
2021040804026232,AIL,17,25,10,845.0,8450.0
2021040804026198,AIL,55,1,50,846.0,42300.0
2021040804026179,AIL,6,50,25,845.0,21125.0
2021040804026178,AIL,1,50,24,845.0,20280.0
2021040804026099,AIL,33,1,80,846.0,67680.0
2021040804025832,AIL,26,6,90,847.0,76230.0
2021040804025979,AIL,34,59,100,846.0,84600.0
2021040804025923,AIL,34,1,10,846.0,8460.0
2021040804025922,AIL,59,1,40,846.0,33840.0
2021040804025889,AIL,26,50,20,847.0,16940.0
2021040804025873,AIL,59,58,10,846.0,8460.0
2021040804025833,AIL,59,6,10,846.0,8460.0
2021040804026083,AIL,57,48,50,847.0,42350.0
2021040804026076,AIL,33,28,20,846.0,16920.0
2021040804026071,AIL,56,28,40,846.0,33840.0
2021040804026058,AIL,56,28,10,846.0,8460.0
2021040804025997,AIL,56,38,50,846.0,42300.0
2021040804025996,AIL,34,38,90,846.0,76140.0
2021040804025963,AKJCL,13,47,14,155.0,2170.0
2021040804026230,AKPL,36,33,500,330.0,165000.0
2021040804026200,AKPL,36,57,25,330.0,8250.0
2021040804026173,AKPL,36,32,380,330.0,125400.0
2021040804026172,AKPL,3,32,500,330.0,165000.0
2021040804026171,AKPL,33,32,100,330.0,33000.0
2021040804026170,AKPL,58,32,20,330.0,6600.0
2021040804026002,AKPL,58,50,30,330.0,9900.0
2021040804026001,AKPL,8,50,500,330.0,165000.0
2021040804026000,AKPL,19,50,100,330.0,33000.0
2021040804025999,AKPL,1,50,190,330.0,62700.0
2021040804025905,AKPL,29,32,100,331.0,33100.0
2021040804026163,API,55,40,50,329.0,16450.0
2021040804026127,API,55,57,22,329.0,7238.0
2021040804026126,API,59,57,28,329.0,9212.0
2021040804026116,API,59,10,451,329.0,148379.0
2021040804026085,API,59,22,21,329.0,6909.0
2021040804026084,API,51,22,29,329.0,9541.0
2021040804025807,API,18,10,100,329.0,32900.0
2021040804025806,API,51,10,300,329.0,98700.0
2021040804025805,API,35,10,179,329.0,58891.0
2021040804025813,API,39,10,500,329.0,164500.0
2021040804025812,API,35,10,50,329.0,16450.0
2021040804025811,API,26,10,500,329.0,164500.0
2021040804025810,API,28,10,10,329.0,3290.0
2021040804025809,API,26,10,"1,000",329.0,329000.0
2021040804025808,API,56,10,"1,000",329.0,329000.0
2021040804025825,API,39,41,489,329.0,160881.0
2021040804025818,API,39,10,11,329.0,3619.0
2021040804025817,API,57,10,100,329.0,32900.0
2021040804025816,API,21,10,"1,000",329.0,329000.0
2021040804025815,API,28,10,200,329.0,65800.0
2021040804025814,API,1,10,50,329.0,16450.0
2021040804025978,API,51,48,60,329.0,19740.0
2021040804025959,API,53,57,20,330.0,6600.0
2021040804025858,API,51,25,11,329.0,3619.0
2021040804025857,API,48,25,489,329.0,160881.0
2021040804025828,API,1,57,500,330.0,165000.0
2021040804025826,API,48,41,11,329.0,3619.0
2021040804026192,BARUN,5,59,50,244.0,12200.0
2021040804025988,BARUN,26,57,50,243.0,12150.0
2021040804025987,BARUN,45,57,50,243.0,12150.0
2021040804025986,BARUN,34,57,70,243.0,17010.0
2021040804025985,BARUN,21,57,30,243.0,7290.0
2021040804025853,BARUN,5,36,233,244.0,56852.0
2021040804026231,BPCL,51,56,100,422.0,42200.0
2021040804026165,BPCL,43,21,10,423.0,4230.0
2021040804026090,BPCL,51,38,26,422.0,10972.0
2021040804026086,BPCL,52,21,300,423.0,126900.0
2021040804026029,BPCL,51,17,100,422.0,42200.0
2021040804025872,BPCL,34,21,75,423.0,31725.0
2021040804026209,CGH,14,3,10,2641.0,26410.0
2021040804026186,CGH,57,13,45,2639.0,118755.0
2021040804026159,CGH,14,59,10,2641.0,26410.0
2021040804026151,CGH,14,3,10,2641.0,26410.0
2021040804026137,CGH,14,57,20,2641.0,52820.0
2021040804026132,CGH,14,41,30,2641.0,79230.0
2021040804025827,CGH,52,10,50,2640.0,132000.0
2021040804025784,CGH,52,36,10,2640.0,26400.0
2021040804025912,CGH,52,5,39,2640.0,102960.0
2021040804025911,CGH,10,5,11,2645.0,29095.0
2021040804025903,CGH,52,36,10,2640.0,26400.0
2021040804025886,CGH,52,25,50,2640.0,132000.0
2021040804025864,CGH,52,6,100,2640.0,264000.0
2021040804025834,CGH,52,26,10,2640.0,26400.0
2021040804025954,CGH,53,59,10,2640.0,26400.0
2021040804025953,CGH,50,59,10,2640.0,26400.0
2021040804025952,CGH,52,59,11,2640.0,29040.0
2021040804025940,CGH,52,46,10,2640.0,26400.0
2021040804025937,CGH,52,43,10,2640.0,26400.0
2021040804025921,CGH,52,56,10,2640.0,26400.0
2021040804026087,CGH,17,25,50,2645.0,132250.0
2021040804026068,CGH,4,56,39,2640.0,102960.0
2021040804026067,CGH,4,36,10,2635.0,26350.0
2021040804026036,CGH,22,43,10,2635.0,26350.0
2021040804026033,CGH,55,56,11,2640.0,29040.0
2021040804026032,CGH,55,59,19,2640.0,50160.0
2021040804026255,CHCL,6,17,30,667.0,20010.0
2021040804026164,CHCL,36,41,40,666.0,26640.0
2021040804026088,CHCL,22,17,10,667.0,6670.0
2021040804026080,CHCL,36,38,90,666.0,59940.0
2021040804026079,CHCL,13,38,10,666.0,6660.0
2021040804026016,CHCL,7,17,10,667.0,6670.0
2021040804025783,CHCL,25,29,14,668.0,9352.0
2021040804026015,CHCL,57,17,10,667.0,6670.0
2021040804026014,CHCL,49,17,12,667.0,8004.0
2021040804025977,CHCL,50,45,114,668.0,76152.0
2021040804025976,CHCL,50,29,386,668.0,257848.0
2021040804025847,CHCL,55,29,100,668.0,66800.0
2021040804025846,CHCL,55,52,100,667.0,66700.0
2021040804026180,CHL,49,25,500,223.0,111500.0
2021040804026040,CHL,49,3,100,223.0,22300.0
2021040804025925,CHL,49,38,40,223.0,8920.0
2021040804026109,CMF1,34,45,500,10.51,5255.0
2021040804025782,CMF1,41,25,"2,000",10.6,21200.0
2021040804025781,CMF1,41,42,100,10.6,1060.0
2021040804025780,CMF1,41,40,"15,000",10.6,159000.0
2021040804025779,CMF1,41,7,"10,000",10.59,105900.0
2021040804026199,EIC,11,57,50,769.0,38450.0
2021040804026196,EIC,21,57,50,769.0,38450.0
2021040804026195,EIC,21,48,50,769.0,38450.0
2021040804025837,EIC,58,48,50,769.0,38450.0
2021040804026168,GHL,49,38,122,163.0,19886.0
2021040804026143,GHL,49,38,60,163.0,9780.0
2021040804026142,GHL,43,38,200,163.0,32600.0
2021040804026141,GHL,17,38,40,163.0,6520.0
2021040804026140,GHL,56,38,40,163.0,6520.0
2021040804026139,GHL,56,38,20,163.0,3260.0
2021040804026138,GHL,8,38,280,163.0,45640.0
2021040804026045,GHL,8,39,30,163.0,4890.0
2021040804025831,GHL,8,57,30,163.0,4890.0
2021040804026176,GIC,51,57,100,734.0,73400.0
2021040804025844,GIC,38,57,80,734.0,58720.0
2021040804026018,GIC,33,57,70,734.0,51380.0
2021040804026243,GLH,4,58,10,410.0,4100.0
2021040804026175,GLH,4,51,10,410.0,4100.0
2021040804026167,GLH,4,21,100,410.0,41000.0
2021040804026100,GLH,4,28,10,410.0,4100.0
2021040804026064,GLH,4,1,10,410.0,4100.0
2021040804026022,GLH,4,45,30,410.0,12300.0
2021040804025852,GLH,47,21,10,410.0,4100.0
2021040804026021,GLH,45,45,20,410.0,8200.0
2021040804026020,GLH,55,45,30,410.0,12300.0
2021040804026019,GLH,47,45,20,410.0,8200.0
2021040804025964,GLH,47,26,10,410.0,4100.0
2021040804025939,GLH,47,49,10,410.0,4100.0
2021040804025888,GLH,47,47,10,410.0,4100.0
2021040804026251,HDHPC,36,32,250,151.0,37750.0
2021040804026117,HDHPC,41,49,100,152.0,15200.0
2021040804026017,HDHPC,36,33,40,151.0,6040.0
2021040804025941,HDHPC,41,49,400,152.0,60800.0
2021040804025855,HDHPC,48,49,70,152.0,10640.0
2021040804026250,HGI,26,17,100,783.0,78300.0
2021040804026249,HGI,26,21,100,783.0,78300.0
2021040804026248,HGI,26,47,50,783.0,39150.0
2021040804026247,HGI,26,40,65,783.0,50895.0
2021040804026234,HGI,26,54,61,782.0,47702.0
2021040804026233,HGI,32,54,10,782.0,7820.0
2021040804026089,HGI,38,40,40,783.0,31320.0
2021040804026004,HGI,34,40,100,783.0,78300.0
2021040804025984,HGI,32,57,80,782.0,62560.0
2021040804025820,HGI,32,20,400,782.0,312800.0
2021040804026207,HPPL,37,45,50,402.0,20100.0
2021040804026194,HPPL,52,47,52,401.0,20852.0
2021040804026193,HPPL,22,47,148,401.0,59348.0
2021040804025956,HPPL,22,5,200,401.0,80200.0
2021040804025942,HPPL,22,41,10,401.0,4010.0
2021040804026102,HURJA,11,39,20,333.0,6660.0
2021040804025944,IGI,29,49,50,1238.0,61900.0
2021040804025943,IGI,29,41,80,1238.0,99040.0
2021040804025950,IGI,29,35,60,1244.0,74640.0
2021040804025949,IGI,29,28,450,1244.0,559800.0
2021040804025948,IGI,29,29,100,1243.0,124300.0
2021040804025947,IGI,29,14,100,1243.0,124300.0
2021040804025946,IGI,29,41,100,1239.0,123900.0
2021040804025945,IGI,29,6,20,1239.0,24780.0
2021040804025957,IGI,34,25,17,1237.0,21029.0
2021040804025951,IGI,29,29,40,1244.0,49760.0
2021040804026147,IGI,26,53,80,1240.0,99200.0
2021040804026227,JOSHI,29,17,10,138.0,1380.0
2021040804026074,JOSHI,29,26,100,138.0,13800.0
2021040804026073,JOSHI,29,46,15,138.0,2070.0
2021040804026072,JOSHI,29,1,410,138.0,56580.0
2021040804026063,JOSHI,34,54,15,137.0,2055.0
2021040804026057,KKHC,22,58,16,134.0,2144.0
2021040804026056,KKHC,22,49,250,134.0,33500.0
2021040804026114,KPCL,41,26,10,285.0,2850.0
2021040804026208,LEC,1,26,120,304.0,36480.0
2021040804025983,LEC,1,46,460,304.0,139840.0
2021040804025915,LEC,54,47,200,303.0,60600.0
2021040804026082,LUK,33,21,700,10.2,7140.0
2021040804026055,MEN,47,17,10,732.0,7320.0
2021040804026054,MEN,47,3,200,732.0,146400.0
2021040804026053,MEN,47,21,10,732.0,7320.0
2021040804026052,MEN,47,59,10,732.0,7320.0
2021040804025854,MEN,58,54,10,726.0,7260.0
2021040804026187,MHNL,28,56,30,258.0,7740.0
2021040804026051,NBF2,48,58,100,11.35,1135.0
2021040804026154,NGPL,14,1,10,251.0,2510.0
2021040804026023,NGPL,3,47,1,254.0,254.0
2021040804026153,NHDL,52,28,60,317.0,19020.0
2021040804026152,NHDL,43,28,40,318.0,12720.0
2021040804026081,NHDL,33,28,500,319.0,159500.0
2021040804025933,NHDL,6,45,40,320.0,12800.0
2021040804026047,NHPC,54,33,400,173.0,69200.0
2021040804025962,NHPC,1,33,300,173.0,51900.0
2021040804025868,NHPC,46,33,340,173.0,58820.0
2021040804025867,NHPC,7,33,30,173.0,5190.0
2021040804025860,NIBSF1,17,1,"8,695",13.12,114078.4
2021040804026260,NICL,25,55,50,815.0,40750.0
2021040804026259,NICL,25,55,50,815.0,40750.0
2021040804026237,NIL,34,57,50,1660.0,83000.0
2021040804026206,NIL,45,57,45,1660.0,74700.0
2021040804026205,NIL,51,57,60,1660.0,99600.0
2021040804026204,NIL,1,57,100,1660.0,166000.0
2021040804026203,NIL,48,57,20,1660.0,33200.0
2021040804026202,NIL,51,57,800,1660.0,1328000.0
2021040804025793,NIL,38,57,170,1662.0,282540.0
2021040804025792,NIL,25,57,90,1662.0,149580.0
2021040804025791,NIL,6,57,"1,000",1663.0,1663000.0
2021040804025799,NIL,43,57,30,1660.0,49800.0
2021040804025798,NIL,57,57,50,1660.0,83000.0
2021040804025797,NIL,52,57,100,1660.0,166000.0
2021040804025796,NIL,45,57,10,1660.0,16600.0
2021040804025795,NIL,43,57,100,1660.0,166000.0
2021040804025794,NIL,50,57,900,1662.0,1495800.0
2021040804026201,NIL,48,57,100,1661.0,166100.0
2021040804026177,NIL,50,41,50,1667.0,83350.0
2021040804026161,NIL,6,41,65,1667.0,108355.0
2021040804025836,NIL,38,21,145,1669.0,242005.0
2021040804025835,NIL,38,32,80,1668.0,133440.0
2021040804025800,NIL,51,57,200,1660.0,332000.0
2021040804026275,NLG,52,44,100,1140.0,114000.0
2021040804026174,NLG,28,44,50,1140.0,57000.0
2021040804026098,NLG,40,44,400,1140.0,456000.0
2021040804025859,NLG,56,44,400,1140.0,456000.0
2021040804026062,NLG,39,53,30,1139.0,34170.0
2021040804025901,NLG,40,44,400,1140.0,456000.0
2021040804025879,NLG,13,44,20,1140.0,22800.0
2021040804025878,OHL,55,29,20,475.0,9500.0
2021040804026217,PIC,52,4,100,1300.0,130000.0
2021040804026216,PIC,28,4,180,1300.0,234000.0
2021040804026215,PIC,45,4,500,1300.0,650000.0
2021040804026214,PIC,56,4,100,1300.0,130000.0
2021040804026213,PIC,44,4,25,1300.0,32500.0
2021040804026212,PIC,50,4,79,1302.0,102858.0
2021040804026211,PIC,47,4,10,1303.0,13030.0
2021040804026210,PIC,47,4,200,1303.0,260600.0
2021040804026131,PIC,58,33,50,1305.0,65250.0
2021040804025841,PIC,58,49,50,1305.0,65250.0
2021040804026043,PICL,50,22,204,878.0,179112.0
2021040804025966,PICL,20,45,37,877.0,32449.0
2021040804025965,PICL,41,45,163,877.0,142951.0
2021040804025877,PICL,52,22,25,879.0,21975.0
2021040804025866,PICL,52,58,100,879.0,87900.0
2021040804026254,PMHPL,34,52,300,191.0,57300.0
2021040804026122,PPCL,51,29,10,310.0,3100.0
2021040804025900,PPCL,49,54,186,315.0,58590.0
2021040804025899,PPCL,49,43,30,315.0,9450.0
2021040804025898,PPCL,49,56,30,313.0,9390.0
2021040804025897,PPCL,49,43,100,313.0,31300.0
2021040804025890,PPCL,49,40,890,310.0,275900.0
2021040804025896,PPCL,49,40,30,313.0,9390.0
2021040804025895,PPCL,49,33,10,312.0,3120.0
2021040804025894,PPCL,49,14,200,312.0,62400.0
2021040804025893,PPCL,49,41,10,311.0,3110.0
2021040804025892,PPCL,49,32,500,311.0,155500.0
2021040804025891,PPCL,49,58,14,310.0,4340.0
2021040804026277,PRIN,26,13,95,958.0,91010.0
2021040804026276,PRIN,52,13,405,958.0,387990.0
2021040804026156,PRIN,52,57,95,958.0,91010.0
2021040804026155,PRIN,52,57,135,958.0,129330.0
2021040804026078,PRIN,52,6,365,958.0,349670.0
2021040804026077,PRIN,57,6,10,958.0,9580.0
2021040804025908,PRIN,48,51,50,959.0,47950.0
2021040804026048,PRIN,7,53,100,959.0,95900.0
2021040804026007,PRIN,25,56,100,959.0,95900.0
2021040804025993,PRIN,47,53,35,959.0,33565.0
2021040804025992,PRIN,47,28,65,959.0,62335.0
2021040804025910,PRIN,48,28,200,959.0,191800.0
2021040804025909,PRIN,48,57,50,959.0,47950.0
2021040804026228,RADHI,34,54,50,469.0,23450.0
2021040804026129,RADHI,7,4,"1,000",467.0,467000.0
2021040804026059,RADHI,51,28,100,468.0,46800.0
2021040804026037,RADHI,34,47,25,468.0,11700.0
2021040804026270,RHPC,59,39,"2,993",211.0,631523.0
2021040804026269,RHPC,35,39,50,211.0,10550.0
2021040804026268,RHPC,16,39,267,211.0,56337.0
2021040804026267,RHPC,37,39,500,212.0,106000.0
2021040804026266,RHPC,34,39,190,212.0,40280.0
2021040804025851,RHPC,16,45,233,211.0,49163.0
2021040804025850,RHPC,37,45,367,211.0,77437.0
2021040804025790,RHPC,37,43,50,211.0,10550.0
2021040804026245,RHPL,38,53,10,505.0,5050.0
2021040804026229,RHPL,34,53,50,505.0,25250.0
2021040804026185,RHPL,45,53,100,505.0,50500.0
2021040804026166,RHPL,49,53,400,505.0,202000.0
2021040804026160,RHPL,32,53,50,505.0,25250.0
2021040804026158,RHPL,35,57,40,504.0,20160.0
2021040804025848,RHPL,55,34,20,506.0,10120.0
2021040804025845,RHPL,53,34,500,506.0,253000.0
2021040804025824,RHPL,3,51,675,505.0,340875.0
2021040804025823,RHPL,11,51,105,505.0,53025.0
2021040804025822,RHPL,45,51,100,505.0,50500.0
2021040804025821,RHPL,43,51,120,505.0,60600.0
2021040804025885,RHPL,14,21,215,505.0,108575.0
2021040804025884,RHPL,21,21,300,505.0,151500.0
2021040804025883,RHPL,46,21,20,505.0,10100.0
2021040804025882,RHPL,52,21,50,505.0,25250.0
2021040804025881,RHPL,41,21,200,505.0,101000.0
2021040804025880,RHPL,3,21,185,505.0,93425.0
2021040804026026,RHPL,51,48,100,505.0,50500.0
2021040804026025,RHPL,32,48,100,505.0,50500.0
2021040804026024,RHPL,43,48,25,505.0,12625.0
2021040804026009,RHPL,43,51,25,505.0,12625.0
2021040804026008,RHPL,14,51,255,505.0,128775.0
2021040804025920,RHPL,14,25,30,505.0,15150.0
2021040804026050,RHPL,34,34,10,506.0,5060.0
2021040804026039,RHPL,52,34,125,506.0,63250.0
2021040804026038,RHPL,52,26,75,505.0,37875.0
2021040804026035,RHPL,56,26,25,505.0,12625.0
2021040804026030,RHPL,40,34,300,506.0,151800.0
2021040804026027,RHPL,56,48,175,505.0,88375.0
2021040804026157,RHPL,28,57,40,504.0,20160.0
2021040804026120,RHPL,28,28,10,504.0,5040.0
2021040804026113,RHPL,28,8,50,504.0,25200.0
2021040804026112,RHPL,35,8,85,504.0,42840.0
2021040804026111,RHPL,57,8,50,504.0,25200.0
2021040804026110,RHPL,57,8,175,504.0,88200.0
2021040804026034,RRHP,54,36,50,378.0,18900.0
2021040804026265,SGI,38,54,200,789.0,157800.0
2021040804026128,SGI,58,34,10,790.0,7900.0
2021040804026119,SGI,38,46,100,789.0,78900.0
2021040804026042,SGI,41,3,10,789.0,7890.0
2021040804026031,SGI,41,55,10,789.0,7890.0
2021040804025975,SGI,45,34,30,790.0,23700.0
2021040804025968,SGI,45,49,10,790.0,7900.0
2021040804025967,SGI,45,39,50,790.0,39500.0
2021040804025856,SGI,41,53,23,789.0,18147.0
2021040804025789,SGI,58,29,90,789.0,71010.0
2021040804025974,SGI,45,41,10,790.0,7900.0
2021040804025973,SGI,45,56,10,790.0,7900.0
2021040804025972,SGI,45,37,10,790.0,7900.0
2021040804025971,SGI,45,47,10,790.0,7900.0
2021040804025970,SGI,45,8,10,790.0,7900.0
2021040804025969,SGI,45,22,10,790.0,7900.0
2021040804026162,SHL,46,45,100,200.0,20000.0
2021040804026028,SHL,20,6,100,201.0,20100.0
2021040804025876,SHL,46,41,100,200.0,20000.0
2021040804026246,SHPC,25,45,20,372.0,7440.0
2021040804026124,SHPC,3,45,985,371.0,365435.0
2021040804026123,SHPC,45,45,15,372.0,5580.0
2021040804026006,SHPC,45,32,50,375.0,18750.0
2021040804026244,SIC,38,32,25,1704.0,42600.0
2021040804026115,SIC,13,32,40,1704.0,68160.0
2021040804026060,SIC,49,25,50,1705.0,85250.0
2021040804026049,SIC,13,45,100,1704.0,170400.0
2021040804025863,SIC,38,25,25,1705.0,42625.0
2021040804025862,SIC,38,33,25,1705.0,42625.0
2021040804025843,SIC,49,33,45,1705.0,76725.0
2021040804025842,SIC,49,58,10,1705.0,17050.0
2021040804026273,SICL,41,48,281,1934.0,543454.0
2021040804026272,SICL,32,48,10,1934.0,19340.0
2021040804026271,SICL,46,48,40,1934.0,77360.0
2021040804026258,SICL,55,14,13,1935.0,25155.0
2021040804026046,SICL,55,52,87,1934.0,168258.0
2021040804026044,SICL,46,52,17,1934.0,32878.0
2021040804025865,SICL,32,52,10,1934.0,19340.0
2021040804026144,SIL,46,29,50,1269.0,63450.0
2021040804026066,SIL,29,39,20,1268.0,25360.0
2021040804026065,SIL,22,39,10,1268.0,12680.0
2021040804026262,SJCL,41,21,250,477.0,119250.0
2021040804026257,SJCL,26,14,45,476.0,21420.0
2021040804026256,SJCL,57,14,195,476.0,92820.0
2021040804026197,SJCL,22,21,30,477.0,14310.0
2021040804026184,SJCL,52,49,35,477.0,16695.0
2021040804026183,SJCL,52,49,30,477.0,14310.0
2021040804025906,SJCL,57,29,40,476.0,19040.0
2021040804025887,SJCL,45,40,10,477.0,4770.0
2021040804025849,SJCL,57,57,30,476.0,14280.0
2021040804025830,SJCL,51,40,65,477.0,31005.0
2021040804025829,SJCL,51,17,10,477.0,4770.0
2021040804026182,SJCL,52,40,125,477.0,59625.0
2021040804026181,SJCL,52,28,10,476.0,4760.0
2021040804026125,SJCL,22,40,200,477.0,95400.0
2021040804026118,SJCL,40,40,500,477.0,238500.0
2021040804026101,SJCL,57,48,84,476.0,39984.0
2021040804026011,SJCL,34,40,100,477.0,47700.0
2021040804026130,SPDL,7,44,700,274.0,191800.0
2021040804026069,SPDL,34,44,100,274.0,27400.0
2021040804025924,SPDL,36,44,"1,500",274.0,411000.0
2021040804025936,SSHL,22,57,200,244.0,48800.0
2021040804025819,SSHL,28,41,100,245.0,24500.0
2021040804026121,STC,40,39,40,11200.0,448000.0
2021040804026061,STC,21,33,15,11249.0,168735.0
2021040804025840,STC,55,53,10,11150.0,111500.0
2021040804025839,STC,7,53,10,11177.0,111770.0
2021040804025838,STC,17,53,10,11180.0,111800.0
2021040804026224,UIC,14,29,147,707.0,103929.0
2021040804026223,UIC,1,29,50,707.0,35350.0
2021040804026222,UIC,51,29,100,707.0,70700.0
2021040804026221,UIC,44,29,100,707.0,70700.0
2021040804026220,UIC,21,29,50,707.0,35350.0
2021040804026219,UIC,39,29,200,707.0,141400.0
2021040804026218,UIC,57,29,353,707.0,249571.0
2021040804025955,UIC,26,14,50,708.0,35400.0
2021040804025914,UIC,59,14,30,708.0,21240.0
2021040804025913,UIC,22,14,55,708.0,38940.0
2021040804025904,UMHL,49,26,14,191.0,2674.0
2021040804026150,UMRH,22,32,10,307.0,3070.0
2021040804026149,UMRH,45,32,100,307.0,30700.0
2021040804026148,UMRH,49,32,70,307.0,21490.0
2021040804025875,UMRH,49,29,10,307.0,3070.0
2021040804025778,UMRH,49,47,10,307.0,3070.0
2021040804026236,UPCL,14,32,44,173.0,7612.0
2021040804026235,UPCL,14,43,130,173.0,22490.0
2021040804026169,UPCL,34,11,55,172.0,9460.0
2021040804026146,UPCL,34,8,800,172.0,137600.0
2021040804026075,UPCL,48,43,170,173.0,29410.0
2021040804025788,UPCL,51,21,180,172.0,30960.0
2021040804025787,UPCL,51,55,300,172.0,51600.0
2021040804025786,UPCL,51,54,20,172.0,3440.0
2021040804025980,UPCL,46,14,30,172.0,5160.0
2021040804025804,UPCL,57,43,100,173.0,17300.0
2021040804025803,UPCL,57,43,270,173.0,46710.0
2021040804025802,UPCL,57,54,50,172.0,8600.0
2021040804025801,UPCL,57,21,320,172.0,55040.0
2021040804025995,UPCL,8,43,200,173.0,34600.0
2021040804025994,UPCL,8,43,300,173.0,51900.0
2021040804025989,UPCL,57,43,100,173.0,17300.0
2021040804025982,UPCL,45,14,800,172.0,137600.0
2021040804025981,UPCL,8,14,10,172.0,1720.0
2021040804026274,UPPER,1,17,50,891.0,44550.0
2021040804026264,UPPER,25,17,75,891.0,66825.0
2021040804026261,UPPER,45,17,160,891.0,142560.0
2021040804026242,UPPER,4,17,550,891.0,490050.0
2021040804026241,UPPER,50,17,50,891.0,44550.0
2021040804026240,UPPER,51,17,30,891.0,26730.0
2021040804025916,UPPER,49,58,90,892.0,80280.0
2021040804025902,UPPER,6,58,10,892.0,8920.0
2021040804025874,UPPER,26,57,250,891.0,222750.0
2021040804025871,UPPER,13,58,100,892.0,89200.0
2021040804025861,UPPER,26,58,385,891.0,343035.0
2021040804025785,UPPER,26,48,200,891.0,178200.0
2021040804025928,UPPER,17,45,95,891.0,84645.0
2021040804025927,UPPER,6,45,50,891.0,44550.0
2021040804025926,UPPER,26,45,55,891.0,49005.0
2021040804025919,UPPER,49,59,70,892.0,62440.0
2021040804025918,UPPER,49,50,100,892.0,89200.0
2021040804025917,UPPER,49,29,40,892.0,35680.0
2021040804025938,UPPER,43,59,10,892.0,8920.0
2021040804025935,UPPER,40,10,95,891.0,84645.0
2021040804025934,UPPER,17,10,405,891.0,360855.0
2021040804025929,UPPER,50,59,200,892.0,178400.0
2021040804026010,UPPER,41,59,15,892.0,13380.0
2021040804026005,UPPER,40,45,10,891.0,8910.0
2021040804026003,UPPER,40,28,50,891.0,44550.0
2021040804025958,UPPER,4,59,100,892.0,89200.0
2021040804026093,UPPER,47,54,110,892.0,98120.0
2021040804026092,UPPER,47,59,135,892.0,120420.0
2021040804026091,UPPER,55,59,50,892.0,44600.0
2021040804026070,UPPER,57,59,100,892.0,89200.0
2021040804026013,UPPER,41,59,20,892.0,17840.0
2021040804026012,UPPER,56,59,300,892.0,267600.0
2021040804026104,UPPER,26,5,300,892.0,267600.0
2021040804026103,UPPER,6,5,25,892.0,22300.0
2021040804026097,UPPER,6,52,75,892.0,66900.0
2021040804026096,UPPER,47,52,25,892.0,22300.0
2021040804026095,UPPER,47,39,20,892.0,17840.0
2021040804026094,UPPER,47,57,10,892.0,8920.0
2021040804026133,UPPER,38,22,50,892.0,44600.0
2021040804026108,UPPER,22,5,407,891.0,362637.0
2021040804026107,UPPER,59,5,23,891.0,20493.0
2021040804026106,UPPER,58,5,50,891.0,44550.0
2021040804026105,UPPER,40,5,345,891.0,307395.0
2021040804026189,UPPER,54,56,40,892.0,35680.0
2021040804026188,UPPER,6,56,50,892.0,44600.0
2021040804026136,UPPER,49,22,257,891.0,228987.0
2021040804026135,UPPER,57,22,100,891.0,89100.0
2021040804026134,UPPER,22,22,593,891.0,528363.0
2021040804026239,UPPER,29,17,200,891.0,178200.0
2021040804026238,UPPER,37,17,183,891.0,163053.0
2021040804026226,UPPER,38,38,200,892.0,178400.0
2021040804026225,UPPER,1,38,100,892.0,89200.0
2021040804026191,UPPER,37,56,117,891.0,104247.0
2021040804026190,UPPER,49,56,793,891.0,706563.0
2021040804025744,AHPC,49,38,10,264.0,2640.0
2021040804025638,AHPC,49,4,100,264.0,26400.0
2021040804025575,AHPC,14,57,93,264.0,24552.0
2021040804025574,AHPC,22,57,50,264.0,13200.0
2021040804025573,AHPC,39,57,357,264.0,94248.0
2021040804025543,AHPC,39,14,217,264.0,57288.0
2021040804025407,AHPC,39,53,26,264.0,6864.0
2021040804025406,AHPC,1,53,50,264.0,13200.0
2021040804025405,AHPC,58,53,24,264.0,6336.0
2021040804025763,AIL,26,38,10,847.0,8470.0
2021040804025742,AIL,59,58,10,846.0,8460.0
2021040804025679,AIL,59,26,10,846.0,8460.0
2021040804025605,AIL,59,59,20,846.0,16920.0
2021040804025604,AIL,56,59,50,846.0,42300.0
2021040804025603,AIL,38,59,30,846.0,25380.0
2021040804025470,AIL,45,38,50,847.0,42350.0
2021040804025469,AIL,39,38,10,847.0,8470.0
2021040804025468,AIL,26,38,500,847.0,423500.0
2021040804025467,AIL,26,38,260,847.0,220220.0
2021040804025439,AIL,26,52,10,847.0,8470.0
2021040804025347,AIL,26,54,30,847.0,25410.0
2021040804025476,AIL,22,38,100,846.0,84600.0
2021040804025475,AIL,4,38,100,846.0,84600.0
2021040804025474,AIL,14,38,10,846.0,8460.0
2021040804025473,AIL,21,38,50,847.0,42350.0
2021040804025472,AIL,55,38,100,847.0,84700.0
2021040804025471,AIL,58,38,30,847.0,25410.0
2021040804025482,AIL,1,38,60,845.0,50700.0
2021040804025481,AIL,46,38,100,846.0,84600.0
2021040804025480,AIL,38,38,50,846.0,42300.0
2021040804025479,AIL,28,38,20,846.0,16920.0
2021040804025478,AIL,19,38,10,846.0,8460.0
2021040804025477,AIL,58,38,50,846.0,42300.0
2021040804025768,AKPL,48,32,400,331.0,132400.0
2021040804025743,AKPL,1,26,10,330.0,3300.0
2021040804025736,AKPL,33,32,349,331.0,115519.0
2021040804025688,AKPL,34,32,151,331.0,49981.0
2021040804025685,AKPL,34,57,149,331.0,49319.0
2021040804025684,AKPL,34,6,200,331.0,66200.0
2021040804025509,AKPL,50,32,687,331.0,227397.0
2021040804025387,AKPL,50,49,13,331.0,4303.0
2021040804025331,AKPL,39,49,100,331.0,33100.0
2021040804025631,AKPL,33,57,23,331.0,7613.0
2021040804025572,AKPL,10,32,835,332.0,277220.0
2021040804025571,AKPL,10,35,15,332.0,4980.0
2021040804025570,AKPL,10,55,"1,050",332.0,348600.0
2021040804025569,AKPL,10,32,100,332.0,33200.0
2021040804025534,AKPL,33,55,27,331.0,8937.0
2021040804025776,API,35,26,48,329.0,15792.0
2021040804025767,API,35,3,373,329.0,122717.0
2021040804025766,API,51,3,100,329.0,32900.0
2021040804025765,API,25,3,27,329.0,8883.0
2021040804025761,API,25,41,163,329.0,53627.0
2021040804025758,API,25,39,310,329.0,101990.0
2021040804025492,API,57,57,50,330.0,16500.0
2021040804025384,API,25,57,100,330.0,33000.0
2021040804025281,API,58,57,10,330.0,3300.0
2021040804025751,API,26,14,50,329.0,16450.0
2021040804025750,API,35,14,190,329.0,62510.0
2021040804025697,API,35,41,10,329.0,3290.0
2021040804025696,API,35,41,40,329.0,13160.0
2021040804025666,API,35,3,60,329.0,19740.0
2021040804025520,API,35,36,400,329.0,131600.0
2021040804025757,API,57,39,100,329.0,32900.0
2021040804025756,API,7,39,50,329.0,16450.0
2021040804025755,API,40,39,500,329.0,164500.0
2021040804025754,API,14,39,"1,000",329.0,329000.0
2021040804025753,API,55,39,40,329.0,13160.0
2021040804025752,API,55,14,260,329.0,85540.0
2021040804025741,BARUN,51,36,90,244.0,21960.0
2021040804025740,BARUN,47,36,50,244.0,12200.0
2021040804025739,BARUN,25,36,500,244.0,122000.0
2021040804025738,BARUN,25,36,127,244.0,30988.0
2021040804025683,BARUN,25,34,157,244.0,38308.0
2021040804025488,BARUN,25,44,69,244.0,16836.0
2021040804025453,BARUN,25,50,27,244.0,6588.0
2021040804025413,BARUN,25,22,10,244.0,2440.0
2021040804025285,BARUN,25,41,10,244.0,2440.0
2021040804025640,BPCL,45,13,"1,000",422.0,422000.0
2021040804025539,BPCL,29,54,5,422.0,2110.0
2021040804025538,BPCL,29,57,50,422.0,21100.0
2021040804025517,BPCL,29,7,10,422.0,4220.0
2021040804025499,BPCL,29,7,10,422.0,4220.0
2021040804025773,CGH,52,25,100,2640.0,264000.0
2021040804025700,CGH,52,21,10,2640.0,26400.0
2021040804025687,CGH,52,36,10,2640.0,26400.0
2021040804025669,CGH,52,49,10,2640.0,26400.0
2021040804025636,CGH,52,55,10,2640.0,26400.0
2021040804025617,CGH,52,36,30,2640.0,79200.0
2021040804025303,CGH,39,57,50,2645.0,132250.0
2021040804025302,CGH,39,18,70,2645.0,185150.0
2021040804025297,CGH,51,57,10,2620.0,26200.0
2021040804025392,CGH,3,38,135,2650.0,357750.0
2021040804025391,CGH,3,16,90,2650.0,238500.0
2021040804025390,CGH,3,34,50,2649.0,132450.0
2021040804025389,CGH,3,55,10,2649.0,26490.0
2021040804025388,CGH,3,50,50,2648.0,132400.0
2021040804025319,CGH,39,49,10,2645.0,26450.0
2021040804025601,CGH,52,22,20,2635.0,52700.0
2021040804025553,CGH,18,22,20,2635.0,52700.0
2021040804025552,CGH,43,22,10,2635.0,26350.0
2021040804025544,CGH,43,29,10,2635.0,26350.0
2021040804025533,CGH,43,38,10,2635.0,26350.0
2021040804025437,CGH,43,41,10,2635.0,26350.0
2021040804025644,CHCL,49,33,61,667.0,40687.0
2021040804025633,CHCL,49,46,127,667.0,84709.0
2021040804025623,CHCL,36,46,73,667.0,48691.0
2021040804025598,CHCL,36,58,227,667.0,151409.0
2021040804025555,CHCL,36,46,100,667.0,66700.0
2021040804025554,CHCL,36,45,100,667.0,66700.0
2021040804025490,CHCL,13,17,30,666.0,19980.0
2021040804025719,DHPL,57,34,400,126.0,50400.0
2021040804025576,EIC,58,43,50,768.0,38400.0
2021040804025452,EIC,21,48,100,769.0,76900.0
2021040804025451,EIC,49,48,50,769.0,38450.0
2021040804025450,EIC,38,48,25,769.0,19225.0
2021040804025349,EIC,38,56,75,769.0,57675.0
2021040804025348,EIC,58,56,25,769.0,19225.0
2021040804025616,GHL,58,45,200,164.0,32800.0
2021040804025693,GIC,48,57,20,734.0,14680.0
2021040804025692,GIC,48,45,30,734.0,22020.0
2021040804025668,GIC,38,36,10,733.0,7330.0
2021040804025313,GIC,54,47,50,733.0,36650.0
2021040804025310,GIC,45,39,40,732.0,29280.0
2021040804025309,GIC,1,39,10,732.0,7320.0
2021040804025493,GIC,33,47,10,733.0,7330.0
2021040804025449,GIC,33,38,50,733.0,36650.0
2021040804025448,GIC,33,47,10,733.0,7330.0
2021040804025438,GIC,45,47,10,732.0,7320.0
2021040804025548,GIC,38,1,10,733.0,7330.0
2021040804025525,GIC,33,38,10,733.0,7330.0
2021040804025698,GLH,47,36,10,410.0,4100.0
2021040804025686,GLH,47,34,10,410.0,4100.0
2021040804025637,GLH,47,51,10,410.0,4100.0
2021040804025611,GLH,47,58,10,410.0,4100.0
2021040804025600,GLH,20,43,10,410.0,4100.0
2021040804025596,GLH,20,1,10,410.0,4100.0
2021040804025508,GLH,5,58,50,410.0,20500.0
2021040804025434,GLH,5,14,10,410.0,4100.0
2021040804025343,GLH,5,14,10,410.0,4100.0
2021040804025322,GLH,5,19,10,410.0,4100.0
2021040804025296,GLH,57,47,10,410.0,4100.0
2021040804025286,GLH,57,26,10,410.0,4100.0
2021040804025592,GLH,20,47,10,410.0,4100.0
2021040804025591,GLH,20,29,10,410.0,4100.0
2021040804025561,GLH,20,34,10,410.0,4100.0
2021040804025547,GLH,20,58,50,410.0,20500.0
2021040804025542,GLH,5,52,10,410.0,4100.0
2021040804025515,GLH,5,28,10,410.0,4100.0
2021040804025747,HDHPC,36,6,200,151.0,30200.0
2021040804025678,HDHPC,36,53,"1,000",151.0,151000.0
2021040804025662,HDHPC,36,47,"1,455",151.0,219705.0
2021040804025661,HDHPC,37,47,200,151.0,30200.0
2021040804025660,HDHPC,57,47,20,151.0,3020.0
2021040804025659,HDHPC,13,47,260,151.0,39260.0
2021040804025567,HDHPC,56,49,500,152.0,76000.0
2021040804025429,HDHPC,40,49,50,152.0,7600.0
2021040804025328,HDHPC,59,49,800,152.0,121600.0
2021040804025327,HDHPC,59,6,200,152.0,30400.0
2021040804025652,HDHPC,6,47,50,151.0,7550.0
2021040804025610,HDHPC,44,34,97,151.0,14647.0
2021040804025609,HDHPC,58,34,"1,903",151.0,287353.0
2021040804025608,HDHPC,58,13,597,151.0,90147.0
2021040804025607,HDHPC,57,13,"1,000",151.0,151000.0
2021040804025606,HDHPC,45,13,403,151.0,60853.0
2021040804025658,HDHPC,39,47,100,151.0,15100.0
2021040804025657,HDHPC,45,47,350,151.0,52850.0
2021040804025656,HDHPC,45,47,200,151.0,30200.0
2021040804025655,HDHPC,42,47,60,151.0,9060.0
2021040804025654,HDHPC,22,47,50,151.0,7550.0
2021040804025653,HDHPC,26,47,100,151.0,15100.0
2021040804025759,HGI,17,40,200,783.0,156600.0
2021040804025734,HGI,32,40,595,783.0,465885.0
2021040804025733,HGI,32,32,405,782.0,316710.0
2021040804025665,HGI,17,32,200,782.0,156400.0
2021040804025664,HGI,21,32,308,782.0,240856.0
2021040804025663,HGI,32,32,87,782.0,68034.0
2021040804025643,HGI,32,58,413,782.0,322966.0
2021040804025642,HGI,54,58,50,782.0,39100.0
2021040804025535,HGI,56,36,260,783.0,203580.0
2021040804025519,HGI,38,38,45,783.0,35235.0
2021040804025486,HGI,38,49,15,783.0,11745.0
2021040804025442,HGI,6,49,10,783.0,7830.0
2021040804025516,HPPL,22,41,10,401.0,4010.0
2021040804025304,HPPL,22,21,250,401.0,100250.0
2021040804025526,HURJA,37,10,180,334.0,60120.0
2021040804025293,IGI,48,51,20,1239.0,24780.0
2021040804025599,IGI,52,25,50,1239.0,61950.0
2021040804025577,JOSHI,34,32,20,137.0,2740.0
2021040804025301,KKHC,45,53,32,133.0,4256.0
2021040804025300,KKHC,45,53,168,133.0,22344.0
2021040804025691,LEC,51,46,100,304.0,30400.0
2021040804025690,LEC,34,46,100,304.0,30400.0
2021040804025689,LEC,10,46,40,304.0,12160.0
2021040804025677,LEC,21,26,30,305.0,9150.0
2021040804025676,LEC,21,37,10,305.0,3050.0
2021040804025675,LEC,21,1,50,305.0,15250.0
2021040804025674,LEC,21,34,10,305.0,3050.0
2021040804025620,LEC,10,28,10,304.0,3040.0
2021040804025308,LEC,40,35,40,306.0,12240.0
2021040804025307,LEC,40,21,40,305.0,12200.0
2021040804025306,LEC,40,45,20,305.0,6100.0
2021040804025760,LGIL,45,28,76,822.0,62472.0
2021040804025597,LGIL,21,28,50,822.0,41100.0
2021040804025558,LGIL,41,28,300,822.0,246600.0
2021040804025518,LGIL,13,28,10,822.0,8220.0
2021040804025435,LGIL,19,28,64,822.0,52608.0
2021040804025411,LGIL,19,50,136,822.0,111792.0
2021040804025410,LGIL,33,50,264,823.0,217272.0
2021040804025402,LGIL,33,32,"1,000",823.0,823000.0
2021040804025397,LGIL,33,35,500,823.0,411500.0
2021040804025396,LGIL,33,45,136,823.0,111928.0
2021040804025395,LGIL,33,57,100,822.0,82200.0
2021040804025324,LGIL,53,57,200,822.0,164400.0
2021040804025699,MEN,14,52,100,732.0,73200.0
2021040804025619,MEN,41,32,10,732.0,7320.0
2021040804025618,MEN,41,47,10,731.0,7310.0
2021040804025537,MEN,41,46,10,731.0,7310.0
2021040804025702,NHDL,43,33,10,318.0,3180.0
2021040804025730,NHPC,7,34,60,173.0,10380.0
2021040804025729,NHPC,38,34,500,173.0,86500.0
2021040804025728,NHPC,21,34,440,173.0,76120.0
2021040804025723,NHPC,48,25,50,173.0,8650.0
2021040804025632,NHPC,48,22,10,173.0,1730.0
2021040804025614,NHPC,48,50,500,173.0,86500.0
2021040804025613,NHPC,48,22,50,173.0,8650.0
2021040804025612,NHPC,48,33,390,173.0,67470.0
2021040804025521,NHPC,54,33,100,173.0,17300.0
2021040804025325,NHPC,49,33,10,173.0,1730.0
2021040804025289,NHPC,7,28,10,173.0,1730.0
2021040804025735,NICBF,59,45,100,11.63,1163.0
2021040804025727,NICBF,49,58,"10,000",11.53,115300.0
2021040804025726,NICBF,43,58,"2,000",11.53,23060.0
2021040804025725,NICBF,22,58,"1,000",11.54,11540.0
2021040804025724,NICBF,14,58,"10,000",11.55,115500.0
2021040804025748,NICL,29,36,50,816.0,40800.0
2021040804025673,NICL,29,43,50,816.0,40800.0
2021040804025589,NICL,4,28,100,815.0,81500.0
2021040804025588,NICL,44,28,500,815.0,407500.0
2021040804025587,NICL,14,28,"1,000",815.0,815000.0
2021040804025586,NICL,4,28,100,815.0,81500.0
2021040804025579,NICL,20,28,25,816.0,20400.0
2021040804025578,NICL,14,28,250,816.0,204000.0
2021040804025585,NICL,14,28,500,815.0,407500.0
2021040804025584,NICL,36,28,100,815.0,81500.0
2021040804025583,NICL,6,28,63,815.0,51345.0
2021040804025582,NICL,25,28,50,816.0,40800.0
2021040804025581,NICL,4,28,250,816.0,204000.0
2021040804025580,NICL,22,28,60,816.0,48960.0
2021040804025722,NIL,22,34,20,1665.0,33300.0
2021040804025721,NIL,48,34,100,1665.0,166500.0
2021040804025720,NIL,25,34,80,1668.0,133440.0
2021040804025394,NIL,49,32,20,1668.0,33360.0
2021040804025393,NIL,49,33,80,1667.0,133360.0
2021040804025280,NIL,25,33,170,1662.0,282540.0
2021040804025777,NLG,22,44,200,1140.0,228000.0
2021040804025731,NLG,52,44,220,1140.0,250800.0
2021040804025436,NLG,34,26,26,1138.0,29588.0
2021040804025385,NLG,34,14,114,1138.0,129732.0
2021040804025279,NLG,41,44,100,1140.0,114000.0
2021040804025511,NMB50,4,25,350,12.55,4392.5
2021040804025510,NMB50,4,42,"4,150",12.4,51460.0
2021040804025590,OHL,42,5,50,472.0,23600.0
2021040804025524,PIC,33,6,10,1308.0,13080.0
2021040804025465,PIC,33,6,10,1310.0,13100.0
2021040804025412,PIC,18,48,100,1308.0,130800.0
2021040804025409,PIC,33,17,10,1310.0,13100.0
2021040804025408,PIC,33,28,10,1309.0,13090.0
2021040804025323,PMHPL,5,56,50,190.0,9500.0
2021040804025622,PPCL,28,40,10,310.0,3100.0
2021040804025621,PPCL,28,33,10,309.0,3090.0
2021040804025288,PPCL,33,17,240,306.0,73440.0
2021040804025287,PPCL,8,17,50,306.0,15300.0
2021040804025695,PRIN,22,51,10,959.0,9590.0
2021040804025299,PRIN,57,57,40,958.0,38320.0
2021040804025298,PRIN,38,57,10,958.0,9580.0
2021040804025311,RADHI,55,8,85,466.0,39610.0
2021040804025775,RHPC,37,53,83,211.0,17513.0
2021040804025701,RHPC,28,53,385,212.0,81620.0
2021040804025634,RHPC,28,39,15,212.0,3180.0
2021040804025532,RHPC,28,11,100,212.0,21200.0
2021040804025746,RHPL,43,57,30,505.0,15150.0
2021040804025745,RHPL,58,57,50,505.0,25250.0
2021040804025737,RHPL,43,22,20,505.0,10100.0
2021040804025680,RHPL,52,34,20,506.0,10120.0
2021040804025513,RHPL,43,48,30,505.0,15150.0
2021040804025512,RHPL,41,48,170,505.0,85850.0
2021040804025290,RHPL,51,34,30,506.0,15180.0
2021040804025284,RHPL,36,41,30,505.0,15150.0
2021040804025283,RHPL,21,41,30,505.0,15150.0
2021040804025282,RHPL,42,41,10,505.0,5050.0
2021040804025487,RHPL,36,34,100,506.0,50600.0
2021040804025447,RHPL,41,28,30,505.0,15150.0
2021040804025446,RHPL,33,28,100,505.0,50500.0
2021040804025445,RHPL,36,28,70,505.0,35350.0
2021040804025428,RHPL,59,34,600,506.0,303600.0
2021040804025321,RHPL,48,34,20,506.0,10120.0
2021040804025568,RRHP,52,36,20,378.0,7560.0
2021040804025485,RRHP,17,36,100,378.0,37800.0
2021040804025732,SGI,58,28,10,789.0,7890.0
2021040804025694,SGI,51,29,10,789.0,7890.0
2021040804025595,SGI,51,1,10,789.0,7890.0
2021040804025489,SGI,51,45,10,789.0,7890.0
2021040804025464,SGI,51,38,50,789.0,39450.0
2021040804025463,SGI,51,25,20,789.0,15780.0
2021040804025346,SGI,38,57,120,788.0,94560.0
2021040804025345,SGI,29,57,130,788.0,102440.0
2021040804025344,SGI,4,57,100,789.0,78900.0
2021040804025278,SGI,51,50,10,789.0,7890.0
2021040804025626,SHL,38,6,300,201.0,60300.0
2021040804025625,SHL,21,6,100,201.0,20100.0
2021040804025624,SHL,6,6,200,201.0,40200.0
2021040804025615,SHPC,49,44,100,373.0,37300.0
2021040804025494,SHPC,45,33,14,372.0,5208.0
2021040804025400,SHPC,59,28,50,372.0,18600.0
2021040804025399,SHPC,33,28,50,372.0,18600.0
2021040804025398,SHPC,36,28,829,372.0,308388.0
2021040804025401,SHPC,45,28,71,372.0,26412.0
2021040804025292,SIC,22,10,100,1702.0,170200.0
2021040804025764,SICL,41,52,71,1934.0,137314.0
2021040804025681,SICL,41,6,29,1933.0,56057.0
2021040804025560,SICL,57,6,16,1933.0,30928.0
2021040804025559,SICL,57,47,15,1933.0,28995.0
2021040804025557,SICL,18,47,85,1933.0,164305.0
2021040804025556,SICL,18,4,15,1933.0,28995.0
2021040804025423,SICL,3,45,100,1934.0,193400.0
2021040804025422,SICL,3,52,77,1934.0,148918.0
2021040804025514,SICL,48,4,10,1933.0,19330.0
2021040804025433,SICL,51,4,10,1933.0,19330.0
2021040804025432,SICL,49,4,20,1933.0,38660.0
2021040804025431,SICL,58,4,32,1933.0,61856.0
2021040804025430,SICL,3,4,13,1934.0,25142.0
2021040804025424,SICL,3,57,230,1934.0,444820.0
2021040804025672,SIL,14,33,50,1268.0,63400.0
2021040804025671,SIL,14,51,60,1268.0,76080.0
2021040804025670,SIL,14,44,190,1268.0,240920.0
2021040804025551,SIL,29,44,10,1268.0,12680.0
2021040804025550,SIL,29,42,20,1268.0,25360.0
2021040804025444,SJCL,57,10,151,476.0,71876.0
2021040804025443,SJCL,49,10,49,477.0,23373.0
2021040804025427,SJCL,49,14,100,478.0,47800.0
2021040804025426,SJCL,49,58,50,478.0,23900.0
2021040804025425,SJCL,49,36,50,477.0,23850.0
2021040804025351,SJCL,49,56,20,477.0,9540.0
2021040804025350,SJCL,49,49,231,477.0,110187.0
2021040804025330,SJCL,3,55,10,475.0,4750.0
2021040804025326,SJCL,57,19,10,476.0,4760.0
2021040804025312,SJCL,57,29,50,476.0,23800.0
2021040804025295,SJCL,49,49,169,477.0,80613.0
2021040804025294,SJCL,49,48,31,477.0,14787.0
2021040804025594,SSHL,22,58,20,242.0,4840.0
2021040804025593,SSHL,41,58,50,244.0,12200.0
2021040804025566,SSHL,58,41,153,245.0,37485.0
2021040804025565,SSHL,58,36,500,245.0,122500.0
2021040804025564,SSHL,58,55,20,245.0,4900.0
2021040804025563,SSHL,58,39,20,245.0,4900.0
2021040804025562,SSHL,58,5,"1,307",245.0,320215.0
2021040804025549,SSHL,20,5,50,245.0,12250.0
2021040804025536,SSHL,41,45,50,244.0,12200.0
2021040804025320,SSHL,21,5,43,245.0,10535.0
2021040804025291,SSHL,1,8,50,245.0,12250.0
2021040804025507,STC,58,49,10,11200.0,112000.0
2021040804025506,STC,41,49,20,11200.0,224000.0
2021040804025505,STC,20,49,200,11200.0,2240000.0
2021040804025504,STC,42,49,10,11200.0,112000.0
2021040804025503,STC,33,49,50,11200.0,560000.0
2021040804025502,STC,26,49,10,11200.0,112000.0
2021040804025501,STC,44,49,30,11201.0,336030.0
2021040804025500,STC,8,49,20,11201.0,224020.0
2021040804025466,STC,48,7,10,11250.0,112500.0
2021040804025440,STC,10,38,10,11202.0,112020.0
2021040804025769,TRH,10,4,20,324.0,6480.0
2021040804025774,UIC,22,36,40,708.0,28320.0
2021040804025770,UIC,47,51,250,709.0,177250.0
2021040804025667,UIC,22,36,200,708.0,141600.0
2021040804025641,UIC,22,40,100,708.0,70800.0
2021040804025546,UIC,45,51,100,709.0,70900.0
2021040804025545,UIC,45,57,300,709.0,212700.0
2021040804025527,UIC,59,57,70,708.0,49560.0
2021040804025329,UIC,14,57,30,708.0,21240.0
2021040804025541,UMHL,11,3,15,192.0,2880.0
2021040804025421,UMHL,34,1,17,194.0,3298.0
2021040804025420,UMHL,34,46,23,194.0,4462.0
2021040804025419,UMHL,34,21,68,194.0,13192.0
2021040804025418,UMHL,34,5,10,194.0,1940.0
2021040804025417,UMHL,34,21,700,193.0,135100.0
2021040804025416,UMHL,34,5,800,193.0,154400.0
2021040804025415,UMHL,34,28,"1,000",192.0,192000.0
2021040804025414,UMHL,34,49,382,192.0,73344.0
2021040804025305,UMRH,49,45,10,307.0,3070.0
2021040804025762,UNHPL,25,14,110,133.0,14630.0
2021040804025523,UNHPL,37,50,200,134.0,26800.0
2021040804025522,UNHPL,14,50,10,134.0,1340.0
2021040804025718,UPCL,3,54,30,172.0,5160.0
2021040804025682,UPCL,34,43,200,173.0,34600.0
2021040804025630,UPCL,50,43,30,172.0,5160.0
2021040804025352,UPCL,46,43,500,173.0,86500.0
2021040804025358,UPCL,56,43,50,172.0,8600.0
2021040804025357,UPCL,19,43,50,172.0,8600.0
2021040804025356,UPCL,49,43,100,172.0,17200.0
2021040804025355,UPCL,58,43,500,172.0,86000.0
2021040804025354,UPCL,32,43,"1,000",172.0,172000.0
2021040804025353,UPCL,58,43,26,173.0,4498.0
2021040804025364,UPCL,25,43,300,172.0,51600.0
2021040804025363,UPCL,54,43,200,172.0,34400.0
2021040804025362,UPCL,55,43,"2,000",172.0,344000.0
2021040804025361,UPCL,35,43,100,172.0,17200.0
2021040804025360,UPCL,47,43,15,172.0,2580.0
2021040804025359,UPCL,26,43,"1,000",172.0,172000.0
2021040804025370,UPCL,14,43,200,172.0,34400.0
2021040804025369,UPCL,39,43,600,172.0,103200.0
2021040804025368,UPCL,34,43,100,172.0,17200.0
2021040804025367,UPCL,34,43,"1,000",172.0,172000.0
2021040804025366,UPCL,25,43,10,172.0,1720.0
2021040804025365,UPCL,36,43,"1,000",172.0,172000.0
2021040804025376,UPCL,38,43,10,172.0,1720.0
2021040804025375,UPCL,17,43,30,172.0,5160.0
2021040804025374,UPCL,42,43,"1,000",172.0,172000.0
2021040804025373,UPCL,8,43,50,172.0,8600.0
2021040804025372,UPCL,21,43,50,172.0,8600.0
2021040804025371,UPCL,5,43,500,172.0,86000.0
2021040804025382,UPCL,8,43,250,172.0,43000.0
2021040804025381,UPCL,56,43,200,172.0,34400.0
2021040804025380,UPCL,33,43,50,172.0,8600.0
2021040804025379,UPCL,49,43,500,172.0,86000.0
2021040804025378,UPCL,21,43,200,172.0,34400.0
2021040804025377,UPCL,7,43,100,172.0,17200.0
2021040804025491,UPCL,49,43,100,173.0,17300.0
2021040804025383,UPCL,45,43,174,172.0,29928.0
2021040804025629,UPCL,50,43,100,172.0,17200.0
2021040804025628,UPCL,52,43,200,172.0,34400.0
2021040804025627,UPCL,45,43,326,172.0,56072.0
2021040804025540,UPCL,49,43,30,173.0,5190.0
2021040804025772,UPPER,26,34,110,891.0,98010.0
2021040804025771,UPPER,13,34,390,891.0,347490.0
2021040804025749,UPPER,13,1,110,891.0,98010.0
2021040804025717,UPPER,51,34,5,890.0,4450.0
2021040804025716,UPPER,51,47,30,890.0,26700.0
2021040804025715,UPPER,49,47,20,890.0,17800.0
2021040804025315,UPPER,43,57,200,893.0,178600.0
2021040804025314,UPPER,38,57,100,893.0,89300.0
2021040804025334,UPPER,56,54,200,891.0,178200.0
2021040804025333,UPPER,48,54,500,891.0,445500.0
2021040804025332,UPPER,13,54,200,891.0,178200.0
2021040804025318,UPPER,11,57,100,892.0,89200.0
2021040804025317,UPPER,36,57,100,892.0,89200.0
2021040804025316,UPPER,35,57,11,892.0,9812.0
2021040804025340,UPPER,52,54,50,890.0,44500.0
2021040804025339,UPPER,25,54,100,890.0,89000.0
2021040804025338,UPPER,45,54,100,890.0,89000.0
2021040804025337,UPPER,54,54,30,890.0,26700.0
2021040804025336,UPPER,34,54,500,891.0,445500.0
2021040804025335,UPPER,49,54,30,891.0,26730.0
2021040804025441,UPPER,41,44,128,892.0,114176.0
2021040804025404,UPPER,6,44,372,892.0,331824.0
2021040804025403,UPPER,6,57,28,892.0,24976.0
2021040804025386,UPPER,49,57,462,892.0,412104.0
2021040804025342,UPPER,25,54,140,890.0,124600.0
2021040804025341,UPPER,48,54,50,890.0,44500.0
2021040804025459,UPPER,44,54,100,890.0,89000.0
2021040804025458,UPPER,22,54,"1,000",890.0,890000.0
2021040804025457,UPPER,14,54,40,890.0,35600.0
2021040804025456,UPPER,45,54,500,890.0,445000.0
2021040804025455,UPPER,25,54,60,890.0,53400.0
2021040804025454,UPPER,41,54,172,892.0,153424.0
2021040804025495,UPPER,14,32,10,892.0,8920.0
2021040804025484,UPPER,56,45,30,890.0,26700.0
2021040804025483,UPPER,44,45,20,892.0,17840.0
2021040804025462,UPPER,4,37,30,893.0,26790.0
2021040804025461,UPPER,56,54,28,890.0,24920.0
2021040804025460,UPPER,19,54,100,890.0,89000.0
2021040804025530,UPPER,28,38,60,890.0,53400.0
2021040804025529,UPPER,6,38,50,890.0,44500.0
2021040804025528,UPPER,3,38,152,890.0,135280.0
2021040804025498,UPPER,3,32,48,890.0,42720.0
2021040804025497,UPPER,58,32,300,890.0,267000.0
2021040804025496,UPPER,56,32,42,890.0,37380.0
2021040804025645,UPPER,39,57,62,890.0,55180.0
2021040804025639,UPPER,55,1,150,891.0,133650.0
2021040804025635,UPPER,51,1,40,891.0,35640.0
2021040804025602,UPPER,43,1,100,891.0,89100.0
2021040804025531,UPPER,39,38,38,890.0,33820.0
2021040804025651,UPPER,43,1,50,891.0,44550.0
2021040804025650,UPPER,35,57,235,890.0,209150.0
2021040804025649,UPPER,52,57,29,890.0,25810.0
2021040804025648,UPPER,11,57,25,890.0,22250.0
2021040804025647,UPPER,44,57,100,890.0,89000.0
2021040804025646,UPPER,3,57,50,890.0,44500.0
2021040804025708,UPPER,55,47,110,890.0,97900.0
2021040804025707,UPPER,38,47,400,890.0,356000.0
2021040804025706,UPPER,19,47,10,890.0,8900.0
2021040804025705,UPPER,44,47,50,890.0,44500.0
2021040804025704,UPPER,35,47,265,890.0,235850.0
2021040804025703,UPPER,58,1,50,891.0,44550.0
2021040804025714,UPPER,57,47,10,890.0,8900.0
2021040804025713,UPPER,32,47,200,890.0,178000.0
2021040804025712,UPPER,19,47,100,890.0,89000.0
2021040804025711,UPPER,18,47,15,890.0,13350.0
2021040804025710,UPPER,6,47,500,890.0,445000.0
2021040804025709,UPPER,41,47,500,890.0,445000.0
2021040804024980,AHPC,58,49,20,264.0,5280.0
2021040804024979,AHPC,14,49,250,264.0,66000.0
2021040804024825,AHPC,48,40,26,265.0,6890.0
2021040804025141,AIL,36,36,50,848.0,42400.0
2021040804025140,AIL,52,36,10,848.0,8480.0
2021040804025139,AIL,35,36,990,849.0,840510.0
2021040804025098,AIL,35,58,10,849.0,8490.0
2021040804025072,AIL,52,1,10,848.0,8480.0
2021040804025061,AIL,52,41,10,848.0,8480.0
2021040804024819,AIL,21,4,15,848.0,12720.0
2021040804024818,AIL,21,45,19,848.0,16112.0
2021040804024866,AIL,52,54,10,848.0,8480.0
2021040804024845,AIL,52,39,10,848.0,8480.0
2021040804024835,AIL,39,36,500,848.0,424000.0
2021040804024822,AIL,21,25,91,848.0,77168.0
2021040804024821,AIL,21,46,10,848.0,8480.0
2021040804024820,AIL,21,58,65,848.0,55120.0
2021040804025207,AKJCL,13,49,10,155.0,1550.0
2021040804025165,AKJCL,38,16,20,155.0,3100.0
2021040804024978,AKJCL,53,16,30,155.0,4650.0
2021040804025268,AKPL,39,49,887,331.0,293597.0
2021040804025209,AKPL,39,49,100,331.0,33100.0
2021040804025194,AKPL,39,22,13,331.0,4303.0
2021040804025193,AKPL,39,35,100,331.0,33100.0
2021040804025192,AKPL,39,58,321,331.0,106251.0
2021040804025191,AKPL,55,17,500,330.0,165000.0
2021040804024886,AKPL,28,58,250,331.0,82750.0
2021040804024885,AKPL,56,58,"2,532",331.0,838092.0
2021040804025007,AKPL,42,32,300,331.0,99300.0
2021040804025006,AKPL,1,32,910,331.0,301210.0
2021040804025005,AKPL,25,32,200,331.0,66200.0
2021040804025001,AKPL,39,35,100,332.0,33200.0
2021040804024888,AKPL,1,58,90,331.0,29790.0
2021040804024887,AKPL,7,58,100,331.0,33100.0
2021040804025013,AKPL,13,32,100,331.0,33100.0
2021040804025012,AKPL,4,32,100,331.0,33100.0
2021040804025011,AKPL,36,32,"1,450",331.0,479950.0
2021040804025010,AKPL,36,32,"1,450",331.0,479950.0
2021040804025009,AKPL,51,32,300,331.0,99300.0
2021040804025008,AKPL,41,32,200,331.0,66200.0
2021040804025019,AKPL,14,32,900,331.0,297900.0
2021040804025018,AKPL,17,32,20,331.0,6620.0
2021040804025017,AKPL,17,32,500,331.0,165500.0
2021040804025016,AKPL,56,32,"1,000",331.0,331000.0
2021040804025015,AKPL,45,32,"2,000",331.0,662000.0
2021040804025014,AKPL,41,32,100,331.0,33100.0
2021040804025190,AKPL,46,17,500,330.0,165000.0
2021040804025089,AKPL,14,58,649,331.0,214819.0
2021040804025065,AKPL,43,58,100,331.0,33100.0
2021040804025039,AKPL,39,58,130,331.0,43030.0
2021040804025021,AKPL,39,32,370,331.0,122470.0
2021040804025020,AKPL,6,32,100,331.0,33100.0
2021040804025266,API,49,57,10,330.0,3300.0
2021040804025172,API,39,34,500,329.0,164500.0
2021040804025171,API,34,34,251,329.0,82579.0
2021040804025160,API,34,22,50,329.0,16450.0
2021040804025158,API,34,33,50,329.0,16450.0
2021040804024893,API,34,46,10,329.0,3290.0
2021040804024854,API,34,47,139,329.0,45731.0
2021040804024853,API,41,47,100,329.0,32900.0
2021040804024852,API,53,47,61,329.0,20069.0
2021040804025182,BARUN,25,33,100,244.0,24400.0
2021040804025181,BARUN,25,33,500,244.0,122000.0
2021040804025180,BARUN,7,33,100,244.0,24400.0
2021040804025179,BARUN,34,33,300,244.0,73200.0
2021040804024968,BARUN,41,54,100,245.0,24500.0
2021040804024967,BARUN,51,54,200,245.0,49000.0
2021040804024966,BARUN,29,54,105,245.0,25725.0
2021040804025257,BPCL,29,58,11,422.0,4642.0
2021040804025071,BPCL,32,21,100,423.0,42300.0
2021040804024994,BPCL,38,21,12,423.0,5076.0
2021040804024837,BPCL,21,21,187,423.0,79101.0
2021040804025277,CGH,40,5,20,2621.0,52420.0
2021040804025276,CGH,45,5,30,2640.0,79200.0
2021040804025260,CGH,45,38,10,2640.0,26400.0
2021040804025258,CGH,45,51,10,2630.0,26300.0
2021040804025225,CGH,58,18,30,2645.0,79350.0
2021040804025224,CGH,58,3,50,2640.0,132000.0
2021040804024989,CGH,7,44,20,2620.0,52400.0
2021040804024971,CGH,17,58,10,2615.0,26150.0
2021040804024889,CGH,13,22,10,2615.0,26150.0
2021040804024823,CGH,51,41,10,2615.0,26150.0
2021040804025121,CGH,34,34,10,2620.0,26200.0
2021040804025069,CGH,17,45,50,2620.0,131000.0
2021040804025068,CGH,7,45,100,2620.0,262000.0
2021040804025067,CGH,28,47,10,2620.0,26200.0
2021040804024997,CGH,28,58,10,2620.0,26200.0
2021040804024992,CGH,28,44,80,2620.0,209600.0
2021040804025223,CGH,58,54,10,2635.0,26350.0
2021040804025222,CGH,58,22,10,2630.0,26300.0
2021040804025206,CGH,51,21,10,2620.0,26200.0
2021040804025185,CGH,51,11,10,2620.0,26200.0
2021040804025173,CGH,53,17,10,2630.0,26300.0
2021040804025129,CGH,34,47,10,2620.0,26200.0
2021040804025229,CHCL,40,45,400,667.0,266800.0
2021040804025228,CHCL,40,47,45,667.0,30015.0
2021040804025227,CHCL,40,29,55,667.0,36685.0
2021040804025187,CHCL,50,22,10,665.0,6650.0
2021040804025136,CHCL,25,29,45,667.0,30015.0
2021040804025114,CHCL,48,49,200,664.0,132800.0
2021040804024780,CHCL,1,33,250,667.0,166750.0
2021040804024779,CHCL,34,33,28,667.0,18676.0
2021040804024786,CHCL,16,33,432,666.0,287712.0
2021040804024785,CHCL,45,33,500,666.0,333000.0
2021040804024784,CHCL,39,33,400,666.0,266400.0
2021040804024783,CHCL,22,33,100,666.0,66600.0
2021040804024782,CHCL,33,33,100,667.0,66700.0
2021040804024781,CHCL,52,33,100,667.0,66700.0
2021040804024922,CHCL,36,6,200,665.0,133000.0
2021040804024921,CHCL,32,6,100,665.0,66500.0
2021040804024920,CHCL,28,6,"1,000",665.0,665000.0
2021040804024919,CHCL,16,6,68,666.0,45288.0
2021040804024883,CHCL,45,4,10,667.0,6670.0
2021040804024831,CHCL,25,4,23,667.0,15341.0
2021040804024928,CHCL,21,6,50,665.0,33250.0
2021040804024927,CHCL,45,6,30,665.0,19950.0
2021040804024926,CHCL,26,6,500,665.0,332500.0
2021040804024925,CHCL,36,6,250,665.0,166250.0
2021040804024924,CHCL,26,6,500,665.0,332500.0
2021040804024923,CHCL,33,6,50,665.0,33250.0
2021040804024934,CHCL,42,6,10,665.0,6650.0
2021040804024933,CHCL,34,6,200,665.0,133000.0
2021040804024932,CHCL,29,6,50,665.0,33250.0
2021040804024931,CHCL,16,6,500,665.0,332500.0
2021040804024930,CHCL,37,6,100,665.0,66500.0
2021040804024929,CHCL,45,6,50,665.0,33250.0
2021040804024940,CHCL,16,6,500,665.0,332500.0
2021040804024939,CHCL,36,6,100,665.0,66500.0
2021040804024938,CHCL,21,6,20,665.0,13300.0
2021040804024937,CHCL,50,6,200,665.0,133000.0
2021040804024936,CHCL,25,6,100,665.0,66500.0
2021040804024935,CHCL,43,6,50,665.0,33250.0
2021040804024946,CHCL,17,6,20,665.0,13300.0
2021040804024945,CHCL,28,6,100,665.0,66500.0
2021040804024944,CHCL,22,6,200,665.0,133000.0
2021040804024943,CHCL,11,6,25,665.0,16625.0
2021040804024942,CHCL,21,6,300,665.0,199500.0
2021040804024941,CHCL,58,6,300,665.0,199500.0
2021040804025085,CHCL,48,56,10,664.0,6640.0
2021040804025080,CHCL,52,6,727,665.0,483455.0
2021040804024998,CHCL,55,6,100,665.0,66500.0
2021040804024987,CHCL,48,56,10,664.0,6640.0
2021040804024948,CHCL,48,6,500,665.0,332500.0
2021040804024947,CHCL,17,6,100,665.0,66500.0
2021040804024917,CMF2,45,45,"1,000",11.0,11000.0
2021040804024916,CMF2,34,45,650,11.0,7150.0
2021040804025267,DHPL,49,43,50,125.0,6250.0
2021040804025126,DHPL,45,34,50,126.0,6300.0
2021040804025125,DHPL,45,57,50,126.0,6300.0
2021040804025226,EIC,45,40,30,770.0,23100.0
2021040804025214,EIC,58,40,64,770.0,49280.0
2021040804025213,EIC,58,33,36,770.0,27720.0
2021040804025123,EIC,45,33,14,770.0,10780.0
2021040804025106,EIC,21,57,100,771.0,77100.0
2021040804025063,EIC,45,38,15,770.0,11550.0
2021040804025047,EIC,45,39,22,770.0,16940.0
2021040804025046,EIC,57,39,100,770.0,77000.0
2021040804025045,EIC,11,39,30,770.0,23100.0
2021040804025044,EIC,42,39,100,770.0,77000.0
2021040804025043,EIC,45,39,168,770.0,129360.0
2021040804025023,GHL,48,45,10,164.0,1640.0
2021040804025221,GIC,1,47,10,732.0,7320.0
2021040804024973,GIC,10,50,555,735.0,407925.0
2021040804024977,GIC,1,50,180,732.0,131760.0
2021040804024976,GIC,51,50,10,732.0,7320.0
2021040804024975,GIC,19,50,25,734.0,18350.0
2021040804024974,GIC,10,50,150,734.0,110100.0
2021040804025275,GLH,57,25,10,410.0,4100.0
2021040804025259,GLH,57,41,10,410.0,4100.0
2021040804025256,GLH,57,47,10,410.0,4100.0
2021040804025208,GLH,57,17,200,410.0,82000.0
2021040804025161,GLH,57,3,10,410.0,4100.0
2021040804025157,GLH,57,26,10,410.0,4100.0
2021040804024851,GLH,57,28,10,410.0,4100.0
2021040804024849,GLH,57,58,10,410.0,4100.0
2021040804024834,GLH,57,34,10,410.0,4100.0
2021040804024824,GLH,57,14,10,410.0,4100.0
2021040804024808,GLH,57,21,10,410.0,4100.0
2021040804025073,GLH,57,38,10,410.0,4100.0
2021040804024986,GLH,57,33,10,410.0,4100.0
2021040804024954,GLH,57,26,10,410.0,4100.0
2021040804024918,GLH,57,51,10,410.0,4100.0
2021040804024903,GLH,57,28,10,410.0,4100.0
2021040804024895,GLH,57,59,10,410.0,4100.0
2021040804025150,GLH,57,14,10,410.0,4100.0
2021040804025134,GLH,57,3,10,410.0,4100.0
2021040804025120,GLH,57,56,10,410.0,4100.0
2021040804025116,GLH,57,14,10,410.0,4100.0
2021040804025105,GLH,57,1,10,410.0,4100.0
2021040804025075,GLH,57,14,10,410.0,4100.0
2021040804025249,HDHPC,58,54,500,152.0,76000.0
2021040804025248,HDHPC,58,51,322,152.0,48944.0
2021040804025235,HDHPC,40,51,500,152.0,76000.0
2021040804025149,HDHPC,39,51,146,152.0,22192.0
2021040804025146,HDHPC,39,14,54,152.0,8208.0
2021040804025145,HDHPC,49,14,170,152.0,25840.0
2021040804025057,HDHPC,54,45,221,152.0,33592.0
2021040804024839,HDHPC,41,49,200,153.0,30600.0
2021040804024817,HDHPC,36,49,500,153.0,76500.0
2021040804025144,HDHPC,41,14,100,152.0,15200.0
2021040804025143,HDHPC,58,14,250,152.0,38000.0
2021040804025142,HDHPC,59,14,426,152.0,64752.0
2021040804025060,HDHPC,59,45,174,152.0,26448.0
2021040804025059,HDHPC,21,45,65,152.0,9880.0
2021040804025058,HDHPC,28,45,10,152.0,1520.0
2021040804025247,HGI,17,55,120,784.0,94080.0
2021040804025246,HGI,17,20,50,784.0,39200.0
2021040804025245,HGI,17,20,30,784.0,23520.0
2021040804025176,HGI,22,20,170,784.0,133280.0
2021040804025175,HGI,22,5,20,783.0,15660.0
2021040804025137,HGI,28,5,80,783.0,62640.0
2021040804025130,HGI,28,11,20,783.0,15660.0
2021040804025081,HGI,28,48,100,783.0,78300.0
2021040804025128,HPPL,22,51,10,401.0,4010.0
2021040804024833,HPPL,22,19,50,401.0,20050.0
2021040804025242,HURJA,37,45,20,334.0,6680.0
2021040804025241,HURJA,37,45,20,334.0,6680.0
2021040804025240,HURJA,37,52,10,334.0,3340.0
2021040804025239,HURJA,37,46,20,334.0,6680.0
2021040804025166,HURJA,11,1,20,333.0,6660.0
2021040804024972,IGI,13,25,220,1235.0,271700.0
2021040804025070,IGI,7,29,117,1236.0,144612.0
2021040804025133,JOSHI,34,49,20,137.0,2740.0
2021040804025056,JOSHI,34,29,20,137.0,2740.0
2021040804025177,KKHC,45,57,42,133.0,5586.0
2021040804024855,KKHC,10,49,50,134.0,6700.0
2021040804024999,KPCL,41,29,10,285.0,2850.0
2021040804025147,LEC,50,52,100,305.0,30500.0
2021040804025000,LEC,50,26,10,305.0,3050.0
2021040804024983,LEC,50,29,20,305.0,6100.0
2021040804025151,LGIL,10,43,50,819.0,40950.0
2021040804025109,LGIL,54,44,50,820.0,41000.0
2021040804025108,LGIL,54,51,20,820.0,16400.0
2021040804024810,LGIL,28,21,50,819.0,40950.0
2021040804024809,LGIL,28,32,754,819.0,617526.0
2021040804025037,LUK,33,22,200,10.2,2040.0
2021040804025178,MEN,58,26,10,726.0,7260.0
2021040804025152,MEN,58,21,10,726.0,7260.0
2021040804025090,MEN,58,28,10,726.0,7260.0
2021040804024952,MEN,58,29,10,726.0,7260.0
2021040804024890,MEN,4,10,80,731.0,58480.0
2021040804024799,MEN,4,10,100,731.0,73100.0
2021040804024792,MEN,4,41,10,730.0,7300.0
2021040804024791,MEN,4,49,10,730.0,7300.0
2021040804024790,MEN,4,7,10,729.0,7290.0
2021040804024789,MEN,4,43,10,728.0,7280.0
2021040804024788,MEN,4,49,10,727.0,7270.0
2021040804024787,MEN,4,49,10,727.0,7270.0
2021040804024798,MEN,4,22,10,731.0,7310.0
2021040804024797,MEN,4,4,10,730.0,7300.0
2021040804024796,MEN,4,28,10,730.0,7300.0
2021040804024795,MEN,4,38,10,730.0,7300.0
2021040804024794,MEN,4,14,10,730.0,7300.0
2021040804024793,MEN,4,41,10,730.0,7300.0
2021040804025210,MHNL,28,51,30,258.0,7740.0
2021040804024964,MHNL,14,41,40,257.0,10280.0
2021040804024884,MHNL,14,29,30,257.0,7710.0
2021040804025111,NGPL,52,22,100,252.0,25200.0
2021040804025110,NGPL,52,14,10,252.0,2520.0
2021040804025127,NHPC,58,1,200,173.0,34600.0
2021040804025048,NHPC,38,40,"1,000",173.0,173000.0
2021040804025036,NICL,14,34,150,816.0,122400.0
2021040804024900,NICL,14,51,100,816.0,81600.0
2021040804024899,NICL,45,51,25,816.0,20400.0
2021040804024898,NICL,20,51,25,816.0,20400.0
2021040804024897,NICL,21,51,100,816.0,81600.0
2021040804024896,NICL,3,51,50,816.0,40800.0
2021040804025184,NIL,41,33,80,1662.0,132960.0
2021040804025103,NIL,6,33,100,1662.0,166200.0
2021040804025092,NIL,53,33,300,1662.0,498600.0
2021040804025091,NIL,35,33,350,1665.0,582750.0
2021040804024906,NIL,35,57,500,1665.0,832500.0
2021040804024905,NIL,35,51,50,1665.0,83250.0
2021040804024874,NIL,17,48,100,1660.0,166000.0
2021040804024873,NIL,45,48,50,1661.0,83050.0
2021040804024872,NIL,38,48,100,1661.0,166100.0
2021040804024871,NIL,44,48,50,1662.0,83100.0
2021040804024870,NIL,57,48,20,1662.0,33240.0
2021040804024838,NIL,1,45,50,1663.0,83150.0
2021040804024904,NIL,35,45,100,1663.0,166300.0
2021040804024879,NIL,41,48,420,1660.0,697200.0
2021040804024878,NIL,55,48,200,1660.0,332000.0
2021040804024877,NIL,45,48,500,1660.0,830000.0
2021040804024876,NIL,49,48,50,1660.0,83000.0
2021040804024875,NIL,57,48,10,1660.0,16600.0
2021040804025215,NLG,58,44,85,1140.0,96900.0
2021040804025195,NLG,28,44,200,1140.0,228000.0
2021040804024984,NLG,50,44,100,1140.0,114000.0
2021040804024813,NLG,41,43,50,1136.0,56800.0
2021040804024857,NLG,19,44,30,1140.0,34200.0
2021040804024846,NLG,40,44,400,1140.0,456000.0
2021040804024816,NLG,6,43,10,1136.0,11360.0
2021040804024815,NLG,18,43,20,1136.0,22720.0
2021040804024814,NLG,41,43,120,1136.0,136320.0
2021040804025250,PIC,54,28,40,1309.0,52360.0
2021040804025202,PIC,18,48,10,1309.0,13090.0
2021040804025135,PIC,45,4,228,1306.0,297768.0
2021040804025102,PIC,50,5,21,1302.0,27342.0
2021040804025101,PIC,38,5,80,1302.0,104160.0
2021040804025097,PIC,38,45,20,1302.0,26040.0
2021040804025264,PICL,41,36,137,877.0,120149.0
2021040804025263,PICL,58,36,25,877.0,21925.0
2021040804025262,PICL,42,36,18,877.0,15786.0
2021040804025261,PICL,55,36,20,878.0,17560.0
2021040804025124,PICL,55,36,100,878.0,87800.0
2021040804025041,PICL,14,19,50,880.0,44000.0
2021040804025040,PICL,14,41,50,879.0,43950.0
2021040804024844,PICL,55,34,80,878.0,70240.0
2021040804024843,PICL,54,34,100,878.0,87800.0
2021040804024842,PICL,33,34,100,878.0,87800.0
2021040804024841,PICL,32,34,20,878.0,17560.0
2021040804024840,PICL,58,34,100,879.0,87900.0
2021040804025096,PPCL,8,45,50,306.0,15300.0
2021040804025220,PRIN,38,39,40,958.0,38320.0
2021040804025219,PRIN,58,39,10,958.0,9580.0
2021040804025218,PRIN,7,39,200,959.0,191800.0
2021040804025122,RADHI,26,35,275,467.0,128425.0
2021040804025113,RADHI,34,43,11,465.0,5115.0
2021040804025112,RADHI,19,43,39,465.0,18135.0
2021040804024915,RADHI,19,1,11,465.0,5115.0
2021040804024892,RADHI,19,25,38,465.0,17670.0
2021040804024778,RBCL,47,38,30,18050.0,541500.0
2021040804025162,RHPC,45,53,300,213.0,63900.0
2021040804025042,RHPC,19,53,50,213.0,10650.0
2021040804024965,RHPC,38,26,160,212.0,33920.0
2021040804024960,RHPC,35,26,"1,000",212.0,212000.0
2021040804024959,RHPC,49,26,10,212.0,2120.0
2021040804024958,RHPC,22,26,100,212.0,21200.0
2021040804024957,RHPC,36,26,100,212.0,21200.0
2021040804024956,RHPC,41,26,20,212.0,4240.0
2021040804024955,RHPC,44,26,100,212.0,21200.0
2021040804025233,RHPL,42,39,40,505.0,20200.0
2021040804025232,RHPL,32,39,40,505.0,20200.0
2021040804025231,RHPL,32,6,10,505.0,5050.0
2021040804025230,RHPL,43,6,50,505.0,25250.0
2021040804025138,RHPL,41,34,10,506.0,5060.0
2021040804025079,RHPL,43,59,50,505.0,25250.0
2021040804024961,RHPL,46,50,40,507.0,20280.0
2021040804024894,RHPL,46,41,50,507.0,25350.0
2021040804024891,RHPL,41,34,200,508.0,101600.0
2021040804024832,RHPL,46,19,70,507.0,35490.0
2021040804024829,RHPL,41,34,30,508.0,15240.0
2021040804025024,RHPL,45,34,170,507.0,86190.0
2021040804024988,RHPL,45,34,200,508.0,101600.0
2021040804024970,RHPL,45,16,10,507.0,5070.0
2021040804024969,RHPL,45,41,10,507.0,5070.0
2021040804024963,RHPL,45,50,60,507.0,30420.0
2021040804024962,RHPL,4,50,200,507.0,101400.0
2021040804025030,RHPL,41,34,650,506.0,328900.0
2021040804025029,RHPL,14,34,100,506.0,50600.0
2021040804025028,RHPL,53,34,"1,000",506.0,506000.0
2021040804025027,RHPL,49,34,50,506.0,25300.0
2021040804025026,RHPL,22,34,200,506.0,101200.0
2021040804025025,RHPL,56,34,10,506.0,5060.0
2021040804025062,RHPL,22,34,100,506.0,50600.0
2021040804025035,RHPL,34,34,50,506.0,25300.0
2021040804025034,RHPL,55,34,100,506.0,50600.0
2021040804025033,RHPL,43,34,200,506.0,101200.0
2021040804025032,RHPL,22,34,30,506.0,15180.0
2021040804025031,RHPL,57,34,500,506.0,253000.0
2021040804025148,SEF,37,41,"1,500",12.15,18225.0
2021040804025265,SGI,29,36,10,788.0,7880.0
2021040804025212,SGI,29,26,10,788.0,7880.0
2021040804025196,SGI,35,47,10,788.0,7880.0
2021040804025093,SGI,19,50,25,789.0,19725.0
2021040804025074,SGI,35,26,10,788.0,7880.0
2021040804024995,SGI,38,38,10,789.0,7890.0
2021040804024953,SGI,38,28,10,789.0,7890.0
2021040804024858,SGI,38,44,10,789.0,7890.0
2021040804025238,SHL,56,42,150,202.0,30300.0
2021040804025237,SHL,56,57,350,202.0,70700.0
2021040804025078,SHL,52,29,500,201.0,100500.0
2021040804025077,SHL,52,22,500,201.0,100500.0
2021040804025076,SHL,52,29,200,201.0,40200.0
2021040804025244,SHPC,34,13,10,373.0,3730.0
2021040804025243,SHPC,45,13,50,373.0,18650.0
2021040804025164,SHPC,49,32,713,375.0,267375.0
2021040804024882,SHPC,25,25,100,374.0,37400.0
2021040804024881,SHPC,25,57,100,374.0,37400.0
2021040804024880,SHPC,25,39,60,374.0,22440.0
2021040804025155,SHPC,49,43,47,375.0,17625.0
2021040804025154,SHPC,49,29,440,375.0,165000.0
2021040804025107,SHPC,25,29,60,375.0,22500.0
2021040804025186,SIC,13,22,100,1700.0,170000.0
2021040804024985,SIC,13,53,35,1700.0,59500.0
2021040804024848,SIC,13,35,125,1700.0,212500.0
2021040804024836,SIC,13,32,488,1700.0,829600.0
2021040804024830,SIC,4,25,20,1699.0,33980.0
2021040804024812,SIC,4,32,12,1700.0,20400.0
2021040804024811,SIC,4,53,88,1700.0,149600.0
2021040804025201,SICL,58,14,68,1933.0,131444.0
2021040804025200,SICL,52,14,50,1933.0,96650.0
2021040804025199,SICL,42,14,70,1933.0,135310.0
2021040804025198,SICL,35,14,812,1933.0,1569596.0
2021040804024981,SICL,35,36,"1,000",1933.0,1933000.0
2021040804024868,SICL,19,52,30,1934.0,58020.0
2021040804024867,SICL,34,52,50,1934.0,96700.0
2021040804025174,SIL,33,42,10,1268.0,12680.0
2021040804025274,SJCL,6,6,30,476.0,14280.0
2021040804025273,SJCL,32,6,10,476.0,4760.0
2021040804025272,SJCL,41,6,20,476.0,9520.0
2021040804025236,SJCL,41,41,40,476.0,19040.0
2021040804025156,SJCL,41,59,40,476.0,19040.0
2021040804025100,SJCL,41,51,400,476.0,190400.0
2021040804024950,SJCL,1,49,20,477.0,9540.0
2021040804024949,SJCL,1,21,15,477.0,7155.0
2021040804025099,SJCL,32,51,100,476.0,47600.0
2021040804025095,SJCL,8,48,69,477.0,32913.0
2021040804025094,SJCL,8,21,35,477.0,16695.0
2021040804024991,SJCL,3,32,15,475.0,7125.0
2021040804024990,SJCL,56,32,25,476.0,11900.0
2021040804024951,SJCL,1,21,65,477.0,31005.0
2021040804024800,SPDL,33,41,15,272.0,4080.0
2021040804025104,SSHL,1,8,100,245.0,24500.0
2021040804024856,SSHL,55,33,163,246.0,40098.0
2021040804025188,STC,48,52,10,11249.0,112490.0
2021040804025084,UIC,37,41,100,708.0,70800.0
2021040804025083,UIC,37,55,188,708.0,133104.0
2021040804025054,UIC,57,43,40,707.0,28280.0
2021040804025217,UMHL,14,49,"1,120",192.0,215040.0
2021040804025216,UMHL,34,49,"1,498",192.0,287616.0
2021040804025205,UMHL,59,5,200,193.0,38600.0
2021040804024862,UMHL,34,50,100,192.0,19200.0
2021040804024861,UMHL,34,39,500,192.0,96000.0
2021040804024860,UMHL,34,7,500,190.0,95000.0
2021040804024859,UMHL,34,49,"1,356",190.0,257640.0
2021040804024847,UMHL,17,49,100,190.0,19000.0
2021040804024865,UMHL,34,45,14,192.0,2688.0
2021040804024864,UMHL,34,50,500,192.0,96000.0
2021040804024863,UMHL,34,51,10,192.0,1920.0
2021040804025153,UMHL,34,38,10,192.0,1920.0
2021040804025082,UMHL,34,41,12,192.0,2304.0
2021040804024901,UMHL,34,33,500,192.0,96000.0
2021040804025022,UMRH,44,28,10,306.0,3060.0
2021040804025066,UNHPL,43,36,937,134.0,125558.0
2021040804024993,UNHPL,54,36,63,134.0,8442.0
2021040804025271,UPCL,51,43,30,173.0,5190.0
2021040804025270,UPCL,38,43,45,173.0,7785.0
2021040804025269,UPCL,51,43,100,173.0,17300.0
2021040804025170,UPCL,52,43,100,173.0,17300.0
2021040804025115,UPCL,29,38,460,174.0,80040.0
2021040804024826,UPCL,51,43,110,174.0,19140.0
2021040804024909,UPCL,52,43,250,173.0,43250.0
2021040804024908,UPCL,46,43,550,173.0,95150.0
2021040804024907,UPCL,49,43,500,173.0,86500.0
2021040804024869,UPCL,51,32,200,175.0,35000.0
2021040804024828,UPCL,48,43,"1,000",174.0,174000.0
2021040804024827,UPCL,47,43,500,174.0,87000.0
2021040804024914,UPCL,38,43,200,173.0,34600.0
2021040804024913,UPCL,32,43,200,173.0,34600.0
2021040804024912,UPCL,41,43,100,173.0,17300.0
2021040804024911,UPCL,34,43,"1,000",173.0,173000.0
2021040804024910,UPCL,45,43,"1,000",173.0,173000.0
2021040804025053,UPCL,36,32,80,175.0,14000.0
2021040804025049,UPCL,29,36,40,174.0,6960.0
2021040804025255,UPPER,35,51,69,892.0,61548.0
2021040804025254,UPPER,58,51,500,892.0,446000.0
2021040804025253,UPPER,32,51,50,892.0,44600.0
2021040804025252,UPPER,58,51,182,892.0,162344.0
2021040804025251,UPPER,19,51,199,893.0,177707.0
2021040804025234,UPPER,19,28,100,893.0,89300.0
2021040804024806,UPPER,43,47,100,895.0,89500.0
2021040804024805,UPPER,5,47,455,895.0,407225.0
2021040804024804,UPPER,28,47,10,895.0,8950.0
2021040804024803,UPPER,47,47,200,895.0,179000.0
2021040804024802,UPPER,45,47,140,895.0,125300.0
2021040804024801,UPPER,38,47,22,895.0,19690.0
2021040804024996,UPPER,3,48,50,895.0,44750.0
2021040804024982,UPPER,6,48,50,895.0,44750.0
2021040804024902,UPPER,58,48,65,895.0,58175.0
2021040804024850,UPPER,58,34,15,895.0,13425.0
2021040804024807,UPPER,58,47,50,895.0,44750.0
2021040804025050,UPPER,40,50,190,894.0,169860.0
2021040804025038,UPPER,40,55,50,894.0,44700.0
2021040804025004,UPPER,33,52,40,895.0,35800.0
2021040804025003,UPPER,33,45,25,895.0,22375.0
2021040804025002,UPPER,33,48,35,895.0,31325.0
2021040804025086,UPPER,56,47,27,894.0,24138.0
2021040804025064,UPPER,40,47,65,894.0,58110.0
2021040804025055,UPPER,6,47,297,894.0,265518.0
2021040804025052,UPPER,6,50,203,894.0,181482.0
2021040804025051,UPPER,7,50,100,894.0,89400.0
2021040804025131,UPPER,32,47,50,893.0,44650.0
2021040804025119,UPPER,32,48,50,893.0,44650.0
2021040804025118,UPPER,58,48,50,893.0,44650.0
2021040804025117,UPPER,46,48,100,893.0,89300.0
2021040804025088,UPPER,35,47,100,894.0,89400.0
2021040804025087,UPPER,40,47,55,894.0,49170.0
2021040804025169,UPPER,45,1,98,892.0,87416.0
2021040804025168,UPPER,38,1,20,892.0,17840.0
2021040804025167,UPPER,57,1,32,892.0,28544.0
2021040804025163,UPPER,17,47,100,893.0,89300.0
2021040804025159,UPPER,22,43,100,893.0,89300.0
2021040804025132,UPPER,28,47,10,893.0,8930.0
2021040804025211,UPPER,19,47,26,893.0,23218.0
2021040804025204,UPPER,49,47,10,893.0,8930.0
2021040804025203,UPPER,58,43,100,892.0,89200.0
2021040804025197,UPPER,58,41,50,892.0,44600.0
2021040804025189,UPPER,7,47,100,893.0,89300.0
2021040804025183,UPPER,58,1,68,892.0,60656.0
2021040804024580,AHPC,48,26,74,265.0,19610.0
2021040804024579,AHPC,51,26,26,265.0,6890.0
2021040804024410,AHPC,51,6,74,265.0,19610.0
2021040804024383,AHPC,18,6,10,265.0,2650.0
2021040804024316,AHPC,21,6,16,265.0,4240.0
2021040804024293,AHPC,21,26,284,265.0,75260.0
2021040804024292,AHPC,38,26,70,265.0,18550.0
2021040804024291,AHPC,53,26,500,265.0,132500.0
2021040804024290,AHPC,13,26,446,265.0,118190.0
2021040804024289,AHPC,47,14,500,266.0,133000.0
2021040804024773,AIL,5,45,20,848.0,16960.0
2021040804024697,AIL,51,4,40,848.0,33920.0
2021040804024601,AIL,21,45,50,848.0,42400.0
2021040804024599,AIL,55,45,11,848.0,9328.0
2021040804024598,AIL,55,45,189,848.0,160272.0
2021040804024576,AIL,16,45,10,848.0,8480.0
2021040804024335,AIL,39,48,40,848.0,33920.0
2021040804024298,AIL,39,43,10,848.0,8480.0
2021040804024575,AIL,19,45,20,848.0,16960.0
2021040804024574,AIL,36,45,50,848.0,42400.0
2021040804024573,AIL,39,45,31,848.0,26288.0
2021040804024489,AIL,39,44,10,848.0,8480.0
2021040804024485,AIL,39,39,50,848.0,42400.0
2021040804024462,AIL,39,14,10,848.0,8480.0
2021040804024595,AKJCL,55,16,46,155.0,7130.0
2021040804024402,AKJCL,21,16,300,155.0,46500.0
2021040804024401,AKJCL,53,16,100,155.0,15500.0
2021040804024400,AKJCL,26,16,400,155.0,62000.0
2021040804024399,AKJCL,58,16,60,155.0,9300.0
2021040804024398,AKJCL,45,16,30,155.0,4650.0
2021040804024354,AKJCL,45,6,40,156.0,6240.0
2021040804024397,AKJCL,22,16,155,155.0,24025.0
2021040804024396,AKJCL,41,16,100,155.0,15500.0
2021040804024395,AKJCL,29,16,100,155.0,15500.0
2021040804024394,AKJCL,57,16,21,155.0,3255.0
2021040804024393,AKJCL,45,16,134,155.0,20770.0
2021040804024368,AKJCL,45,14,20,155.0,3100.0
2021040804024774,API,5,57,"1,000",330.0,330000.0
2021040804024710,API,43,57,10,330.0,3300.0
2021040804024698,API,58,57,10,330.0,3300.0
2021040804024684,API,53,18,300,329.0,98700.0
2021040804024565,API,53,22,639,329.0,210231.0
2021040804024564,API,20,22,"1,000",329.0,329000.0
2021040804024563,API,58,22,50,329.0,16450.0
2021040804024432,API,58,4,4,329.0,1316.0
2021040804024431,API,58,49,16,329.0,5264.0
2021040804024547,BARUN,59,21,525,246.0,129150.0
2021040804024529,BARUN,19,58,250,247.0,61750.0
2021040804024441,BARUN,59,41,40,246.0,9840.0
2021040804024295,BARUN,59,52,"1,000",246.0,246000.0
2021040804024705,BPCL,21,54,13,423.0,5499.0
2021040804024493,BPCL,29,22,14,422.0,5908.0
2021040804024492,BPCL,45,22,100,422.0,42200.0
2021040804024491,BPCL,57,22,100,422.0,42200.0
2021040804024348,BPCL,29,59,160,422.0,67520.0
2021040804024347,BPCL,6,59,100,422.0,42200.0
2021040804024346,BPCL,41,59,50,422.0,21100.0
2021040804024345,BPCL,45,59,50,422.0,21100.0
2021040804024344,BPCL,43,59,48,423.0,20304.0
2021040804024490,BPCL,28,22,28,422.0,11816.0
2021040804024442,BPCL,14,59,13,424.0,5512.0
2021040804024377,BPCL,28,41,50,422.0,21100.0
2021040804024351,BPCL,28,59,22,422.0,9284.0
2021040804024350,BPCL,34,59,20,422.0,8440.0
2021040804024349,BPCL,50,59,50,422.0,21100.0
2021040804024700,CGH,28,51,10,2610.0,26100.0
2021040804024674,CGH,28,41,10,2610.0,26100.0
2021040804024641,CGH,28,11,10,2610.0,26100.0
2021040804024640,CGH,28,39,110,2610.0,287100.0
2021040804024638,CGH,53,48,10,2600.0,26000.0
2021040804024637,CGH,35,48,10,2601.0,26010.0
2021040804024313,CGH,28,41,10,2635.0,26350.0
2021040804024365,CGH,6,39,50,2615.0,130750.0
2021040804024364,CGH,33,39,50,2620.0,131000.0
2021040804024363,CGH,53,39,35,2620.0,91700.0
2021040804024362,CGH,28,39,50,2622.0,131100.0
2021040804024361,CGH,56,39,40,2625.0,105000.0
2021040804024360,CGH,39,39,10,2630.0,26300.0
2021040804024438,CGH,53,39,10,2612.0,26120.0
2021040804024437,CGH,3,39,30,2613.0,78390.0
2021040804024436,CGH,43,39,25,2614.0,65350.0
2021040804024435,CGH,36,39,10,2615.0,26150.0
2021040804024434,CGH,53,39,50,2615.0,130750.0
2021040804024366,CGH,57,39,50,2615.0,130750.0
2021040804024521,CGH,6,49,10,2630.0,26300.0
2021040804024520,CGH,6,58,10,2630.0,26300.0
2021040804024519,CGH,6,21,10,2630.0,26300.0
2021040804024518,CGH,6,8,10,2630.0,26300.0
2021040804024440,CGH,38,39,40,2610.0,104400.0
2021040804024439,CGH,38,39,50,2612.0,130600.0
2021040804024614,CGH,59,22,10,2607.0,26070.0
2021040804024550,CGH,36,39,10,2610.0,26100.0
2021040804024532,CGH,50,39,50,2610.0,130500.0
2021040804024531,CGH,38,39,270,2610.0,704700.0
2021040804024530,CGH,52,39,20,2615.0,52300.0
2021040804024522,CGH,6,21,10,2640.0,26400.0
2021040804024624,CGH,36,48,20,2605.0,52100.0
2021040804024623,CGH,25,48,30,2606.0,78180.0
2021040804024622,CGH,44,48,50,2607.0,130350.0
2021040804024621,CGH,52,39,20,2610.0,52200.0
2021040804024616,CGH,35,39,50,2610.0,130500.0
2021040804024615,CGH,59,39,10,2610.0,26100.0
2021040804024630,CGH,54,48,50,2602.0,130100.0
2021040804024629,CGH,20,48,20,2602.0,52040.0
2021040804024628,CGH,54,48,100,2602.0,260200.0
2021040804024627,CGH,57,48,10,2605.0,26050.0
2021040804024626,CGH,19,48,10,2605.0,26050.0
2021040804024625,CGH,35,48,10,2605.0,26050.0
2021040804024636,CGH,28,48,50,2601.0,130050.0
2021040804024635,CGH,45,48,10,2601.0,26010.0
2021040804024634,CGH,56,48,50,2601.0,130050.0
2021040804024633,CGH,57,48,500,2602.0,1301000.0
2021040804024632,CGH,45,48,20,2602.0,52040.0
2021040804024631,CGH,33,48,50,2602.0,130100.0
2021040804024494,CHCL,34,56,10,667.0,6670.0
2021040804024392,CHCL,16,6,318,668.0,212424.0
2021040804024391,CHCL,16,28,182,668.0,121576.0
2021040804024359,CHCL,57,28,50,668.0,33400.0
2021040804024358,CHCL,58,28,45,668.0,30060.0
2021040804024357,CHCL,47,28,20,668.0,13360.0
2021040804024352,CHCL,47,33,70,668.0,46760.0
2021040804024317,CHCL,47,56,10,668.0,6680.0
2021040804024314,CHCL,32,1,500,668.0,334000.0
2021040804024572,CHL,45,21,100,226.0,22600.0
2021040804024590,CMF1,37,17,500,10.55,5275.0
2021040804024296,CMF2,34,17,"1,000",11.0,11000.0
2021040804024375,DHPL,17,57,20,126.0,2520.0
2021040804024589,EIC,45,40,32,770.0,24640.0
2021040804024588,EIC,58,40,20,770.0,15400.0
2021040804024587,EIC,22,40,300,770.0,231000.0
2021040804024586,EIC,39,40,10,770.0,7700.0
2021040804024585,EIC,58,40,500,770.0,385000.0
2021040804024584,EIC,58,40,31,770.0,23870.0
2021040804024452,EIC,49,13,70,770.0,53900.0
2021040804024451,EIC,38,13,100,770.0,77000.0
2021040804024450,EIC,58,13,30,770.0,23100.0
2021040804024449,EIC,21,13,200,771.0,154200.0
2021040804024372,EIC,58,21,10,770.0,7700.0
2021040804024338,EIC,41,34,24,770.0,18480.0
2021040804024562,EIC,58,38,469,770.0,361130.0
2021040804024561,EIC,37,38,10,770.0,7700.0
2021040804024560,EIC,51,38,35,771.0,26985.0
2021040804024466,EIC,37,39,70,770.0,53900.0
2021040804024465,EIC,49,39,230,770.0,177100.0
2021040804024464,EIC,42,39,200,770.0,154000.0
2021040804024712,GHL,50,45,29,164.0,4756.0
2021040804024711,GHL,50,51,231,164.0,37884.0
2021040804024468,GHL,19,51,20,164.0,3280.0
2021040804024467,GHL,19,45,100,164.0,16400.0
2021040804024767,GIC,55,45,10,734.0,7340.0
2021040804024766,GIC,55,32,90,734.0,66060.0
2021040804024702,GIC,51,41,10,733.0,7330.0
2021040804024701,GIC,51,22,10,733.0,7330.0
2021040804024304,GIC,51,39,10,732.0,7320.0
2021040804024427,GIC,53,36,580,733.0,425140.0
2021040804024379,GIC,51,19,100,732.0,73200.0
2021040804024376,GIC,51,51,10,732.0,7320.0
2021040804024535,GIC,51,28,10,732.0,7320.0
2021040804024484,GIMES1,26,7,"5,000",15.74,78700.0
2021040804024483,GIMES1,26,7,"5,000",15.74,78700.0
2021040804024482,GIMES1,26,7,"4,000",15.74,62960.0
2021040804024481,GIMES1,58,7,"10,000",15.75,157500.0
2021040804024480,GIMES1,57,7,"12,000",15.76,189120.0
2021040804024479,GIMES1,43,7,"10,000",15.77,157700.0
2021040804024478,GIMES1,37,7,"10,000",15.78,157800.0
2021040804024775,GLH,57,51,10,410.0,4100.0
2021040804024768,GLH,57,38,10,410.0,4100.0
2021040804024706,GLH,57,55,10,410.0,4100.0
2021040804024704,GLH,57,58,10,410.0,4100.0
2021040804024692,GLH,57,38,10,410.0,4100.0
2021040804024673,GLH,57,34,10,410.0,4100.0
2021040804024326,GLH,57,45,20,410.0,8200.0
2021040804024312,GLH,57,51,10,410.0,4100.0
2021040804024287,GLH,57,58,10,410.0,4100.0
2021040804024495,GLH,33,38,10,410.0,4100.0
2021040804024470,GLH,33,36,10,410.0,4100.0
2021040804024455,GLH,57,51,10,410.0,4100.0
2021040804024430,GLH,57,36,10,410.0,4100.0
2021040804024388,GLH,57,17,10,410.0,4100.0
2021040804024353,GLH,57,3,10,410.0,4100.0
2021040804024591,GLH,33,56,10,410.0,4100.0
2021040804024553,GLH,33,38,10,410.0,4100.0
2021040804024534,GLH,33,3,10,410.0,4100.0
2021040804024533,GLH,33,58,70,410.0,28700.0
2021040804024526,GLH,33,41,10,410.0,4100.0
2021040804024524,GLH,33,38,10,410.0,4100.0
2021040804024672,GLH,33,34,10,410.0,4100.0
2021040804024667,GLH,33,34,10,410.0,4100.0
2021040804024651,GLH,33,43,10,410.0,4100.0
2021040804024610,GLH,33,22,10,410.0,4100.0
2021040804024603,GLH,33,38,10,410.0,4100.0
2021040804024592,GLH,33,41,10,410.0,4100.0
2021040804024713,HDHPC,47,49,50,153.0,7650.0
2021040804024688,HDHPC,54,10,279,152.0,42408.0
2021040804024687,HDHPC,28,10,"1,981",152.0,301112.0
2021040804024666,HDHPC,28,57,500,152.0,76000.0
2021040804024571,HDHPC,28,10,19,152.0,2888.0
2021040804024570,HDHPC,28,10,721,152.0,109592.0
2021040804024417,HDHPC,48,5,60,152.0,9120.0
2021040804024371,HDHPC,45,57,50,151.0,7550.0
2021040804024370,HDHPC,1,5,940,152.0,142880.0
2021040804024342,HDHPC,1,25,60,152.0,9120.0
