Transact. No.,Symbol,Buyer,Seller,Quantity,Rate,Amount
2021040604041936,AHPC,32,53,100,277.0,27700.0
2021040604041824,AHPC,32,38,34,278.0,9452.0
2021040604041823,AHPC,32,28,66,278.0,18348.0
2021040604041794,AHPC,20,28,934,278.0,259652.0
2021040604041793,AHPC,20,44,66,278.0,18348.0
2021040604041725,AHPC,8,44,200,278.0,55600.0
2021040604041970,AIL,4,5,10,890.0,8900.0
2021040604041968,AIL,56,22,10,889.0,8890.0
2021040604041965,AIL,37,5,25,890.0,22250.0
2021040604041960,AIL,42,5,50,890.0,44500.0
2021040604041948,AIL,16,5,500,890.0,445000.0
2021040604041933,AIL,41,5,55,890.0,48950.0
2021040604041662,AIL,25,57,90,889.0,80010.0
2021040604041826,AIL,57,38,100,889.0,88900.0
2021040604041825,AIL,33,38,30,889.0,26670.0
2021040604041808,AIL,33,19,10,889.0,8890.0
2021040604041807,AIL,58,5,20,890.0,17800.0
2021040604041735,AIL,50,5,10,890.0,8900.0
2021040604041663,AIL,33,57,10,889.0,8890.0
2021040604041931,AIL,50,5,10,890.0,8900.0
2021040604041918,AIL,56,33,10,889.0,8890.0
2021040604041835,AIL,56,38,10,889.0,8890.0
2021040604041829,AIL,38,38,10,889.0,8890.0
2021040604041828,AIL,32,38,100,889.0,88900.0
2021040604041827,AIL,42,38,50,889.0,44450.0
2021040604041916,AKJCL,48,52,110,158.0,17380.0
2021040604041930,AKPL,42,34,179,340.0,60860.0
2021040604041929,AKPL,42,45,500,340.0,170000.0
2021040604041928,AKPL,42,45,13,340.0,4420.0
2021040604041927,AKPL,42,26,708,340.0,240720.0
2021040604041908,AKPL,48,26,292,340.0,99280.0
2021040604041907,AKPL,48,11,250,340.0,85000.0
2021040604041894,AKPL,48,42,10,339.0,3390.0
2021040604041893,AKPL,48,56,"1,710",339.0,579690.0
2021040604041812,AKPL,56,56,"1,000",339.0,339000.0
2021040604041801,AKPL,49,56,300,339.0,101700.0
2021040604041900,AKPL,48,32,12,340.0,4080.0
2021040604041899,AKPL,48,45,100,340.0,34000.0
2021040604041898,AKPL,48,55,200,339.0,67800.0
2021040604041897,AKPL,48,58,150,339.0,50850.0
2021040604041896,AKPL,48,21,29,339.0,9831.0
2021040604041895,AKPL,48,35,22,339.0,7458.0
2021040604041906,AKPL,48,3,"1,000",340.0,340000.0
2021040604041905,AKPL,48,25,100,340.0,34000.0
2021040604041904,AKPL,48,25,"1,000",340.0,340000.0
2021040604041903,AKPL,48,45,13,340.0,4420.0
2021040604041902,AKPL,48,47,12,340.0,4080.0
2021040604041901,AKPL,48,43,100,340.0,34000.0
2021040604041718,API,8,58,263,334.0,87842.0
2021040604041717,API,34,58,100,334.0,33400.0
2021040604041716,API,10,58,137,334.0,45758.0
2021040604042014,BPCL,36,57,10,447.0,4470.0
2021040604042013,BPCL,57,49,10,448.0,4480.0
2021040604042005,BPCL,36,59,40,447.0,17880.0
2021040604041941,BPCL,1,49,25,448.0,11200.0
2021040604041769,BPCL,36,47,30,447.0,13410.0
2021040604041742,BPCL,20,49,"2,500",448.0,1120000.0
2021040604041707,BPCL,36,41,250,447.0,111750.0
2021040604041646,BPCL,36,57,100,447.0,44700.0
2021040604041644,BPCL,49,49,100,448.0,44800.0
2021040604041861,BPCL,36,34,200,447.0,89400.0
2021040604041642,CGH,41,47,10,2344.0,23440.0
2021040604041938,CHL,49,51,13,229.0,2977.0
2021040604041982,DHPL,25,51,35,129.0,4515.0
2021040604041981,DHPL,25,34,15,129.0,1935.0
2021040604041729,DHPL,38,34,85,129.0,10965.0
2021040604041728,DHPL,38,34,115,129.0,14835.0
2021040604041723,DHPL,54,34,50,129.0,6450.0
2021040604042017,GIC,56,32,100,740.0,74000.0
2021040604041932,GIC,56,37,10,740.0,7400.0
2021040604041811,GIC,56,42,45,740.0,33300.0
2021040604041810,GIC,16,42,30,741.0,22230.0
2021040604041809,GIC,52,42,25,741.0,18525.0
2021040604041762,GIC,52,41,25,741.0,18525.0
2021040604041738,GIC,28,41,25,741.0,18525.0
2021040604041737,GIC,28,46,25,741.0,18525.0
2021040604041704,GIC,18,46,25,741.0,18525.0
2021040604041696,GIC,56,21,50,740.0,37000.0
2021040604041926,GIMES1,7,8,"1,000",15.89,15890.0
2021040604042006,HDHPC,45,59,500,143.0,71500.0
2021040604042002,HDHPC,45,52,"13,711",143.0,1960673.0
2021040604041875,HDHPC,58,6,75,144.0,10800.0
2021040604041874,HDHPC,58,28,625,144.0,90000.0
2021040604041756,HDHPC,17,28,200,144.0,28800.0
2021040604041732,HDHPC,38,28,10,144.0,1440.0
2021040604041731,HDHPC,38,1,500,144.0,72000.0
2021040604041730,HDHPC,38,36,490,144.0,70560.0
2021040604041621,HDHPC,38,22,500,143.0,71500.0
2021040604041998,HGI,41,42,50,819.0,40950.0
2021040604041997,HGI,36,42,50,819.0,40950.0
2021040604041986,HGI,49,52,159,822.0,130698.0
2021040604041985,HGI,49,54,141,822.0,115902.0
2021040604041959,HGI,58,52,86,822.0,70692.0
2021040604041958,HGI,58,45,100,821.0,82100.0
2021040604041752,HGI,47,58,50,821.0,41050.0
2021040604041643,HGI,47,56,100,821.0,82100.0
2021040604041850,HGI,42,41,"1,000",821.0,821000.0
2021040604041849,HGI,49,41,141,821.0,115761.0
2021040604041800,HGI,49,42,100,821.0,82100.0
2021040604041770,HGI,47,48,25,821.0,20525.0
2021040604041754,HGI,49,45,100,822.0,82200.0
2021040604041753,HGI,49,38,190,822.0,156180.0
2021040604041957,HGI,58,51,75,820.0,61500.0
2021040604041956,HGI,58,41,39,820.0,31980.0
2021040604041935,HGI,16,41,100,820.0,82000.0
2021040604041909,HGI,48,41,400,820.0,328000.0
2021040604041852,HGI,52,41,100,820.0,82000.0
2021040604041851,HGI,7,41,"1,820",820.0,1492400.0
2021040604041848,HPPL,34,26,200,420.0,84000.0
2021040604041822,HPPL,32,26,284,420.0,119280.0
2021040604041821,HPPL,32,17,10,420.0,4200.0
2021040604041820,HPPL,32,45,100,420.0,42000.0
2021040604041819,HPPL,32,52,15,420.0,6300.0
2021040604041818,HPPL,32,43,10,420.0,4200.0
2021040604041722,HPPL,34,45,50,419.0,20950.0
2021040604041817,HPPL,32,49,10,420.0,4200.0
2021040604041816,HPPL,32,32,20,420.0,8400.0
2021040604041815,HPPL,32,11,51,420.0,21420.0
2021040604041814,HPPL,17,45,10,419.0,4190.0
2021040604041813,HPPL,17,45,39,419.0,16341.0
2021040604041767,HPPL,54,45,90,419.0,37710.0
2021040604041882,HURJA,22,49,130,339.0,44070.0
2021040604041857,HURJA,22,57,870,339.0,294930.0
2021040604041856,HURJA,16,57,100,339.0,33900.0
2021040604042007,IGI,49,42,50,1240.0,62000.0
2021040604041966,IGI,28,28,100,1239.0,123900.0
2021040604041744,IGI,7,5,20,1238.0,24760.0
2021040604041743,IGI,1,5,67,1238.0,82946.0
2021040604041750,IGI,58,5,"1,000",1236.0,1236000.0
2021040604041749,IGI,32,5,10,1237.0,12370.0
2021040604041748,IGI,42,5,50,1237.0,61850.0
2021040604041747,IGI,55,5,100,1237.0,123700.0
2021040604041746,IGI,53,5,200,1237.0,247400.0
2021040604041745,IGI,14,5,50,1238.0,61900.0
2021040604041774,IGI,28,29,50,1239.0,61950.0
2021040604041773,IGI,28,34,50,1239.0,61950.0
2021040604041751,IGI,53,5,153,1236.0,189108.0
2021040604041887,IGI,28,8,124,1239.0,153636.0
2021040604041937,JOSHI,45,34,100,142.0,14200.0
2021040604041912,JOSHI,5,34,10,142.0,1420.0
2021040604041734,JOSHI,58,34,100,141.0,14100.0
2021040604041650,JOSHI,58,6,20,141.0,2820.0
2021040604041914,KKHC,32,22,250,128.0,32000.0
2021040604041655,KPCL,25,44,300,297.0,89100.0
2021040604041949,KPCL,25,44,20,297.0,5940.0
2021040604041891,LEC,58,19,10,305.0,3050.0
2021040604041765,LEC,43,48,20,306.0,6120.0
2021040604042004,LGIL,49,46,100,835.0,83500.0
2021040604041973,LGIL,11,58,240,836.0,200640.0
2021040604041839,LGIL,41,58,200,836.0,167200.0
2021040604041713,LGIL,38,58,60,836.0,50160.0
2021040604041712,LGIL,38,35,40,836.0,33440.0
2021040604041649,LGIL,49,35,105,835.0,87675.0
2021040604041648,LGIL,13,35,45,835.0,37575.0
2021040604041647,LGIL,48,35,50,835.0,41750.0
2021040604041974,MEN,46,11,20,714.0,14280.0
2021040604041711,MHNL,51,29,170,268.0,45560.0
2021040605000093,MLBSL,11,6,10,841.0,8410.0
2021040605000033,MLBSL,48,8,10,826.0,8260.0
2021040605000031,MLBSL,55,29,10,810.0,8100.0
2021040605000025,MLBSL,25,8,10,795.0,7950.0
2021040605000023,MLBSL,58,8,10,780.0,7800.0
2021040604041695,NBF2,54,34,100,11.71,1171.0
2021040604041694,NBF2,54,49,"4,120",11.71,48245.2
2021040604041693,NBF2,54,46,"1,000",11.68,11680.0
2021040604041692,NBF2,54,13,"5,000",11.63,58150.0
2021040604041691,NBF2,54,45,100,11.62,1162.0
2021040604041690,NBF2,54,51,"3,000",11.62,34860.0
2021040604041677,NBF2,54,22,"7,300",11.4,83220.0
2021040604041676,NBF2,54,44,"1,950",11.4,22230.0
2021040604041675,NBF2,54,58,"1,000",11.38,11380.0
2021040604041674,NBF2,54,58,"1,000",11.37,11370.0
2021040604041673,NBF2,54,41,100,11.35,1135.0
2021040604041672,NBF2,54,53,300,11.3,3390.0
2021040604041683,NBF2,54,58,300,11.5,3450.0
2021040604041682,NBF2,54,58,"5,000",11.5,57500.0
2021040604041681,NBF2,54,39,100,11.5,1150.0
2021040604041680,NBF2,54,44,350,11.5,4025.0
2021040604041679,NBF2,54,48,"1,000",11.4,11400.0
2021040604041678,NBF2,54,34,"50,000",11.4,570000.0
2021040604041689,NBF2,54,42,800,11.62,9296.0
2021040604041688,NBF2,54,48,"3,000",11.6,34800.0
2021040604041687,NBF2,54,16,"16,660",11.56,192589.6
2021040604041686,NBF2,54,22,200,11.53,2306.0
2021040604041685,NBF2,54,58,100,11.51,1151.0
2021040604041684,NBF2,54,54,"1,000",11.51,11510.0
2021040604041934,NGPL,16,17,10,263.0,2630.0
2021040604041760,NGPL,36,57,220,262.0,57640.0
2021040604041950,NHPC,5,34,300,184.0,55200.0
2021040604041890,NHPC,28,34,"1,000",184.0,184000.0
2021040604041888,NHPC,58,34,"1,000",184.0,184000.0
2021040604041836,NHPC,45,34,152,184.0,27968.0
2021040604041802,NHPC,56,34,225,184.0,41400.0
2021040604041792,NHPC,59,20,"1,320",183.0,241560.0
2021040604041758,NHPC,28,20,"1,139",184.0,209576.0
2021040604041755,NHPC,34,20,500,184.0,92000.0
2021040604041656,NHPC,45,20,11,184.0,2024.0
2021040604041785,NHPC,7,20,200,183.0,36600.0
2021040604041784,NHPC,49,20,"1,000",183.0,183000.0
2021040604041783,NHPC,32,20,500,183.0,91500.0
2021040604041782,NHPC,59,20,350,183.0,64050.0
2021040604041781,NHPC,32,20,200,183.0,36600.0
2021040604041759,NHPC,28,34,241,184.0,44344.0
2021040604041791,NHPC,14,20,200,183.0,36600.0
2021040604041790,NHPC,41,20,200,183.0,36600.0
2021040604041789,NHPC,29,20,100,183.0,18300.0
2021040604041788,NHPC,52,20,190,183.0,34770.0
2021040604041787,NHPC,49,20,40,183.0,7320.0
2021040604041786,NHPC,5,20,"1,700",183.0,311100.0
2021040604041654,NICBF,47,1,250,11.6,2900.0
2021040604041653,NICBF,47,1,"2,000",11.6,23200.0
2021040604041652,NICBF,47,1,"1,000",11.6,11600.0
2021040604041651,NICBF,59,1,100,11.69,1169.0
2021040604041975,NICL,36,58,100,822.0,82200.0
2021040605000102,NICLBSL,45,33,10,1162.0,11620.0
2021040605000101,NICLBSL,45,21,10,1162.0,11620.0
2021040605000100,NICLBSL,45,39,10,1162.0,11620.0
2021040605000099,NICLBSL,45,45,10,1162.0,11620.0
2021040605000098,NICLBSL,45,32,20,1162.0,23240.0
2021040605000097,NICLBSL,45,32,10,1162.0,11620.0
2021040605000001,NICLBSL,32,51,20,1109.0,22180.0
2021040605000007,NICLBSL,45,56,10,1162.0,11620.0
2021040605000006,NICLBSL,18,59,10,1153.0,11530.0
2021040605000005,NICLBSL,18,7,10,1153.0,11530.0
2021040605000004,NICLBSL,18,41,10,1153.0,11530.0
2021040605000003,NICLBSL,35,59,10,1131.0,11310.0
2021040605000002,NICLBSL,55,55,6,1131.0,6786.0
2021040605000013,NICLBSL,38,17,5,1162.0,5810.0
2021040605000012,NICLBSL,45,22,10,1162.0,11620.0
2021040605000011,NICLBSL,45,43,20,1162.0,23240.0
2021040605000010,NICLBSL,45,34,10,1162.0,11620.0
2021040605000009,NICLBSL,45,42,10,1162.0,11620.0
2021040605000008,NICLBSL,45,56,10,1162.0,11620.0
2021040605000019,NICLBSL,45,39,10,1162.0,11620.0
2021040605000018,NICLBSL,45,58,10,1162.0,11620.0
2021040605000017,NICLBSL,45,38,10,1162.0,11620.0
2021040605000016,NICLBSL,45,8,10,1162.0,11620.0
2021040605000015,NICLBSL,45,40,10,1162.0,11620.0
2021040605000014,NICLBSL,45,42,10,1162.0,11620.0
2021040605000027,NICLBSL,45,35,10,1162.0,11620.0
2021040605000026,NICLBSL,45,8,10,1162.0,11620.0
2021040605000024,NICLBSL,45,8,20,1162.0,23240.0
2021040605000022,NICLBSL,45,51,10,1162.0,11620.0
2021040605000021,NICLBSL,45,59,10,1162.0,11620.0
2021040605000020,NICLBSL,45,56,10,1162.0,11620.0
2021040605000035,NICLBSL,45,19,10,1162.0,11620.0
2021040605000034,NICLBSL,45,8,10,1162.0,11620.0
2021040605000032,NICLBSL,38,46,4,1142.0,4568.0
2021040605000030,NICLBSL,45,6,10,1162.0,11620.0
2021040605000029,NICLBSL,45,35,10,1162.0,11620.0
2021040605000028,NICLBSL,45,35,16,1162.0,18592.0
2021040605000041,NICLBSL,45,56,10,1162.0,11620.0
2021040605000040,NICLBSL,45,3,10,1162.0,11620.0
2021040605000039,NICLBSL,45,32,10,1162.0,11620.0
2021040605000038,NICLBSL,45,55,20,1162.0,23240.0
2021040605000037,NICLBSL,45,8,20,1162.0,23240.0
2021040605000036,NICLBSL,45,29,10,1162.0,11620.0
2021040605000047,NICLBSL,45,56,10,1162.0,11620.0
2021040605000046,NICLBSL,45,56,10,1162.0,11620.0
2021040605000045,NICLBSL,38,46,1,1159.0,1159.0
2021040605000044,NICLBSL,45,50,10,1162.0,11620.0
2021040605000043,NICLBSL,45,56,10,1162.0,11620.0
2021040605000042,NICLBSL,45,56,10,1162.0,11620.0
2021040605000053,NICLBSL,45,8,10,1162.0,11620.0
2021040605000052,NICLBSL,45,50,10,1162.0,11620.0
2021040605000051,NICLBSL,45,8,10,1162.0,11620.0
2021040605000050,NICLBSL,45,6,20,1162.0,23240.0
2021040605000049,NICLBSL,45,56,10,1162.0,11620.0
2021040605000048,NICLBSL,45,56,10,1162.0,11620.0
2021040605000059,NICLBSL,45,13,10,1162.0,11620.0
2021040605000058,NICLBSL,45,8,10,1162.0,11620.0
2021040605000057,NICLBSL,45,6,10,1162.0,11620.0
2021040605000056,NICLBSL,45,21,10,1162.0,11620.0
2021040605000055,NICLBSL,45,58,10,1162.0,11620.0
2021040605000054,NICLBSL,45,8,10,1162.0,11620.0
2021040605000065,NICLBSL,45,11,10,1162.0,11620.0
2021040605000064,NICLBSL,45,51,10,1162.0,11620.0
2021040605000063,NICLBSL,45,8,10,1162.0,11620.0
2021040605000062,NICLBSL,45,13,10,1162.0,11620.0
2021040605000061,NICLBSL,45,13,10,1162.0,11620.0
2021040605000060,NICLBSL,45,13,10,1162.0,11620.0
2021040605000071,NICLBSL,45,41,10,1162.0,11620.0
2021040605000070,NICLBSL,45,1,10,1162.0,11620.0
2021040605000069,NICLBSL,45,57,10,1162.0,11620.0
2021040605000068,NICLBSL,45,8,10,1162.0,11620.0
2021040605000067,NICLBSL,45,8,10,1162.0,11620.0
2021040605000066,NICLBSL,45,36,20,1162.0,23240.0
2021040605000077,NICLBSL,45,40,10,1162.0,11620.0
2021040605000076,NICLBSL,45,40,10,1162.0,11620.0
2021040605000075,NICLBSL,45,25,10,1162.0,11620.0
2021040605000074,NICLBSL,45,41,10,1162.0,11620.0
2021040605000073,NICLBSL,45,47,10,1162.0,11620.0
2021040605000072,NICLBSL,45,29,10,1162.0,11620.0
2021040605000083,NICLBSL,45,36,10,1162.0,11620.0
2021040605000082,NICLBSL,45,58,10,1162.0,11620.0
2021040605000081,NICLBSL,45,42,10,1162.0,11620.0
2021040605000080,NICLBSL,45,34,10,1162.0,11620.0
2021040605000079,NICLBSL,45,52,10,1162.0,11620.0
2021040605000078,NICLBSL,45,36,10,1162.0,11620.0
2021040605000089,NICLBSL,45,55,10,1162.0,11620.0
2021040605000088,NICLBSL,45,8,10,1162.0,11620.0
2021040605000087,NICLBSL,45,33,10,1162.0,11620.0
2021040605000086,NICLBSL,45,16,10,1162.0,11620.0
2021040605000085,NICLBSL,45,8,20,1162.0,23240.0
2021040605000084,NICLBSL,45,8,10,1162.0,11620.0
2021040605000096,NICLBSL,45,55,10,1162.0,11620.0
2021040605000095,NICLBSL,45,42,10,1162.0,11620.0
2021040605000094,NICLBSL,45,53,10,1162.0,11620.0
2021040605000092,NICLBSL,45,59,10,1162.0,11620.0
2021040605000091,NICLBSL,45,4,20,1162.0,23240.0
2021040605000090,NICLBSL,45,19,10,1162.0,11620.0
2021040604041803,NIL,53,55,340,1692.0,575280.0
2021040604041699,NIL,42,55,30,1693.0,50790.0
2021040604041698,NIL,41,55,30,1693.0,50790.0
2021040604041967,NLG,16,55,38,1174.0,44612.0
2021040604041869,NLG,52,59,102,1172.0,119544.0
2021040604041697,NLG,40,51,30,1172.0,35160.0
2021040604041868,NLG,16,59,38,1172.0,44536.0
2021040604041867,NLG,41,59,50,1172.0,58600.0
2021040604041866,NLG,38,59,250,1172.0,293000.0
2021040604041865,NLG,13,59,40,1172.0,46880.0
2021040604041864,NLG,40,59,20,1172.0,23440.0
2021040604041917,PIC,33,6,100,1333.0,133300.0
2021040604041772,PIC,40,6,180,1334.0,240120.0
2021040604041771,PIC,40,45,20,1332.0,26640.0
2021040604041671,PIC,19,6,746,1330.0,992180.0
2021040604041670,PIC,29,6,100,1330.0,133000.0
2021040604041669,PIC,33,6,100,1330.0,133000.0
2021040604041668,PIC,47,6,15,1330.0,19950.0
2021040604041667,PIC,47,6,10,1330.0,13300.0
2021040604041666,PIC,18,6,29,1330.0,38570.0
2021040604041923,PICL,21,36,494,907.0,448058.0
2021040604041832,PICL,53,53,440,905.0,398200.0
2021040604041831,PICL,52,53,50,906.0,45300.0
2021040604041830,PICL,38,53,10,906.0,9060.0
2021040604041911,PPCL,50,22,10,314.0,3140.0
2021040604041910,PPCL,50,22,20,314.0,6280.0
2021040604041636,PPCL,50,14,20,315.0,6300.0
2021040604041980,PRIN,41,28,15,970.0,14550.0
2021040604041979,PRIN,22,28,35,970.0,33950.0
2021040604041925,PRIN,22,38,65,970.0,63050.0
2021040604041924,PRIN,16,38,35,970.0,33950.0
2021040604041659,PRIN,16,49,15,970.0,14550.0
2021040604041658,PRIN,32,49,10,970.0,9700.0
2021040604041955,RADHI,42,45,70,497.0,34790.0
2021040604041954,RADHI,41,45,30,499.0,14970.0
2021040604041884,RADHI,41,45,10,499.0,4990.0
2021040604041660,RBCL,25,50,10,18402.0,184020.0
2021040604041972,RHPC,45,21,16,225.0,3600.0
2021040604041971,RHPC,32,21,34,225.0,7650.0
2021040604041859,RHPC,55,14,100,226.0,22600.0
2021040604041665,RHPC,32,6,30,225.0,6750.0
2021040604041664,RHPC,32,6,170,226.0,38420.0
2021040604041620,RHPC,21,25,331,227.0,75137.0
2021040604041940,RHPL,50,6,50,536.0,26800.0
2021040604041939,RHPL,58,57,100,537.0,53700.0
2021040604041892,RHPL,50,1,40,536.0,21440.0
2021040604041873,RHPL,50,51,481,536.0,257816.0
2021040604041872,RHPL,48,51,19,536.0,10184.0
2021040604041862,RHPL,42,57,250,537.0,134250.0
2021040604041714,RHPL,7,38,40,536.0,21440.0
2021040604041710,RHPL,45,57,200,537.0,107400.0
2021040604041661,RHPL,58,57,30,537.0,16110.0
2021040604041645,RHPL,7,58,70,536.0,37520.0
2021040604041855,RHPL,48,48,31,536.0,16616.0
2021040604041854,RHPL,7,48,49,536.0,26264.0
2021040604041838,RHPL,42,57,30,537.0,16110.0
2021040604041804,RHPL,57,57,500,537.0,268500.0
2021040604041757,RHPL,41,57,150,537.0,80550.0
2021040604041741,RHPL,7,22,30,536.0,16080.0
2021040604042012,SGI,50,51,10,821.0,8210.0
2021040604042011,SGI,50,17,10,821.0,8210.0
2021040604042010,SGI,50,48,10,821.0,8210.0
2021040604042009,SGI,50,45,85,821.0,69785.0
2021040604042008,SGI,50,45,20,820.0,16400.0
2021040604041996,SGI,57,45,50,820.0,41000.0
2021040604041628,SGI,49,14,20,820.0,16400.0
2021040604041627,SGI,52,14,50,820.0,41000.0
2021040604041634,SGI,49,17,10,820.0,8200.0
2021040604041633,SGI,49,29,50,820.0,41000.0
2021040604041632,SGI,49,45,10,820.0,8200.0
2021040604041631,SGI,49,19,10,820.0,8200.0
2021040604041630,SGI,49,36,10,820.0,8200.0
2021040604041629,SGI,49,58,10,820.0,8200.0
2021040604041846,SGI,49,34,30,820.0,24600.0
2021040604041806,SGI,16,58,10,819.0,8190.0
2021040604041721,SGI,50,34,20,820.0,16400.0
2021040604041720,SGI,50,38,30,820.0,24600.0
2021040604041719,SGI,50,17,50,820.0,41000.0
2021040604041635,SGI,49,43,80,820.0,65600.0
2021040604041995,SGI,8,45,20,820.0,16400.0
2021040604041994,SGI,19,45,10,820.0,8200.0
2021040604041915,SGI,19,32,10,820.0,8200.0
2021040604041889,SGI,25,58,10,819.0,8190.0
2021040604041870,SGI,16,13,10,819.0,8190.0
2021040604041847,SGI,49,34,20,820.0,16400.0
2021040604041943,SHL,13,47,50,202.0,10100.0
2021040604041942,SHL,56,47,150,202.0,30300.0
2021040604041853,SHPC,45,49,100,388.0,38800.0
2021040604041776,SHPC,58,20,200,387.0,77400.0
2021040604041775,SHPC,45,20,111,387.0,42957.0
2021040604041740,SHPC,45,42,11,387.0,4257.0
2021040604041700,SHPC,45,58,55,387.0,21285.0
2021040604041780,SHPC,14,20,199,387.0,77013.0
2021040604041779,SHPC,7,20,250,387.0,96750.0
2021040604041778,SHPC,42,20,200,387.0,77400.0
2021040604041777,SHPC,11,20,40,387.0,15480.0
2021040604041845,SHPC,29,49,673,388.0,261124.0
2021040604041844,SHPC,29,51,39,388.0,15132.0
2021040604041843,SHPC,29,34,288,388.0,111744.0
2021040604041706,SIC,17,48,29,1746.0,50634.0
2021040604041961,SICL,8,55,50,1957.0,97850.0
2021040604041922,SICL,36,25,8,1956.0,15648.0
2021040604041921,SICL,8,25,100,1956.0,195600.0
2021040604041920,SICL,22,25,17,1956.0,33252.0
2021040604041919,SICL,47,25,25,1957.0,48925.0
2021040604041871,SICL,47,32,25,1957.0,48925.0
2021040604041863,SIGS2,5,42,100,12.2,1220.0
2021040604041969,SIL,22,57,100,1281.0,128100.0
2021040604041913,SIL,1,57,10,1281.0,12810.0
2021040604041842,SIL,8,35,20,1280.0,25600.0
2021040604041841,SIL,29,35,50,1280.0,64000.0
2021040604041840,SIL,8,35,250,1280.0,320000.0
2021040604041886,SJCL,42,45,40,489.0,19560.0
2021040604041993,SPDL,35,41,50,286.0,14300.0
2021040604041992,SPDL,35,22,100,286.0,28600.0
2021040604041991,SPDL,35,41,500,286.0,143000.0
2021040604041990,SPDL,35,10,15,286.0,4290.0
2021040604041989,SPDL,35,8,50,286.0,14300.0
2021040604041988,SPDL,35,14,200,286.0,57200.0
2021040604041987,SPDL,35,44,165,286.0,47190.0
2021040604041947,SPDL,57,44,500,286.0,143000.0
2021040604041883,SPDL,3,44,300,286.0,85800.0
2021040604041727,SPDL,36,44,35,286.0,10010.0
2021040604041726,SPDL,36,57,165,286.0,47190.0
2021040604042016,SSHL,35,34,70,235.0,16450.0
2021040604042015,SSHL,35,45,30,233.0,6990.0
2021040604041983,SSHL,6,45,100,233.0,23300.0
2021040604041978,SSHL,48,45,50,233.0,11650.0
2021040604041977,SSHL,17,45,200,233.0,46600.0
2021040604041976,SSHL,39,45,120,233.0,27960.0
2021040604041877,SSHL,41,48,100,234.0,23400.0
2021040604041876,SSHL,22,48,150,234.0,35100.0
2021040604041739,SSHL,17,1,50,235.0,11750.0
2021040604041953,SSHL,20,34,125,235.0,29375.0
2021040604041952,SSHL,20,1,225,235.0,52875.0
2021040604041951,SSHL,20,41,150,234.0,35100.0
2021040604041880,SSHL,39,48,380,233.0,88540.0
2021040604041879,SSHL,4,48,70,233.0,16310.0
2021040604041878,SSHL,34,48,300,233.0,69900.0
2021040604041946,STC,57,38,10,11792.0,117920.0
2021040604041834,UIC,51,43,62,726.0,45012.0
2021040604041833,UIC,51,29,38,725.0,27550.0
2021040604041768,UIC,34,29,62,725.0,44950.0
2021040604041657,UIC,34,40,50,725.0,36250.0
2021040604041640,UIC,34,6,200,725.0,145000.0
2021040604041639,UIC,34,35,10,725.0,7250.0
2021040604041638,UIC,34,43,100,725.0,72500.0
2021040604041637,UIC,34,45,78,725.0,56550.0
2021040604042003,UMHL,46,39,10,196.0,1960.0
2021040604041984,UMHL,16,41,452,195.0,88140.0
2021040604041945,UMHL,16,56,"1,827",195.0,356265.0
2021040604041944,UMHL,38,56,173,195.0,33735.0
2021040604041860,UMHL,38,56,100,195.0,19500.0
2021040604041641,UMHL,42,56,22,196.0,4312.0
2021040604041796,UMHL,42,17,200,196.0,39200.0
2021040604041795,UMHL,42,56,198,196.0,38808.0
2021040604041799,UMHL,42,39,579,196.0,113484.0
2021040604041798,UMHL,42,59,23,196.0,4508.0
2021040604041797,UMHL,42,4,"1,000",196.0,196000.0
2021040604041885,UMRH,41,16,11,330.0,3630.0
2021040604041766,UMRH,41,14,11,327.0,3597.0
2021040604041764,UNHPL,38,6,90,135.0,12150.0
2021040604041763,UNHPL,38,21,110,135.0,14850.0
2021040604041736,UPCL,50,57,100,165.0,16500.0
2021040604041705,UPCL,50,17,100,165.0,16500.0
2021040604042001,UPPER,52,11,10,907.0,9070.0
2021040604042000,UPPER,52,57,100,906.0,90600.0
2021040604041999,UPPER,52,19,170,906.0,154020.0
2021040604041964,UPPER,8,19,50,906.0,45300.0
2021040604041625,UPPER,49,55,131,907.0,118817.0
2021040604041624,UPPER,28,55,50,907.0,45350.0
2021040604041623,UPPER,53,55,50,907.0,45350.0
2021040604041622,UPPER,42,55,280,907.0,253960.0
2021040604041708,UPPER,45,11,50,907.0,45350.0
2021040604041703,UPPER,57,49,205,908.0,186140.0
2021040604041702,UPPER,57,8,20,908.0,18160.0
2021040604041701,UPPER,57,35,100,907.0,90700.0
2021040604041626,UPPER,6,55,71,906.0,64326.0
2021040604041733,UPPER,58,11,20,907.0,18140.0
2021040604041724,UPPER,16,11,10,907.0,9070.0
2021040604041715,UPPER,5,11,10,907.0,9070.0
2021040604041709,UPPER,34,11,25,907.0,22675.0
2021040604041837,UPPER,42,11,100,907.0,90700.0
2021040604041805,UPPER,55,11,100,907.0,90700.0
2021040604041761,UPPER,51,11,150,907.0,136050.0
2021040604041963,UPPER,38,19,80,906.0,72480.0
2021040604041962,UPPER,25,19,200,906.0,181200.0
2021040604041881,UPPER,57,11,325,907.0,294775.0
2021040604041858,UPPER,57,11,50,907.0,45350.0
2021040604041434,AHPC,48,45,300,277.0,83100.0
2021040604041431,AHPC,48,38,200,277.0,55400.0
2021040604041379,AHPC,41,44,50,278.0,13900.0
2021040604041377,AHPC,13,32,97,276.0,26772.0
2021040604041376,AHPC,57,32,100,277.0,27700.0
2021040604041322,AHPC,19,44,759,278.0,211002.0
2021040604041321,AHPC,19,21,80,277.0,22160.0
2021040604041320,AHPC,19,33,161,277.0,44597.0
2021040604041566,AIL,41,5,50,890.0,44500.0
2021040604041522,AIL,57,5,50,890.0,44500.0
2021040604041487,AIL,25,57,50,889.0,44450.0
2021040604041454,AIL,17,5,18,890.0,16020.0
2021040604041453,AIL,25,47,80,889.0,71120.0
2021040604041452,AIL,20,47,50,889.0,44450.0
2021040604041144,AIL,8,49,10,889.0,8890.0
2021040604041143,AIL,25,22,50,890.0,44500.0
2021040604041342,AIL,46,35,80,890.0,71200.0
2021040604041341,AIL,46,38,20,890.0,17800.0
2021040604041279,AIL,19,38,80,890.0,71200.0
2021040604041278,AIL,19,28,20,890.0,17800.0
2021040604041270,AIL,36,28,80,890.0,71200.0
2021040604041269,AIL,36,22,50,890.0,44500.0
2021040604041395,AIL,8,58,200,889.0,177800.0
2021040604041394,AIL,33,58,50,889.0,44450.0
2021040604041392,AIL,41,5,10,890.0,8900.0
2021040604041385,AIL,42,5,80,890.0,71200.0
2021040604041351,AIL,42,21,10,890.0,8900.0
2021040604041350,AIL,42,34,10,890.0,8900.0
2021040604041451,AIL,36,47,200,889.0,177800.0
2021040604041450,AIL,42,47,20,889.0,17780.0
2021040604041449,AIL,48,47,10,889.0,8890.0
2021040604041448,AIL,8,47,40,889.0,35560.0
2021040604041426,AIL,3,5,50,890.0,44500.0
2021040604041404,AIL,14,5,10,890.0,8900.0
2021040604041531,AKJCL,57,34,10,157.0,1570.0
2021040604041520,AKJCL,21,55,20,159.0,3180.0
2021040604041519,AKJCL,21,50,10,159.0,1590.0
2021040604041518,AKJCL,21,32,30,159.0,4770.0
2021040604041517,AKJCL,21,41,400,159.0,63600.0
2021040604041516,AKJCL,21,29,50,159.0,7950.0
2021040604041337,AKJCL,6,41,190,158.0,30020.0
2021040604041336,AKJCL,6,26,10,158.0,1580.0
2021040604041515,AKJCL,21,7,20,159.0,3180.0
2021040604041514,AKJCL,21,22,50,159.0,7950.0
2021040604041513,AKJCL,21,39,100,159.0,15900.0
2021040604041512,AKJCL,21,49,300,158.0,47400.0
2021040604041511,AKJCL,21,41,10,158.0,1580.0
2021040604041353,AKJCL,21,21,230,156.0,35880.0
2021040604041619,AKPL,41,56,"1,000",339.0,339000.0
2021040604041469,AKPL,21,56,90,339.0,30510.0
2021040604041398,AKPL,19,56,55,339.0,18645.0
2021040604041159,AKPL,11,56,10,339.0,3390.0
2021040604041565,API,10,25,48,334.0,16032.0
2021040604041562,API,29,22,150,335.0,50250.0
2021040604041537,API,10,4,50,334.0,16700.0
2021040604041493,API,52,22,90,335.0,30150.0
2021040604041344,API,34,22,10,335.0,3350.0
2021040604041314,API,34,22,100,335.0,33500.0
2021040604041153,API,41,22,50,335.0,16750.0
2021040604041121,API,10,19,50,334.0,16700.0
2021040604041120,API,25,57,20,335.0,6700.0
2021040604041577,BARUN,5,36,10,249.0,2490.0
2021040604041568,BPCL,57,49,100,448.0,44800.0
2021040604041567,BPCL,36,57,200,447.0,89400.0
2021040604041550,BPCL,36,28,150,447.0,67050.0
2021040604041528,BPCL,35,49,"2,500",448.0,1120000.0
2021040604041461,BPCL,57,49,500,448.0,224000.0
2021040604041457,BPCL,36,17,34,447.0,15198.0
2021040604041157,BPCL,49,49,100,448.0,44800.0
2021040604041140,BPCL,14,49,"1,000",448.0,448000.0
2021040604041139,BPCL,6,49,40,448.0,17920.0
2021040604041138,BPCL,3,49,20,448.0,8960.0
2021040604041137,BPCL,35,49,100,448.0,44800.0
2021040604041136,BPCL,38,49,980,448.0,439040.0
2021040604041437,BPCL,50,18,"1,100",446.0,490600.0
2021040604041427,BPCL,17,17,60,447.0,26820.0
2021040604041348,BPCL,17,49,40,447.0,17880.0
2021040604041343,BPCL,8,49,50,448.0,22400.0
2021040604041234,BPCL,57,49,20,448.0,8960.0
2021040604041239,CGH,41,35,42,2344.0,98448.0
2021040604041238,CGH,41,35,40,2344.0,93760.0
2021040604041237,CGH,35,35,60,2344.0,140640.0
2021040604041460,CHCL,45,42,110,682.0,75020.0
2021040604041584,DHPL,17,43,50,128.0,6400.0
2021040604041525,DHPL,34,34,60,129.0,7740.0
2021040604041524,DHPL,34,50,40,129.0,5160.0
2021040604041500,DHPL,46,50,10,129.0,1290.0
2021040604041467,DHPL,17,22,90,128.0,11520.0
2021040604041466,DHPL,17,25,25,128.0,3200.0
2021040604041380,DHPL,17,34,500,128.0,64000.0
2021040604041284,DHPL,17,49,100,128.0,12800.0
2021040604041283,DHPL,17,34,30,128.0,3840.0
2021040604041158,DHPL,21,34,30,128.0,3840.0
2021040604041508,EIC,29,46,147,774.0,113778.0
2021040604041507,EIC,29,52,200,774.0,154800.0
2021040604041506,EIC,29,50,"1,000",773.0,773000.0
2021040604041505,EIC,29,57,800,773.0,618400.0
2021040604041504,EIC,29,57,500,772.0,386000.0
2021040604041503,EIC,29,43,283,772.0,218476.0
2021040604041502,EIC,29,43,70,771.0,53970.0
2021040604041125,EIC,11,43,50,771.0,38550.0
2021040604041593,GIC,56,45,10,740.0,7400.0
2021040604041587,GIC,56,49,30,740.0,22200.0
2021040604041552,GIC,56,41,80,740.0,59200.0
2021040604041446,GIC,56,53,264,740.0,195360.0
2021040604041445,GIC,57,53,87,740.0,64380.0
2021040604041444,GIC,47,53,20,740.0,14800.0
2021040604041288,GIC,42,19,261,740.0,193140.0
2021040604041287,GIC,54,19,139,740.0,102860.0
2021040604041277,GIC,54,21,26,740.0,19240.0
2021040604041276,GIC,47,21,100,741.0,74100.0
2021040604041152,GIC,29,41,30,741.0,22230.0
2021040604041443,GIC,42,53,129,740.0,95460.0
2021040604041438,GIC,41,46,100,741.0,74100.0
2021040604041421,GIC,16,41,5,741.0,3705.0
2021040604041420,GIC,58,41,50,741.0,37050.0
2021040604041369,GIC,42,11,10,740.0,7400.0
2021040604041368,GIC,37,41,30,741.0,22230.0
2021040604041544,GLH,32,33,20,374.0,7480.0
2021040604041543,GLH,45,33,170,374.0,63580.0
2021040604041539,GLH,45,49,10,374.0,3740.0
2021040604041529,GLH,45,21,10,374.0,3740.0
2021040604041403,GLH,45,50,10,374.0,3740.0
2021040604041402,GLH,38,50,30,374.0,11220.0
2021040604041401,GLH,34,50,160,374.0,59840.0
2021040604041374,GLH,34,6,10,374.0,3740.0
2021040604041361,GLH,34,58,10,374.0,3740.0
2021040604041156,GLH,34,38,20,374.0,7480.0
2021040604041155,GLH,49,38,80,374.0,29920.0
2021040604041615,HDHPC,52,42,300,143.0,42900.0
2021040604041494,HDHPC,52,52,202,143.0,28886.0
2021040604041480,HDHPC,52,41,100,143.0,14300.0
2021040604041447,HDHPC,55,36,300,144.0,43200.0
2021040604041430,HDHPC,52,50,100,143.0,14300.0
2021040604041429,HDHPC,52,21,298,143.0,42614.0
2021040604041167,HDHPC,45,42,105,142.0,14910.0
2021040604041173,HDHPC,45,33,"1,000",142.0,142000.0
2021040604041172,HDHPC,45,41,200,142.0,28400.0
2021040604041171,HDHPC,45,6,"3,190",142.0,452980.0
2021040604041170,HDHPC,45,21,"2,000",142.0,284000.0
2021040604041169,HDHPC,45,21,"2,000",142.0,284000.0
2021040604041168,HDHPC,45,34,"2,000",142.0,284000.0
2021040604041179,HDHPC,45,44,"1,000",143.0,143000.0
2021040604041178,HDHPC,45,45,"2,780",142.0,394760.0
2021040604041177,HDHPC,45,49,50,142.0,7100.0
2021040604041176,HDHPC,45,52,200,142.0,28400.0
2021040604041175,HDHPC,45,33,350,142.0,49700.0
2021040604041174,HDHPC,45,38,"1,800",142.0,255600.0
2021040604041185,HDHPC,45,44,100,143.0,14300.0
2021040604041184,HDHPC,45,56,"1,000",143.0,143000.0
2021040604041183,HDHPC,45,14,100,143.0,14300.0
2021040604041182,HDHPC,45,10,500,143.0,71500.0
2021040604041181,HDHPC,45,25,500,143.0,71500.0
2021040604041180,HDHPC,45,19,"1,000",143.0,143000.0
2021040604041191,HDHPC,45,21,"1,000",143.0,143000.0
2021040604041190,HDHPC,45,32,"1,000",143.0,143000.0
2021040604041189,HDHPC,45,33,"1,000",143.0,143000.0
2021040604041188,HDHPC,45,41,50,143.0,7150.0
2021040604041187,HDHPC,45,51,500,143.0,71500.0
2021040604041186,HDHPC,45,45,98,143.0,14014.0
2021040604041197,HDHPC,45,17,50,143.0,7150.0
2021040604041196,HDHPC,45,48,500,143.0,71500.0
2021040604041195,HDHPC,45,33,500,143.0,71500.0
2021040604041194,HDHPC,45,7,900,143.0,128700.0
2021040604041193,HDHPC,45,58,20,143.0,2860.0
2021040604041192,HDHPC,45,41,25,143.0,3575.0
2021040604041203,HDHPC,45,21,"2,000",143.0,286000.0
2021040604041202,HDHPC,45,35,240,143.0,34320.0
2021040604041201,HDHPC,45,21,50,143.0,7150.0
2021040604041200,HDHPC,45,45,200,143.0,28600.0
2021040604041199,HDHPC,45,49,100,143.0,14300.0
2021040604041198,HDHPC,45,52,500,143.0,71500.0
2021040604041209,HDHPC,45,51,200,143.0,28600.0
2021040604041208,HDHPC,45,32,50,143.0,7150.0
2021040604041207,HDHPC,45,57,"2,000",143.0,286000.0
2021040604041206,HDHPC,45,16,"1,000",143.0,143000.0
2021040604041205,HDHPC,45,28,"1,000",143.0,143000.0
2021040604041204,HDHPC,45,34,100,143.0,14300.0
2021040604041215,HDHPC,45,22,"2,270",143.0,324610.0
2021040604041214,HDHPC,45,38,10,143.0,1430.0
2021040604041213,HDHPC,45,52,100,143.0,14300.0
2021040604041212,HDHPC,45,8,200,143.0,28600.0
2021040604041211,HDHPC,45,55,"1,000",143.0,143000.0
2021040604041210,HDHPC,45,13,10,143.0,1430.0
2021040604041221,HDHPC,45,28,200,143.0,28600.0
2021040604041220,HDHPC,45,28,"5,000",143.0,715000.0
2021040604041219,HDHPC,45,13,"1,000",143.0,143000.0
2021040604041218,HDHPC,45,3,"1,000",143.0,143000.0
2021040604041217,HDHPC,45,41,50,143.0,7150.0
2021040604041216,HDHPC,45,50,500,143.0,71500.0
2021040604041364,HDHPC,45,21,202,143.0,28886.0
2021040604041333,HDHPC,45,28,"3,000",143.0,429000.0
2021040604041229,HDHPC,45,54,100,143.0,14300.0
2021040604041224,HDHPC,45,22,"1,000",143.0,143000.0
2021040604041223,HDHPC,45,47,50,143.0,7150.0
2021040604041222,HDHPC,45,16,"1,350",143.0,193050.0
2021040604041551,HGI,7,33,50,820.0,41000.0
2021040604041542,HGI,49,33,15,821.0,12315.0
2021040604041527,HGI,49,28,35,821.0,28735.0
2021040604041526,HGI,49,28,35,821.0,28735.0
2021040604041496,HGI,58,38,10,822.0,8220.0
2021040604041471,HGI,49,11,10,821.0,8210.0
2021040604041160,HGI,34,58,100,818.0,81800.0
2021040604041150,HGI,34,57,100,818.0,81800.0
2021040604041149,HGI,49,57,100,819.0,81900.0
2021040604041147,HGI,58,28,10,820.0,8200.0
2021040604041123,HGI,34,1,80,818.0,65440.0
2021040604041122,HGI,42,1,20,818.0,16360.0
2021040604041247,HGI,58,42,500,820.0,410000.0
2021040604041246,HGI,58,38,200,820.0,164000.0
2021040604041245,HGI,58,34,100,820.0,82000.0
2021040604041244,HGI,58,28,50,820.0,41000.0
2021040604041243,HGI,58,28,90,820.0,73800.0
2021040604041242,HGI,58,17,100,820.0,82000.0
2021040604041253,HGI,58,16,30,820.0,24600.0
2021040604041252,HGI,58,26,65,820.0,53300.0
2021040604041251,HGI,58,44,50,820.0,41000.0
2021040604041250,HGI,58,34,50,820.0,41000.0
2021040604041249,HGI,58,45,11,820.0,9020.0
2021040604041248,HGI,58,19,100,820.0,82000.0
2021040604041259,HGI,58,50,20,820.0,16400.0
2021040604041258,HGI,58,35,50,820.0,41000.0
2021040604041257,HGI,58,10,10,820.0,8200.0
2021040604041256,HGI,58,41,139,820.0,113980.0
2021040604041255,HGI,58,25,50,820.0,41000.0
2021040604041254,HGI,58,49,200,820.0,164000.0
2021040604041384,HGI,7,58,30,820.0,24600.0
2021040604041383,HGI,57,58,50,820.0,41000.0
2021040604041382,HGI,58,58,10,820.0,8200.0
2021040604041381,HGI,58,58,10,820.0,8200.0
2021040604041313,HGI,58,55,10,821.0,8210.0
2021040604041260,HGI,58,36,100,820.0,82000.0
2021040604041470,HGI,49,6,55,821.0,45155.0
2021040604041456,HGI,58,6,10,821.0,8210.0
2021040604041442,HGI,42,6,85,821.0,69785.0
2021040604041441,HGI,42,25,25,821.0,20525.0
2021040604041440,HGI,42,55,90,821.0,73890.0
2021040604041396,HGI,7,7,100,820.0,82000.0
2021040604041495,HPPL,58,25,10,418.0,4180.0
2021040604041312,HPPL,58,8,20,418.0,8360.0
2021040604041422,HURJA,58,28,20,340.0,6800.0
2021040604041608,IGI,1,50,33,1238.0,40854.0
2021040604041607,IGI,55,50,10,1238.0,12380.0
2021040604041606,IGI,48,50,177,1238.0,219126.0
2021040604041605,IGI,38,50,40,1239.0,49560.0
2021040604041604,IGI,41,50,40,1239.0,49560.0
2021040604041595,IGI,45,42,50,1240.0,62000.0
2021040604041339,IGI,43,42,100,1240.0,124000.0
2021040604041261,IGI,58,42,20,1240.0,24800.0
2021040604041225,IGI,45,42,12,1240.0,14880.0
2021040604041161,IGI,58,42,130,1240.0,161200.0
2021040604041486,IGI,58,32,50,1239.0,61950.0
2021040604041390,IGI,35,42,75,1240.0,93000.0
2021040604041532,IGI,40,42,100,1240.0,124000.0
2021040604041523,IGI,58,42,100,1240.0,124000.0
2021040604041594,IGI,45,42,300,1240.0,372000.0
2021040604041332,JOSHI,58,42,35,141.0,4935.0
2021040604041331,JOSHI,58,35,150,141.0,21150.0
2021040604041330,JOSHI,58,47,450,141.0,63450.0
2021040604041479,KKHC,45,22,385,128.0,49280.0
2021040604041338,KKHC,36,25,16,127.0,2032.0
2021040604041397,KPCL,35,36,67,294.0,19698.0
2021040604041592,KPCL,49,11,100,295.0,29500.0
2021040604041591,KPCL,49,20,150,295.0,44250.0
2021040604041590,KPCL,49,33,10,295.0,2950.0
2021040604041589,KPCL,49,21,10,295.0,2950.0
2021040604041588,KPCL,49,28,10,295.0,2950.0
2021040604041354,LEC,17,48,15,307.0,4605.0
2021040604041291,LEC,17,45,30,307.0,9210.0
2021040604041290,LEC,17,5,30,307.0,9210.0
2021040604041289,LEC,17,22,325,307.0,99775.0
2021040604041547,LGIL,48,21,50,835.0,41750.0
2021040604041497,LGIL,54,35,300,836.0,250800.0
2021040604041482,LGIL,59,35,100,836.0,83600.0
2021040604041481,LGIL,11,35,60,836.0,50160.0
2021040604041367,LGIL,38,35,100,837.0,83700.0
2021040604041366,LGIL,32,35,100,837.0,83700.0
2021040604041365,LGIL,16,35,100,837.0,83700.0
2021040604041492,MEN,20,52,10,711.0,7110.0
2021040604041126,MHNL,19,45,100,267.0,26700.0
2021040604041399,NGPL,34,25,12,261.0,3132.0
2021040604041148,NGPL,34,34,38,261.0,9918.0
2021040604041335,NHDL,57,49,100,324.0,32400.0
2021040604041614,NHPC,58,20,100,184.0,18400.0
2021040604041613,NHPC,28,49,500,183.0,91500.0
2021040604041501,NHPC,38,20,100,184.0,18400.0
2021040604041490,NHPC,28,59,400,183.0,73200.0
2021040604041433,NHPC,32,20,150,184.0,27600.0
2021040604041432,NHPC,32,35,50,184.0,9200.0
2021040604041373,NHPC,55,58,40,184.0,7360.0
2021040604041164,NHPC,41,58,200,184.0,36800.0
2021040604041163,NHPC,58,58,160,184.0,29440.0
2021040604041162,NHPC,14,58,100,184.0,18400.0
2021040604041318,NIBLPF,7,52,"3,525",12.55,44238.75
2021040604041473,NICGF,1,22,500,12.5,6250.0
2021040604041616,NICL,42,40,50,823.0,41150.0
2021040604041549,NICL,57,40,15,823.0,12345.0
2021040604041483,NICL,1,40,250,823.0,205750.0
2021040604041618,NIL,54,47,30,1693.0,50790.0
2021040604041327,NIL,16,20,100,1690.0,169000.0
2021040604041326,NIL,16,13,22,1690.0,37180.0
2021040604041325,NIL,32,53,140,1689.0,236460.0
2021040604041324,NIL,45,53,50,1689.0,84450.0
2021040604041323,NIL,45,53,10,1689.0,16890.0
2021040604041227,NLG,40,38,50,1172.0,58600.0
2021040604041154,OHL,34,38,78,471.0,36738.0
2021040604041509,PICL,16,5,80,906.0,72480.0
2021040604041347,PICL,32,5,20,906.0,18120.0
2021040604041538,PMHPL,11,41,214,202.0,43228.0
2021040604041340,PMHPL,11,41,300,202.0,60600.0
2021040604041311,PMHPL,11,7,10,202.0,2020.0
2021040604041310,PMHPL,11,47,200,202.0,40400.0
2021040604041309,PMHPL,11,1,25,202.0,5050.0
2021040604041308,PMHPL,11,4,10,202.0,2020.0
2021040604041301,PMHPL,11,45,"1,000",202.0,202000.0
2021040604041300,PMHPL,11,57,100,201.0,20100.0
2021040604041299,PMHPL,11,7,351,201.0,70551.0
2021040604041298,PMHPL,11,25,10,200.0,2000.0
2021040604041307,PMHPL,11,6,50,202.0,10100.0
2021040604041306,PMHPL,11,5,500,202.0,101000.0
2021040604041305,PMHPL,11,57,10,202.0,2020.0
2021040604041304,PMHPL,11,11,200,202.0,40400.0
2021040604041303,PMHPL,11,59,10,202.0,2020.0
2021040604041302,PMHPL,11,7,10,202.0,2020.0
2021040604041611,PPCL,50,14,80,315.0,25200.0
2021040604041610,PPCL,38,14,100,315.0,31500.0
2021040604041609,PPCL,42,14,160,315.0,50400.0
2021040604041428,PPCL,42,34,40,315.0,12600.0
2021040604041362,RADHI,22,45,10,498.0,4980.0
2021040604041600,RHPC,21,14,229,227.0,51983.0
2021040604041599,RHPC,21,54,200,227.0,45400.0
2021040604041598,RHPC,21,10,100,227.0,22700.0
2021040604041597,RHPC,21,25,140,227.0,31780.0
2021040604041570,RHPC,50,49,100,226.0,22600.0
2021040604041536,RHPC,16,25,50,227.0,11350.0
2021040604041477,RHPC,54,25,10,227.0,2270.0
2021040604041476,RHPC,54,58,190,227.0,43130.0
2021040604041475,RHPC,50,50,50,226.0,11300.0
2021040604041393,RHPC,34,58,10,227.0,2270.0
2021040604041349,RHPC,54,43,10,227.0,2270.0
2021040604041286,RHPC,54,14,165,226.0,37290.0
2021040604041612,RHPL,7,57,200,536.0,107200.0
2021040604041596,RHPL,21,57,140,537.0,75180.0
2021040604041582,RHPL,7,45,200,536.0,107200.0
2021040604041581,RHPL,7,37,80,536.0,42880.0
2021040604041540,RHPL,49,57,30,537.0,16110.0
2021040604041499,RHPL,7,28,40,536.0,21440.0
2021040604041135,RHPL,42,40,200,533.0,106600.0
2021040604041134,RHPL,34,40,291,533.0,155103.0
2021040604041124,RHPL,34,49,50,533.0,26650.0
2021040604041264,RHPL,7,45,10,536.0,5360.0
2021040604041263,RHPL,7,38,70,536.0,37520.0
2021040604041262,RHPL,7,48,70,535.0,37450.0
2021040604041166,RHPL,58,54,10,535.0,5350.0
2021040604041165,RHPL,58,36,86,535.0,46010.0
2021040604041142,RHPL,36,36,200,535.0,107000.0
2021040604041371,RHPL,7,5,36,536.0,19296.0
2021040604041360,RHPL,7,37,70,536.0,37520.0
2021040604041268,RHPL,7,34,80,536.0,42880.0
2021040604041267,RHPL,7,42,40,536.0,21440.0
2021040604041266,RHPL,7,49,750,536.0,402000.0
2021040604041265,RHPL,7,50,165,536.0,88440.0
2021040604041530,RRHP,59,38,100,413.0,41300.0
2021040604041391,RRHP,35,38,200,413.0,82600.0
2021040604041617,SGI,26,42,10,819.0,8190.0
2021040604041569,SGI,49,14,10,820.0,8200.0
2021040604041563,SGI,50,14,10,820.0,8200.0
2021040604041561,SGI,34,14,100,820.0,82000.0
2021040604041548,SGI,26,57,10,819.0,8190.0
2021040604041546,SGI,50,14,50,820.0,41000.0
2021040604041280,SGI,35,50,50,820.0,41000.0
2021040604041389,SGI,49,57,35,820.0,28700.0
2021040604041388,SGI,49,50,15,820.0,12300.0
2021040604041370,SGI,59,50,10,820.0,8200.0
2021040604041346,SGI,26,10,30,819.0,24570.0
2021040604041345,SGI,11,10,20,819.0,16380.0
2021040604041334,SGI,33,50,50,820.0,41000.0
2021040604041545,SGI,50,48,10,820.0,8200.0
2021040604041541,SGI,26,51,50,819.0,40950.0
2021040604041489,SGI,22,57,15,820.0,12300.0
2021040604041472,SGI,26,42,100,819.0,81900.0
2021040604041465,SGI,41,57,20,820.0,16400.0
2021040604041462,SGI,57,57,30,820.0,24600.0
2021040604041603,SHL,21,14,100,202.0,20200.0
2021040604041602,SHL,21,49,100,202.0,20200.0
2021040604041601,SHL,21,32,100,202.0,20200.0
2021040604041230,SHPC,57,42,335,387.0,129645.0
2021040604041145,SHPC,33,53,50,386.0,19300.0
2021040604041406,SHPC,37,25,55,387.0,21285.0
2021040604041328,SHPC,33,41,455,386.0,175630.0
2021040604041233,SHPC,57,25,45,387.0,17415.0
2021040604041232,SHPC,57,41,20,387.0,7740.0
2021040604041231,SHPC,57,16,100,387.0,38700.0
2021040604041412,SHPC,37,22,160,388.0,62080.0
2021040604041411,SHPC,37,28,233,388.0,90404.0
2021040604041410,SHPC,37,48,10,387.0,3870.0
2021040604041409,SHPC,37,52,275,387.0,106425.0
2021040604041408,SHPC,37,48,25,387.0,9675.0
2021040604041407,SHPC,37,38,80,387.0,30960.0
2021040604041417,SHPC,37,34,12,388.0,4656.0
2021040604041416,SHPC,37,17,500,388.0,194000.0
2021040604041415,SHPC,37,41,50,388.0,19400.0
2021040604041414,SHPC,37,38,100,388.0,38800.0
2021040604041413,SHPC,37,1,"1,000",388.0,388000.0
2021040604041533,SHPC,45,36,23,387.0,8901.0
2021040604041478,SHPC,45,45,100,387.0,38700.0
2021040604041459,SIC,20,32,381,1750.0,666750.0
2021040604041458,SIC,20,41,170,1746.0,296820.0
2021040604041319,SIC,20,48,50,1745.0,87250.0
2021040604041294,SIC,20,32,399,1745.0,696255.0
2021040604041293,SIC,20,35,200,1744.0,348800.0
2021040604041146,SIC,4,14,100,1743.0,174300.0
2021040604041418,SICL,22,38,77,1956.0,150612.0
2021040604041357,SICL,22,41,83,1956.0,162348.0
2021040604041356,SICL,17,41,15,1956.0,29340.0
2021040604041355,SICL,40,41,20,1956.0,39120.0
2021040604041285,SICL,37,55,150,1957.0,293550.0
2021040604041282,SICL,22,6,23,1956.0,44988.0
2021040604041564,SIGS2,47,8,"20,000",12.21,244200.0
2021040604041439,SIL,8,52,150,1280.0,192000.0
2021040604041375,SIL,35,52,100,1280.0,128000.0
2021040604041151,SIL,29,42,30,1279.0,38370.0
2021040604041510,SJCL,42,37,40,489.0,19560.0
2021040604041405,SJCL,42,37,40,489.0,19560.0
2021040604041386,SJCL,42,36,40,489.0,19560.0
2021040604041372,SJCL,42,45,40,489.0,19560.0
2021040604041275,SJCL,22,36,100,489.0,48900.0
2021040604041274,SJCL,46,36,40,489.0,19560.0
2021040604041273,SJCL,17,36,50,489.0,24450.0
2021040604041272,SJCL,21,36,10,489.0,4890.0
2021040604041271,SJCL,45,36,316,489.0,154524.0
2021040604041488,SPDL,1,49,385,285.0,109725.0
2021040604041352,SPDL,1,42,100,285.0,28500.0
2021040604041485,SSHL,52,1,25,235.0,5875.0
2021040604041484,SSHL,52,28,775,235.0,182125.0
2021040604041424,SSHL,36,28,80,235.0,18800.0
2021040604041423,SSHL,36,52,920,234.0,215280.0
2021040604041419,SSHL,58,52,500,234.0,117000.0
2021040604041317,SSHL,52,52,30,234.0,7020.0
2021040604041315,SSHL,34,45,500,233.0,116500.0
2021040604041297,SSHL,34,19,200,233.0,46600.0
2021040604041296,SSHL,39,19,500,233.0,116500.0
2021040604041295,SSHL,26,19,300,233.0,69900.0
2021040604041226,SSHL,49,52,150,234.0,35100.0
2021040604041387,STC,57,38,10,11792.0,117920.0
2021040604041241,TRH,45,58,100,322.0,32200.0
2021040604041498,UIC,10,50,400,724.0,289600.0
2021040604041329,UIC,10,51,30,724.0,21720.0
2021040604041316,UIC,45,45,22,726.0,15972.0
2021040604041292,UIC,45,48,478,726.0,347028.0
2021040604041240,UIC,51,48,30,726.0,21780.0
2021040604041235,UIC,10,50,"1,000",724.0,724000.0
2021040604041586,UMHL,42,56,380,196.0,74480.0
2021040604041585,UMHL,42,41,120,196.0,23520.0
2021040604041580,UMHL,38,33,127,195.0,24765.0
2021040604041579,UMHL,17,33,500,195.0,97500.0
2021040604041578,UMHL,51,33,373,195.0,72735.0
2021040604041554,UMHL,52,41,230,196.0,45080.0
2021040604041236,UMHL,16,44,500,196.0,98000.0
2021040604041435,UMHL,51,45,127,195.0,24765.0
2021040604041553,UMHL,52,44,270,196.0,52920.0
2021040604041464,UMHL,21,44,730,196.0,143080.0
2021040604041463,UMHL,21,44,270,196.0,52920.0
2021040604041436,UMHL,45,44,100,196.0,19600.0
2021040604041583,UMRH,41,14,11,321.0,3531.0
2021040604041468,UMRH,41,14,11,315.0,3465.0
2021040604041378,UMRH,41,14,11,309.0,3399.0
2021040604041281,UMRH,41,14,11,313.0,3443.0
2021040604041576,UNHPL,38,57,200,134.0,26800.0
2021040604041575,UNHPL,38,42,280,134.0,37520.0
2021040604041574,UNHPL,38,10,200,134.0,26800.0
2021040604041573,UNHPL,38,50,50,134.0,6700.0
2021040604041572,UNHPL,38,59,100,134.0,13400.0
2021040604041571,UNHPL,38,45,90,134.0,12060.0
2021040604041400,UNHPL,29,38,200,132.0,26400.0
2021040604041359,UNHPL,25,38,500,132.0,66000.0
2021040604041358,UNHPL,54,38,300,132.0,39600.0
2021040604041128,UPPER,21,16,30,907.0,27210.0
2021040604041127,UPPER,21,57,80,906.0,72480.0
2021040604041141,UPPER,32,8,30,908.0,27240.0
2021040604041133,UPPER,21,8,370,908.0,335960.0
2021040604041132,UPPER,21,18,10,908.0,9080.0
2021040604041131,UPPER,21,14,40,908.0,36320.0
2021040604041130,UPPER,21,10,30,908.0,27240.0
2021040604041129,UPPER,21,36,40,908.0,36320.0
2021040604041363,UPPER,19,49,120,907.0,108840.0
2021040604041228,UPPER,16,8,100,908.0,90800.0
2021040604041474,UPPER,34,49,60,907.0,54420.0
2021040604041455,UPPER,38,49,120,907.0,108840.0
2021040604041425,UPPER,35,49,100,907.0,90700.0
2021040604041535,UPPER,34,45,50,907.0,45350.0
2021040604041534,UPPER,34,35,50,907.0,45350.0
2021040604041521,UPPER,34,49,50,907.0,45350.0
2021040604041491,UPPER,34,45,40,907.0,36280.0
2021040604041560,UPPER,42,59,20,907.0,18140.0
2021040604041559,UPPER,45,59,500,907.0,453500.0
2021040604041558,UPPER,42,59,100,907.0,90700.0
2021040604041557,UPPER,58,59,20,907.0,18140.0
2021040604041556,UPPER,53,59,60,907.0,54420.0
2021040604041555,UPPER,34,59,250,907.0,226750.0
2021040604041072,AHPC,48,33,10,277.0,2770.0
2021040604041071,AHPC,48,34,500,277.0,138500.0
2021040604041059,AHPC,13,54,403,276.0,111228.0
2021040604041058,AHPC,17,54,300,276.0,82800.0
2021040604041057,AHPC,53,54,500,276.0,138000.0
2021040604041056,AHPC,36,54,20,276.0,5520.0
2021040604040694,AHPC,29,38,129,277.0,35733.0
2021040604040693,AHPC,29,45,71,277.0,19667.0
2021040604040689,AHPC,6,45,100,277.0,27700.0
2021040604041055,AHPC,53,54,200,276.0,55200.0
2021040604041054,AHPC,39,54,500,276.0,138000.0
2021040604041053,AHPC,57,54,"1,000",276.0,276000.0
2021040604040895,AHPC,17,33,200,277.0,55400.0
2021040604040894,AHPC,49,33,129,277.0,35733.0
2021040604040756,AHPC,49,38,71,277.0,19667.0
2021040604041100,AIL,59,50,100,890.0,89000.0
2021040604041035,AIL,58,19,50,890.0,44500.0
2021040604040996,AIL,49,19,50,890.0,44500.0
2021040604040990,AIL,37,19,30,890.0,26700.0
2021040604040858,AIL,55,19,30,890.0,26700.0
2021040604040765,AIL,25,57,10,890.0,8900.0
2021040604040695,AIL,59,36,30,890.0,26700.0
2021040604040759,AIL,25,34,10,890.0,8900.0
2021040604040758,AIL,25,35,10,890.0,8900.0
2021040604040754,AIL,25,58,20,890.0,17800.0
2021040604040716,AIL,25,41,10,890.0,8900.0
2021040604040715,AIL,25,57,30,890.0,26700.0
2021040604040696,AIL,59,57,70,890.0,62300.0
2021040604041004,AKJCL,21,22,10,156.0,1560.0
2021040604040690,AKJCL,40,32,"1,000",158.0,158000.0
2021040604041096,AKPL,38,56,95,339.0,32205.0
2021040604041095,AKPL,38,25,13,338.0,4394.0
2021040604041094,AKPL,38,6,92,338.0,31096.0
2021040604040890,AKPL,57,6,147,338.0,49686.0
2021040604040883,AKPL,57,47,200,338.0,67600.0
2021040604040701,AKPL,57,52,50,338.0,16900.0
2021040604041104,API,51,57,80,335.0,26800.0
2021040604040988,API,47,57,250,335.0,83750.0
2021040604040987,API,47,33,50,335.0,16750.0
2021040604040966,API,10,55,16,334.0,5344.0
2021040604040847,BARUN,26,29,125,245.0,30625.0
2021040604040846,BARUN,45,29,500,245.0,122500.0
2021040604040845,BARUN,25,29,100,245.0,24500.0
2021040604040844,BARUN,14,29,33,245.0,8085.0
2021040604040831,BARUN,5,29,78,246.0,19188.0
2021040604040830,BARUN,48,29,500,247.0,123500.0
2021040604040829,BARUN,11,29,100,247.0,24700.0
2021040604040828,BARUN,6,29,20,247.0,4940.0
2021040604040837,BARUN,58,29,95,246.0,23370.0
2021040604040836,BARUN,58,29,30,246.0,7380.0
2021040604040835,BARUN,42,29,15,246.0,3690.0
2021040604040834,BARUN,33,29,30,246.0,7380.0
2021040604040833,BARUN,46,29,"1,000",246.0,246000.0
2021040604040832,BARUN,1,29,"1,000",246.0,246000.0
2021040604040843,BARUN,53,29,"1,000",245.0,245000.0
2021040604040842,BARUN,58,29,45,245.0,11025.0
2021040604040841,BARUN,43,29,50,245.0,12250.0
2021040604040840,BARUN,43,29,10,245.0,2450.0
2021040604040839,BARUN,43,29,140,245.0,34300.0
2021040604040838,BARUN,58,29,70,246.0,17220.0
2021040604041097,BPCL,38,47,100,448.0,44800.0
2021040604041081,BPCL,52,59,30,449.0,13470.0
2021040604041061,BPCL,38,1,100,448.0,44800.0
2021040604041060,BPCL,38,59,50,448.0,22400.0
2021040604041006,BPCL,38,8,200,448.0,89600.0
2021040604040772,BPCL,14,29,10,446.0,4460.0
2021040604040777,BPCL,59,29,100,445.0,44500.0
2021040604040776,BPCL,54,29,300,445.0,133500.0
2021040604040775,BPCL,58,29,40,445.0,17800.0
2021040604040774,BPCL,22,29,200,446.0,89200.0
2021040604040773,BPCL,32,29,200,446.0,89200.0
2021040604040942,BPCL,29,25,20,448.0,8960.0
2021040604040941,BPCL,29,40,100,448.0,44800.0
2021040604040940,BPCL,21,5,90,448.0,40320.0
2021040604040889,BPCL,38,5,274,448.0,122752.0
2021040604040888,BPCL,38,57,26,446.0,11596.0
2021040604041005,BPCL,38,57,70,448.0,31360.0
2021040604041003,BPCL,17,57,230,448.0,103040.0
2021040604041002,BPCL,17,22,150,448.0,67200.0
2021040604041001,BPCL,17,59,220,448.0,98560.0
2021040604040944,BPCL,29,59,780,448.0,349440.0
2021040604040943,BPCL,29,14,100,448.0,44800.0
2021040604040945,CGH,35,55,10,2344.0,23440.0
2021040604040887,CGH,35,45,10,2344.0,23440.0
2021040604040704,CGH,35,41,10,2344.0,23440.0
2021040604040993,CHCL,45,41,198,682.0,135036.0
2021040604040992,CHCL,19,41,132,682.0,90024.0
2021040604041038,DHPL,59,43,50,127.0,6350.0
2021040604040989,DHPL,59,33,50,128.0,6400.0
2021040604040906,DHPL,59,32,"2,000",127.0,254000.0
2021040604040757,DHPL,55,33,450,128.0,57600.0
2021040604040703,DHPL,58,54,50,128.0,6400.0
2021040604040630,DHPL,58,52,123,128.0,15744.0
2021040604041031,EIC,36,43,280,771.0,215880.0
2021040604041030,EIC,32,43,100,771.0,77100.0
2021040604040864,EIC,6,43,25,772.0,19300.0
2021040604040753,EIC,29,43,100,772.0,77200.0
2021040604040752,EIC,28,43,92,772.0,71024.0
2021040604040659,GHL,32,58,700,166.0,116200.0
2021040604040658,GHL,32,29,70,166.0,11620.0
2021040604041027,GIC,54,19,70,740.0,51800.0
2021040604040982,GIC,54,25,90,740.0,66600.0
2021040604040981,GIC,35,25,10,740.0,7400.0
2021040604040898,GIC,35,7,40,740.0,29600.0
2021040604040897,GIC,6,7,20,740.0,14800.0
2021040604040896,GIC,7,7,30,740.0,22200.0
2021040604040867,GIC,7,36,70,740.0,51800.0
2021040604040866,GIC,57,36,100,740.0,74000.0
2021040604040865,GIC,20,36,30,740.0,22200.0
2021040604040744,GIC,20,22,10,740.0,7400.0
2021040604040722,GIC,20,19,10,740.0,7400.0
2021040604040893,GLH,49,32,10,374.0,3740.0
2021040604040632,GLH,19,8,10,375.0,3750.0
2021040604041051,HDHPC,38,42,300,142.0,42600.0
2021040604041050,HDHPC,38,10,200,142.0,28400.0
2021040604040965,HDHPC,45,38,300,141.0,42300.0
2021040604040827,HDHPC,45,7,50,141.0,7050.0
2021040604040819,HDHPC,45,55,500,141.0,70500.0
2021040604040691,HDHPC,54,10,100,142.0,14200.0
2021040604041115,HGI,58,1,10,819.0,8190.0
2021040604041114,HGI,58,32,50,819.0,40950.0
2021040604041113,HGI,58,41,30,819.0,24570.0
2021040604041112,HGI,58,22,20,819.0,16380.0
2021040604041111,HGI,58,39,50,819.0,40950.0
2021040604041110,HGI,58,50,40,819.0,32760.0
2021040604040660,HGI,35,1,50,816.0,40800.0
2021040604040666,HGI,35,34,50,816.0,40800.0
2021040604040665,HGI,35,58,180,816.0,146880.0
2021040604040664,HGI,35,25,50,816.0,40800.0
2021040604040663,HGI,35,53,50,816.0,40800.0
2021040604040662,HGI,35,1,50,816.0,40800.0
2021040604040661,HGI,35,17,60,816.0,48960.0
2021040604040725,HGI,49,14,250,817.0,204250.0
2021040604040714,HGI,48,45,50,816.0,40800.0
2021040604040692,HGI,48,41,100,816.0,81600.0
2021040604040677,HGI,48,36,690,816.0,563040.0
2021040604040668,HGI,35,14,10,817.0,8170.0
2021040604040667,HGI,35,17,500,816.0,408000.0
2021040604040768,HGI,35,44,100,817.0,81700.0
2021040604040767,HGI,35,16,125,817.0,102125.0
2021040604040766,HGI,35,11,250,817.0,204250.0
2021040604040729,HGI,52,11,100,817.0,81700.0
2021040604040727,HGI,49,11,650,817.0,531050.0
2021040604040726,HGI,49,17,100,817.0,81700.0
2021040604040907,HGI,35,36,"1,000",818.0,818000.0
2021040604040886,HGI,49,36,500,818.0,409000.0
2021040604040868,HGI,52,36,100,818.0,81800.0
2021040604040856,HGI,58,36,10,818.0,8180.0
2021040604040851,HGI,47,36,100,818.0,81800.0
2021040604040769,HGI,35,48,50,817.0,40850.0
2021040604041020,HGI,17,45,50,818.0,40900.0
2021040604041019,HGI,17,56,15,818.0,12270.0
2021040604041010,HGI,49,56,10,818.0,8180.0
2021040604041009,HGI,49,36,60,818.0,49080.0
2021040604040968,HGI,57,36,200,818.0,163600.0
2021040604040939,HGI,34,36,30,818.0,24540.0
2021040604041026,HGI,48,48,50,818.0,40900.0
2021040604041025,HGI,48,59,100,818.0,81800.0
2021040604041024,HGI,48,32,"1,000",818.0,818000.0
2021040604041023,HGI,48,48,185,818.0,151330.0
2021040604041022,HGI,17,48,15,818.0,12270.0
2021040604041021,HGI,17,25,20,818.0,16360.0
2021040604041109,HGI,58,17,100,819.0,81900.0
2021040604041099,HGI,42,21,30,818.0,24540.0
2021040604041098,HGI,48,21,565,818.0,462170.0
2021040604041080,HGI,48,41,50,818.0,40900.0
2021040604041062,HGI,58,50,10,819.0,8190.0
2021040604041033,HGI,48,16,50,818.0,40900.0
2021040604040991,HPPL,54,58,10,416.0,4160.0
2021040604040816,HURJA,22,38,"1,000",340.0,340000.0
2021040604040815,HURJA,38,38,150,340.0,51000.0
2021040604040814,HURJA,56,38,500,340.0,170000.0
2021040604040813,HURJA,45,38,250,340.0,85000.0
2021040604040812,HURJA,14,38,30,341.0,10230.0
2021040604040811,HURJA,22,38,80,341.0,27280.0
2021040604041102,IGI,19,42,100,1240.0,124000.0
2021040604041052,IGI,38,42,10,1240.0,12400.0
2021040604041047,IGI,34,42,100,1240.0,124000.0
2021040604041046,IGI,16,42,100,1240.0,124000.0
2021040604040622,IGI,14,34,50,1240.0,62000.0
2021040604040621,IGI,49,34,40,1240.0,49600.0
2021040604040624,IGI,1,34,100,1240.0,124000.0
2021040604040623,IGI,35,34,100,1240.0,124000.0
2021040604040796,IGI,21,5,100,1242.0,124200.0
2021040604040778,IGI,58,10,100,1241.0,124100.0
2021040604040899,IGI,21,34,30,1240.0,37200.0
2021040604041045,IGI,45,42,100,1241.0,124100.0
2021040604041044,IGI,19,42,10,1241.0,12410.0
2021040604041076,JOSHI,48,47,500,141.0,70500.0
2021040604040970,JOSHI,58,47,10,141.0,1410.0
2021040604041049,KKHC,36,58,60,127.0,7620.0
2021040604041086,KPCL,35,42,10,294.0,2940.0
2021040604041085,KPCL,25,36,200,293.0,58600.0
2021040604040635,KPCL,38,44,"1,500",293.0,439500.0
2021040604040741,KPCL,5,36,10,292.0,2920.0
2021040604040800,KPCL,34,44,100,293.0,29300.0
2021040604040788,KPCL,5,45,10,292.0,2920.0
2021040604040821,KPCL,28,44,30,293.0,8790.0
2021040604040863,KPCL,25,38,10,293.0,2930.0
2021040604040862,KPCL,25,42,10,293.0,2930.0
2021040604040861,KPCL,25,21,10,293.0,2930.0
2021040604040860,KPCL,25,44,475,293.0,139175.0
2021040604041101,LEC,58,14,10,305.0,3050.0
2021040604040892,LEC,34,22,175,307.0,53725.0
2021040604040891,LEC,34,45,20,307.0,6140.0
2021040604041119,LGIL,16,35,200,837.0,167400.0
2021040604041118,LGIL,51,38,12,835.0,10020.0
2021040604041116,LGIL,41,35,100,837.0,83700.0
2021040604041087,LGIL,57,51,50,836.0,41800.0
2021040604040980,LGIL,49,35,100,837.0,83700.0
2021040604040979,LGIL,46,35,100,837.0,83700.0
2021040604040959,LGIL,16,43,200,838.0,167600.0
2021040604041032,MHNL,3,29,140,268.0,37520.0
2021040604040720,MHNL,19,19,30,267.0,8010.0
2021040604040719,MHNL,19,45,10,267.0,2670.0
2021040604040718,MHNL,19,57,30,267.0,8010.0
2021040604040709,NGPL,34,10,16,261.0,4176.0
2021040604040708,NGPL,47,10,30,261.0,7830.0
2021040604040707,NGPL,25,10,100,261.0,26100.0
2021040604040706,NGPL,26,10,354,261.0,92394.0
2021040604041063,NHPC,41,32,200,184.0,36800.0
2021040604040818,NHPC,58,20,200,184.0,36800.0
2021040604040751,NHPC,28,20,170,184.0,31280.0
2021040604040750,NHPC,28,28,"1,000",184.0,184000.0
2021040604040749,NHPC,28,16,500,184.0,92000.0
2021040604040748,NHPC,28,52,330,184.0,60720.0
2021040604040723,NHPC,58,52,10,184.0,1840.0
2021040604040705,NHPC,17,52,30,184.0,5520.0
2021040604040961,NIL,45,28,80,1689.0,135120.0
2021040604040859,NIL,45,34,20,1689.0,33780.0
2021040604040787,NIL,36,13,78,1690.0,131820.0
2021040604040786,NIL,36,41,20,1690.0,33800.0
2021040604040785,NIL,36,33,42,1690.0,70980.0
2021040604040784,NIL,36,52,100,1689.0,168900.0
2021040604040783,NIL,36,34,10,1689.0,16890.0
2021040604040779,NIL,16,40,20,1688.0,33760.0
2021040604040730,NIL,53,34,150,1689.0,253350.0
2021040604041117,NLG,10,34,200,1171.0,234200.0
2021040604040724,NLG,57,34,250,1173.0,293250.0
2021040604040781,NLG,38,34,200,1172.0,234400.0
2021040604040782,NLG,47,34,100,1172.0,117200.0
2021040604041073,PIC,33,6,150,1334.0,200100.0
2021040604040952,PIC,18,6,120,1330.0,159600.0
2021040604040951,PIC,52,6,500,1332.0,666000.0
2021040604040950,PIC,33,6,300,1332.0,399600.0
2021040604040949,PIC,47,6,10,1332.0,13320.0
2021040604040948,PIC,43,6,70,1332.0,93240.0
2021040604040789,PIC,33,4,40,1335.0,53400.0
2021040604040771,PIC,43,4,89,1335.0,118815.0
2021040604040770,PIC,43,48,11,1334.0,14674.0
2021040604041068,PICL,32,52,60,906.0,54360.0
2021040604041000,PICL,58,52,130,906.0,117780.0
2021040604040999,PICL,58,20,70,906.0,63420.0
2021040604040712,PICL,1,20,130,906.0,117780.0
2021040604040711,PICL,1,14,40,906.0,36240.0
2021040604040657,PICL,1,14,50,906.0,45300.0
2021040604040634,PICL,35,54,225,904.0,203400.0
2021040604040633,PICL,59,54,15,905.0,13575.0
2021040604040848,PMHPL,11,7,64,201.0,12864.0
2021040604040763,PMHPL,11,7,355,201.0,71355.0
2021040604040762,PMHPL,11,51,100,201.0,20100.0
2021040604040761,PMHPL,11,45,50,201.0,10050.0
2021040604040986,PPCL,58,14,320,315.0,100800.0
2021040604040985,PPCL,50,14,20,315.0,6300.0
2021040604040699,PPCL,50,34,10,315.0,3150.0
2021040604040998,PRIN,58,42,10,974.0,9740.0
2021040604040984,PRIN,52,58,50,971.0,48550.0
2021040604040855,PRIN,52,58,50,972.0,48600.0
2021040604040791,PRIN,38,49,25,972.0,24300.0
2021040604040790,PRIN,38,35,50,972.0,48600.0
2021040604040721,PRIN,19,35,20,972.0,19440.0
2021040604041105,RADHI,42,25,11,497.0,5467.0
2021040604041079,RADHI,42,34,12,497.0,5964.0
2021040604040956,RADHI,52,8,100,497.0,49700.0
2021040604040955,RADHI,8,8,100,497.0,49700.0
2021040604040760,RADHI,17,45,140,499.0,69860.0
2021040604041034,RBCL,55,42,20,18403.0,368060.0
2021040604041106,RHPC,35,14,20,226.0,4520.0
2021040604041083,RHPC,32,53,16,225.0,3600.0
2021040604040983,RHPC,52,14,100,226.0,22600.0
2021040604040953,RHPC,32,58,100,225.0,22500.0
2021040604040909,RHPC,45,14,400,226.0,90400.0
2021040604040905,RHPC,52,14,315,226.0,71190.0
2021040604040700,RHPC,6,34,300,226.0,67800.0
2021040604040656,RHPC,21,59,35,225.0,7875.0
2021040604040631,RHPC,21,57,100,225.0,22500.0
2021040604040904,RHPC,52,58,200,226.0,45200.0
2021040604040903,RHPC,52,35,50,226.0,11300.0
2021040604040902,RHPC,52,43,200,226.0,45200.0
2021040604040901,RHPC,52,34,235,226.0,53110.0
2021040604040747,RHPC,32,46,120,225.0,27000.0
2021040604040746,RHPC,21,46,80,225.0,18000.0
2021040604041108,RHPL,45,36,214,535.0,114490.0
2021040604041107,RHPL,45,16,16,535.0,8560.0
2021040604041078,RHPL,19,16,80,535.0,42800.0
2021040604041077,RHPL,19,48,20,534.0,10680.0
2021040604041075,RHPL,34,45,70,533.0,37310.0
2021040604040850,RHPL,21,48,50,534.0,26700.0
2021040604040799,RHPL,6,16,60,535.0,32100.0
2021040604040798,RHPL,6,7,40,535.0,21400.0
2021040604040755,RHPL,34,37,80,533.0,42640.0
2021040604040728,RRHP,58,38,10,413.0,4130.0
2021040604040946,SEF,45,41,"5,000",12.0,60000.0
2021040604040654,SEF,45,45,"1,000",12.0,12000.0
2021040604040653,SEF,45,57,500,12.0,6000.0
2021040604040652,SEF,45,57,500,12.0,6000.0
2021040604041084,SGI,45,50,100,820.0,82000.0
2021040604041082,SGI,45,50,10,820.0,8200.0
2021040604041048,SGI,17,50,20,820.0,16400.0
2021040604041017,SGI,19,50,10,820.0,8200.0
2021040604041016,SGI,18,50,100,820.0,82000.0
2021040604041015,SGI,46,50,100,820.0,82000.0
2021040604040669,SGI,42,41,23,820.0,18860.0
2021040604040675,SGI,56,41,35,820.0,28700.0
2021040604040674,SGI,57,41,10,820.0,8200.0
2021040604040673,SGI,6,41,32,820.0,26240.0
2021040604040672,SGI,14,41,100,820.0,82000.0
2021040604040671,SGI,1,41,200,820.0,164000.0
2021040604040670,SGI,51,41,100,820.0,82000.0
2021040604040683,SGI,49,3,500,820.0,410000.0
2021040604040682,SGI,29,3,30,820.0,24600.0
2021040604040681,SGI,22,3,70,820.0,57400.0
2021040604040680,SGI,21,3,50,820.0,41000.0
2021040604040679,SGI,56,3,50,820.0,41000.0
2021040604040678,SGI,56,3,15,820.0,12300.0
2021040604040764,SGI,25,52,10,820.0,8200.0
2021040604040745,SGI,57,22,40,820.0,32800.0
2021040604040687,SGI,57,3,155,820.0,127100.0
2021040604040686,SGI,8,3,30,820.0,24600.0
2021040604040685,SGI,1,3,100,820.0,82000.0
2021040604040684,SGI,45,3,20,820.0,16400.0
2021040604040807,SGI,22,45,35,820.0,28700.0
2021040604040806,SGI,20,45,300,820.0,246000.0
2021040604040805,SGI,34,45,10,820.0,8200.0
2021040604040804,SGI,25,45,70,820.0,57400.0
2021040604040797,SGI,25,17,10,820.0,8200.0
2021040604040792,SGI,25,48,10,820.0,8200.0
2021040604041014,SGI,28,50,20,820.0,16400.0
2021040604041013,SGI,28,50,25,820.0,20500.0
2021040604041012,SGI,19,50,415,820.0,340300.0
2021040604040978,SGI,19,7,90,820.0,73800.0
2021040604040849,SGI,19,22,10,820.0,8200.0
2021040604040808,SGI,19,45,85,820.0,69700.0
2021040604040971,SHPC,33,49,100,386.0,38600.0
2021040604040967,SHPC,18,49,100,386.0,38600.0
2021040604040963,SHPC,18,49,150,386.0,57900.0
2021040604040962,SHPC,19,49,50,386.0,19300.0
2021040604040960,SHPC,34,42,165,387.0,63855.0
2021040604040912,SHPC,16,25,39,386.0,15054.0
2021040604040911,SHPC,58,25,531,386.0,204966.0
2021040604040910,SHPC,29,25,920,386.0,355120.0
2021040604041029,SIC,4,32,348,1743.0,606564.0
2021040604041028,SIC,49,32,27,1744.0,47088.0
2021040604040958,SIC,13,38,100,1745.0,174500.0
2021040604040884,SIC,34,14,100,1745.0,174500.0
2021040604040713,SIC,21,41,30,1746.0,52380.0
2021040604040629,SIC,4,58,445,1743.0,775635.0
2021040604040628,SIC,42,58,50,1744.0,87200.0
2021040604040627,SIC,52,58,50,1744.0,87200.0
2021040604040626,SIC,33,58,195,1745.0,340275.0
2021040604040938,SICL,34,55,50,1957.0,97850.0
2021040604040820,SICL,55,34,190,1956.0,371640.0
2021040604040710,SICL,48,34,10,1956.0,19560.0
2021040604041093,SIL,14,42,170,1279.0,217430.0
2021040604041067,SIL,14,13,30,1279.0,38370.0
2021040604041066,SIL,47,13,50,1279.0,63950.0
2021040604041065,SIL,47,13,20,1279.0,25580.0
2021040604041064,SIL,33,13,100,1279.0,127900.0
2021040604040908,SJCL,45,22,10,489.0,4890.0
2021040604040817,SJCL,45,37,30,489.0,14670.0
2021040604040780,SJCL,45,3,200,489.0,97800.0
2021040604040742,SJCL,45,45,40,489.0,19560.0
2021040604041103,SPDL,1,8,965,285.0,275025.0
2021040604040995,SPDL,3,49,25,284.0,7100.0
2021040604040994,SPDL,41,49,275,284.0,78100.0
2021040604040977,SPDL,1,8,35,285.0,9975.0
2021040604040976,SPDL,1,41,185,285.0,52725.0
2021040604040975,SPDL,1,14,300,285.0,85500.0
2021040604040974,SPDL,1,8,100,285.0,28500.0
2021040604040973,SPDL,1,11,200,285.0,57000.0
2021040604040972,SPDL,1,58,"4,180",285.0,1191300.0
2021040604040857,SPDL,41,43,10,284.0,2840.0
2021040604040795,SPDL,41,59,15,284.0,4260.0
2021040604041074,SSHL,37,28,"1,000",235.0,235000.0
2021040604041039,SSHL,41,28,100,235.0,23500.0
2021040604041008,SSHL,53,28,50,235.0,11750.0
2021040604041007,SSHL,53,49,150,234.0,35100.0
2021040604040947,SSHL,50,54,500,234.0,117000.0
2021040604040900,SSHL,34,28,"2,500",235.0,587500.0
2021040604040852,SSHL,57,28,50,235.0,11750.0
2021040604040794,SSHL,22,54,140,234.0,32760.0
2021040604040793,SSHL,58,54,85,234.0,19890.0
2021040604040676,SSHL,53,28,295,235.0,69325.0
2021040604040655,SSHL,55,28,50,235.0,11750.0
2021040604041069,STC,38,38,10,11792.0,117920.0
2021040604040810,STC,57,38,30,11792.0,353760.0
2021040604041091,UIC,10,47,780,724.0,564720.0
2021040604041090,UIC,38,47,20,724.0,14480.0
2021040604041089,UIC,48,47,100,724.0,72400.0
2021040604041088,UIC,51,47,100,725.0,72500.0
2021040604040803,UIC,45,49,50,725.0,36250.0
2021040604040802,UIC,45,49,100,725.0,72500.0
2021040604040640,UIC,25,38,130,725.0,94250.0
2021040604040639,UIC,6,38,50,726.0,36300.0
2021040604040638,UIC,52,38,100,726.0,72600.0
2021040604040637,UIC,21,38,560,726.0,406560.0
2021040604040636,UIC,58,38,70,727.0,50890.0
2021040604040646,UIC,1,38,70,725.0,50750.0
2021040604040645,UIC,50,38,50,725.0,36250.0
2021040604040644,UIC,45,38,100,725.0,72500.0
2021040604040643,UIC,48,38,50,725.0,36250.0
2021040604040642,UIC,41,38,300,725.0,217500.0
2021040604040641,UIC,3,38,140,725.0,101500.0
2021040604040801,UIC,13,49,30,725.0,21750.0
2021040604040651,UIC,13,38,30,725.0,21750.0
2021040604040650,UIC,33,38,50,725.0,36250.0
2021040604040649,UIC,56,38,"1,000",725.0,725000.0
2021040604040648,UIC,52,38,100,725.0,72500.0
2021040604040647,UIC,51,38,200,725.0,145000.0
2021040604041037,UMHL,51,58,500,195.0,97500.0
2021040604041036,UMHL,38,58,500,195.0,97500.0
2021040604041011,UMHL,25,44,130,196.0,25480.0
2021040604040717,UMHL,38,51,10,195.0,1950.0
2021040604040625,UMHL,38,34,100,195.0,19500.0
2021040604040620,UMHL,38,34,200,195.0,39000.0
2021040604040954,UMHL,38,48,390,195.0,76050.0
2021040604041092,UMRH,41,14,11,307.0,3377.0
2021040604040885,UMRH,58,14,15,301.0,4515.0
2021040604040738,UMRH,43,53,10,303.0,3030.0
2021040604040737,UMRH,43,4,10,303.0,3030.0
2021040604040736,UMRH,43,47,10,302.0,3020.0
2021040604040688,UMRH,41,14,11,306.0,3366.0
2021040604040740,UMRH,43,55,10,303.0,3030.0
2021040604040739,UMRH,43,58,10,303.0,3030.0
2021040604041070,UNHPL,38,45,45,133.0,5985.0
2021040604040882,UNHPL,38,13,"1,000",133.0,133000.0
2021040604040881,UNHPL,38,59,20,133.0,2660.0
2021040604040880,UNHPL,38,58,180,133.0,23940.0
2021040604040879,UNHPL,38,45,40,133.0,5320.0
2021040604040878,UNHPL,38,49,50,133.0,6650.0
2021040604040871,UNHPL,38,14,"1,010",132.0,133320.0
2021040604040870,UNHPL,38,42,17,132.0,2244.0
2021040604040869,UNHPL,38,48,88,132.0,11616.0
2021040604040822,UNHPL,43,28,50,131.0,6550.0
2021040604040877,UNHPL,38,8,100,133.0,13300.0
2021040604040876,UNHPL,38,4,50,133.0,6650.0
2021040604040875,UNHPL,38,34,510,133.0,67830.0
2021040604040874,UNHPL,38,11,"1,000",133.0,133000.0
2021040604040873,UNHPL,38,32,10,132.0,1320.0
2021040604040872,UNHPL,38,52,380,132.0,50160.0
2021040604040702,UPPER,35,54,200,908.0,181600.0
2021040604040698,UPPER,17,34,50,907.0,45350.0
2021040604040697,UPPER,48,34,10,907.0,9070.0
2021040604040735,UPPER,46,10,121,906.0,109626.0
2021040604040734,UPPER,58,10,12,907.0,10884.0
2021040604040733,UPPER,49,10,100,907.0,90700.0
2021040604040732,UPPER,54,10,20,907.0,18140.0
2021040604040731,UPPER,17,10,40,907.0,36280.0
2021040604040809,UPPER,45,10,45,907.0,40815.0
2021040604040743,UPPER,46,57,200,906.0,181200.0
2021040604040853,UPPER,46,54,629,906.0,569874.0
2021040604040826,UPPER,46,37,50,906.0,45300.0
2021040604040825,UPPER,50,34,210,907.0,190470.0
2021040604040824,UPPER,50,45,65,907.0,58955.0
2021040604040823,UPPER,50,10,55,907.0,49885.0
2021040604040854,UPPER,46,54,711,906.0,644166.0
2021040604040918,UPPER,1,17,200,905.0,181000.0
2021040604040917,UPPER,47,17,100,906.0,90600.0
2021040604040916,UPPER,51,17,25,906.0,22650.0
2021040604040915,UPPER,17,17,12,906.0,10872.0
2021040604040914,UPPER,8,17,50,906.0,45300.0
2021040604040913,UPPER,46,17,289,906.0,261834.0
2021040604040924,UPPER,37,17,200,905.0,181000.0
2021040604040923,UPPER,45,17,50,905.0,45250.0
2021040604040922,UPPER,45,17,10,905.0,9050.0
2021040604040921,UPPER,39,17,190,905.0,171950.0
2021040604040920,UPPER,58,17,25,905.0,22625.0
2021040604040919,UPPER,58,17,60,905.0,54300.0
2021040604040930,UPPER,34,17,10,905.0,9050.0
2021040604040929,UPPER,50,17,100,905.0,90500.0
2021040604040928,UPPER,25,17,100,905.0,90500.0
2021040604040927,UPPER,45,17,20,905.0,18100.0
2021040604040926,UPPER,32,17,30,905.0,27150.0
2021040604040925,UPPER,1,17,250,905.0,226250.0
2021040604040936,UPPER,3,17,100,903.0,90300.0
2021040604040935,UPPER,11,17,10,903.0,9030.0
2021040604040934,UPPER,54,17,500,904.0,452000.0
2021040604040933,UPPER,45,17,100,904.0,90400.0
2021040604040932,UPPER,54,17,10,905.0,9050.0
2021040604040931,UPPER,55,17,100,905.0,90500.0
2021040604041018,UPPER,32,57,70,906.0,63420.0
2021040604040997,UPPER,6,16,10,907.0,9070.0
2021040604040969,UPPER,6,34,90,907.0,81630.0
2021040604040964,UPPER,32,58,30,906.0,27180.0
2021040604040957,UPPER,22,58,20,906.0,18120.0
2021040604040937,UPPER,21,17,"9,489",903.0,8568567.0
2021040604041043,UPPER,21,54,"1,120",903.0,1011360.0
2021040604041042,UPPER,52,54,100,904.0,90400.0
2021040604041041,UPPER,54,54,30,905.0,27150.0
2021040604041040,UPPER,22,54,50,905.0,45250.0
2021040604040601,AHPC,58,45,50,277.0,13850.0
2021040604040600,AHPC,41,45,200,277.0,55400.0
2021040604040599,AHPC,38,45,50,277.0,13850.0
2021040604040598,AHPC,32,45,29,277.0,8033.0
2021040604040584,AHPC,41,44,500,278.0,139000.0
2021040604040561,AHPC,32,48,71,277.0,19667.0
2021040604040234,AHPC,17,44,270,278.0,75060.0
2021040604040187,AHPC,45,44,110,278.0,30580.0
2021040604040177,AHPC,52,44,200,278.0,55600.0
2021040604040407,AHPC,28,59,50,277.0,13850.0
2021040604040406,AHPC,57,59,102,277.0,28254.0
2021040604040382,AHPC,57,28,282,277.0,78114.0
2021040604040381,AHPC,43,28,18,277.0,4986.0
2021040604040322,AHPC,19,44,"1,000",278.0,278000.0
2021040604040254,AHPC,45,44,200,278.0,55600.0
2021040604040560,AHPC,36,48,100,277.0,27700.0
2021040604040559,AHPC,49,48,32,277.0,8864.0
2021040604040411,AHPC,50,59,198,277.0,54846.0
2021040604040410,AHPC,49,59,500,277.0,138500.0
2021040604040409,AHPC,36,59,50,277.0,13850.0
2021040604040408,AHPC,28,59,100,277.0,27700.0
2021040604040567,AIL,41,38,10,889.0,8890.0
2021040604040537,AIL,41,3,10,889.0,8890.0
2021040604040507,AIL,59,36,10,890.0,8900.0
2021040604040478,AIL,32,36,10,890.0,8900.0
2021040604040477,AIL,32,19,10,890.0,8900.0
2021040604040476,AIL,32,6,50,890.0,44500.0
2021040604040142,AIL,14,58,10,890.0,8900.0
2021040604040141,AIL,48,41,50,891.0,44550.0
2021040604040164,AIL,46,49,20,890.0,17800.0
2021040604040151,AIL,46,7,30,890.0,26700.0
2021040604040150,AIL,54,7,10,890.0,8900.0
2021040604040149,AIL,14,7,50,890.0,44500.0
2021040604040148,AIL,59,7,100,890.0,89000.0
2021040604040147,AIL,45,7,10,891.0,8910.0
2021040604040300,AIL,25,48,10,890.0,8900.0
2021040604040299,AIL,25,13,100,890.0,89000.0
2021040604040298,AIL,25,49,200,890.0,178000.0
2021040604040292,AIL,47,49,200,890.0,178000.0
2021040604040276,AIL,32,49,30,890.0,26700.0
2021040604040242,AIL,38,49,50,890.0,44500.0
2021040604040343,AIL,1,45,10,890.0,8900.0
2021040604040310,AIL,1,17,10,890.0,8900.0
2021040604040305,AIL,42,54,170,889.0,151130.0
2021040604040304,AIL,48,54,10,889.0,8890.0
2021040604040303,AIL,25,54,130,889.0,115570.0
2021040604040302,AIL,25,54,190,890.0,169100.0
2021040604040374,AIL,29,40,100,889.0,88900.0
2021040604040373,AIL,42,40,30,889.0,26670.0
2021040604040372,AIL,37,40,540,890.0,480600.0
2021040604040371,AIL,54,40,200,890.0,178000.0
2021040604040370,AIL,48,40,40,890.0,35600.0
2021040604040345,AIL,48,3,10,890.0,8900.0
2021040604040469,AIL,41,3,10,889.0,8890.0
2021040604040451,AIL,21,6,50,890.0,44500.0
2021040604040413,AIL,32,3,10,889.0,8890.0
2021040604040403,AIL,49,42,90,891.0,80190.0
2021040604040402,AIL,49,47,10,890.0,8900.0
2021040604040375,AIL,32,40,90,889.0,80010.0
2021040604040576,AKPL,57,45,358,338.0,121004.0
2021040604040571,AKPL,19,45,197,338.0,66586.0
2021040604040570,AKPL,19,21,33,337.0,11121.0
2021040604040459,AKPL,41,36,"1,000",337.0,337000.0
2021040604040439,AKPL,49,45,200,338.0,67600.0
2021040604040314,AKPL,34,45,500,338.0,169000.0
2021040604040125,AKPL,28,4,200,337.0,67400.0
2021040604040124,AKPL,48,4,500,337.0,168500.0
2021040604040123,AKPL,58,4,400,337.0,134800.0
2021040604040122,AKPL,55,4,200,337.0,67400.0
2021040604040131,AKPL,39,4,"1,000",336.0,336000.0
2021040604040130,AKPL,29,4,100,336.0,33600.0
2021040604040129,AKPL,32,4,150,336.0,50400.0
2021040604040128,AKPL,55,4,142,336.0,47712.0
2021040604040127,AKPL,14,4,500,337.0,168500.0
2021040604040126,AKPL,52,4,500,337.0,168500.0
2021040604040171,AKPL,50,45,100,338.0,33800.0
2021040604040136,AKPL,16,4,458,336.0,153888.0
2021040604040135,AKPL,20,4,250,336.0,84000.0
2021040604040134,AKPL,36,4,100,336.0,33600.0
2021040604040133,AKPL,34,4,500,336.0,168000.0
2021040604040132,AKPL,43,4,"1,000",336.0,336000.0
2021040604040609,API,11,58,40,335.0,13400.0
2021040604040608,API,11,36,210,335.0,70350.0
2021040604040502,API,10,45,199,334.0,66466.0
2021040604040501,API,38,45,100,334.0,33400.0
2021040604040500,API,50,45,199,334.0,66466.0
2021040604040499,API,48,45,500,334.0,167000.0
2021040604040437,API,34,49,133,334.0,44422.0
2021040604040339,API,41,36,100,335.0,33500.0
2021040604040338,API,52,36,100,335.0,33500.0
2021040604040337,API,47,36,20,335.0,6700.0
2021040604040336,API,49,36,16,335.0,5360.0
2021040604040335,API,46,36,54,335.0,18090.0
2021040604040492,API,49,45,100,334.0,33400.0
2021040604040491,API,22,45,299,334.0,99866.0
2021040604040490,API,21,45,50,334.0,16700.0
2021040604040489,API,51,45,300,334.0,100200.0
2021040604040488,API,21,45,133,334.0,44422.0
2021040604040438,API,21,49,367,334.0,122578.0
2021040604040498,API,16,45,20,334.0,6680.0
2021040604040497,API,47,45,20,334.0,6680.0
2021040604040496,API,51,45,100,334.0,33400.0
2021040604040495,API,32,45,"1,000",334.0,334000.0
2021040604040494,API,43,45,100,334.0,33400.0
2021040604040493,API,39,45,100,334.0,33400.0
2021040604040612,BPCL,55,5,700,448.0,313600.0
2021040604040589,BPCL,57,5,59,448.0,26432.0
2021040604040588,BPCL,57,45,67,448.0,30016.0
2021040604040587,BPCL,57,42,126,448.0,56448.0
2021040604040586,BPCL,57,3,248,448.0,111104.0
2021040604040585,BPCL,57,43,500,448.0,224000.0
2021040604040183,BPCL,3,59,43,445.0,19135.0
2021040604040182,BPCL,3,59,43,445.0,19135.0
2021040604040181,BPCL,3,38,10,446.0,4460.0
2021040604040361,BPCL,59,4,100,448.0,44800.0
2021040604040274,BPCL,19,29,37,448.0,16576.0
2021040604040202,BPCL,18,51,100,445.0,44500.0
2021040604040196,BPCL,34,29,13,448.0,5824.0
2021040604040195,BPCL,34,58,37,448.0,16576.0
2021040604040184,BPCL,39,59,414,444.0,183816.0
2021040604040453,BPCL,40,43,13,448.0,5824.0
2021040604040365,BPCL,59,50,45,448.0,20160.0
2021040604040364,BPCL,59,32,40,448.0,17920.0
2021040604040363,BPCL,59,7,50,448.0,22400.0
2021040604040362,BPCL,59,58,65,448.0,29120.0
2021040604040509,BPCL,43,3,190,448.0,85120.0
2021040604040508,BPCL,43,6,10,447.0,4470.0
2021040604040457,BPCL,17,3,50,448.0,22400.0
2021040604040454,BPCL,40,3,12,448.0,5376.0
2021040604040542,CGH,35,58,10,2344.0,23440.0
2021040604040458,CGH,36,10,10,2344.0,23440.0
2021040604040436,CGH,38,58,7,2344.0,16408.0
2021040604040398,CGH,36,10,10,2344.0,23440.0
2021040604040351,CGH,36,10,10,2344.0,23440.0
2021040604040320,CGH,38,34,5,2344.0,11720.0
2021040604040252,CHCL,19,6,70,682.0,47740.0
2021040604040467,DHPL,59,51,22,130.0,2860.0
2021040604040466,DHPL,59,32,100,130.0,13000.0
2021040604040465,DHPL,59,5,100,130.0,13000.0
2021040604040464,DHPL,59,34,278,129.0,35862.0
2021040604040416,DHPL,59,34,222,129.0,28638.0
2021040604040415,DHPL,59,22,100,128.0,12800.0
2021040604040205,DHPL,59,22,50,128.0,6400.0
2021040604040204,DHPL,59,48,900,128.0,115200.0
2021040604040203,DHPL,59,57,663,128.0,84864.0
2021040604040200,DHPL,59,16,250,127.0,31750.0
2021040604040186,DHPL,59,32,200,127.0,25400.0
2021040604040211,DHPL,59,10,200,129.0,25800.0
2021040604040210,DHPL,59,21,10,129.0,1290.0
2021040604040209,DHPL,59,41,"1,000",129.0,129000.0
2021040604040208,DHPL,59,34,100,129.0,12900.0
2021040604040207,DHPL,59,25,50,129.0,6450.0
2021040604040206,DHPL,59,3,"1,000",129.0,129000.0
2021040604040217,DHPL,59,33,100,129.0,12900.0
2021040604040216,DHPL,59,46,200,129.0,25800.0
2021040604040215,DHPL,59,45,"2,019",129.0,260451.0
2021040604040214,DHPL,59,16,"1,000",129.0,129000.0
2021040604040213,DHPL,59,25,10,129.0,1290.0
2021040604040212,DHPL,59,58,750,129.0,96750.0
2021040604040223,DHPL,59,20,25,129.0,3225.0
2021040604040222,DHPL,59,20,42,129.0,5418.0
2021040604040221,DHPL,59,1,"1,500",129.0,193500.0
2021040604040220,DHPL,59,29,92,129.0,11868.0
2021040604040219,DHPL,59,3,"1,000",129.0,129000.0
2021040604040218,DHPL,59,42,"1,250",129.0,161250.0
2021040604040386,DHPL,59,58,101,127.0,12827.0
2021040604040347,DHPL,59,48,178,129.0,22962.0
2021040604040227,DHPL,59,48,22,129.0,2838.0
2021040604040226,DHPL,59,50,50,129.0,6450.0
2021040604040225,DHPL,59,41,200,129.0,25800.0
2021040604040224,DHPL,59,16,85,129.0,10965.0
2021040604040611,EIC,28,41,680,772.0,524960.0
2021040604040610,EIC,57,41,320,772.0,247040.0
2021040604040332,GHL,32,59,550,166.0,91300.0
2021040604040198,GHL,28,59,100,166.0,16600.0
2021040604040197,GHL,32,59,350,166.0,58100.0
2021040604040193,GHL,32,55,"2,352",167.0,392784.0
2021040604040547,GIC,28,41,25,741.0,18525.0
2021040604040546,GIC,28,34,25,741.0,18525.0
2021040604040539,GIC,58,6,10,740.0,7400.0
2021040604040463,GIC,58,55,90,740.0,66600.0
2021040604040462,GIC,53,55,10,740.0,7400.0
2021040604040441,GIC,53,34,25,741.0,18525.0
2021040604040277,GIC,21,10,10,741.0,7410.0
2021040604040232,GIC,21,52,50,741.0,37050.0
2021040604040170,GIC,21,51,56,741.0,41496.0
2021040604040169,GIC,26,51,444,741.0,329004.0
2021040604040412,GIC,11,34,106,741.0,78546.0
2021040604040283,GIC,43,34,10,741.0,7410.0
2021040604040282,GIC,55,34,35,741.0,25935.0
2021040604040281,GIC,4,34,15,741.0,11115.0
2021040604040280,GIC,21,34,34,741.0,25194.0
2021040604040524,GLH,50,32,10,374.0,3740.0
2021040604040513,GLH,58,33,20,376.0,7520.0
2021040604040512,GLH,58,58,10,375.0,3750.0
2021040604040511,GLH,58,25,10,375.0,3750.0
2021040604040510,GLH,58,58,10,375.0,3750.0
2021040604040456,GLH,50,58,10,374.0,3740.0
2021040604040233,GLH,50,41,10,374.0,3740.0
2021040604040153,GLH,49,33,200,376.0,75200.0
2021040604040568,HDHPC,14,22,150,142.0,21300.0
2021040604040564,HDHPC,17,22,850,142.0,120700.0
2021040604040563,HDHPC,17,21,"1,150",142.0,163300.0
2021040604040526,HDHPC,29,21,850,142.0,120700.0
2021040604040525,HDHPC,29,42,150,142.0,21300.0
2021040604040421,HDHPC,36,42,500,142.0,71000.0
2021040604040253,HDHPC,45,10,50,141.0,7050.0
2021040604040251,HDHPC,45,8,200,141.0,28200.0
2021040604040152,HDHPC,45,45,"1,000",142.0,142000.0
2021040604040350,HDHPC,1,42,350,142.0,49700.0
2021040604040349,HDHPC,1,34,600,142.0,85200.0
2021040604040348,HDHPC,1,14,50,142.0,7100.0
2021040604040316,HDHPC,52,14,50,142.0,7100.0
2021040604040315,HDHPC,52,29,50,142.0,7100.0
2021040604040284,HDHPC,45,10,100,141.0,14100.0
2021040604040565,HGI,35,19,150,815.0,122250.0
2021040604040541,HGI,35,11,10,815.0,8150.0
2021040604040540,HGI,19,28,100,816.0,81600.0
2021040604040479,HGI,35,50,500,815.0,407500.0
2021040604040468,HGI,35,55,20,815.0,16300.0
2021040604040435,HGI,35,52,50,815.0,40750.0
2021040604040192,HGI,58,3,"1,000",812.0,812000.0
2021040604040236,HGI,58,11,10,812.0,8120.0
2021040604040231,HGI,58,49,25,812.0,20300.0
2021040604040230,HGI,58,39,100,812.0,81200.0
2021040604040229,HGI,58,41,700,812.0,568400.0
2021040604040228,HGI,58,3,828,812.0,672336.0
2021040604040201,HGI,22,3,100,812.0,81200.0
2021040604040428,HGI,35,48,300,814.0,244200.0
2021040604040427,HGI,35,22,256,814.0,208384.0
2021040604040426,HGI,35,48,50,814.0,40700.0
2021040604040297,HGI,8,47,13,813.0,10569.0
2021040604040296,HGI,8,39,252,813.0,204876.0
2021040604040295,HGI,8,5,200,813.0,162600.0
2021040604040434,HGI,35,34,"1,000",815.0,815000.0
2021040604040433,HGI,35,55,100,815.0,81500.0
2021040604040432,HGI,35,50,200,815.0,163000.0
2021040604040431,HGI,35,54,104,815.0,84760.0
2021040604040430,HGI,35,16,40,815.0,32600.0
2021040604040429,HGI,35,59,100,815.0,81500.0
2021040604040486,HURJA,58,57,30,342.0,10260.0
2021040604040414,HURJA,58,57,20,342.0,6840.0
2021040604040549,IGI,41,34,75,1241.0,93075.0
2021040604040548,IGI,45,34,100,1241.0,124100.0
2021040604040536,IGI,28,5,300,1243.0,372900.0
2021040604040269,IGI,29,42,145,1241.0,179945.0
2021040604040179,IGI,55,42,35,1241.0,43435.0
2021040604040178,IGI,55,42,10,1241.0,12410.0
2021040604040443,IGI,29,48,100,1241.0,124100.0
2021040604040534,IGI,28,25,200,1243.0,248600.0
2021040604040533,IGI,28,45,500,1243.0,621500.0
2021040604040448,IGI,45,6,45,1241.0,55845.0
2021040604040447,IGI,29,6,55,1241.0,68255.0
2021040604040531,JOSHI,32,36,20,140.0,2800.0
2021040604040461,JOSHI,13,47,100,141.0,14100.0
2021040604040264,JOSHI,38,47,10,141.0,1410.0
2021040604040263,JOSHI,38,58,90,141.0,12690.0
2021040604040199,JOSHI,57,34,100,140.0,14000.0
2021040604040185,JOSHI,57,41,20,140.0,2800.0
2021040604040157,KKHC,49,58,200,128.0,25600.0
2021040604040404,KPCL,45,44,50,293.0,14650.0
2021040604040617,LEC,32,45,40,306.0,12240.0
2021040604040616,LEC,32,54,260,306.0,79560.0
2021040604040615,LEC,32,57,10,305.0,3050.0
2021040604040614,LEC,32,48,10,305.0,3050.0
2021040604040613,LEC,32,38,40,305.0,12200.0
2021040604040293,LEC,17,28,20,304.0,6080.0
2021040604040144,LEC,17,36,10,304.0,3040.0
2021040604040140,LEC,47,42,10,305.0,3050.0
2021040604040139,LEC,47,32,20,305.0,6100.0
2021040604040359,LGIL,51,19,30,835.0,25050.0
2021040604040358,LGIL,47,19,75,835.0,62625.0
2021040604040357,LGIL,54,19,150,836.0,125400.0
2021040604040356,LGIL,29,19,20,836.0,16720.0
2021040604040355,LGIL,47,19,15,836.0,12540.0
2021040604040354,LGIL,47,19,10,836.0,8360.0
2021040604040241,LGIL,7,42,100,838.0,83800.0
2021040604040405,MEN,20,49,30,711.0,21330.0
2021040604040155,MEN,25,33,10,710.0,7100.0
2021040604040581,MHNL,51,45,30,266.0,7980.0
2021040604040597,NGPL,26,38,646,261.0,168606.0
2021040604040596,NGPL,26,38,354,261.0,92394.0
2021040604040425,NGPL,26,58,500,261.0,130500.0
2021040604040424,NGPL,49,58,"1,000",261.0,261000.0
2021040604040346,NGPL,43,17,61,263.0,16043.0
2021040604040313,NGPL,43,42,139,263.0,36557.0
2021040604040312,NGPL,25,42,61,263.0,16043.0
2021040604040579,NHPC,28,49,100,183.0,18300.0
2021040604040516,NHPC,20,52,130,184.0,23920.0
2021040604040515,NHPC,20,54,100,184.0,18400.0
2021040604040514,NHPC,20,38,"1,770",184.0,325680.0
2021040604040505,NHPC,32,38,"2,700",184.0,496800.0
2021040604040400,NHPC,32,38,"2,700",184.0,496800.0
2021040604040327,NHPC,32,34,300,184.0,55200.0
2021040604040326,NHPC,32,26,300,184.0,55200.0
2021040604040325,NHPC,32,20,710,184.0,130640.0
2021040604040324,NHPC,32,55,250,184.0,46000.0
2021040604040279,NHPC,28,28,500,183.0,91500.0
2021040604040145,NHPC,28,5,120,183.0,21960.0
2021040604040344,NHPC,55,38,"1,700",184.0,312800.0
2021040604040334,NHPC,36,38,100,184.0,18400.0
2021040604040331,NHPC,32,38,30,184.0,5520.0
2021040604040330,NHPC,32,52,500,184.0,92000.0
2021040604040329,NHPC,32,33,500,184.0,92000.0
2021040604040328,NHPC,32,28,110,184.0,20240.0
2021040604040383,NIBLPF,17,35,253,12.5,3162.5
2021040604040321,NICBF,47,57,"1,000",11.6,11600.0
2021040604040506,NIL,16,32,50,1688.0,84400.0
2021040604040450,NIL,16,36,390,1688.0,658320.0
2021040604040333,NIL,42,36,200,1688.0,337600.0
2021040604040273,NIL,13,36,100,1688.0,168800.0
2021040604040159,NLG,10,49,30,1176.0,35280.0
2021040604040396,NLG,42,35,16,1175.0,18800.0
2021040604040504,NLG,32,35,100,1175.0,117500.0
2021040604040503,NLG,32,50,200,1173.0,234600.0
2021040604040545,PIC,43,33,40,1332.0,53280.0
2021040604040544,PIC,47,33,60,1333.0,79980.0
2021040604040543,PIC,50,33,100,1333.0,133300.0
2021040604040423,PIC,34,17,129,1333.0,171957.0
2021040604040422,PIC,34,58,"1,191",1333.0,1587603.0
2021040604040189,PIC,43,34,30,1332.0,39960.0
2021040604040162,PIC,43,20,60,1332.0,79920.0
2021040604040580,PICL,29,14,10,906.0,9060.0
2021040604040558,PICL,59,57,70,905.0,63350.0
2021040604040557,PICL,19,57,100,905.0,90500.0
2021040604040556,PICL,6,57,100,905.0,90500.0
2021040604040555,PICL,51,57,30,905.0,27150.0
2021040604040475,PICL,40,36,100,907.0,90700.0
2021040604040289,PICL,59,14,115,905.0,104075.0
2021040604040288,PICL,22,14,100,905.0,90500.0
2021040604040287,PICL,32,14,50,905.0,45250.0
2021040604040286,PICL,17,14,50,905.0,45250.0
2021040604040285,PICL,6,14,85,905.0,76925.0
2021040604040265,PICL,1,36,406,907.0,368242.0
2021040604040594,PMHPL,11,45,450,201.0,90450.0
2021040604040593,PMHPL,11,22,10,200.0,2000.0
2021040604040592,PMHPL,11,7,10,200.0,2000.0
2021040604040591,PMHPL,11,44,10,200.0,2000.0
2021040604040590,PMHPL,11,39,230,200.0,46000.0
2021040604040474,PMHPL,11,39,270,200.0,54000.0
2021040604040160,PMHPL,36,45,10,198.0,1980.0
2021040604040473,PMHPL,11,58,250,200.0,50000.0
2021040604040472,PMHPL,11,21,10,200.0,2000.0
2021040604040471,PMHPL,11,44,360,200.0,72000.0
2021040604040470,PMHPL,11,29,10,199.0,1990.0
2021040604040180,PMHPL,48,44,20,200.0,4000.0
2021040604040161,PMHPL,36,44,10,200.0,2000.0
2021040604040308,PPCL,41,38,50,316.0,15800.0
2021040604040156,PPCL,50,51,10,315.0,3150.0
2021040604040554,PRIN,32,55,40,970.0,38800.0
2021040604040553,PRIN,47,55,20,970.0,19400.0
2021040604040552,PRIN,40,55,50,970.0,48500.0
2021040604040551,PRIN,32,55,10,970.0,9700.0
2021040604040550,PRIN,46,55,20,970.0,19400.0
2021040604040175,PRIN,46,58,60,970.0,58200.0
2021040604040174,PRIN,58,58,50,970.0,48500.0
2021040604040173,PRIN,11,58,10,970.0,9700.0
2021040604040172,PRIN,28,58,100,971.0,97100.0
2021040604040487,RADHI,19,57,50,500.0,25000.0
2021040604040393,RADHI,58,34,800,500.0,400000.0
2021040604040392,RADHI,58,34,10,500.0,5000.0
2021040604040275,RADHI,45,38,12,502.0,6024.0
2021040604040566,RHPC,21,45,250,225.0,56250.0
2021040604040538,RHPC,58,34,70,226.0,15820.0
2021040604040360,RHPC,36,34,300,226.0,67800.0
2021040604040268,RHPC,45,34,95,226.0,21470.0
2021040604040267,RHPC,45,1,100,226.0,22600.0
2021040604040266,RHPC,45,45,205,226.0,46330.0
2021040604040250,RHPC,38,45,45,226.0,10170.0
2021040604040249,RHPC,38,4,30,226.0,6780.0
2021040604040248,RHPC,38,41,50,226.0,11300.0
2021040604040247,RHPC,38,42,25,226.0,5650.0
2021040604040154,RHPC,21,49,55,225.0,12375.0
2021040604040607,RHPL,32,49,100,534.0,53400.0
2021040604040606,RHPL,3,49,180,534.0,96120.0
2021040604040605,RHPL,6,49,20,534.0,10680.0
2021040604040604,RHPL,42,49,100,534.0,53400.0
2021040604040572,RHPL,45,54,70,535.0,37450.0
2021040604040523,RHPL,36,54,50,535.0,26750.0
2021040604040239,RHPL,11,58,170,537.0,91290.0
2021040604040191,RHPL,45,58,300,537.0,161100.0
2021040604040176,RHPL,3,59,10,536.0,5360.0
2021040604040318,RHPL,40,45,10,535.0,5350.0
2021040604040317,RHPL,3,45,37,536.0,19832.0
2021040604040307,RHPL,41,57,65,537.0,34905.0
2021040604040306,RHPL,41,58,35,537.0,18795.0
2021040604040294,RHPL,38,58,300,537.0,161100.0
2021040604040262,RHPL,36,58,100,537.0,53700.0
2021040604040520,RHPL,57,54,177,535.0,94695.0
2021040604040460,RHPL,57,19,323,535.0,172805.0
2021040604040452,RHPL,32,19,50,535.0,26750.0
2021040604040449,RHPL,13,19,100,535.0,53500.0
2021040604040442,RHPL,49,19,27,535.0,14445.0
2021040604040319,RHPL,49,45,23,535.0,12305.0
2021040604040384,RRHP,6,55,10,410.0,4100.0
2021040604040235,SEF,45,28,"2,000",11.99,23980.0
2021040604040188,SFMF,20,57,100,12.75,1275.0
2021040604040603,SGI,25,45,25,821.0,20525.0
2021040604040577,SGI,34,45,90,821.0,73890.0
2021040604040519,SGI,34,11,410,821.0,336610.0
2021040604040518,SGI,43,11,10,821.0,8210.0
2021040604040517,SGI,58,11,30,821.0,24630.0
2021040604040481,SGI,58,5,80,824.0,65920.0
2021040604040238,SGI,43,14,10,825.0,8250.0
2021040604040237,SGI,43,6,10,825.0,8250.0
2021040604040480,SGI,58,13,20,824.0,16480.0
2021040604040389,SGI,34,13,80,824.0,65920.0
2021040604040260,SGI,17,14,250,825.0,206250.0
2021040604040259,SGI,34,22,10,824.0,8240.0
2021040604040243,SGI,34,32,10,824.0,8240.0
2021040604040240,SGI,34,52,100,824.0,82400.0
2021040604040522,SHL,53,49,900,201.0,180900.0
2021040604040521,SHL,35,49,100,201.0,20100.0
2021040604040278,SHL,59,57,440,201.0,88440.0
2021040604040395,SHPC,34,25,10,387.0,3870.0
2021040604040394,SHPC,34,3,25,387.0,9675.0
2021040604040378,SHPC,29,6,80,386.0,30880.0
2021040604040377,SHPC,58,3,10,387.0,3870.0
2021040604040595,SIC,54,32,100,1746.0,174600.0
2021040604040573,SIC,33,33,134,1745.0,233830.0
2021040604040420,SIC,33,32,21,1745.0,36645.0
2021040604040419,SIC,26,32,10,1745.0,17450.0
2021040604040418,SIC,14,32,39,1745.0,68055.0
2021040604040417,SIC,59,32,30,1746.0,52380.0
2021040604040379,SIC,48,42,35,1747.0,61145.0
2021040604040309,SIC,54,32,100,1746.0,174600.0
2021040604040121,SIC,14,4,100,1745.0,174500.0
2021040604040562,SICL,43,34,50,1956.0,97800.0
2021040604040353,SICL,41,58,155,1956.0,303180.0
2021040604040168,SICL,42,58,65,1956.0,127140.0
2021040604040167,SICL,42,5,35,1955.0,68425.0
2021040604040583,SIL,1,52,50,1280.0,64000.0
2021040604040582,SIL,1,35,100,1280.0,128000.0
2021040604040138,SIL,50,45,30,1279.0,38370.0
2021040604040397,SJCL,45,45,40,489.0,19560.0
2021040604040120,SJCL,45,34,10,489.0,4890.0
2021040604040532,SPDL,41,13,100,284.0,28400.0
2021040604040485,SPDL,51,58,200,285.0,57000.0
2021040604040311,SPDL,41,42,100,284.0,28400.0
2021040604040578,SSHL,32,28,100,235.0,23500.0
2021040604040529,SSHL,58,53,100,234.0,23400.0
2021040604040528,SSHL,52,53,60,235.0,14100.0
2021040604040527,SSHL,25,53,300,235.0,70500.0
2021040604040484,SSHL,25,35,200,235.0,47000.0
2021040604040483,SSHL,52,35,200,235.0,47000.0
2021040604040256,SSHL,54,48,100,235.0,23500.0
2021040604040255,SSHL,54,13,735,235.0,172725.0
2021040604040244,SSHL,34,13,"1,000",235.0,235000.0
2021040604040194,SSHL,17,54,50,235.0,11750.0
2021040604040190,SSHL,26,45,200,233.0,46600.0
2021040604040341,SSHL,1,35,385,235.0,90475.0
2021040604040301,SSHL,1,13,15,235.0,3525.0
2021040604040291,SSHL,19,13,85,235.0,19975.0
2021040604040290,SSHL,19,25,15,235.0,3525.0
2021040604040258,SSHL,54,25,15,235.0,3525.0
2021040604040257,SSHL,54,22,150,235.0,35250.0
2021040604040482,SSHL,16,35,100,235.0,23500.0
2021040604040455,SSHL,40,41,100,235.0,23500.0
2021040604040444,SSHL,41,41,65,235.0,15275.0
2021040604040399,SSHL,47,41,30,235.0,7050.0
2021040604040369,SSHL,58,35,500,235.0,117500.0
2021040604040342,SSHL,58,35,115,234.0,26910.0
2021040604040445,STC,57,38,10,11792.0,117920.0
2021040604040352,STC,52,38,10,11792.0,117920.0
2021040604040385,UIC,58,45,30,727.0,21810.0
2021040604040376,UIC,59,45,20,727.0,14540.0
2021040604040367,UIC,21,47,440,726.0,319440.0
2021040604040366,UIC,35,47,100,726.0,72600.0
2021040604040272,UIC,59,45,60,727.0,43620.0
2021040604040246,UIC,46,57,100,726.0,72600.0
2021040604040245,UIC,40,57,300,726.0,217800.0
2021040604040163,UIC,58,45,100,727.0,72700.0
2021040604040619,UMHL,38,48,500,195.0,97500.0
2021040604040535,UMHL,38,48,500,195.0,97500.0
2021040604040391,UMHL,33,48,400,195.0,78000.0
2021040604040390,UMHL,33,25,"1,487",195.0,289965.0
2021040604040143,UMHL,16,25,500,195.0,97500.0
2021040604040575,UMRH,43,47,40,302.0,12080.0
2021040604040574,UMRH,43,58,10,301.0,3010.0
2021040604040440,UMRH,29,14,269,300.0,80700.0
2021040604040401,UMRH,41,14,11,300.0,3300.0
2021040604040387,UMRH,16,14,720,300.0,216000.0
2021040604040380,UMRH,16,14,280,300.0,84000.0
2021040604040323,UNHPL,43,57,280,131.0,36680.0
2021040604040146,UNHPL,43,42,50,131.0,6550.0
2021040604040388,UPCL,50,59,15,165.0,2475.0
2021040604040618,UPPER,48,38,50,907.0,45350.0
2021040604040602,UPPER,16,54,"1,000",908.0,908000.0
2021040604040569,UPPER,48,55,40,907.0,36280.0
2021040604040158,UPPER,25,34,50,909.0,45450.0
2021040604040137,UPPER,48,34,20,909.0,18180.0
2021040604040261,UPPER,6,51,"1,000",907.0,907000.0
2021040604040166,UPPER,46,54,100,908.0,90800.0
2021040604040165,UPPER,57,54,60,908.0,54480.0
2021040604040368,UPPER,45,35,50,906.0,45300.0
2021040604040340,UPPER,6,54,340,908.0,308720.0
2021040604040271,UPPER,45,8,70,907.0,63490.0
2021040604040270,UPPER,39,8,410,907.0,371870.0
2021040604040530,UPPER,8,16,100,907.0,90700.0
2021040604040446,UPPER,52,57,20,907.0,18140.0
2021040604040062,AHPC,57,44,50,278.0,13900.0
2021040604040018,AHPC,43,45,82,277.0,22714.0
2021040604040017,AHPC,41,45,118,277.0,32686.0
2021040604039726,AHPC,32,44,795,278.0,221010.0
2021040604039725,AHPC,32,41,305,278.0,84790.0
2021040604039642,AHPC,51,41,195,278.0,54210.0
2021040604039641,AHPC,51,22,155,278.0,43090.0
2021040604040008,AIL,14,48,40,890.0,35600.0
2021040604040007,AIL,6,48,10,890.0,8900.0
2021040604040006,AIL,45,48,15,890.0,13350.0
2021040604040005,AIL,7,48,20,890.0,17800.0
2021040604040004,AIL,21,48,19,890.0,16910.0
2021040604040003,AIL,1,48,46,891.0,40986.0
2021040604039691,AIL,34,54,190,890.0,169100.0
2021040604039690,AIL,6,54,10,890.0,8900.0
2021040604039689,AIL,48,54,300,890.0,267000.0
2021040604039660,AIL,48,41,95,890.0,84550.0
2021040604039621,AIL,48,38,50,890.0,44500.0
2021040604039869,AIL,34,22,20,890.0,17800.0
2021040604039783,AIL,34,47,10,890.0,8900.0
2021040604039761,AIL,34,13,10,890.0,8900.0
2021040604039752,AIL,34,3,10,890.0,8900.0
2021040604039736,AIL,34,1,200,890.0,178000.0
2021040604039733,AIL,34,13,25,890.0,22250.0
2021040604039942,AIL,21,42,15,890.0,13350.0
2021040604039941,AIL,43,42,200,890.0,178000.0
2021040604039940,AIL,41,42,50,890.0,44500.0
2021040604039939,AIL,49,42,50,890.0,44500.0
2021040604039938,AIL,41,42,50,890.0,44500.0
2021040604039937,AIL,34,42,35,890.0,31150.0
2021040604039999,AIL,1,13,80,891.0,71280.0
2021040604039998,AIL,1,58,10,891.0,8910.0
2021040604039997,AIL,1,54,10,891.0,8910.0
2021040604039996,AIL,1,1,20,891.0,17820.0
2021040604039995,AIL,1,21,50,891.0,44550.0
2021040604039994,AIL,1,29,284,891.0,253044.0
2021040604039924,AKJCL,29,58,281,158.0,44398.0
2021040604039923,AKJCL,29,38,20,158.0,3160.0
2021040604039922,AKJCL,29,33,350,158.0,55300.0
2021040604039921,AKJCL,29,46,100,158.0,15800.0
2021040604039920,AKJCL,29,48,100,158.0,15800.0
2021040604039919,AKJCL,29,8,100,158.0,15800.0
2021040604039888,AKJCL,29,49,350,156.0,54600.0
2021040604039887,AKJCL,29,28,260,156.0,40560.0
2021040604039894,AKJCL,29,42,10,157.0,1570.0
2021040604039893,AKJCL,29,4,500,157.0,78500.0
2021040604039892,AKJCL,29,39,10,157.0,1570.0
2021040604039891,AKJCL,29,45,70,156.0,10920.0
2021040604039890,AKJCL,29,45,10,156.0,1560.0
2021040604039889,AKJCL,29,36,20,156.0,3120.0
2021040604039900,AKJCL,29,22,500,157.0,78500.0
2021040604039899,AKJCL,29,52,20,157.0,3140.0
2021040604039898,AKJCL,29,38,10,157.0,1570.0
2021040604039897,AKJCL,29,5,100,157.0,15700.0
2021040604039896,AKJCL,29,38,49,157.0,7693.0
2021040604039895,AKJCL,29,14,40,157.0,6280.0
2021040604039906,AKJCL,29,42,50,157.0,7850.0
2021040604039905,AKJCL,29,26,20,157.0,3140.0
2021040604039904,AKJCL,29,46,100,157.0,15700.0
2021040604039903,AKJCL,29,41,250,157.0,39250.0
2021040604039902,AKJCL,29,49,20,157.0,3140.0
2021040604039901,AKJCL,29,11,100,157.0,15700.0
2021040604039912,AKJCL,29,13,170,157.0,26690.0
2021040604039911,AKJCL,29,41,150,157.0,23550.0
2021040604039910,AKJCL,29,35,10,157.0,1570.0
2021040604039909,AKJCL,29,43,50,157.0,7850.0
2021040604039908,AKJCL,29,48,500,157.0,78500.0
2021040604039907,AKJCL,29,45,20,157.0,3140.0
2021040604039918,AKJCL,29,11,100,158.0,15800.0
2021040604039917,AKJCL,29,38,100,158.0,15800.0
2021040604039916,AKJCL,29,49,20,158.0,3160.0
2021040604039915,AKJCL,29,10,200,158.0,31600.0
2021040604039914,AKJCL,29,34,140,158.0,22120.0
2021040604039913,AKJCL,29,6,100,157.0,15700.0
2021040604040111,AKPL,50,45,500,338.0,169000.0
2021040604040105,AKPL,42,45,100,338.0,33800.0
2021040604039951,AKPL,45,45,45,338.0,15210.0
2021040604039647,AKPL,49,56,200,339.0,67800.0
2021040604040063,API,46,6,16,335.0,5360.0
2021040604040033,API,52,8,110,335.0,36850.0
2021040604040020,API,49,8,90,335.0,30150.0
2021040604040019,API,49,25,110,335.0,36850.0
2021040604039967,API,34,59,300,334.0,100200.0
2021040604039884,API,18,25,890,335.0,298150.0
2021040604039872,API,18,50,110,335.0,36850.0
2021040604039863,API,58,6,80,336.0,26880.0
2021040604039826,API,34,38,96,334.0,32064.0
2021040604039934,BARUN,6,43,100,247.0,24700.0
2021040604039870,BARUN,6,38,20,247.0,4940.0
2021040604039768,BARUN,6,41,195,247.0,48165.0
2021040604039767,BARUN,37,41,25,247.0,6175.0
2021040604040094,BPCL,34,58,163,448.0,73024.0
2021040604040093,BPCL,34,34,100,448.0,44800.0
2021040604040092,BPCL,34,6,170,448.0,76160.0
2021040604040040,BPCL,41,16,10,446.0,4460.0
2021040604039991,BPCL,41,57,39,446.0,17394.0
2021040604039655,BPCL,21,18,53,448.0,23744.0
2021040604039652,BPCL,58,18,260,448.0,116480.0
2021040604039651,BPCL,58,52,240,446.0,107040.0
2021040604039712,BPCL,57,1,153,448.0,68544.0
2021040604039711,BPCL,57,49,43,445.0,19135.0
2021040604039701,BPCL,41,49,20,445.0,8900.0
2021040604039700,BPCL,32,49,"1,565",445.0,696425.0
2021040604039681,BPCL,32,38,43,445.0,19135.0
2021040604039656,BPCL,21,1,147,448.0,65856.0
2021040604039716,BPCL,57,44,144,448.0,64512.0
2021040604039715,BPCL,57,48,100,448.0,44800.0
2021040604039714,BPCL,57,1,10,448.0,4480.0
2021040604039713,BPCL,57,41,50,448.0,22400.0
2021040604039932,BPCL,57,6,130,448.0,58240.0
2021040604039931,BPCL,57,57,64,448.0,28672.0
2021040604039930,BPCL,57,34,100,448.0,44800.0
2021040604039929,BPCL,57,44,206,448.0,92288.0
2021040604039856,BPCL,8,44,200,448.0,89600.0
2021040604040114,CGH,36,14,10,2344.0,23440.0
2021040604040014,CGH,36,48,10,2344.0,23440.0
2021040604039871,CGH,36,57,10,2344.0,23440.0
2021040604039710,CGH,36,57,10,2344.0,23440.0
2021040604039623,CGH,36,45,70,2344.0,164080.0
2021040604040089,CHCL,19,34,48,682.0,32736.0
2021040604040088,CHCL,37,34,52,682.0,35464.0
2021040604039852,CHCL,37,49,200,682.0,136400.0
2021040604039827,CHCL,37,34,10,682.0,6820.0
2021040604040106,CHL,49,42,10,229.0,2290.0
2021040604040118,DHPL,45,48,100,128.0,12800.0
2021040604040117,DHPL,45,38,100,128.0,12800.0
2021040604040116,DHPL,45,47,300,128.0,38400.0
2021040604039751,DHPL,59,22,588,127.0,74676.0
2021040604039750,DHPL,59,38,10,127.0,1270.0
2021040604039749,DHPL,59,48,"2,000",127.0,254000.0
2021040604039742,DHPL,59,42,10,127.0,1270.0
2021040604039741,DHPL,59,25,867,127.0,110109.0
2021040604039748,DHPL,59,42,"1,500",127.0,190500.0
2021040604039747,DHPL,59,49,100,127.0,12700.0
2021040604039746,DHPL,59,42,100,127.0,12700.0
2021040604039745,DHPL,59,42,100,127.0,12700.0
2021040604039744,DHPL,59,48,200,127.0,25400.0
2021040604039743,DHPL,59,16,80,127.0,10160.0
2021040604040084,EIC,51,50,500,773.0,386500.0
2021040604040064,EIC,51,50,500,773.0,386500.0
2021040604039954,GHL,32,46,130,166.0,21580.0
2021040604039953,GHL,32,45,20,166.0,3320.0
2021040604039927,GHL,49,1,500,166.0,83000.0
2021040604040032,GIC,8,41,20,742.0,14840.0
2021040604039964,GIC,59,49,20,743.0,14860.0
2021040604039963,GIC,59,58,10,743.0,7430.0
2021040604039962,GIC,59,28,100,743.0,74300.0
2021040604039961,GIC,59,58,10,743.0,7430.0
2021040604039960,GIC,59,50,10,743.0,7430.0
2021040604039636,GIC,26,47,10,741.0,7410.0
2021040604039664,GIC,21,28,10,742.0,7420.0
2021040604039663,GIC,21,34,10,742.0,7420.0
2021040604039662,GIC,21,11,100,742.0,74200.0
2021040604039661,GIC,21,19,35,742.0,25970.0
2021040604039657,GIC,37,19,50,742.0,37100.0
2021040604039640,GIC,26,45,10,741.0,7410.0
2021040604039666,GIC,21,47,10,742.0,7420.0
2021040604039665,GIC,21,33,10,742.0,7420.0
2021040604039959,GIC,59,49,50,743.0,37150.0
2021040604039958,GIC,59,57,250,743.0,185750.0
2021040604039957,GIC,59,36,30,743.0,22290.0
2021040604039956,GIC,59,34,20,742.0,14840.0
2021040604039848,GIC,21,1,25,742.0,18550.0
2021040604039706,GIMES1,7,35,"5,000",15.79,78950.0
2021040604040104,GLH,50,33,10,374.0,3740.0
2021040604039933,GLH,49,50,10,375.0,3750.0
2021040604039842,HDHPC,41,45,280,142.0,39760.0
2021040604039822,HDHPC,45,49,30,141.0,4230.0
2021040604039821,HDHPC,45,1,60,141.0,8460.0
2021040604039649,HDHPC,22,1,40,141.0,5640.0
2021040604039648,HDHPC,22,29,960,141.0,135360.0
2021040604039639,HDHPC,49,29,"1,000",141.0,141000.0
2021040604040091,HGI,34,3,72,812.0,58464.0
2021040604040090,HGI,34,8,28,812.0,22736.0
2021040604039987,HGI,58,8,50,812.0,40600.0
2021040604039986,HGI,22,17,10,810.0,8100.0
2021040604039985,HGI,22,37,32,810.0,25920.0
2021040604039928,HGI,58,37,50,810.0,40500.0
2021040604039659,HGI,58,34,500,809.0,404500.0
2021040604039637,HGI,17,20,45,809.0,36405.0
2021040604039673,HGI,35,6,100,809.0,80900.0
2021040604039672,HGI,35,33,100,809.0,80900.0
2021040604039671,HGI,35,51,15,809.0,12135.0
2021040604039670,HGI,35,51,90,809.0,72810.0
2021040604039669,HGI,35,44,500,809.0,404500.0
2021040604039668,HGI,35,21,100,809.0,80900.0
2021040604039766,HGI,49,34,16,810.0,12960.0
2021040604039765,HGI,49,33,60,810.0,48600.0
2021040604039764,HGI,49,58,20,810.0,16200.0
2021040604039763,HGI,49,8,100,810.0,81000.0
2021040604039760,HGI,34,50,500,810.0,405000.0
2021040604039674,HGI,35,25,50,809.0,40450.0
2021040604039808,HGI,49,45,100,810.0,81000.0
