Transact. No.,Symbol,Buyer,Seller,Quantity,Rate,Amount
2021040105001036,NICLBSL,13,21,10,874.0,8740.0
2021040105000994,NICLBSL,13,58,100,874.0,87400.0
2021040105000730,NICLBSL,13,25,20,874.0,17480.0
2021040105000721,NICLBSL,13,58,10,874.0,8740.0
2021040105000720,NICLBSL,13,58,10,874.0,8740.0
2021040105001099,NIFRA,28,55,60,595.0,35700.0
2021040105001098,NIFRA,28,26,60,595.0,35700.0
2021040105001097,NIFRA,28,1,60,595.0,35700.0
2021040105001096,NIFRA,28,43,15,595.0,8925.0
2021040105001095,NIFRA,34,43,45,595.0,26775.0
2021040105001094,NIFRA,34,11,20,595.0,11900.0
2021040105000602,NIFRA,32,59,300,599.0,179700.0
2021040105000601,NIFRA,32,6,810,599.0,485190.0
2021040105000600,NIFRA,32,58,500,598.0,299000.0
2021040105000608,NIFRA,32,58,10,599.0,5990.0
2021040105000607,NIFRA,32,29,200,599.0,119800.0
2021040105000606,NIFRA,32,49,50,599.0,29950.0
2021040105000605,NIFRA,32,58,40,599.0,23960.0
2021040105000604,NIFRA,32,58,"1,000",599.0,599000.0
2021040105000603,NIFRA,32,22,50,599.0,29950.0
2021040105000614,NIFRA,32,19,40,599.0,23960.0
2021040105000613,NIFRA,32,57,50,599.0,29950.0
2021040105000612,NIFRA,32,56,50,599.0,29950.0
2021040105000611,NIFRA,32,55,10,599.0,5990.0
2021040105000610,NIFRA,32,53,50,599.0,29950.0
2021040105000609,NIFRA,32,56,50,599.0,29950.0
2021040105000620,NIFRA,32,45,50,599.0,29950.0
2021040105000619,NIFRA,32,36,"3,000",599.0,1797000.0
2021040105000618,NIFRA,32,46,60,599.0,35940.0
2021040105000617,NIFRA,32,11,60,599.0,35940.0
2021040105000616,NIFRA,32,46,60,599.0,35940.0
2021040105000615,NIFRA,32,28,50,599.0,29950.0
2021040105000626,NIFRA,32,42,60,599.0,35940.0
2021040105000625,NIFRA,32,25,60,599.0,35940.0
2021040105000624,NIFRA,32,57,10,599.0,5990.0
2021040105000623,NIFRA,32,45,150,599.0,89850.0
2021040105000622,NIFRA,32,49,40,599.0,23960.0
2021040105000621,NIFRA,32,58,60,599.0,35940.0
2021040105000632,NIFRA,43,13,20,599.0,11980.0
2021040105000631,NIFRA,43,55,10,599.0,5990.0
2021040105000630,NIFRA,43,22,20,599.0,11980.0
2021040105000629,NIFRA,43,35,80,599.0,47920.0
2021040105000628,NIFRA,43,51,50,598.0,29900.0
2021040105000627,NIFRA,32,35,440,599.0,263560.0
2021040105000638,NIFRA,56,6,40,598.0,23920.0
2021040105000637,NIFRA,43,58,50,596.0,29800.0
2021040105000636,NIFRA,57,17,20,599.0,11980.0
2021040105000635,NIFRA,43,42,30,596.0,17880.0
2021040105000634,NIFRA,54,17,40,599.0,23960.0
2021040105000633,NIFRA,43,17,20,599.0,11980.0
2021040105000644,NIFRA,43,45,10,596.0,5960.0
2021040105000643,NIFRA,41,17,100,599.0,59900.0
2021040105000642,NIFRA,43,1,50,596.0,29800.0
2021040105000641,NIFRA,43,34,60,596.0,35760.0
2021040105000640,NIFRA,56,17,110,599.0,65890.0
2021040105000639,NIFRA,56,26,50,598.0,29900.0
2021040105000650,NIFRA,43,26,60,596.0,35760.0
2021040105000649,NIFRA,11,34,165,599.0,98835.0
2021040105000648,NIFRA,56,34,10,599.0,5990.0
2021040105000647,NIFRA,56,25,30,599.0,17970.0
2021040105000646,NIFRA,56,17,10,599.0,5990.0
2021040105000645,NIFRA,20,17,200,599.0,119800.0
2021040105000656,NIFRA,43,26,50,596.0,29800.0
2021040105000655,NIFRA,43,21,40,596.0,23840.0
2021040105000654,NIFRA,43,7,60,596.0,35760.0
2021040105000653,NIFRA,43,8,60,596.0,35760.0
2021040105000652,NIFRA,43,8,60,596.0,35760.0
2021040105000651,NIFRA,43,32,50,596.0,29800.0
2021040105000662,NIFRA,3,36,30,596.0,17880.0
2021040105000661,NIFRA,19,36,200,596.0,119200.0
2021040105000660,NIFRA,18,36,90,596.0,53640.0
2021040105000659,NIFRA,18,8,60,596.0,35760.0
2021040105000658,NIFRA,18,49,50,596.0,29800.0
2021040105000657,NIFRA,43,49,220,596.0,131120.0
2021040105000668,NIFRA,57,48,45,595.0,26775.0
2021040105000667,NIFRA,32,48,80,595.0,47600.0
2021040105000666,NIFRA,43,48,505,595.0,300475.0
2021040105000665,NIFRA,43,8,30,595.0,17850.0
2021040105000664,NIFRA,25,8,30,596.0,17880.0
2021040105000663,NIFRA,25,36,170,596.0,101320.0
2021040105000674,NIFRA,25,22,40,595.0,23800.0
2021040105000673,NIFRA,36,4,10,595.0,5950.0
2021040105000672,NIFRA,45,4,50,596.0,29800.0
2021040105000671,NIFRA,45,8,50,596.0,29800.0
2021040105000670,NIFRA,45,42,50,596.0,29800.0
2021040105000669,NIFRA,45,41,50,596.0,29800.0
2021040105000680,NIFRA,40,57,10,595.0,5950.0
2021040105000679,NIFRA,40,8,10,595.0,5950.0
2021040105000678,NIFRA,44,8,10,595.0,5950.0
2021040105000677,NIFRA,21,8,20,595.0,11900.0
2021040105000676,NIFRA,43,8,20,595.0,11900.0
2021040105000675,NIFRA,25,49,60,595.0,35700.0
2021040105000686,NIFRA,6,36,30,598.0,17940.0
2021040105000685,NIFRA,22,36,100,598.0,59800.0
2021040105000684,NIFRA,22,26,50,598.0,29900.0
2021040105000683,NIFRA,22,56,50,598.0,29900.0
2021040105000682,NIFRA,58,48,10,598.0,5980.0
2021040105000681,NIFRA,36,58,180,595.0,107100.0
2021040105000692,NIFRA,54,41,30,596.0,17880.0
2021040105000691,NIFRA,41,34,160,599.0,95840.0
2021040105000690,NIFRA,41,55,100,598.0,59800.0
2021040105000689,NIFRA,41,14,20,598.0,11960.0
2021040105000688,NIFRA,41,42,20,597.0,11940.0
2021040105000687,NIFRA,6,14,30,598.0,17940.0
2021040105000698,NIFRA,8,55,100,598.0,59800.0
2021040105000697,NIFRA,41,56,40,595.0,23800.0
2021040105000696,NIFRA,3,56,10,595.0,5950.0
2021040105000695,NIFRA,40,56,10,595.0,5950.0
2021040105000694,NIFRA,40,41,70,595.0,41650.0
2021040105000693,NIFRA,39,41,500,595.0,297500.0
2021040105000704,NIFRA,22,49,40,595.0,23800.0
2021040105000703,NIFRA,36,49,10,595.0,5950.0
2021040105000702,NIFRA,41,49,10,595.0,5950.0
2021040105000701,NIFRA,8,42,179,599.0,107221.0
2021040105000700,NIFRA,8,34,71,599.0,42529.0
2021040105000699,NIFRA,8,21,50,598.0,29900.0
2021040105000710,NIFRA,40,48,20,596.0,11920.0
2021040105000709,NIFRA,32,55,810,598.0,484380.0
2021040105000708,NIFRA,40,42,50,596.0,29800.0
2021040105000707,NIFRA,22,32,20,595.0,11900.0
2021040105000706,NIFRA,10,55,100,598.0,59800.0
2021040105000705,NIFRA,51,55,52,598.0,31096.0
2021040105000716,NIFRA,16,35,20,596.0,11920.0
2021040105000715,NIFRA,16,49,60,596.0,35760.0
2021040105000714,NIFRA,16,38,10,596.0,5960.0
2021040105000713,NIFRA,16,28,50,596.0,29800.0
2021040105000712,NIFRA,16,41,60,596.0,35760.0
2021040105000711,NIFRA,40,28,30,596.0,17880.0
2021040105000724,NIFRA,58,57,50,596.0,29800.0
2021040105000723,NIFRA,45,55,38,598.0,22724.0
2021040105000722,NIFRA,1,57,50,596.0,29800.0
2021040105000719,NIFRA,1,32,10,596.0,5960.0
2021040105000718,NIFRA,1,53,60,596.0,35760.0
2021040105000717,NIFRA,1,35,80,596.0,47680.0
2021040105000731,NIFRA,58,53,20,598.0,11960.0
2021040105000729,NIFRA,22,57,30,595.0,17850.0
2021040105000728,NIFRA,48,57,50,596.0,29800.0
2021040105000727,NIFRA,48,7,20,596.0,11920.0
2021040105000726,NIFRA,48,58,75,596.0,44700.0
2021040105000725,NIFRA,1,58,200,596.0,119200.0
2021040105000737,NIFRA,32,42,41,599.0,24559.0
2021040105000736,NIFRA,32,56,40,598.0,23920.0
2021040105000735,NIFRA,34,51,50,596.0,29800.0
2021040105000734,NIFRA,41,42,30,599.0,17970.0
2021040105000733,NIFRA,41,53,30,598.0,17940.0
2021040105000732,NIFRA,34,58,50,596.0,29800.0
2021040105000743,NIFRA,32,21,50,599.0,29950.0
2021040105000742,NIFRA,32,8,500,599.0,299500.0
2021040105000741,NIFRA,32,17,60,599.0,35940.0
2021040105000740,NIFRA,32,41,50,599.0,29950.0
2021040105000739,NIFRA,32,43,10,599.0,5990.0
2021040105000738,NIFRA,32,25,15,599.0,8985.0
2021040105000749,NIFRA,34,17,50,596.0,29800.0
2021040105000748,NIFRA,34,4,50,596.0,29800.0
2021040105000747,NIFRA,32,58,654,599.0,391746.0
2021040105000746,NIFRA,32,32,10,599.0,5990.0
2021040105000745,NIFRA,32,45,20,599.0,11980.0
2021040105000744,NIFRA,32,17,50,599.0,29950.0
2021040105000755,NIFRA,54,42,30,595.0,17850.0
2021040105000754,NIFRA,3,42,10,595.0,5950.0
2021040105000753,NIFRA,45,47,10,595.0,5950.0
2021040105000752,NIFRA,22,47,40,595.0,23800.0
2021040105000751,NIFRA,22,1,60,595.0,35700.0
2021040105000750,NIFRA,22,17,10,595.0,5950.0
2021040105000761,NIFRA,58,58,40,599.0,23960.0
2021040105000760,NIFRA,58,34,50,597.0,29850.0
2021040105000759,NIFRA,58,58,50,595.0,29750.0
2021040105000758,NIFRA,58,38,40,595.0,23800.0
2021040105000757,NIFRA,25,38,10,595.0,5950.0
2021040105000756,NIFRA,25,42,30,595.0,17850.0
2021040105000767,NIFRA,39,25,170,595.0,101150.0
2021040105000766,NIFRA,39,7,10,595.0,5950.0
2021040105000765,NIFRA,58,7,10,595.0,5950.0
2021040105000764,NIFRA,58,35,50,595.0,29750.0
2021040105000763,NIFRA,58,16,40,595.0,23800.0
2021040105000762,NIFRA,1,58,200,599.0,119800.0
2021040105000773,NIFRA,48,57,30,599.0,17970.0
2021040105000772,NIFRA,48,25,20,599.0,11980.0
2021040105000771,NIFRA,48,20,10,599.0,5990.0
2021040105000770,NIFRA,48,26,50,598.0,29900.0
2021040105000769,NIFRA,48,25,30,595.0,17850.0
2021040105000768,NIFRA,41,25,300,595.0,178500.0
2021040105000779,NIFRA,47,51,10,597.0,5970.0
2021040105000778,NIFRA,57,8,210,599.0,125790.0
2021040105000777,NIFRA,57,58,50,599.0,29950.0
2021040105000776,NIFRA,57,21,50,599.0,29950.0
2021040105000775,NIFRA,57,48,190,599.0,113810.0
2021040105000774,NIFRA,48,48,10,599.0,5990.0
2021040105000785,NIFRA,38,29,30,598.0,17940.0
2021040105000784,NIFRA,47,16,40,597.0,23880.0
2021040105000783,NIFRA,47,28,50,597.0,29850.0
2021040105000782,NIFRA,47,36,60,597.0,35820.0
2021040105000781,NIFRA,47,35,50,597.0,29850.0
2021040105000780,NIFRA,21,29,25,598.0,14950.0
2021040105000791,NIFRA,41,38,200,596.0,119200.0
2021040105000790,NIFRA,34,38,80,596.0,47680.0
2021040105000789,NIFRA,34,6,20,596.0,11920.0
2021040105000788,NIFRA,47,6,40,597.0,23880.0
2021040105000787,NIFRA,47,28,50,597.0,29850.0
2021040105000786,NIFRA,47,58,50,597.0,29850.0
2021040105000797,NIFRA,57,38,20,595.0,11900.0
2021040105000796,NIFRA,11,38,30,595.0,17850.0
2021040105000795,NIFRA,37,38,20,595.0,11900.0
2021040105000794,NIFRA,36,38,40,595.0,23800.0
2021040105000793,NIFRA,22,38,20,595.0,11900.0
2021040105000792,NIFRA,1,38,200,595.0,119000.0
2021040105000803,NIFRA,6,47,60,596.0,35760.0
2021040105000802,NIFRA,45,59,10,595.0,5950.0
2021040105000801,NIFRA,39,29,100,598.0,59800.0
2021040105000800,NIFRA,45,45,200,595.0,119000.0
2021040105000799,NIFRA,45,6,50,595.0,29750.0
2021040105000798,NIFRA,57,29,380,598.0,227240.0
2021040105000809,NIFRA,10,6,10,598.0,5980.0
2021040105000808,NIFRA,10,29,115,598.0,68770.0
2021040105000807,NIFRA,6,42,480,596.0,286080.0
2021040105000806,NIFRA,6,25,70,596.0,41720.0
2021040105000805,NIFRA,6,41,60,596.0,35760.0
2021040105000804,NIFRA,6,3,50,596.0,29800.0
2021040105000815,NIFRA,21,8,25,599.0,14975.0
2021040105000814,NIFRA,10,35,50,598.0,29900.0
2021040105000813,NIFRA,10,36,60,598.0,35880.0
2021040105000812,NIFRA,10,11,20,598.0,11960.0
2021040105000811,NIFRA,10,19,50,598.0,29900.0
2021040105000810,NIFRA,10,54,80,598.0,47840.0
2021040105000821,NIFRA,6,41,40,596.0,23840.0
2021040105000820,NIFRA,6,55,60,596.0,35760.0
2021040105000819,NIFRA,6,16,50,596.0,29800.0
2021040105000818,NIFRA,10,28,60,598.0,35880.0
2021040105000817,NIFRA,10,45,50,598.0,29900.0
2021040105000816,NIFRA,21,49,20,599.0,11980.0
2021040105000827,NIFRA,59,58,100,597.0,59700.0
2021040105000826,NIFRA,57,49,60,596.0,35760.0
2021040105000825,NIFRA,45,17,30,596.0,17880.0
2021040105000824,NIFRA,6,17,30,596.0,17880.0
2021040105000823,NIFRA,6,16,40,596.0,23840.0
2021040105000822,NIFRA,6,6,60,596.0,35760.0
2021040105000833,NIFRA,59,53,50,599.0,29950.0
2021040105000832,NIFRA,59,58,10,599.0,5990.0
2021040105000831,NIFRA,59,29,40,599.0,23960.0
2021040105000830,NIFRA,59,16,50,599.0,29950.0
2021040105000829,NIFRA,59,49,40,599.0,23960.0
2021040105000828,NIFRA,59,34,100,598.0,59800.0
2021040105000839,NIFRA,1,35,50,598.0,29900.0
2021040105000838,NIFRA,57,58,50,596.0,29800.0
2021040105000837,NIFRA,40,35,50,598.0,29900.0
2021040105000836,NIFRA,57,44,50,596.0,29800.0
2021040105000835,NIFRA,59,22,50,599.0,29950.0
2021040105000834,NIFRA,59,22,60,599.0,35940.0
2021040105000845,NIFRA,57,19,119,596.0,70924.0
2021040105000844,NIFRA,57,25,70,596.0,41720.0
2021040105000843,NIFRA,57,41,50,596.0,29800.0
2021040105000842,NIFRA,1,29,50,599.0,29950.0
2021040105000841,NIFRA,1,52,50,599.0,29950.0
2021040105000840,NIFRA,1,22,50,599.0,29950.0
2021040105000851,NIFRA,56,7,50,598.0,29900.0
2021040105000850,NIFRA,57,7,20,596.0,11920.0
2021040105000849,NIFRA,57,58,40,596.0,23840.0
2021040105000848,NIFRA,32,58,10,598.0,5980.0
2021040105000847,NIFRA,32,16,40,598.0,23920.0
2021040105000846,NIFRA,32,58,50,597.0,29850.0
2021040105000857,NIFRA,45,34,49,595.0,29155.0
2021040105000856,NIFRA,41,34,50,596.0,29800.0
2021040105000855,NIFRA,57,34,41,596.0,24436.0
2021040105000854,NIFRA,16,34,50,598.0,29900.0
2021040105000853,NIFRA,32,34,50,598.0,29900.0
2021040105000852,NIFRA,18,45,380,599.0,227620.0
2021040105000863,NIFRA,58,6,50,597.0,29850.0
2021040105000862,NIFRA,58,58,50,597.0,29850.0
2021040105000861,NIFRA,45,16,40,595.0,23800.0
2021040105000860,NIFRA,45,48,40,595.0,23800.0
2021040105000859,NIFRA,45,57,50,595.0,29750.0
2021040105000858,NIFRA,45,47,50,595.0,29750.0
2021040105000869,NIFRA,48,58,10,598.0,5980.0
2021040105000868,NIFRA,58,1,19,595.0,11305.0
2021040105000867,NIFRA,6,1,20,595.0,11900.0
2021040105000866,NIFRA,45,1,11,595.0,6545.0
2021040105000865,NIFRA,39,45,450,599.0,269550.0
2021040105000864,NIFRA,39,14,50,598.0,29900.0
2021040105000875,NIFRA,42,58,95,598.0,56810.0
2021040105000874,NIFRA,42,36,50,597.0,29850.0
2021040105000873,NIFRA,58,1,30,595.0,17850.0
2021040105000872,NIFRA,46,1,20,596.0,11920.0
2021040105000871,NIFRA,58,26,50,595.0,29750.0
2021040105000870,NIFRA,58,4,50,595.0,29750.0
2021040105000881,NIFRA,49,40,50,595.0,29750.0
2021040105000880,NIFRA,42,14,30,597.0,17910.0
2021040105000879,NIFRA,29,14,10,597.0,5970.0
2021040105000878,NIFRA,49,36,60,595.0,35700.0
2021040105000877,NIFRA,49,57,50,595.0,29750.0
2021040105000876,NIFRA,49,57,60,595.0,35700.0
2021040105000887,NIFRA,29,14,100,597.0,59700.0
2021040105000886,NIFRA,49,37,50,595.0,29750.0
2021040105000885,NIFRA,49,17,60,595.0,35700.0
2021040105000884,NIFRA,49,1,50,595.0,29750.0
2021040105000883,NIFRA,41,40,25,597.0,14925.0
2021040105000882,NIFRA,41,14,20,597.0,11940.0
2021040105000893,NIFRA,56,17,15,595.0,8925.0
2021040105000892,NIFRA,49,17,45,595.0,26775.0
2021040105000891,NIFRA,11,51,10,596.0,5960.0
2021040105000890,NIFRA,49,40,60,595.0,35700.0
2021040105000889,NIFRA,49,48,15,595.0,8925.0
2021040105000888,NIFRA,29,43,10,597.0,5970.0
2021040105000899,NIFRA,56,50,50,595.0,29750.0
2021040105000898,NIFRA,56,50,15,595.0,8925.0
2021040105000897,NIFRA,56,34,50,595.0,29750.0
2021040105000896,NIFRA,56,58,10,595.0,5950.0
2021040105000895,NIFRA,56,21,50,595.0,29750.0
2021040105000894,NIFRA,56,57,60,595.0,35700.0
2021040105000905,NIFRA,53,42,10,595.0,5950.0
2021040105000904,NIFRA,34,17,50,595.0,29750.0
2021040105000903,NIFRA,34,50,143,595.0,85085.0
2021040105000902,NIFRA,10,50,500,595.0,297500.0
2021040105000901,NIFRA,22,50,92,595.0,54740.0
2021040105000900,NIFRA,1,50,200,595.0,119000.0
2021040105000911,NIFRA,34,57,20,595.0,11900.0
2021040105000910,NIFRA,34,38,40,595.0,23800.0
2021040105000909,NIFRA,34,25,30,595.0,17850.0
2021040105000908,NIFRA,58,42,1,595.0,595.0
2021040105000907,NIFRA,34,42,30,595.0,17850.0
2021040105000906,NIFRA,41,42,19,595.0,11305.0
2021040105000917,NIFRA,58,35,10,595.0,5950.0
2021040105000916,NIFRA,34,35,40,595.0,23800.0
2021040105000915,NIFRA,34,1,10,595.0,5950.0
2021040105000914,NIFRA,34,38,50,595.0,29750.0
2021040105000913,NIFRA,32,51,10,596.0,5960.0
2021040105000912,NIFRA,34,38,10,595.0,5950.0
2021040105000923,NIFRA,25,41,50,595.0,29750.0
2021040105000922,NIFRA,25,17,50,595.0,29750.0
2021040105000921,NIFRA,25,57,40,595.0,23800.0
2021040105000920,NIFRA,46,51,40,596.0,23840.0
2021040105000919,NIFRA,25,34,16,595.0,9520.0
2021040105000918,NIFRA,58,34,10,595.0,5950.0
2021040105000929,NIFRA,48,51,10,596.0,5960.0
2021040105000928,NIFRA,16,41,50,595.0,29750.0
2021040105000927,NIFRA,16,59,20,595.0,11900.0
2021040105000926,NIFRA,25,38,44,595.0,26180.0
2021040105000925,NIFRA,16,1,50,595.0,29750.0
2021040105000924,NIFRA,16,48,50,595.0,29750.0
2021040105000935,NIFRA,57,51,60,597.0,35820.0
2021040105000934,NIFRA,57,58,60,597.0,35820.0
2021040105000933,NIFRA,57,51,50,597.0,29850.0
2021040105000932,NIFRA,57,43,50,597.0,29850.0
2021040105000931,NIFRA,57,51,30,596.0,17880.0
2021040105000930,NIFRA,16,38,10,595.0,5950.0
2021040105000941,NIFRA,16,34,50,595.0,29750.0
2021040105000940,NIFRA,16,17,50,595.0,29750.0
2021040105000939,NIFRA,16,57,20,595.0,11900.0
2021040105000938,NIFRA,57,7,25,598.0,14950.0
2021040105000937,NIFRA,57,58,95,598.0,56810.0
2021040105000936,NIFRA,57,54,130,597.0,77610.0
2021040105000947,NIFRA,16,36,20,595.0,11900.0
2021040105000946,NIFRA,16,16,50,595.0,29750.0
2021040105000945,NIFRA,16,6,60,595.0,35700.0
2021040105000944,NIFRA,29,14,20,596.0,11920.0
2021040105000943,NIFRA,16,41,50,595.0,29750.0
2021040105000942,NIFRA,16,51,50,595.0,29750.0
2021040105000953,NIFRA,16,39,50,595.0,29750.0
2021040105000952,NIFRA,16,14,50,595.0,29750.0
2021040105000951,NIFRA,16,41,50,595.0,29750.0
2021040105000950,NIFRA,16,51,50,595.0,29750.0
2021040105000949,NIFRA,16,48,50,595.0,29750.0
2021040105000948,NIFRA,16,58,60,595.0,35700.0
2021040105000959,NIFRA,16,48,50,595.0,29750.0
2021040105000958,NIFRA,16,51,50,595.0,29750.0
2021040105000957,NIFRA,16,57,60,595.0,35700.0
2021040105000956,NIFRA,16,57,60,595.0,35700.0
2021040105000955,NIFRA,16,41,10,595.0,5950.0
2021040105000954,NIFRA,16,44,50,595.0,29750.0
2021040105000965,NIFRA,16,21,60,595.0,35700.0
2021040105000964,NIFRA,16,16,50,595.0,29750.0
2021040105000963,NIFRA,16,55,50,595.0,29750.0
2021040105000962,NIFRA,16,51,50,595.0,29750.0
2021040105000961,NIFRA,16,48,60,595.0,35700.0
2021040105000960,NIFRA,16,14,50,595.0,29750.0
2021040105000971,NIFRA,16,34,50,595.0,29750.0
2021040105000970,NIFRA,17,14,10,596.0,5960.0
2021040105000969,NIFRA,16,17,50,595.0,29750.0
2021040105000968,NIFRA,16,46,50,595.0,29750.0
2021040105000967,NIFRA,16,1,50,595.0,29750.0
2021040105000966,NIFRA,16,14,50,595.0,29750.0
2021040105000977,NIFRA,16,51,50,595.0,29750.0
2021040105000976,NIFRA,16,56,10,595.0,5950.0
2021040105000975,NIFRA,16,14,50,595.0,29750.0
2021040105000974,NIFRA,16,17,60,595.0,35700.0
2021040105000973,NIFRA,16,28,50,595.0,29750.0
2021040105000972,NIFRA,16,57,50,595.0,29750.0
2021040105000983,NIFRA,16,56,50,595.0,29750.0
2021040105000982,NIFRA,16,53,50,595.0,29750.0
2021040105000981,NIFRA,16,14,50,595.0,29750.0
2021040105000980,NIFRA,16,1,60,595.0,35700.0
2021040105000979,NIFRA,16,57,50,595.0,29750.0
2021040105000978,NIFRA,16,19,100,595.0,59500.0
2021040105000989,NIFRA,16,57,60,595.0,35700.0
2021040105000988,NIFRA,16,16,50,595.0,29750.0
2021040105000987,NIFRA,16,58,10,595.0,5950.0
2021040105000986,NIFRA,16,42,50,595.0,29750.0
2021040105000985,NIFRA,16,51,50,595.0,29750.0
2021040105000984,NIFRA,16,46,20,595.0,11900.0
2021040105000996,NIFRA,29,51,50,595.0,29750.0
2021040105000995,NIFRA,29,58,50,595.0,29750.0
2021040105000993,NIFRA,29,21,10,595.0,5950.0
2021040105000992,NIFRA,38,49,10,595.0,5950.0
2021040105000991,NIFRA,38,51,10,595.0,5950.0
2021040105000990,NIFRA,16,51,40,595.0,23800.0
2021040105001002,NIFRA,29,7,36,595.0,21420.0
2021040105001001,NIFRA,29,29,60,595.0,35700.0
2021040105001000,NIFRA,29,58,50,595.0,29750.0
2021040105000999,NIFRA,29,51,50,595.0,29750.0
2021040105000998,NIFRA,29,51,60,595.0,35700.0
2021040105000997,NIFRA,29,16,50,595.0,29750.0
2021040105001008,NIFRA,32,38,50,595.0,29750.0
2021040105001007,NIFRA,32,51,211,595.0,125545.0
2021040105001006,NIFRA,11,51,10,595.0,5950.0
2021040105001005,NIFRA,29,51,284,595.0,168980.0
2021040105001004,NIFRA,29,57,50,595.0,29750.0
2021040105001003,NIFRA,29,58,50,595.0,29750.0
2021040105001014,NIFRA,32,4,20,595.0,11900.0
2021040105001013,NIFRA,32,38,10,595.0,5950.0
2021040105001012,NIFRA,32,43,20,595.0,11900.0
2021040105001011,NIFRA,32,28,50,595.0,29750.0
2021040105001010,NIFRA,32,45,50,595.0,29750.0
2021040105001009,NIFRA,32,29,60,595.0,35700.0
2021040105001020,NIFRA,58,58,10,595.0,5950.0
2021040105001019,NIFRA,37,58,10,595.0,5950.0
2021040105001018,NIFRA,6,50,9,595.0,5355.0
2021040105001017,NIFRA,6,17,30,595.0,17850.0
2021040105001016,NIFRA,6,41,21,595.0,12495.0
2021040105001015,NIFRA,32,41,29,595.0,17255.0
2021040105001026,NIFRA,51,10,10,595.0,5950.0
2021040105001025,NIFRA,51,55,40,595.0,23800.0
2021040105001024,NIFRA,58,58,60,595.0,35700.0
2021040105001023,NIFRA,58,47,30,595.0,17850.0
2021040105001022,NIFRA,58,58,50,595.0,29750.0
2021040105001021,NIFRA,58,38,10,595.0,5950.0
2021040105001032,NIFRA,44,57,910,594.0,540540.0
2021040105001031,NIFRA,56,57,70,595.0,41650.0
2021040105001030,NIFRA,17,57,20,595.0,11900.0
2021040105001029,NIFRA,17,6,50,595.0,29750.0
2021040105001028,NIFRA,17,10,10,595.0,5950.0
2021040105001027,NIFRA,34,10,30,595.0,17850.0
2021040105001039,NIFRA,44,7,50,594.0,29700.0
2021040105001038,NIFRA,8,57,60,595.0,35700.0
2021040105001037,NIFRA,57,4,60,595.0,35700.0
2021040105001035,NIFRA,44,14,50,594.0,29700.0
2021040105001034,NIFRA,44,1,50,594.0,29700.0
2021040105001033,NIFRA,44,21,60,594.0,35640.0
2021040105001045,NIFRA,44,38,50,594.0,29700.0
2021040105001044,NIFRA,44,32,50,594.0,29700.0
2021040105001043,NIFRA,44,14,60,594.0,35640.0
2021040105001042,NIFRA,44,26,25,594.0,14850.0
2021040105001041,NIFRA,44,29,90,594.0,53460.0
2021040105001040,NIFRA,44,1,50,594.0,29700.0
2021040105001051,NIFRA,51,48,50,595.0,29750.0
2021040105001050,NIFRA,44,57,60,594.0,35640.0
2021040105001049,NIFRA,44,58,50,594.0,29700.0
2021040105001048,NIFRA,44,52,50,594.0,29700.0
2021040105001047,NIFRA,11,48,500,595.0,297500.0
2021040105001046,NIFRA,11,45,500,595.0,297500.0
2021040105001057,NIFRA,56,26,50,594.0,29700.0
2021040105001056,NIFRA,56,6,245,594.0,145530.0
2021040105001055,NIFRA,47,6,200,594.0,118800.0
2021040105001054,NIFRA,44,6,55,594.0,32670.0
2021040105001053,NIFRA,44,57,60,594.0,35640.0
2021040105001052,NIFRA,44,21,50,594.0,29700.0
2021040105001063,NIFRA,50,26,60,594.0,35640.0
2021040105001062,NIFRA,37,6,20,594.0,11880.0
2021040105001061,NIFRA,1,6,40,594.0,23760.0
2021040105001060,NIFRA,1,42,60,594.0,35640.0
2021040105001059,NIFRA,34,6,50,594.0,29700.0
2021040105001058,NIFRA,59,6,10,594.0,5940.0
2021040105001069,NIFRA,55,38,55,594.0,32670.0
2021040105001068,NIFRA,18,38,245,594.0,145530.0
2021040105001067,NIFRA,18,28,60,594.0,35640.0
2021040105001066,NIFRA,18,38,85,594.0,50490.0
2021040105001065,NIFRA,18,38,110,594.0,65340.0
2021040105001064,NIFRA,50,38,240,594.0,142560.0
2021040105001075,NIFRA,28,51,30,595.0,17850.0
2021040105001074,NIFRA,28,48,400,595.0,238000.0
2021040105001073,NIFRA,4,48,50,595.0,29750.0
2021040105001072,NIFRA,55,41,20,594.0,11880.0
2021040105001071,NIFRA,55,58,50,594.0,29700.0
2021040105001070,NIFRA,55,57,50,594.0,29700.0
2021040105001081,NIFRA,38,38,125,595.0,74375.0
2021040105001080,NIFRA,32,38,15,595.0,8925.0
2021040105001079,NIFRA,28,38,160,595.0,95200.0
2021040105001078,NIFRA,28,43,50,595.0,29750.0
2021040105001077,NIFRA,28,57,60,595.0,35700.0
2021040105001076,NIFRA,28,17,300,595.0,178500.0
2021040105001087,NIFRA,43,42,50,594.0,29700.0
2021040105001086,NIFRA,43,21,50,594.0,29700.0
2021040105001085,NIFRA,43,48,10,594.0,5940.0
2021040105001084,NIFRA,55,46,25,594.0,14850.0
2021040105001083,NIFRA,38,46,25,595.0,14875.0
2021040105001082,NIFRA,38,17,50,595.0,29750.0
2021040105001093,NIFRA,34,57,35,595.0,20825.0
2021040105001092,NIFRA,34,59,50,595.0,29750.0
2021040105001091,NIFRA,34,34,50,595.0,29750.0
2021040105001090,NIFRA,43,21,40,594.0,23760.0
2021040105001089,NIFRA,43,53,50,594.0,29700.0
2021040105001088,NIFRA,43,25,50,594.0,29700.0
2021040105000298,MLBSL,22,21,10,708.0,7080.0
2021040105000546,NICLBSL,13,41,10,874.0,8740.0
2021040105000498,NICLBSL,13,45,10,874.0,8740.0
2021040105000475,NICLBSL,36,7,1,874.0,874.0
2021040105000450,NICLBSL,13,6,10,874.0,8740.0
2021040105000420,NICLBSL,13,45,10,874.0,8740.0
2021040105000392,NICLBSL,13,36,10,874.0,8740.0
2021040105000100,NICLBSL,55,59,10,867.0,8670.0
2021040105000198,NICLBSL,35,32,30,874.0,26220.0
2021040105000173,NICLBSL,35,52,10,874.0,8740.0
2021040105000160,NICLBSL,35,58,10,874.0,8740.0
2021040105000157,NICLBSL,35,33,10,874.0,8740.0
2021040105000108,NICLBSL,55,37,20,867.0,17340.0
2021040105000104,NICLBSL,55,59,10,867.0,8670.0
2021040105000375,NICLBSL,13,38,10,874.0,8740.0
2021040105000371,NICLBSL,13,48,10,874.0,8740.0
2021040105000337,NICLBSL,35,14,10,874.0,8740.0
2021040105000322,NICLBSL,35,56,10,874.0,8740.0
2021040105000222,NICLBSL,35,51,10,874.0,8740.0
2021040105000221,NICLBSL,35,38,10,874.0,8740.0
2021040105000599,NIFRA,32,55,100,598.0,59800.0
2021040105000598,NIFRA,32,34,60,598.0,35880.0
2021040105000597,NIFRA,32,58,"2,000",598.0,1196000.0
2021040105000596,NIFRA,32,38,50,598.0,29900.0
2021040105000595,NIFRA,32,58,50,598.0,29900.0
2021040105000594,NIFRA,32,16,430,598.0,257140.0
2021040105000107,NIFRA,25,41,10,595.0,5950.0
2021040105000106,NIFRA,25,7,30,595.0,17850.0
2021040105000105,NIFRA,4,7,20,595.0,11900.0
2021040105000103,NIFRA,57,16,50,603.0,30150.0
2021040105000102,NIFRA,57,41,30,603.0,18090.0
2021040105000101,NIFRA,26,41,10,603.0,6030.0
2021040105000114,NIFRA,21,26,30,600.0,18000.0
2021040105000113,NIFRA,21,47,30,600.0,18000.0
2021040105000112,NIFRA,21,19,40,600.0,24000.0
2021040105000111,NIFRA,57,47,30,600.0,18000.0
2021040105000110,NIFRA,57,36,50,599.0,29950.0
2021040105000109,NIFRA,58,36,10,599.0,5990.0
2021040105000120,NIFRA,57,49,50,600.0,30000.0
2021040105000119,NIFRA,57,36,20,600.0,12000.0
2021040105000118,NIFRA,25,38,60,595.0,35700.0
2021040105000117,NIFRA,25,38,60,595.0,35700.0
2021040105000116,NIFRA,58,36,30,600.0,18000.0
2021040105000115,NIFRA,58,26,10,600.0,6000.0
2021040105000126,NIFRA,45,28,100,600.0,60000.0
2021040105000125,NIFRA,57,28,50,600.0,30000.0
2021040105000124,NIFRA,58,55,20,600.0,12000.0
2021040105000123,NIFRA,57,55,40,600.0,24000.0
2021040105000122,NIFRA,57,35,40,600.0,24000.0
2021040105000121,NIFRA,57,35,10,600.0,6000.0
2021040105000132,NIFRA,42,19,25,599.0,14975.0
2021040105000131,NIFRA,42,57,20,599.0,11980.0
2021040105000130,NIFRA,25,39,50,595.0,29750.0
2021040105000129,NIFRA,34,53,60,602.0,36120.0
2021040105000128,NIFRA,34,28,440,600.0,264000.0
2021040105000127,NIFRA,25,58,30,595.0,17850.0
2021040105000138,NIFRA,25,51,50,595.0,29750.0
2021040105000137,NIFRA,25,39,50,595.0,29750.0
2021040105000136,NIFRA,25,47,60,595.0,35700.0
2021040105000135,NIFRA,25,39,50,595.0,29750.0
2021040105000134,NIFRA,25,49,50,595.0,29750.0
2021040105000133,NIFRA,19,19,25,598.0,14950.0
2021040105000144,NIFRA,34,39,20,595.0,11900.0
2021040105000143,NIFRA,56,39,30,595.0,17850.0
2021040105000142,NIFRA,56,19,30,595.0,17850.0
2021040105000141,NIFRA,57,19,10,595.0,5950.0
2021040105000140,NIFRA,43,19,10,595.0,5950.0
2021040105000139,NIFRA,43,51,10,595.0,5950.0
2021040105000150,NIFRA,53,36,30,593.0,17790.0
2021040105000149,NIFRA,53,19,10,593.0,5930.0
2021040105000148,NIFRA,45,19,40,595.0,23800.0
2021040105000147,NIFRA,45,14,10,595.0,5950.0
2021040105000146,NIFRA,35,14,10,595.0,5950.0
2021040105000145,NIFRA,49,57,50,595.0,29750.0
2021040105000156,NIFRA,53,51,20,593.0,11860.0
2021040105000155,NIFRA,53,11,50,593.0,29650.0
2021040105000154,NIFRA,53,55,50,593.0,29650.0
2021040105000153,NIFRA,53,3,50,593.0,29650.0
2021040105000152,NIFRA,53,16,50,593.0,29650.0
2021040105000151,NIFRA,53,36,140,593.0,83020.0
2021040105000164,NIFRA,13,45,100,593.0,59300.0
2021040105000163,NIFRA,22,45,100,593.0,59300.0
2021040105000162,NIFRA,57,45,60,593.0,35580.0
2021040105000161,NIFRA,38,45,190,593.0,112670.0
2021040105000159,NIFRA,38,56,10,593.0,5930.0
2021040105000158,NIFRA,53,56,40,593.0,23720.0
2021040105000170,NIFRA,22,45,20,592.0,11840.0
2021040105000169,NIFRA,48,45,300,593.0,177900.0
2021040105000168,NIFRA,13,45,100,593.0,59300.0
2021040105000167,NIFRA,57,45,60,593.0,35580.0
2021040105000166,NIFRA,22,45,50,593.0,29650.0
2021040105000165,NIFRA,53,45,20,593.0,11860.0
2021040105000177,NIFRA,58,1,50,592.0,29600.0
2021040105000176,NIFRA,34,21,20,595.0,11900.0
2021040105000175,NIFRA,34,26,50,595.0,29750.0
2021040105000174,NIFRA,34,32,30,595.0,17850.0
2021040105000172,NIFRA,58,19,20,592.0,11840.0
2021040105000171,NIFRA,22,19,30,592.0,17760.0
2021040105000183,NIFRA,28,51,20,598.0,11960.0
2021040105000182,NIFRA,28,51,10,595.0,5950.0
2021040105000181,NIFRA,28,21,40,595.0,23800.0
2021040105000180,NIFRA,28,13,60,595.0,35700.0
2021040105000179,NIFRA,43,46,10,592.0,5920.0
2021040105000178,NIFRA,58,46,50,592.0,29600.0
2021040105000189,NIFRA,34,19,50,598.0,29900.0
2021040105000188,NIFRA,34,51,10,595.0,5950.0
2021040105000187,NIFRA,43,21,50,591.0,29550.0
2021040105000186,NIFRA,43,59,40,591.0,23640.0
2021040105000185,NIFRA,43,45,810,591.0,478710.0
2021040105000184,NIFRA,43,45,190,592.0,112480.0
2021040105000195,NIFRA,43,51,50,591.0,29550.0
2021040105000194,NIFRA,34,59,200,599.0,119800.0
2021040105000193,NIFRA,34,57,80,599.0,47920.0
2021040105000192,NIFRA,34,22,100,598.0,59800.0
2021040105000191,NIFRA,34,26,20,598.0,11960.0
2021040105000190,NIFRA,34,51,40,598.0,23920.0
2021040105000202,NIFRA,44,42,338,591.0,199758.0
2021040105000201,NIFRA,43,42,900,591.0,531900.0
2021040105000200,NIFRA,43,34,20,591.0,11820.0
2021040105000199,NIFRA,43,46,50,591.0,29550.0
2021040105000197,NIFRA,43,39,30,591.0,17730.0
2021040105000196,NIFRA,43,21,50,591.0,29550.0
2021040105000208,NIFRA,54,42,50,591.0,29550.0
2021040105000207,NIFRA,34,42,"1,000",591.0,591000.0
2021040105000206,NIFRA,34,42,260,591.0,153660.0
2021040105000205,NIFRA,19,42,500,591.0,295500.0
2021040105000204,NIFRA,53,42,20,591.0,11820.0
2021040105000203,NIFRA,44,42,100,591.0,59100.0
2021040105000214,NIFRA,32,42,40,593.0,23720.0
2021040105000213,NIFRA,57,42,432,591.0,255312.0
2021040105000212,NIFRA,29,42,100,591.0,59100.0
2021040105000211,NIFRA,52,42,300,591.0,177300.0
2021040105000210,NIFRA,19,42,500,591.0,295500.0
2021040105000209,NIFRA,47,42,500,591.0,295500.0
2021040105000220,NIFRA,57,28,50,591.0,29550.0
2021040105000219,NIFRA,57,58,50,591.0,29550.0
2021040105000218,NIFRA,57,56,40,591.0,23640.0
2021040105000217,NIFRA,21,56,10,592.0,5920.0
2021040105000216,NIFRA,57,39,50,591.0,29550.0
2021040105000215,NIFRA,57,19,50,591.0,29550.0
2021040105000228,NIFRA,17,34,50,593.0,29650.0
2021040105000227,NIFRA,17,42,10,593.0,5930.0
2021040105000226,NIFRA,57,49,50,591.0,29550.0
2021040105000225,NIFRA,57,49,50,591.0,29550.0
2021040105000224,NIFRA,57,38,50,591.0,29550.0
2021040105000223,NIFRA,57,17,160,591.0,94560.0
2021040105000234,NIFRA,16,38,50,593.0,29650.0
2021040105000233,NIFRA,16,34,60,593.0,35580.0
2021040105000232,NIFRA,16,16,60,593.0,35580.0
2021040105000231,NIFRA,16,56,50,593.0,29650.0
2021040105000230,NIFRA,16,51,20,593.0,11860.0
2021040105000229,NIFRA,17,51,40,593.0,23720.0
2021040105000240,NIFRA,13,35,200,591.0,118200.0
2021040105000239,NIFRA,57,35,60,591.0,35460.0
2021040105000238,NIFRA,33,35,100,591.0,59100.0
2021040105000237,NIFRA,57,35,18,591.0,10638.0
2021040105000236,NIFRA,29,35,100,592.0,59200.0
2021040105000235,NIFRA,16,35,260,593.0,154180.0
2021040105000246,NIFRA,36,35,200,591.0,118200.0
2021040105000245,NIFRA,35,35,30,591.0,17730.0
2021040105000244,NIFRA,52,35,100,591.0,59100.0
2021040105000243,NIFRA,51,35,200,591.0,118200.0
2021040105000242,NIFRA,18,35,200,591.0,118200.0
2021040105000241,NIFRA,52,35,200,591.0,118200.0
2021040105000252,NIFRA,37,35,500,591.0,295500.0
2021040105000251,NIFRA,19,35,10,591.0,5910.0
2021040105000250,NIFRA,37,35,500,591.0,295500.0
2021040105000249,NIFRA,34,35,10,591.0,5910.0
2021040105000248,NIFRA,22,35,100,591.0,59100.0
2021040105000247,NIFRA,22,35,10,591.0,5910.0
2021040105000258,NIFRA,17,35,100,591.0,59100.0
2021040105000257,NIFRA,14,35,300,591.0,177300.0
2021040105000256,NIFRA,51,35,500,591.0,295500.0
2021040105000255,NIFRA,35,35,30,591.0,17730.0
2021040105000254,NIFRA,35,35,50,591.0,29550.0
2021040105000253,NIFRA,57,35,60,591.0,35460.0
2021040105000264,NIFRA,6,35,50,591.0,29550.0
2021040105000263,NIFRA,32,35,25,591.0,14775.0
2021040105000262,NIFRA,33,35,500,591.0,295500.0
2021040105000261,NIFRA,17,35,800,591.0,472800.0
2021040105000260,NIFRA,40,35,200,591.0,118200.0
2021040105000259,NIFRA,18,35,200,591.0,118200.0
2021040105000270,NIFRA,57,35,60,591.0,35460.0
2021040105000269,NIFRA,45,35,50,591.0,29550.0
2021040105000268,NIFRA,41,35,100,591.0,59100.0
2021040105000267,NIFRA,38,35,500,591.0,295500.0
2021040105000266,NIFRA,38,35,500,591.0,295500.0
2021040105000265,NIFRA,57,35,100,591.0,59100.0
2021040105000276,NIFRA,58,35,10,591.0,5910.0
2021040105000275,NIFRA,45,35,50,591.0,29550.0
2021040105000274,NIFRA,22,35,50,591.0,29550.0
2021040105000273,NIFRA,22,35,10,591.0,5910.0
2021040105000272,NIFRA,34,35,20,591.0,11820.0
2021040105000271,NIFRA,38,35,50,591.0,29550.0
2021040105000282,NIFRA,40,35,170,590.0,100300.0
2021040105000281,NIFRA,57,35,50,590.0,29500.0
2021040105000280,NIFRA,22,35,50,590.0,29500.0
2021040105000279,NIFRA,34,35,150,590.0,88500.0
2021040105000278,NIFRA,44,35,100,591.0,59100.0
2021040105000277,NIFRA,57,35,500,591.0,295500.0
2021040105000288,NIFRA,21,35,100,590.0,59000.0
2021040105000287,NIFRA,29,35,100,590.0,59000.0
2021040105000286,NIFRA,57,35,170,590.0,100300.0
2021040105000285,NIFRA,4,35,40,590.0,23600.0
2021040105000284,NIFRA,33,35,100,590.0,59000.0
2021040105000283,NIFRA,58,35,100,590.0,59000.0
2021040105000294,NIFRA,57,38,25,595.0,14875.0
2021040105000293,NIFRA,57,40,50,595.0,29750.0
2021040105000292,NIFRA,57,41,25,595.0,14875.0
2021040105000291,NIFRA,57,13,50,595.0,29750.0
2021040105000290,NIFRA,57,34,50,594.0,29700.0
2021040105000289,NIFRA,55,35,"1,257",590.0,741630.0
2021040105000301,NIFRA,44,45,50,593.0,29650.0
2021040105000300,NIFRA,44,51,50,593.0,29650.0
2021040105000299,NIFRA,44,4,50,593.0,29650.0
2021040105000297,NIFRA,55,38,50,590.0,29500.0
2021040105000296,NIFRA,55,38,15,590.0,8850.0
2021040105000295,NIFRA,58,38,20,593.0,11860.0
2021040105000307,NIFRA,44,40,50,593.0,29650.0
2021040105000306,NIFRA,44,7,60,593.0,35580.0
2021040105000305,NIFRA,44,34,60,593.0,35580.0
2021040105000304,NIFRA,44,45,50,593.0,29650.0
2021040105000303,NIFRA,44,49,60,593.0,35580.0
2021040105000302,NIFRA,44,16,60,593.0,35580.0
2021040105000313,NIFRA,44,32,50,594.0,29700.0
2021040105000312,NIFRA,43,43,9,593.0,5337.0
2021040105000311,NIFRA,44,14,50,594.0,29700.0
2021040105000310,NIFRA,44,38,10,594.0,5940.0
2021040105000309,NIFRA,44,47,50,594.0,29700.0
2021040105000308,NIFRA,44,47,200,594.0,118800.0
2021040105000319,NIFRA,36,29,10,595.0,5950.0
2021040105000318,NIFRA,44,45,10,594.0,5940.0
2021040105000317,NIFRA,44,47,50,594.0,29700.0
2021040105000316,NIFRA,44,1,50,594.0,29700.0
2021040105000315,NIFRA,44,42,10,594.0,5940.0
2021040105000314,NIFRA,36,29,50,595.0,29750.0
2021040105000326,NIFRA,44,16,40,594.0,23760.0
2021040105000325,NIFRA,44,14,50,594.0,29700.0
2021040105000324,NIFRA,56,58,100,595.0,59500.0
2021040105000323,NIFRA,44,35,500,594.0,297000.0
2021040105000321,NIFRA,44,38,60,594.0,35640.0
2021040105000320,NIFRA,36,58,40,595.0,23800.0
2021040105000332,NIFRA,44,45,50,594.0,29700.0
2021040105000331,NIFRA,44,51,50,594.0,29700.0
2021040105000330,NIFRA,58,37,60,595.0,35700.0
2021040105000329,NIFRA,56,19,50,595.0,29750.0
2021040105000328,NIFRA,56,58,10,595.0,5950.0
2021040105000327,NIFRA,44,39,20,594.0,11880.0
2021040105000339,NIFRA,44,19,700,594.0,415800.0
2021040105000338,NIFRA,36,37,50,595.0,29750.0
2021040105000336,NIFRA,44,16,50,594.0,29700.0
2021040105000335,NIFRA,44,21,150,594.0,89100.0
2021040105000334,NIFRA,44,46,50,594.0,29700.0
2021040105000333,NIFRA,44,17,60,594.0,35640.0
2021040105000345,NIFRA,17,34,20,594.0,11880.0
2021040105000344,NIFRA,44,34,30,594.0,17820.0
2021040105000343,NIFRA,44,14,60,594.0,35640.0
2021040105000342,NIFRA,44,45,50,594.0,29700.0
2021040105000341,NIFRA,44,22,60,594.0,35640.0
2021040105000340,NIFRA,44,35,50,594.0,29700.0
2021040105000351,NIFRA,56,37,50,595.0,29750.0
2021040105000350,NIFRA,32,34,50,593.0,29650.0
2021040105000349,NIFRA,32,56,50,593.0,29650.0
2021040105000348,NIFRA,49,43,10,593.0,5930.0
2021040105000347,NIFRA,44,43,10,594.0,5940.0
2021040105000346,NIFRA,17,43,30,594.0,17820.0
2021040105000357,NIFRA,17,40,20,592.0,11840.0
2021040105000356,NIFRA,32,40,"1,740",593.0,1031820.0
2021040105000355,NIFRA,32,38,130,593.0,77090.0
2021040105000354,NIFRA,32,37,30,593.0,17790.0
2021040105000353,NIFRA,16,37,20,594.0,11880.0
2021040105000352,NIFRA,16,14,30,594.0,17820.0
2021040105000363,NIFRA,41,55,10,595.0,5950.0
2021040105000362,NIFRA,41,41,60,595.0,35700.0
2021040105000361,NIFRA,41,46,10,595.0,5950.0
2021040105000360,NIFRA,41,37,40,595.0,23800.0
2021040105000359,NIFRA,41,48,50,594.0,29700.0
2021040105000358,NIFRA,52,40,240,591.0,141840.0
2021040105000369,NIFRA,41,49,50,595.0,29750.0
2021040105000368,NIFRA,41,32,50,595.0,29750.0
2021040105000367,NIFRA,41,51,50,595.0,29750.0
2021040105000366,NIFRA,41,54,50,595.0,29750.0
2021040105000365,NIFRA,41,16,60,595.0,35700.0
2021040105000364,NIFRA,41,42,40,595.0,23800.0
2021040105000377,NIFRA,41,34,50,595.0,29750.0
2021040105000376,NIFRA,41,44,50,595.0,29750.0
2021040105000374,NIFRA,41,26,50,595.0,29750.0
2021040105000373,NIFRA,41,51,50,595.0,29750.0
2021040105000372,NIFRA,41,57,50,595.0,29750.0
2021040105000370,NIFRA,41,14,50,595.0,29750.0
2021040105000383,NIFRA,41,56,50,595.0,29750.0
2021040105000382,NIFRA,41,59,27,595.0,16065.0
2021040105000381,NIFRA,44,59,23,597.0,13731.0
2021040105000380,NIFRA,44,40,187,597.0,111639.0
2021040105000379,NIFRA,44,33,40,597.0,23880.0
2021040105000378,NIFRA,41,34,50,595.0,29750.0
2021040105000389,NIFRA,41,57,50,595.0,29750.0
2021040105000388,NIFRA,41,58,50,595.0,29750.0
2021040105000387,NIFRA,41,21,20,595.0,11900.0
2021040105000386,NIFRA,38,21,30,597.0,17910.0
2021040105000385,NIFRA,41,56,60,595.0,35700.0
2021040105000384,NIFRA,41,35,20,595.0,11900.0
2021040105000396,NIFRA,41,49,50,595.0,29750.0
2021040105000395,NIFRA,41,36,50,595.0,29750.0
2021040105000394,NIFRA,41,21,60,595.0,35700.0
2021040105000393,NIFRA,41,41,50,595.0,29750.0
2021040105000391,NIFRA,41,41,60,595.0,35700.0
2021040105000390,NIFRA,41,41,100,595.0,59500.0
2021040105000402,NIFRA,54,51,50,595.0,29750.0
2021040105000401,NIFRA,53,51,10,595.0,5950.0
2021040105000400,NIFRA,38,51,50,595.0,29750.0
2021040105000399,NIFRA,41,51,152,595.0,90440.0
2021040105000398,NIFRA,41,6,10,595.0,5950.0
2021040105000397,NIFRA,41,34,50,595.0,29750.0
2021040105000408,NIFRA,42,51,36,594.0,21384.0
2021040105000407,NIFRA,44,51,10,594.0,5940.0
2021040105000406,NIFRA,34,51,100,595.0,59500.0
2021040105000405,NIFRA,53,51,10,595.0,5950.0
2021040105000404,NIFRA,45,51,50,595.0,29750.0
2021040105000403,NIFRA,58,51,60,595.0,35700.0
2021040105000414,NIFRA,34,21,60,593.0,35580.0
2021040105000413,NIFRA,34,56,12,593.0,7116.0
2021040105000412,NIFRA,49,56,10,593.0,5930.0
2021040105000411,NIFRA,13,56,38,593.0,22534.0
2021040105000410,NIFRA,13,51,462,593.0,273966.0
2021040105000409,NIFRA,57,51,10,593.0,5930.0
2021040105000421,NIFRA,44,19,50,593.0,29650.0
2021040105000419,NIFRA,34,38,50,593.0,29650.0
2021040105000418,NIFRA,34,57,40,593.0,23720.0
2021040105000417,NIFRA,53,57,10,595.0,5950.0
2021040105000416,NIFRA,42,55,30,598.0,17940.0
2021040105000415,NIFRA,42,58,10,598.0,5980.0
2021040105000427,NIFRA,56,5,50,595.0,29750.0
2021040105000426,NIFRA,56,38,60,595.0,35700.0
2021040105000425,NIFRA,44,38,50,594.0,29700.0
2021040105000424,NIFRA,44,19,60,594.0,35640.0
2021040105000423,NIFRA,44,28,50,594.0,29700.0
2021040105000422,NIFRA,44,58,300,594.0,178200.0
2021040105000433,NIFRA,11,55,11,598.0,6578.0
2021040105000432,NIFRA,44,40,50,597.0,29850.0
2021040105000431,NIFRA,44,5,50,597.0,29850.0
2021040105000430,NIFRA,34,55,160,598.0,95680.0
2021040105000429,NIFRA,29,55,800,598.0,478400.0
2021040105000428,NIFRA,56,56,50,595.0,29750.0
2021040105000439,NIFRA,25,35,200,595.0,119000.0
2021040105000438,NIFRA,56,35,140,595.0,83300.0
2021040105000437,NIFRA,44,19,50,597.0,29850.0
2021040105000436,NIFRA,44,45,35,597.0,20895.0
2021040105000435,NIFRA,39,55,100,598.0,59800.0
2021040105000434,NIFRA,44,34,60,597.0,35820.0
2021040105000445,NIFRA,29,38,50,596.0,29800.0
2021040105000444,NIFRA,29,48,50,595.0,29750.0
2021040105000443,NIFRA,44,19,60,594.0,35640.0
2021040105000442,NIFRA,44,21,60,594.0,35640.0
2021040105000441,NIFRA,44,35,60,594.0,35640.0
2021040105000440,NIFRA,10,35,500,595.0,297500.0
2021040105000452,NIFRA,29,38,30,596.0,17880.0
2021040105000451,NIFRA,29,39,60,596.0,35760.0
2021040105000449,NIFRA,47,45,43,598.0,25714.0
2021040105000448,NIFRA,47,55,107,598.0,63986.0
2021040105000447,NIFRA,47,43,50,597.0,29850.0
2021040105000446,NIFRA,29,19,50,596.0,29800.0
2021040105000458,NIFRA,29,19,60,596.0,35760.0
2021040105000457,NIFRA,29,58,50,596.0,29800.0
2021040105000456,NIFRA,29,49,50,596.0,29800.0
2021040105000455,NIFRA,29,26,50,596.0,29800.0
2021040105000454,NIFRA,29,38,10,596.0,5960.0
2021040105000453,NIFRA,29,19,50,596.0,29800.0
2021040105000464,NIFRA,3,58,100,598.0,59800.0
2021040105000463,NIFRA,3,35,20,598.0,11960.0
2021040105000462,NIFRA,3,50,40,598.0,23920.0
2021040105000461,NIFRA,3,22,100,598.0,59800.0
2021040105000460,NIFRA,3,45,457,598.0,273286.0
2021040105000459,NIFRA,29,38,30,596.0,17880.0
2021040105000470,NIFRA,29,46,50,598.0,29900.0
2021040105000469,NIFRA,29,59,60,596.0,35760.0
2021040105000468,NIFRA,29,26,20,596.0,11920.0
2021040105000467,NIFRA,29,58,50,596.0,29800.0
2021040105000466,NIFRA,3,46,273,598.0,163254.0
2021040105000465,NIFRA,3,54,10,598.0,5980.0
2021040105000477,NIFRA,57,38,20,596.0,11920.0
2021040105000476,NIFRA,29,38,10,596.0,5960.0
2021040105000474,NIFRA,29,38,90,596.0,53640.0
2021040105000473,NIFRA,29,22,30,596.0,17880.0
2021040105000472,NIFRA,34,46,50,598.0,29900.0
2021040105000471,NIFRA,22,46,50,598.0,29900.0
2021040105000483,NIFRA,32,58,10,598.0,5980.0
2021040105000482,NIFRA,32,46,77,598.0,46046.0
2021040105000481,NIFRA,57,49,50,595.0,29750.0
2021040105000480,NIFRA,57,34,20,595.0,11900.0
2021040105000479,NIFRA,58,34,30,596.0,17880.0
2021040105000478,NIFRA,57,34,10,596.0,5960.0
2021040105000489,NIFRA,32,53,50,598.0,29900.0
2021040105000488,NIFRA,32,14,200,598.0,119600.0
2021040105000487,NIFRA,32,42,250,598.0,149500.0
2021040105000486,NIFRA,32,42,50,598.0,29900.0
2021040105000485,NIFRA,32,55,50,598.0,29900.0
2021040105000484,NIFRA,32,26,100,598.0,59800.0
2021040105000495,NIFRA,37,58,30,598.0,17940.0
2021040105000494,NIFRA,32,35,53,598.0,31694.0
2021040105000493,NIFRA,32,35,"1,000",598.0,598000.0
2021040105000492,NIFRA,32,46,60,598.0,35880.0
2021040105000491,NIFRA,32,16,"1,000",598.0,598000.0
2021040105000490,NIFRA,32,5,100,598.0,59800.0
2021040105000502,NIFRA,45,42,50,598.0,29900.0
2021040105000501,NIFRA,16,42,480,598.0,287040.0
2021040105000500,NIFRA,16,58,20,598.0,11960.0
2021040105000499,NIFRA,56,34,60,595.0,35700.0
2021040105000497,NIFRA,56,56,20,595.0,11900.0
2021040105000496,NIFRA,57,56,30,595.0,17850.0
2021040105000508,NIFRA,41,38,30,595.0,17850.0
2021040105000507,NIFRA,32,42,200,598.0,119600.0
2021040105000506,NIFRA,34,42,50,598.0,29900.0
2021040105000505,NIFRA,34,34,50,595.0,29750.0
2021040105000504,NIFRA,41,42,20,595.0,11900.0
2021040105000503,NIFRA,56,42,20,595.0,11900.0
2021040105000514,NIFRA,41,34,50,595.0,29750.0
2021040105000513,NIFRA,44,56,50,594.0,29700.0
2021040105000512,NIFRA,44,45,50,594.0,29700.0
2021040105000511,NIFRA,59,32,30,598.0,17940.0
2021040105000510,NIFRA,59,42,220,598.0,131560.0
2021040105000509,NIFRA,44,38,30,594.0,17820.0
2021040105000520,NIFRA,44,21,50,594.0,29700.0
2021040105000519,NIFRA,44,8,50,594.0,29700.0
2021040105000518,NIFRA,44,56,50,594.0,29700.0
2021040105000517,NIFRA,44,40,50,594.0,29700.0
2021040105000516,NIFRA,41,32,60,596.0,35760.0
2021040105000515,NIFRA,41,45,50,595.0,29750.0
2021040105000526,NIFRA,18,56,60,595.0,35700.0
2021040105000525,NIFRA,18,51,50,595.0,29750.0
2021040105000524,NIFRA,44,8,50,594.0,29700.0
2021040105000523,NIFRA,44,21,60,594.0,35640.0
2021040105000522,NIFRA,44,38,50,594.0,29700.0
2021040105000521,NIFRA,44,40,50,594.0,29700.0
2021040105000532,NIFRA,32,58,400,598.0,239200.0
2021040105000531,NIFRA,32,32,20,598.0,11960.0
2021040105000530,NIFRA,32,45,50,597.0,29850.0
2021040105000529,NIFRA,32,38,30,597.0,17910.0
2021040105000528,NIFRA,10,48,50,596.0,29800.0
2021040105000527,NIFRA,18,8,60,595.0,35700.0
2021040105000538,NIFRA,45,38,10,597.0,5970.0
2021040105000537,NIFRA,36,38,10,597.0,5970.0
2021040105000536,NIFRA,10,56,50,596.0,29800.0
2021040105000535,NIFRA,10,21,50,596.0,29800.0
2021040105000534,NIFRA,36,58,10,598.0,5980.0
2021040105000533,NIFRA,10,14,30,596.0,17880.0
2021040105000544,NIFRA,10,8,60,596.0,35760.0
2021040105000543,NIFRA,10,34,50,596.0,29800.0
2021040105000542,NIFRA,45,58,10,598.0,5980.0
2021040105000541,NIFRA,45,50,50,598.0,29900.0
2021040105000540,NIFRA,45,58,90,598.0,53820.0
2021040105000539,NIFRA,45,34,50,597.0,29850.0
2021040105000551,NIFRA,10,34,50,596.0,29800.0
2021040105000550,NIFRA,10,56,50,596.0,29800.0
2021040105000549,NIFRA,10,8,60,596.0,35760.0
2021040105000548,NIFRA,10,56,50,596.0,29800.0
2021040105000547,NIFRA,36,58,15,598.0,8970.0
2021040105000545,NIFRA,40,58,100,598.0,59800.0
2021040105000557,NIFRA,38,21,50,598.0,29900.0
2021040105000556,NIFRA,38,55,100,598.0,59800.0
2021040105000555,NIFRA,38,58,500,598.0,299000.0
2021040105000554,NIFRA,38,58,875,598.0,523250.0
2021040105000553,NIFRA,18,41,270,595.0,160650.0
2021040105000552,NIFRA,18,41,230,595.0,136850.0
2021040105000563,NIFRA,18,34,50,595.0,29750.0
2021040105000562,NIFRA,18,41,50,595.0,29750.0
2021040105000561,NIFRA,10,41,450,596.0,268200.0
2021040105000560,NIFRA,10,56,50,596.0,29800.0
2021040105000559,NIFRA,18,58,50,595.0,29750.0
2021040105000558,NIFRA,38,3,125,598.0,74750.0
2021040105000569,NIFRA,28,29,50,598.0,29900.0
2021040105000568,NIFRA,28,3,175,598.0,104650.0
2021040105000567,NIFRA,43,56,60,595.0,35700.0
2021040105000566,NIFRA,43,38,20,595.0,11900.0
2021040105000565,NIFRA,18,38,30,595.0,17850.0
2021040105000564,NIFRA,18,8,50,595.0,29750.0
2021040105000575,NIFRA,43,45,275,595.0,163625.0
2021040105000574,NIFRA,8,45,150,596.0,89400.0
2021040105000573,NIFRA,5,42,100,598.0,59800.0
2021040105000572,NIFRA,8,56,50,596.0,29800.0
2021040105000571,NIFRA,28,42,35,598.0,20930.0
2021040105000570,NIFRA,28,58,40,598.0,23920.0
2021040105000581,NIFRA,10,42,100,598.0,59800.0
2021040105000580,NIFRA,43,58,50,595.0,29750.0
2021040105000579,NIFRA,43,8,60,595.0,35700.0
2021040105000578,NIFRA,40,42,100,598.0,59800.0
2021040105000577,NIFRA,28,28,60,596.0,35760.0
2021040105000576,NIFRA,6,42,100,598.0,59800.0
2021040105000587,NIFRA,56,16,545,598.0,325910.0
2021040105000586,NIFRA,56,52,60,598.0,35880.0
2021040105000585,NIFRA,56,42,205,598.0,122590.0
2021040105000584,NIFRA,18,42,295,598.0,176410.0
2021040105000583,NIFRA,18,39,40,598.0,23920.0
2021040105000582,NIFRA,18,42,65,598.0,38870.0
2021040105000593,NIFRA,43,34,50,596.0,29800.0
2021040105000592,NIFRA,36,16,25,598.0,14950.0
2021040105000591,NIFRA,36,8,10,597.0,5970.0
2021040105000590,NIFRA,43,58,50,596.0,29800.0
2021040105000589,NIFRA,43,58,50,596.0,29800.0
2021040105000588,NIFRA,43,49,50,596.0,29800.0
2021040104030278,AHPC,6,47,92,255.0,23460.0
2021040104030277,AHPC,6,3,78,255.0,19890.0
2021040104030216,AHPC,41,3,100,255.0,25500.0
2021040104030167,AHPC,18,25,500,254.0,127000.0
2021040104030166,AHPC,18,46,200,254.0,50800.0
2021040104030107,AHPC,18,13,"1,600",254.0,406400.0
2021040104030034,AHPC,18,38,100,254.0,25400.0
2021040104029999,AHPC,45,3,100,255.0,25500.0
2021040104029991,AHPC,18,34,300,254.0,76200.0
2021040104029918,AHPC,18,14,70,254.0,17780.0
2021040104029887,AHPC,18,32,40,254.0,10160.0
2021040104030203,AIL,29,38,40,1031.0,41240.0
2021040104030188,AIL,29,43,30,1031.0,30930.0
2021040104030187,AIL,59,43,70,1031.0,72170.0
2021040104030134,AIL,59,53,10,1031.0,10310.0
2021040104030152,AKPL,34,45,659,337.0,222083.0
2021040104030151,AKPL,50,45,341,337.0,114917.0
2021040104030138,AKPL,57,28,600,339.0,203400.0
2021040104030137,AKPL,57,35,100,339.0,33900.0
2021040104030136,AKPL,57,43,300,338.0,101400.0
2021040104030072,AKPL,50,57,120,337.0,40440.0
2021040104030071,AKPL,21,57,50,338.0,16900.0
2021040104030070,AKPL,50,57,50,338.0,16900.0
2021040104030069,AKPL,50,57,280,338.0,94640.0
2021040104030035,AKPL,50,35,20,338.0,6760.0
2021040104030023,AKPL,36,35,100,339.0,33900.0
2021040104030279,API,58,18,15,340.0,5100.0
2021040104030272,API,42,18,30,340.0,10200.0
2021040104030217,API,59,18,30,340.0,10200.0
2021040104030149,API,36,18,50,340.0,17000.0
2021040104030148,API,41,18,30,340.0,10200.0
2021040104030147,API,49,18,25,340.0,8500.0
2021040104029931,API,21,51,31,340.0,10540.0
2021040104029930,API,46,51,119,340.0,40460.0
2021040104029914,API,46,38,50,340.0,17000.0
2021040104029911,API,21,6,500,341.0,170500.0
2021040104030079,API,46,33,100,340.0,34000.0
2021040104030075,API,46,41,"1,444",340.0,490960.0
2021040104030074,API,21,41,156,340.0,53040.0
2021040104030021,API,21,34,213,340.0,72420.0
2021040104029996,API,21,51,50,340.0,17000.0
2021040104029961,API,21,20,50,340.0,17000.0
2021040104030140,API,55,18,656,340.0,223040.0
2021040104030114,API,41,6,200,341.0,68200.0
2021040104030113,API,55,22,100,340.0,34000.0
2021040104030112,API,55,47,244,340.0,82960.0
2021040104030111,API,46,47,56,340.0,19040.0
2021040104030108,API,46,13,400,340.0,136000.0
2021040104030146,API,57,18,"1,000",340.0,340000.0
2021040104030145,API,18,18,"1,000",340.0,340000.0
2021040104030144,API,48,18,100,340.0,34000.0
2021040104030143,API,10,18,"1,000",340.0,340000.0
2021040104030142,API,21,18,100,340.0,34000.0
2021040104030141,API,46,18,300,340.0,102000.0
2021040104030122,BARUN,34,56,200,248.0,49600.0
2021040104030183,BPCL,52,26,100,407.0,40700.0
2021040104029920,BPCL,52,46,13,407.0,5291.0
2021040104030179,CGH,55,14,10,2050.0,20500.0
2021040104030132,CGH,55,38,100,2050.0,205000.0
2021040104030085,CGH,55,37,20,2050.0,41000.0
2021040104030084,CGH,1,37,40,2050.0,82000.0
2021040104030083,CGH,14,37,10,2050.0,20500.0
2021040104030082,CGH,50,37,10,2050.0,20500.0
2021040104029943,CGH,59,51,10,2050.0,20500.0
2021040104029916,CGH,59,41,30,2050.0,61500.0
2021040104029908,CGH,59,58,10,2050.0,20500.0
2021040104030081,CGH,59,37,20,2050.0,41000.0
2021040104030080,CGH,22,49,90,2051.0,184590.0
2021040104030027,CGH,18,49,20,2051.0,41020.0
2021040104030004,CGH,20,49,23,2051.0,47173.0
2021040104030003,CGH,20,43,17,2051.0,34867.0
2021040104029962,CGH,59,25,10,2050.0,20500.0
2021040104030086,CHCL,42,42,18,590.0,10620.0
2021040104030042,CHCL,25,26,20,592.0,11840.0
2021040104030041,CHCL,25,16,180,591.0,106380.0
2021040104030175,CHL,6,19,10,208.0,2080.0
2021040104029917,CHL,34,36,75,207.0,15525.0
2021040104030253,EIC,49,43,40,745.0,29800.0
2021040104029913,EIC,38,45,20,747.0,14940.0
2021040104029912,EIC,38,38,10,746.0,7460.0
2021040104030178,GIC,33,58,10,721.0,7210.0
2021040104030033,GIC,33,56,65,721.0,46865.0
2021040104030022,GIC,42,56,135,721.0,97335.0
2021040104029957,GIC,42,17,50,721.0,36050.0
2021040104029956,GIC,42,57,15,721.0,10815.0
2021040104029928,GIC,26,57,100,721.0,72100.0
2021040104029881,GIC,19,43,80,720.0,57600.0
2021040104030254,GLH,25,4,10,377.0,3770.0
2021040104030238,GLH,41,6,10,376.0,3760.0
2021040104030204,GLH,38,4,10,377.0,3770.0
2021040104030196,GLH,45,4,20,377.0,7540.0
2021040104030185,GLH,34,4,120,377.0,45240.0
2021040104030124,GLH,38,4,10,377.0,3770.0
2021040104030020,GLH,41,4,11,377.0,4147.0
2021040104029997,GLH,56,4,10,377.0,3770.0
2021040104029937,GLH,41,48,10,376.0,3760.0
2021040104029933,GLH,41,49,50,376.0,18800.0
2021040104029919,GLH,41,58,10,376.0,3760.0
2021040104030261,HGI,34,10,90,712.0,64080.0
2021040104030260,HGI,32,10,410,712.0,291920.0
2021040104029898,HGI,32,47,590,712.0,420080.0
2021040104029897,HGI,55,47,300,712.0,213600.0
2021040104029896,HGI,28,47,50,712.0,35600.0
2021040104029895,HGI,41,47,100,712.0,71200.0
2021040104030177,HPPL,55,40,10,391.0,3910.0
2021040104029889,HPPL,55,40,10,391.0,3910.0
2021040104029888,HPPL,6,40,52,391.0,20332.0
2021040104029983,HURJA,40,58,20,334.0,6680.0
2021040104030276,IGI,45,13,160,1194.0,191040.0
2021040104029886,IGI,39,45,717,1193.0,855381.0
2021040104029885,IGI,16,45,783,1193.0,934119.0
2021040104029934,IGI,42,42,100,1194.0,119400.0
2021040104029954,IGI,34,13,85,1194.0,101490.0
2021040104029953,IGI,34,42,15,1194.0,17910.0
2021040104030078,IGI,59,13,100,1194.0,119400.0
2021040104030171,IGI,39,38,83,1193.0,99019.0
2021040104030157,IGI,39,48,200,1193.0,238600.0
2021040104030172,IGI,41,38,67,1193.0,79931.0
2021040104030259,JOSHI,53,45,30,130.0,3900.0
2021040104030258,JOSHI,53,19,10,130.0,1300.0
2021040104030257,JOSHI,53,49,20,130.0,2600.0
2021040104030256,JOSHI,53,48,20,130.0,2600.0
2021040104030255,JOSHI,53,20,20,130.0,2600.0
2021040104029990,JOSHI,54,34,20,129.0,2580.0
2021040104030173,KKHC,37,57,542,125.0,67750.0
2021040104030090,KKHC,16,57,438,125.0,54750.0
2021040104030089,KKHC,16,48,16,125.0,2000.0
2021040104030088,KKHC,16,58,308,125.0,38500.0
2021040104030087,KKHC,16,45,238,125.0,29750.0
2021040104030038,LGIL,51,43,10,812.0,8120.0
2021040104029952,LUK,45,38,300,10.12,3036.0
2021040104029951,LUK,45,42,200,10.12,2024.0
2021040104029950,LUK,45,6,100,10.12,1012.0
2021040104030229,MEN,20,38,10,702.0,7020.0
2021040104030228,MEN,20,3,10,702.0,7020.0
2021040104030174,MEN,4,45,10,700.0,7000.0
2021040104030194,MHNL,22,46,375,260.0,97500.0
2021040104030193,MHNL,22,22,20,260.0,5200.0
2021040104030192,MHNL,22,43,200,260.0,52000.0
2021040104030191,MHNL,22,49,275,260.0,71500.0
2021040104030190,MHNL,22,41,50,260.0,13000.0
2021040104030189,MHNL,22,7,80,260.0,20800.0
2021040104030186,MHNL,33,7,200,260.0,52000.0
2021040105000021,MLBSL,41,48,10,695.0,6950.0
2021040104030211,NEF,45,29,"2,414",12.24,29547.36
2021040104030210,NEF,45,1,"2,414",12.24,29547.36
2021040104030106,NGPL,52,34,484,242.0,117128.0
2021040104030105,NGPL,52,19,150,242.0,36300.0
2021040104030104,NGPL,52,25,100,242.0,24200.0
2021040104030103,NGPL,52,35,100,242.0,24200.0
2021040104030102,NGPL,52,56,100,242.0,24200.0
2021040104030101,NGPL,52,7,100,242.0,24200.0
2021040104030094,NGPL,52,17,25,241.0,6025.0
2021040104030093,NGPL,52,41,11,241.0,2651.0
2021040104030092,NGPL,52,13,500,241.0,120500.0
2021040104030091,NGPL,52,58,85,241.0,20485.0
2021040104030100,NGPL,52,34,"1,000",242.0,242000.0
2021040104030099,NGPL,52,58,"1,000",242.0,242000.0
2021040104030098,NGPL,52,4,11,242.0,2662.0
2021040104030097,NGPL,52,22,100,242.0,24200.0
2021040104030096,NGPL,52,21,200,242.0,48400.0
2021040104030095,NGPL,52,51,34,241.0,8194.0
2021040104030275,NHPC,50,48,50,164.0,8200.0
2021040104030227,NHPC,34,48,340,164.0,55760.0
2021040104030226,NHPC,34,42,500,164.0,82000.0
2021040104030225,NHPC,34,32,400,164.0,65600.0
2021040104030224,NHPC,34,38,"1,000",164.0,164000.0
2021040104030223,NHPC,34,49,"3,000",164.0,492000.0
2021040104029958,NHPC,45,32,200,163.0,32600.0
2021040104030222,NHPC,34,36,500,164.0,82000.0
2021040104030221,NHPC,34,48,500,164.0,82000.0
2021040104030220,NHPC,34,17,"4,472",164.0,733408.0
2021040104030219,NHPC,34,32,288,163.0,46944.0
2021040104030130,NHPC,34,32,500,163.0,81500.0
2021040104030128,NHPC,45,17,408,164.0,66912.0
2021040104030176,NICGF,54,47,"2,000",12.4,24800.0
2021040104030280,NICL,58,32,100,820.0,82000.0
2021040104030251,NICL,21,32,200,820.0,164000.0
2021040104030250,NICL,39,32,10,820.0,8200.0
2021040104030249,NICL,13,32,500,820.0,410000.0
2021040104030248,NICL,21,32,10,820.0,8200.0
2021040104030247,NICL,57,32,100,820.0,82000.0
2021040104030240,NICL,48,3,20,825.0,16500.0
2021040104030239,NICL,48,58,80,825.0,66000.0
2021040104030197,NICL,48,3,20,824.0,16480.0
2021040104030037,NICL,50,58,46,825.0,37950.0
2021040104030036,NICL,50,1,100,824.0,82400.0
2021040104030246,NICL,55,32,250,820.0,205000.0
2021040104030245,NICL,8,32,200,821.0,164200.0
2021040104030244,NICL,43,32,50,821.0,41050.0
2021040104030243,NICL,48,32,280,824.0,230720.0
2021040104030242,NICL,48,32,50,825.0,41250.0
2021040104030241,NICL,48,33,50,825.0,41250.0
2021040105000075,NICLBSL,55,33,10,867.0,8670.0
2021040105000074,NICLBSL,55,41,10,867.0,8670.0
2021040105000057,NICLBSL,55,21,10,867.0,8670.0
2021040105000056,NICLBSL,55,25,10,867.0,8670.0
2021040105000045,NICLBSL,22,10,10,850.0,8500.0
2021040105000026,NICLBSL,22,35,10,850.0,8500.0
2021040105000003,NICLBSL,42,7,10,834.0,8340.0
2021040105000002,NICLBSL,42,57,10,834.0,8340.0
2021040105000001,NICLBSL,42,29,10,834.0,8340.0
2021040105000099,NIFRA,6,41,10,603.0,6030.0
2021040105000098,NIFRA,6,25,50,603.0,30150.0
2021040105000097,NIFRA,6,34,20,603.0,12060.0
2021040105000096,NIFRA,6,16,10,603.0,6030.0
2021040105000095,NIFRA,6,43,50,602.0,30100.0
2021040105000094,NIFRA,6,22,30,600.0,18000.0
2021040105000008,NIFRA,45,58,10,615.0,6150.0
2021040105000007,NIFRA,45,56,60,615.0,36900.0
2021040105000006,NIFRA,45,16,20,615.0,12300.0
2021040105000005,NIFRA,10,16,10,615.0,6150.0
2021040105000004,NIFRA,45,16,10,615.0,6150.0
2021040105000014,NIFRA,45,58,10,615.0,6150.0
2021040105000013,NIFRA,45,57,100,615.0,61500.0
2021040105000012,NIFRA,45,45,50,615.0,30750.0
2021040105000011,NIFRA,45,45,50,615.0,30750.0
2021040105000010,NIFRA,45,46,82,615.0,50430.0
2021040105000009,NIFRA,45,21,20,615.0,12300.0
2021040105000020,NIFRA,45,40,313,615.0,192495.0
2021040105000019,NIFRA,45,37,60,615.0,36900.0
2021040105000018,NIFRA,45,3,50,615.0,30750.0
2021040105000017,NIFRA,45,17,105,615.0,64575.0
2021040105000016,NIFRA,45,58,20,615.0,12300.0
2021040105000015,NIFRA,45,36,50,615.0,30750.0
2021040105000028,NIFRA,35,10,40,600.0,24000.0
2021040105000027,NIFRA,42,10,350,600.0,210000.0
2021040105000025,NIFRA,35,10,50,600.0,30000.0
2021040105000024,NIFRA,35,33,450,600.0,270000.0
2021040105000023,NIFRA,41,33,50,600.0,30000.0
2021040105000022,NIFRA,58,33,100,600.0,60000.0
2021040105000034,NIFRA,29,49,500,603.0,301500.0
2021040105000033,NIFRA,35,49,400,603.0,241200.0
2021040105000032,NIFRA,38,36,25,605.0,15125.0
2021040105000031,NIFRA,35,19,10,603.0,6030.0
2021040105000030,NIFRA,35,35,30,603.0,18090.0
2021040105000029,NIFRA,35,10,60,600.0,36000.0
2021040105000040,NIFRA,35,36,25,605.0,15125.0
2021040105000039,NIFRA,35,35,30,604.0,18120.0
2021040105000038,NIFRA,22,5,50,603.0,30150.0
2021040105000037,NIFRA,22,7,50,603.0,30150.0
2021040105000036,NIFRA,44,49,50,603.0,30150.0
2021040105000035,NIFRA,42,49,50,603.0,30150.0
2021040105000047,NIFRA,38,48,25,605.0,15125.0
2021040105000046,NIFRA,42,22,40,603.0,24120.0
2021040105000044,NIFRA,11,22,100,603.0,60300.0
2021040105000043,NIFRA,21,22,10,603.0,6030.0
2021040105000042,NIFRA,44,22,50,603.0,30150.0
2021040105000041,NIFRA,35,45,45,605.0,27225.0
2021040105000053,NIFRA,14,58,20,599.0,11980.0
2021040105000052,NIFRA,46,59,50,600.0,30000.0
2021040105000051,NIFRA,11,16,40,603.0,24120.0
2021040105000050,NIFRA,11,49,60,603.0,36180.0
2021040105000049,NIFRA,22,49,240,603.0,144720.0
2021040105000048,NIFRA,42,36,50,603.0,30150.0
2021040105000061,NIFRA,7,42,10,598.0,5980.0
2021040105000060,NIFRA,7,17,40,598.0,23920.0
2021040105000059,NIFRA,7,45,30,597.0,17910.0
2021040105000058,NIFRA,26,59,50,595.0,29750.0
2021040105000055,NIFRA,29,58,60,588.0,35280.0
2021040105000054,NIFRA,14,40,90,599.0,53910.0
2021040105000067,NIFRA,22,40,50,599.0,29950.0
2021040105000066,NIFRA,53,7,60,593.0,35580.0
2021040105000065,NIFRA,22,40,10,599.0,5990.0
2021040105000064,NIFRA,35,40,80,599.0,47920.0
2021040105000063,NIFRA,6,40,200,599.0,119800.0
2021040105000062,NIFRA,7,40,80,599.0,47920.0
2021040105000073,NIFRA,40,40,120,599.0,71880.0
2021040105000072,NIFRA,40,45,30,596.0,17880.0
2021040105000071,NIFRA,6,40,100,599.0,59900.0
2021040105000070,NIFRA,58,40,25,599.0,14975.0
2021040105000069,NIFRA,34,40,10,599.0,5990.0
2021040105000068,NIFRA,34,40,25,599.0,14975.0
2021040105000081,NIFRA,11,33,29,600.0,17400.0
2021040105000080,NIFRA,11,40,471,599.0,282129.0
2021040105000079,NIFRA,42,40,40,599.0,23960.0
2021040105000078,NIFRA,50,40,200,599.0,119800.0
2021040105000077,NIFRA,22,40,24,599.0,14376.0
2021040105000076,NIFRA,34,40,25,599.0,14975.0
2021040105000087,NIFRA,38,25,350,600.0,210000.0
2021040105000086,NIFRA,6,25,150,600.0,90000.0
2021040105000085,NIFRA,4,7,10,595.0,5950.0
2021040105000084,NIFRA,3,7,10,595.0,5950.0
2021040105000083,NIFRA,42,7,30,597.0,17910.0
2021040105000082,NIFRA,37,33,21,600.0,12600.0
2021040105000093,NIFRA,6,22,30,600.0,18000.0
2021040105000092,NIFRA,6,29,100,600.0,60000.0
2021040105000091,NIFRA,6,29,30,600.0,18000.0
2021040105000090,NIFRA,38,29,80,600.0,48000.0
2021040105000089,NIFRA,38,52,20,600.0,12000.0
2021040105000088,NIFRA,38,57,50,600.0,30000.0
2021040104030268,NIL,48,49,25,1689.0,42225.0
2021040104030267,NIL,48,57,50,1689.0,84450.0
2021040104030266,NIL,48,6,44,1688.0,74272.0
2021040104030265,NIL,48,55,250,1688.0,422000.0
2021040104030264,NIL,48,26,111,1687.0,187257.0
2021040104030263,NIL,48,56,20,1685.0,33700.0
2021040104030262,NIL,21,56,50,1685.0,84250.0
2021040104029967,NIL,5,50,50,1680.0,84000.0
2021040104030121,NLG,7,58,10,1150.0,11500.0
2021040104030182,PIC,45,41,189,1294.0,244566.0
2021040104030181,PIC,45,21,11,1294.0,14234.0
2021040104030044,PIC,16,43,200,1293.0,258600.0
2021040104030043,PIC,16,7,100,1293.0,129300.0
2021040104030019,PIC,33,36,31,1291.0,40021.0
2021040104030018,PIC,40,36,169,1292.0,218348.0
2021040104030274,PICL,34,38,50,878.0,43900.0
2021040104030273,PICL,25,38,50,879.0,43950.0
2021040104030201,PICL,14,29,23,880.0,20240.0
2021040104030200,PICL,14,10,50,879.0,43950.0
2021040104030156,PICL,41,10,50,879.0,43950.0
2021040104030028,PICL,41,29,50,880.0,44000.0
2021040104029899,PICL,40,29,50,880.0,44000.0
2021040104029883,PICL,25,29,140,880.0,123200.0
2021040104029882,PICL,25,58,360,880.0,316800.0
2021040104030212,PMHPL,14,45,10,183.0,1830.0
2021040104030158,PPCL,49,48,40,277.0,11080.0
2021040104030067,PPCL,49,49,30,277.0,8310.0
2021040104029910,PPCL,49,42,45,277.0,12465.0
2021040104029909,PPCL,43,42,155,277.0,42935.0
2021040104030110,PRIN,46,21,10,966.0,9660.0
2021040104030017,PRIN,58,42,45,975.0,43875.0
2021040104030016,PRIN,58,34,50,975.0,48750.0
2021040104030015,PRIN,58,55,100,975.0,97500.0
2021040104030014,PRIN,58,48,100,974.0,97400.0
2021040104030013,PRIN,58,43,165,974.0,160710.0
2021040104030006,PRIN,58,29,490,969.0,474810.0
2021040104029891,PRIN,34,29,10,969.0,9690.0
2021040104029890,PRIN,34,25,130,966.0,125580.0
2021040104030012,PRIN,58,49,350,973.0,340550.0
2021040104030011,PRIN,58,42,50,970.0,48500.0
2021040104030010,PRIN,58,25,100,970.0,97000.0
2021040104030009,PRIN,58,49,300,970.0,291000.0
2021040104030008,PRIN,58,40,650,970.0,630500.0
2021040104030007,PRIN,58,14,100,969.0,96900.0
2021040104030073,RHPC,29,57,50,209.0,10450.0
2021040104030047,RHPC,32,32,162,210.0,34020.0
2021040104030046,RHPC,32,26,338,210.0,70980.0
2021040104029894,RHPC,22,26,162,210.0,34020.0
2021040104029893,RHPC,22,25,38,210.0,7980.0
2021040104030218,RHPL,18,54,200,470.0,94000.0
2021040104030126,RHPL,57,21,20,469.0,9380.0
2021040104029987,RHPL,20,54,470,470.0,220900.0
2021040104029986,RHPL,20,40,30,470.0,14100.0
2021040104029946,RHPL,57,45,70,469.0,32830.0
2021040104029945,RHPL,57,42,135,469.0,63315.0
2021040104029944,RHPL,57,42,105,469.0,49245.0
2021040104029929,RHPL,22,21,20,468.0,9360.0
2021040104030066,RRHP,34,49,130,400.0,52000.0
2021040104030065,RRHP,34,39,"1,000",400.0,400000.0
2021040104030064,RRHP,34,14,10,400.0,4000.0
2021040104030063,RRHP,34,35,10,400.0,4000.0
2021040104030062,RRHP,34,54,10,400.0,4000.0
2021040104030061,RRHP,34,51,10,400.0,4000.0
2021040104030054,RRHP,34,33,500,396.0,198000.0
2021040104030060,RRHP,34,53,10,400.0,4000.0
2021040104030059,RRHP,34,8,90,400.0,36000.0
2021040104030058,RRHP,34,32,10,400.0,4000.0
2021040104030057,RRHP,34,43,10,400.0,4000.0
2021040104030056,RRHP,34,58,200,400.0,80000.0
2021040104030055,RRHP,34,6,10,400.0,4000.0
2021040104029900,SEF,1,42,"2,000",11.94,23880.0
2021040104030271,SGI,19,42,50,745.0,37250.0
2021040104030202,SGI,33,55,50,746.0,37300.0
2021040104030195,SGI,19,36,10,745.0,7450.0
2021040104030032,SGI,19,33,36,745.0,26820.0
2021040104030031,SGI,39,33,100,745.0,74500.0
2021040104030030,SGI,8,33,254,745.0,189230.0
2021040104029892,SGI,8,59,10,745.0,7450.0
2021040104029884,SGI,41,55,50,746.0,37300.0
2021040104030215,SHL,59,10,100,200.0,20000.0
2021040104030214,SHL,1,10,300,201.0,60300.0
2021040104030213,SHL,38,10,100,201.0,20100.0
2021040104030198,SHPC,52,4,354,358.0,126732.0
2021040104029905,SHPC,45,57,500,358.0,179000.0
2021040104029904,SHPC,34,57,44,358.0,15752.0
2021040104029998,SHPC,52,57,146,358.0,52268.0
2021040104029907,SHPC,37,57,100,358.0,35800.0
2021040104029906,SHPC,50,57,250,358.0,89500.0
2021040104030129,SIC,36,36,200,1715.0,343000.0
2021040104030115,SIC,36,32,150,1715.0,257250.0
2021040104030002,SIC,57,32,170,1715.0,291550.0
2021040104030001,SIC,57,4,30,1715.0,51450.0
2021040104029985,SIC,13,4,20,1715.0,34300.0
2021040104029984,SIC,41,4,40,1715.0,68600.0
2021040104029972,SIC,32,49,50,1716.0,85800.0
2021040104029938,SIC,56,49,20,1716.0,34320.0
2021040104030139,SICL,29,55,50,1980.0,99000.0
2021040104030040,SICL,29,41,100,1980.0,198000.0
2021040104030039,SICL,29,58,289,1980.0,572220.0
2021040104029982,SICL,40,58,"1,091",1980.0,2160180.0
2021040104029981,SICL,40,10,55,1979.0,108845.0
2021040104029980,SICL,40,45,100,1979.0,197900.0
2021040104029973,SICL,40,10,34,1975.0,67150.0
2021040104029979,SICL,40,17,100,1978.0,197800.0
2021040104029978,SICL,40,57,30,1978.0,59340.0
2021040104029977,SICL,40,35,25,1977.0,49425.0
2021040104029976,SICL,40,10,215,1977.0,425055.0
2021040104029975,SICL,40,14,80,1977.0,158160.0
2021040104029974,SICL,40,36,70,1976.0,138320.0
2021040104030150,SIL,38,36,10,1248.0,12480.0
2021040104030133,SIL,21,1,100,1248.0,124800.0
2021040104029992,SIL,4,10,40,1248.0,49920.0
2021040104029941,SJCL,58,38,10,385.0,3850.0
2021040104029940,SJCL,35,38,10,385.0,3850.0
2021040104029939,SJCL,13,38,20,385.0,7700.0
2021040104030208,SPDL,38,46,61,274.0,16714.0
2021040104030207,SPDL,38,8,100,274.0,27400.0
2021040104030206,SPDL,38,7,15,274.0,4110.0
2021040104030205,SPDL,38,36,324,274.0,88776.0
2021040104030180,SPDL,38,36,40,274.0,10960.0
2021040104030131,SPDL,32,8,15,273.0,4095.0
2021040104030269,SSHL,54,44,10,209.0,2090.0
2021040104030127,SSHL,26,21,190,208.0,39520.0
2021040104030005,SSHL,26,58,216,208.0,44928.0
2021040104029935,SSHL,26,36,100,208.0,20800.0
2021040104030077,STC,59,25,10,13317.0,133170.0
2021040104030076,STC,59,38,40,13300.0,532000.0
2021040104029948,TRH,57,32,30,321.0,9630.0
2021040104029947,TRH,57,29,140,321.0,44940.0
2021040104030232,UIC,36,16,10,709.0,7090.0
2021040104030231,UIC,56,16,20,709.0,14180.0
2021040104030230,UIC,51,16,170,709.0,120530.0
2021040104030170,UIC,35,38,"1,000",710.0,710000.0
2021040104030169,UIC,13,32,50,710.0,35500.0
2021040104030168,UIC,26,32,200,710.0,142000.0
2021040104029924,UIC,48,14,100,710.0,71000.0
2021040104029923,UIC,35,14,20,710.0,14200.0
2021040104029922,UIC,28,14,37,710.0,26270.0
2021040104029903,UIC,54,57,100,711.0,71100.0
2021040104029902,UIC,42,57,100,711.0,71100.0
2021040104029901,UIC,48,57,100,712.0,71200.0
2021040104030159,UIC,32,32,100,710.0,71000.0
2021040104030068,UIC,46,57,100,711.0,71100.0
2021040104029949,UIC,26,57,100,711.0,71100.0
2021040104029927,UIC,11,14,193,710.0,137030.0
2021040104029926,UIC,22,14,50,710.0,35500.0
2021040104029925,UIC,48,14,100,710.0,71000.0
2021040104030165,UIC,49,32,100,710.0,71000.0
2021040104030164,UIC,43,32,60,710.0,42600.0
2021040104030163,UIC,35,32,125,710.0,88750.0
2021040104030162,UIC,45,32,22,710.0,15620.0
2021040104030161,UIC,56,32,200,710.0,142000.0
2021040104030160,UIC,43,32,40,710.0,28400.0
2021040104030199,UMHL,53,4,200,190.0,38000.0
2021040104030125,UMHL,38,22,10,192.0,1920.0
2021040104030120,UMHL,56,22,420,192.0,80640.0
2021040104030119,UMHL,56,52,50,192.0,9600.0
2021040104030118,UMHL,56,21,100,192.0,19200.0
2021040104030117,UMHL,56,19,259,192.0,49728.0
2021040104030116,UMHL,56,39,171,192.0,32832.0
2021040104030109,UMHL,5,33,"1,000",191.0,191000.0
2021040104030029,UMRH,58,21,100,302.0,30200.0
2021040104029966,UNHPL,52,48,50,124.0,6200.0
2021040104030281,UPPER,50,48,98,879.0,86142.0
2021040104030270,UPPER,5,45,10,880.0,8800.0
2021040104030252,UPPER,41,45,50,880.0,44000.0
2021040104030237,UPPER,50,50,102,879.0,89658.0
2021040104030236,UPPER,21,50,20,879.0,17580.0
2021040104029942,UPPER,5,11,10,880.0,8800.0
2021040104029936,UPPER,22,11,25,880.0,22000.0
2021040104029932,UPPER,36,11,300,880.0,264000.0
2021040104029921,UPPER,39,11,200,880.0,176000.0
2021040104029915,UPPER,35,52,171,879.0,150309.0
2021040104029963,UPPER,1,45,"1,174",880.0,1033120.0
2021040104029960,UPPER,16,45,85,880.0,74800.0
2021040104029959,UPPER,16,11,115,880.0,101200.0
2021040104029955,UPPER,58,11,270,880.0,237600.0
2021040104029971,UPPER,38,5,36,879.0,31644.0
2021040104029970,UPPER,47,5,50,879.0,43950.0
2021040104029969,UPPER,34,5,20,879.0,17580.0
2021040104029968,UPPER,35,5,394,879.0,346326.0
2021040104029965,UPPER,52,50,"1,000",880.0,880000.0
2021040104029964,UPPER,1,50,36,880.0,31680.0
2021040104030000,UPPER,3,50,100,880.0,88000.0
2021040104029995,UPPER,13,51,86,879.0,75594.0
2021040104029994,UPPER,38,51,100,879.0,87900.0
2021040104029993,UPPER,36,51,14,879.0,12306.0
2021040104029989,UPPER,36,34,36,879.0,31644.0
2021040104029988,UPPER,38,34,164,879.0,144156.0
2021040104030049,UPPER,32,34,100,879.0,87900.0
2021040104030048,UPPER,13,34,114,879.0,100206.0
2021040104030045,UPPER,32,42,200,880.0,176000.0
2021040104030026,UPPER,32,42,26,880.0,22880.0
2021040104030025,UPPER,32,13,10,880.0,8800.0
2021040104030024,UPPER,32,50,64,880.0,56320.0
2021040104030123,UPPER,35,45,100,880.0,88000.0
2021040104030053,UPPER,34,45,84,880.0,73920.0
2021040104030052,UPPER,34,42,16,880.0,14080.0
2021040104030051,UPPER,50,34,186,879.0,163494.0
2021040104030050,UPPER,25,34,100,879.0,87900.0
2021040104030155,UPPER,58,29,255,879.0,224145.0
2021040104030154,UPPER,58,29,25,879.0,21975.0
2021040104030153,UPPER,50,29,14,879.0,12306.0
2021040104030135,UPPER,41,45,100,880.0,88000.0
2021040104030235,UPPER,33,50,500,879.0,439500.0
2021040104030234,UPPER,55,50,10,879.0,8790.0
2021040104030233,UPPER,58,50,245,879.0,215355.0
2021040104030209,UPPER,21,45,50,880.0,44000.0
2021040104030184,UPPER,34,45,14,880.0,12320.0
2021040104029866,AHPC,18,52,500,254.0,127000.0
2021040104029865,AHPC,18,45,10,254.0,2540.0
2021040104029750,AHPC,18,46,251,254.0,63754.0
2021040104029712,AHPC,39,3,10,255.0,2550.0
2021040104029707,AHPC,18,38,80,254.0,20320.0
2021040104029701,AHPC,41,3,700,255.0,178500.0
2021040104029525,AHPC,28,45,100,253.0,25300.0
2021040104029486,AHPC,28,21,500,253.0,126500.0
2021040104029462,AHPC,28,52,300,253.0,75900.0
2021040104029438,AHPC,25,33,"1,500",254.0,381000.0
2021040104029430,AHPC,28,48,500,253.0,126500.0
2021040104029621,AHPC,18,46,200,254.0,50800.0
2021040104029596,AHPC,18,43,200,254.0,50800.0
2021040104029595,AHPC,18,45,555,254.0,140970.0
2021040104029594,AHPC,18,52,"1,300",254.0,330200.0
2021040104029593,AHPC,18,8,150,254.0,38100.0
2021040104029592,AHPC,18,33,"3,485",254.0,885190.0
2021040104029744,AIL,59,50,10,1031.0,10310.0
2021040104029683,AIL,59,47,10,1031.0,10310.0
2021040104029682,AIL,55,47,30,1031.0,30930.0
2021040104029644,AIL,55,59,10,1031.0,10310.0
2021040104029447,AIL,19,14,100,1031.0,103100.0
2021040104029613,AKJCL,17,21,10,150.0,1500.0
2021040104029437,AKPL,38,4,80,338.0,27040.0
2021040104029869,API,46,34,200,340.0,68000.0
2021040104029818,API,46,49,331,340.0,112540.0
2021040104029817,API,21,49,169,340.0,57460.0
2021040104029808,API,14,6,100,341.0,34100.0
2021040104029805,API,21,21,196,340.0,66640.0
2021040104029777,API,21,56,94,340.0,31960.0
2021040104029465,API,49,51,982,342.0,335844.0
2021040104029464,API,49,20,18,341.0,6138.0
2021040104029389,API,51,45,250,340.0,85000.0
2021040104029388,API,22,45,50,341.0,17050.0
2021040104029385,API,22,38,50,341.0,17050.0
2021040104029581,API,51,51,100,340.0,34000.0
2021040104029532,API,7,49,10,341.0,3410.0
2021040104029502,API,40,49,50,341.0,17050.0
2021040104029494,API,17,49,19,341.0,6479.0
2021040104029493,API,17,49,81,341.0,27621.0
2021040104029469,API,51,25,28,340.0,9520.0
2021040104029674,API,42,5,100,340.0,34000.0
2021040104029673,API,51,5,544,340.0,184960.0
2021040104029651,API,49,6,653,341.0,222673.0
2021040104029650,API,49,49,347,341.0,118327.0
2021040104029643,API,47,49,10,341.0,3410.0
2021040104029624,API,45,49,50,341.0,17050.0
2021040104029768,API,21,45,22,340.0,7480.0
2021040104029756,API,21,6,163,340.0,55420.0
2021040104029713,API,45,6,100,341.0,34100.0
2021040104029710,API,55,6,500,341.0,170500.0
2021040104029709,API,55,6,35,341.0,11935.0
2021040104029675,API,21,5,356,340.0,121040.0
2021040104029672,BPCL,52,42,26,407.0,10582.0
2021040104029665,BPCL,52,49,60,407.0,24420.0
2021040104029664,BPCL,52,8,20,407.0,8140.0
2021040104029663,BPCL,52,57,28,407.0,11396.0
2021040104029503,BPCL,5,6,20,406.0,8120.0
2021040104029879,CGH,59,32,10,2050.0,20500.0
2021040104029791,CGH,59,45,10,2050.0,20500.0
2021040104029772,CGH,57,38,100,2050.0,205000.0
2021040104029771,CGH,36,38,20,2050.0,41000.0
2021040104029770,CGH,37,38,10,2050.0,20500.0
2021040104029769,CGH,32,38,10,2050.0,20500.0
2021040104029407,CGH,38,32,10,2052.0,20520.0
2021040104029406,CGH,38,49,10,2052.0,20520.0
2021040104029405,CGH,38,50,10,2052.0,20520.0
2021040104029395,CGH,32,54,10,2050.0,20500.0
2021040104029522,CGH,55,41,10,2052.0,20520.0
2021040104029496,CGH,55,28,10,2052.0,20520.0
2021040104029495,CGH,55,45,10,2052.0,20520.0
2021040104029449,CGH,55,45,10,2052.0,20520.0
2021040104029415,CGH,38,49,10,2052.0,20520.0
2021040104029408,CGH,38,52,10,2052.0,20520.0
2021040104029679,CGH,34,32,10,2051.0,20510.0
2021040104029667,CGH,34,45,10,2051.0,20510.0
2021040104029666,CGH,45,45,90,2051.0,184590.0
2021040104029628,CGH,45,45,10,2051.0,20510.0
2021040104029571,CGH,35,4,30,2052.0,61560.0
2021040104029544,CGH,35,32,10,2052.0,20520.0
2021040104029732,CGH,34,43,10,2051.0,20510.0
2021040104029720,CGH,57,43,10,2051.0,20510.0
2021040104029702,CGH,32,36,10,2050.0,20500.0
2021040104029687,CGH,50,43,10,2051.0,20510.0
2021040104029684,CGH,49,43,23,2051.0,47173.0
2021040104029680,CGH,34,43,30,2051.0,61530.0
2021040104029801,CHCL,53,16,20,591.0,11820.0
2021040104029653,CHCL,29,25,93,589.0,54777.0
2021040104029652,CHCL,45,25,33,589.0,19437.0
2021040104029639,CHCL,25,26,60,592.0,35520.0
2021040104029445,CHCL,45,34,100,589.0,58900.0
2021040104029444,CHCL,28,34,100,590.0,59000.0
2021040104029841,CMF1,17,13,500,10.6,5300.0
2021040104029570,DHPL,25,32,50,118.0,5900.0
2021040104029840,EIC,49,57,430,745.0,320350.0
2021040104029839,EIC,17,57,20,746.0,14920.0
2021040104029838,EIC,51,57,50,746.0,37300.0
2021040104029716,EIC,21,45,50,747.0,37350.0
2021040104029521,EIC,55,45,32,747.0,23904.0
2021040104029459,EIC,25,45,30,747.0,22410.0
2021040104029429,EIC,55,45,200,748.0,149600.0
2021040104029819,GIC,19,55,10,720.0,7200.0
2021040104029800,GIC,19,58,10,720.0,7200.0
2021040104029746,GIC,19,26,60,720.0,43200.0
2021040104029575,GIC,19,46,10,720.0,7200.0
2021040104029417,GIC,19,47,10,720.0,7200.0
2021040104029411,GIC,40,57,125,721.0,90125.0
2021040104029393,GIC,19,58,10,720.0,7200.0
2021040104029436,GIC,19,45,40,720.0,28800.0
2021040104029421,GIC,19,35,50,720.0,36000.0
2021040104029833,GLH,41,6,50,376.0,18800.0
2021040104029831,GLH,22,4,40,377.0,15080.0
2021040104029823,GLH,58,4,200,377.0,75400.0
2021040104029695,GLH,41,59,10,376.0,3760.0
2021040104029458,GLH,41,1,10,376.0,3760.0
2021040104029410,GLH,26,4,40,377.0,15080.0
2021040104029409,GLH,26,59,10,377.0,3770.0
2021040104029402,GLH,41,37,10,376.0,3760.0
2021040104029807,HDHPC,7,36,800,135.0,108000.0
2021040104029806,HDHPC,7,19,600,135.0,81000.0
2021040104029706,HDHPC,22,45,100,134.0,13400.0
2021040104029641,HDHPC,22,13,"1,000",134.0,134000.0
2021040104029640,HDHPC,22,45,200,134.0,26800.0
2021040104029548,HDHPC,22,6,"1,000",134.0,134000.0
2021040104029435,HDHPC,22,48,885,134.0,118590.0
2021040104029434,HDHPC,42,48,115,134.0,15410.0
2021040104029813,HGI,51,48,20,715.0,14300.0
2021040104029812,HGI,51,42,20,714.0,14280.0
2021040104029811,HGI,51,6,10,713.0,7130.0
2021040104029743,HGI,14,6,10,713.0,7130.0
2021040104029692,HGI,57,6,180,713.0,128340.0
2021040104029691,HGI,57,43,20,713.0,14260.0
2021040104029588,HGI,40,42,80,714.0,57120.0
2021040104029587,HGI,40,34,50,714.0,35700.0
2021040104029586,HGI,40,26,70,713.0,49910.0
2021040104029513,HGI,14,26,50,713.0,35650.0
2021040104029413,HGI,41,28,16,713.0,11408.0
2021040104029690,HPPL,21,40,170,392.0,66640.0
2021040104029689,HPPL,21,45,330,391.0,129030.0
2021040104029457,HPPL,6,8,10,391.0,3910.0
2021040104029614,HURJA,45,58,200,334.0,66800.0
2021040104029550,HURJA,13,58,200,334.0,66800.0
2021040104029533,HURJA,38,58,200,333.0,66600.0
2021040104029792,IGI,16,41,50,1193.0,59650.0
2021040104029646,IGI,39,42,325,1194.0,388050.0
2021040104029630,IGI,39,43,175,1194.0,208950.0
2021040104029629,IGI,14,17,100,1195.0,119500.0
2021040104029654,IGI,6,42,20,1194.0,23880.0
2021040104029748,JOSHI,58,35,15,130.0,1950.0
2021040104029747,JOSHI,58,45,20,130.0,2600.0
2021040104029623,JOSHI,14,56,12,130.0,1560.0
2021040104029622,JOSHI,14,38,138,130.0,17940.0
2021040104029416,JOSHI,45,38,50,130.0,6500.0
2021040104029456,KKHC,58,45,262,125.0,32750.0
2021040104029455,KKHC,58,58,50,125.0,6250.0
2021040104029454,KKHC,58,57,10,125.0,1250.0
2021040104029453,KKHC,58,17,10,125.0,1250.0
2021040104029452,KKHC,58,22,50,125.0,6250.0
2021040104029451,KKHC,58,58,68,125.0,8500.0
2021040104029563,KPCL,47,8,10,288.0,2880.0
2021040104029774,LEC,45,16,10,299.0,2990.0
2021040104029669,LEC,55,54,20,297.0,5940.0
2021040104029590,LEC,55,10,410,297.0,121770.0
2021040104029589,LEC,29,10,90,297.0,26730.0
2021040104029572,LEC,45,16,10,299.0,2990.0
2021040104029392,LEC,29,56,10,297.0,2970.0
2021040104029816,LGIL,38,49,165,808.0,133320.0
2021040104029815,LGIL,57,49,135,808.0,109080.0
2021040104029814,LGIL,35,49,200,809.0,161800.0
2021040104029686,LGIL,51,26,10,814.0,8140.0
2021040104029518,LGIL,57,45,415,808.0,335320.0
2021040104029517,LGIL,37,45,25,809.0,20225.0
2021040104029422,LGIL,55,22,10,813.0,8130.0
2021040104029428,LGIL,55,22,150,815.0,122250.0
2021040104029427,LGIL,55,57,482,815.0,392830.0
2021040104029426,LGIL,55,34,20,815.0,16300.0
2021040104029425,LGIL,55,17,22,815.0,17930.0
2021040104029424,LGIL,55,58,216,815.0,176040.0
2021040104029423,LGIL,55,58,100,814.0,81400.0
2021040104029864,MEN,4,45,10,700.0,7000.0
2021040104029863,MEN,4,41,35,700.0,24500.0
2021040104029862,MEN,4,38,10,700.0,7000.0
2021040104029861,MEN,4,58,10,700.0,7000.0
2021040104029860,MEN,4,4,10,700.0,7000.0
2021040104029859,MEN,4,20,"2,000",700.0,1400000.0
2021040104029552,MEN,20,48,50,697.0,34850.0
2021040104029412,MEN,20,42,10,697.0,6970.0
2021040104029846,MEN,4,17,10,698.0,6980.0
2021040104029845,MEN,4,17,10,698.0,6980.0
2021040104029844,MEN,4,17,10,698.0,6980.0
2021040104029843,MEN,4,22,10,698.0,6980.0
2021040104029842,MEN,4,49,10,698.0,6980.0
2021040104029655,MEN,20,8,10,697.0,6970.0
2021040104029852,MEN,4,41,10,699.0,6990.0
2021040104029851,MEN,4,54,10,699.0,6990.0
2021040104029850,MEN,4,29,10,699.0,6990.0
2021040104029849,MEN,4,6,100,699.0,69900.0
2021040104029848,MEN,4,58,10,698.0,6980.0
2021040104029847,MEN,4,22,10,698.0,6980.0
2021040104029858,MEN,4,17,10,700.0,7000.0
2021040104029857,MEN,4,45,10,700.0,7000.0
2021040104029856,MEN,4,25,320,700.0,224000.0
2021040104029855,MEN,4,45,"1,000",700.0,700000.0
2021040104029854,MEN,4,41,10,700.0,7000.0
2021040104029853,MEN,4,41,80,699.0,55920.0
2021040104029443,NBF2,41,14,"1,000",11.3,11300.0
2021040104029547,NGPL,52,42,11,240.0,2640.0
2021040104029546,NGPL,52,58,"1,050",240.0,252000.0
2021040104029545,NGPL,52,49,461,240.0,110640.0
2021040104029384,NGPL,19,49,500,240.0,120000.0
2021040104029718,NHDL,58,8,10,305.0,3050.0
2021040104029381,NHDL,41,55,60,305.0,18300.0
2021040104029877,NHPC,45,29,100,163.0,16300.0
2021040104029876,NHPC,45,50,100,163.0,16300.0
2021040104029875,NHPC,45,42,392,163.0,63896.0
2021040104029714,NHPC,25,42,100,163.0,16300.0
2021040104029524,NHPC,21,42,73,163.0,11899.0
2021040104029523,NHPC,36,42,35,163.0,5705.0
2021040104029516,NHPC,42,17,20,164.0,3280.0
2021040104029591,NICBF,59,29,100,11.7,1170.0
2021040104029568,NICGF,22,43,100,12.29,1229.0
2021040104029822,NICL,43,52,50,821.0,41050.0
2021040104029821,NICL,49,52,100,821.0,82100.0
2021040104029820,NICL,38,52,50,822.0,41100.0
2021040104029656,NICL,3,58,10,825.0,8250.0
2021040104029450,NICL,58,58,64,825.0,52800.0
2021040104029825,NIL,34,55,50,1688.0,84400.0
2021040104029824,NIL,34,38,50,1687.0,84350.0
2021040104029657,NIL,5,52,30,1680.0,50400.0
2021040104029574,NIL,5,13,38,1680.0,63840.0
2021040104029573,NIL,35,13,462,1687.0,779394.0
2021040104029540,NIL,35,16,21,1687.0,35427.0
2021040104029448,NIL,34,38,100,1679.0,167900.0
2021040104029404,NIL,51,1,150,1676.0,251400.0
2021040104029539,NIL,35,18,300,1686.0,505800.0
2021040104029538,NIL,35,51,50,1685.0,84250.0
2021040104029537,NIL,35,58,100,1680.0,168000.0
2021040104029536,NIL,35,21,34,1680.0,57120.0
2021040104029535,NIL,35,56,23,1680.0,38640.0
2021040104029534,NIL,35,51,10,1680.0,16800.0
2021040104029699,NLG,49,52,45,1142.0,51390.0
2021040104029698,NLG,7,52,13,1143.0,14859.0
2021040104029520,NLG,7,52,17,1143.0,19431.0
2021040104029519,NLG,6,52,41,1143.0,46863.0
2021040104029387,NLG,47,52,300,1144.0,343200.0
2021040104029386,NLG,58,52,100,1145.0,114500.0
2021040104029711,OHL,10,20,15,473.0,7095.0
2021040104029531,OHL,32,4,606,472.0,286032.0
2021040104029705,PIC,57,45,69,1292.0,89148.0
2021040104029704,PIC,57,33,100,1292.0,129200.0
2021040104029799,PICL,56,21,78,879.0,68562.0
2021040104029798,PICL,56,32,200,879.0,175800.0
2021040104029797,PICL,56,45,10,878.0,8780.0
2021040104029796,PICL,56,59,10,878.0,8780.0
2021040104029671,PICL,14,1,57,877.0,49989.0
2021040104029670,PICL,6,1,10,877.0,8770.0
2021040104029433,PICL,50,29,150,877.0,131550.0
2021040104029400,PICL,14,58,100,876.0,87600.0
2021040104029399,PICL,4,58,200,876.0,175200.0
2021040104029461,PMHPL,14,58,10,184.0,1840.0
2021040104029460,PMHPL,14,21,280,184.0,51520.0
2021040104029383,PMHPL,14,45,690,183.0,126270.0
2021040104029645,PPCL,43,45,500,277.0,138500.0
2021040104029681,PRIN,38,42,80,965.0,77200.0
2021040104029497,PRIN,38,48,120,965.0,115800.0
2021040104029749,RHPC,7,25,202,210.0,42420.0
2021040104029562,RHPC,49,25,760,210.0,159600.0
2021040104029561,RHPC,49,32,"1,000",210.0,210000.0
2021040104029560,RHPC,49,55,600,210.0,126000.0
2021040104029559,RHPC,49,56,100,210.0,21000.0
2021040104029558,RHPC,49,41,"1,000",210.0,210000.0
2021040104029557,RHPC,49,41,50,210.0,10500.0
2021040104029556,RHPC,49,49,500,210.0,105000.0
2021040104029555,RHPC,49,25,990,210.0,207900.0
2021040104029729,RHPL,45,57,33,463.0,15279.0
2021040104029728,RHPL,22,57,10,463.0,4630.0
2021040104029727,RHPL,14,57,100,464.0,46400.0
2021040104029726,RHPL,11,57,55,464.0,25520.0
2021040104029725,RHPL,58,57,64,464.0,29696.0
2021040104029724,RHPL,14,57,100,464.0,46400.0
2021040104029414,RHPL,34,38,80,469.0,37520.0
2021040104029396,RHPL,18,40,20,470.0,9400.0
2021040104029474,RHPL,7,17,680,467.0,317560.0
2021040104029473,RHPL,58,17,80,467.0,37360.0
2021040104029472,RHPL,46,17,110,468.0,51480.0
2021040104029471,RHPL,43,17,30,468.0,14040.0
2021040104029470,RHPL,3,17,460,468.0,215280.0
2021040104029432,RHPL,34,42,15,469.0,7035.0
2021040104029480,RHPL,10,17,100,465.0,46500.0
2021040104029479,RHPL,51,17,328,465.0,152520.0
2021040104029478,RHPL,17,17,20,466.0,9320.0
2021040104029477,RHPL,14,17,"1,000",466.0,466000.0
2021040104029476,RHPL,56,17,200,466.0,93200.0
2021040104029475,RHPL,38,17,50,466.0,23300.0
2021040104029498,RHPL,26,17,30,465.0,13950.0
2021040104029485,RHPL,37,17,50,465.0,23250.0
2021040104029484,RHPL,36,17,50,465.0,23250.0
2021040104029483,RHPL,34,17,100,465.0,46500.0
2021040104029482,RHPL,52,17,50,465.0,23250.0
2021040104029481,RHPL,36,17,10,465.0,4650.0
2021040104029723,RHPL,5,57,38,464.0,17632.0
2021040104029722,RHPL,43,57,600,465.0,279000.0
2021040104029721,RHPL,3,57,500,465.0,232500.0
2021040104029631,RHPL,42,54,50,468.0,23400.0
2021040104029598,RHPL,58,42,15,469.0,7035.0
2021040104029564,RHPL,5,17,652,464.0,302528.0
2021040104029874,RRHP,34,6,30,400.0,12000.0
2021040104029873,RRHP,34,43,10,400.0,4000.0
2021040104029872,RRHP,34,54,30,398.0,11940.0
2021040104029871,RRHP,34,47,20,398.0,7960.0
2021040104029870,RRHP,34,8,10,397.0,3970.0
2021040104029738,RRHP,34,35,10,393.0,3930.0
2021040104029605,RRHP,34,54,10,385.0,3850.0
2021040104029604,RRHP,34,54,10,384.0,3840.0
2021040104029603,RRHP,34,58,10,382.0,3820.0
2021040104029602,RRHP,34,48,40,382.0,15280.0
2021040104029611,RRHP,34,58,10,388.0,3880.0
2021040104029610,RRHP,34,33,170,387.0,65790.0
2021040104029609,RRHP,34,41,10,387.0,3870.0
2021040104029608,RRHP,34,29,300,387.0,116100.0
2021040104029607,RRHP,34,25,10,385.0,3850.0
2021040104029606,RRHP,34,54,10,385.0,3850.0
2021040104029737,RRHP,34,16,10,393.0,3930.0
2021040104029736,RRHP,34,5,50,393.0,19650.0
2021040104029735,RRHP,34,21,280,393.0,110040.0
2021040104029734,RRHP,34,33,260,390.0,101400.0
2021040104029733,RRHP,34,59,10,390.0,3900.0
2021040104029612,RRHP,34,41,10,389.0,3890.0
2021040104029878,SGI,6,55,30,746.0,22380.0
2021040104029868,SGI,6,36,10,746.0,7460.0
2021040104029787,SGI,8,32,656,745.0,488720.0
2021040104029786,SGI,39,32,100,746.0,74600.0
2021040104029785,SGI,58,32,22,746.0,16412.0
2021040104029784,SGI,33,32,200,746.0,149200.0
2021040104029647,SGI,41,20,20,747.0,14940.0
2021040104029585,SGI,41,41,10,747.0,7470.0
2021040104029569,SGI,41,43,10,747.0,7470.0
2021040104029528,SGI,17,42,20,748.0,14960.0
2021040104029527,SGI,17,45,30,748.0,22440.0
2021040104029745,SGI,58,50,10,747.0,7470.0
2021040104029715,SGI,58,1,110,747.0,82170.0
2021040104029708,SGI,58,26,10,747.0,7470.0
2021040104029696,SGI,33,42,50,748.0,37400.0
2021040104029649,SGI,58,20,70,747.0,52290.0
2021040104029648,SGI,49,20,10,747.0,7470.0
2021040104029783,SGI,21,32,50,746.0,37300.0
2021040104029782,SGI,49,32,192,746.0,143232.0
2021040104029781,SGI,57,32,200,747.0,149400.0
2021040104029780,SGI,39,32,40,747.0,29880.0
2021040104029779,SGI,41,32,100,747.0,74700.0
2021040104029778,SGI,37,32,30,747.0,22410.0
2021040104029694,SHL,1,10,600,201.0,120600.0
2021040104029431,SHL,1,34,"5,960",201.0,1197960.0
2021040104029867,SHPC,43,34,20,359.0,7180.0
2021040104029487,SHPC,45,34,350,359.0,125650.0
2021040104029582,SHPC,34,49,16,358.0,5728.0
2021040104029717,SHPC,34,8,100,358.0,35800.0
2021040104029632,SHPC,20,34,500,359.0,179500.0
2021040104029597,SHPC,34,45,21,358.0,7518.0
2021040104029742,SIC,49,49,10,1715.0,17150.0
2021040104029741,SIC,45,49,40,1715.0,68600.0
2021040104029740,SIC,48,49,100,1715.0,171500.0
2021040104029739,SIC,1,49,15,1715.0,25725.0
2021040104029697,SIC,38,49,30,1716.0,51480.0
2021040104029659,SIC,25,26,11,1715.0,18865.0
2021040104029658,SIC,13,26,125,1716.0,214500.0
2021040104029529,SIC,56,32,100,1716.0,171600.0
2021040104029754,SICL,40,14,70,1977.0,138390.0
2021040104029753,SICL,40,38,400,1976.0,790400.0
2021040104029752,SICL,40,45,50,1975.0,98750.0
2021040104029751,SICL,40,52,185,1975.0,365375.0
2021040104029638,SICL,40,58,210,1970.0,413700.0
2021040104029637,SICL,40,57,30,1970.0,59100.0
2021040104029636,SICL,40,58,"1,985",1970.0,3910450.0
2021040104029635,SICL,40,37,50,1969.0,98450.0
2021040104029634,SICL,40,38,100,1967.0,196700.0
2021040104029633,SICL,40,5,80,1966.0,157280.0
2021040104029551,SICL,50,5,50,1966.0,98300.0
2021040104029501,SICL,58,5,20,1967.0,39340.0
2021040104029880,SIGS2,43,4,100,12.28,1228.0
2021040104029832,SIL,4,59,53,1248.0,66144.0
2021040104029804,SIL,44,59,947,1248.0,1181856.0
2021040104029803,SIL,44,34,500,1248.0,624000.0
2021040104029802,SIL,44,50,"2,053",1248.0,2562144.0
2021040104029660,SIL,38,50,30,1248.0,37440.0
2021040104029617,SIL,20,50,100,1248.0,124800.0
2021040104029549,SIL,54,50,50,1248.0,62400.0
2021040104029530,SIL,41,50,17,1248.0,21216.0
2021040104029394,SIL,6,50,50,1248.0,62400.0
2021040104029810,SJCL,57,54,40,385.0,15400.0
2021040104029526,SJCL,57,54,20,385.0,7700.0
2021040104029463,SJCL,57,26,20,385.0,7700.0
2021040104029809,SPDL,32,13,50,273.0,13650.0
2021040104029688,SPDL,32,50,75,273.0,20475.0
2021040104029662,SPDL,1,36,"4,657",272.0,1266704.0
2021040104029661,SPDL,44,36,28,273.0,7644.0
2021040104029834,SSHL,36,56,200,207.0,41400.0
2021040104029766,SSHL,36,57,160,207.0,33120.0
2021040104029765,SSHL,50,57,"1,000",207.0,207000.0
2021040104029764,SSHL,47,57,30,207.0,6210.0
2021040104029763,SSHL,39,57,500,207.0,103500.0
2021040104029762,SSHL,40,57,"1,000",207.0,207000.0
2021040104029441,SSHL,26,7,100,208.0,20800.0
2021040104029440,SSHL,26,41,300,208.0,62400.0
2021040104029439,SSHL,26,59,"1,720",208.0,357760.0
2021040104029761,SSHL,13,57,200,207.0,41400.0
2021040104029760,SSHL,45,57,100,207.0,20700.0
2021040104029759,SSHL,49,57,200,207.0,41400.0
2021040104029758,SSHL,49,57,155,207.0,32085.0
2021040104029757,SSHL,11,57,"2,655",207.0,549585.0
2021040104029731,SSHL,40,38,500,208.0,104000.0
2021040104029515,STC,59,25,10,13317.0,133170.0
2021040104029514,STC,59,35,10,13056.0,130560.0
2021040104029794,UIC,50,38,19,714.0,13566.0
2021040104029793,UIC,50,45,81,712.0,57672.0
2021040104029790,UIC,35,45,19,712.0,13528.0
2021040104029789,UIC,26,38,180,714.0,128520.0
2021040104029788,UIC,26,43,20,713.0,14260.0
2021040104029703,UIC,35,51,150,712.0,106800.0
2021040104029403,UIC,49,10,50,712.0,35600.0
2021040104029391,UIC,49,56,950,712.0,676400.0
2021040104029390,UIC,52,56,50,712.0,35600.0
2021040104029565,UIC,41,38,140,711.0,99540.0
2021040104029554,UIC,41,13,150,711.0,106650.0
2021040104029553,UIC,41,52,210,711.0,149310.0
2021040104029420,UIC,35,56,30,713.0,21390.0
2021040104029419,UIC,35,14,20,713.0,14260.0
2021040104029418,UIC,35,10,50,712.0,35600.0
2021040104029616,UIC,35,8,20,713.0,14260.0
2021040104029615,UIC,35,56,70,713.0,49910.0
2021040104029584,UIC,35,37,"1,000",712.0,712000.0
2021040104029583,UIC,35,38,100,711.0,71100.0
2021040104029567,UIC,32,38,60,711.0,42660.0
2021040104029566,UIC,41,38,200,711.0,142200.0
2021040104029678,UIC,57,38,30,714.0,21420.0
2021040104029677,UIC,57,10,50,714.0,35700.0
2021040104029676,UIC,57,26,70,714.0,49980.0
2021040104029627,UIC,35,47,381,712.0,271272.0
2021040104029626,UIC,35,47,410,713.0,292330.0
2021040104029625,UIC,35,59,500,713.0,356500.0
2021040104029830,UMHL,5,39,329,192.0,63168.0
2021040104029829,UMHL,5,53,200,192.0,38400.0
2021040104029828,UMHL,5,50,255,192.0,48960.0
2021040104029827,UMHL,5,43,226,192.0,43392.0
2021040104029826,UMHL,5,45,990,192.0,190080.0
2021040104029506,UMHL,56,16,27,191.0,5157.0
2021040104029505,UMHL,56,59,500,191.0,95500.0
2021040104029504,UMHL,56,46,62,191.0,11842.0
2021040104029490,UMHL,35,45,100,190.0,19000.0
2021040104029489,UMHL,58,45,100,190.0,19000.0
2021040104029488,UMHL,7,45,800,190.0,152000.0
2021040104029512,UMHL,56,45,500,191.0,95500.0
2021040104029511,UMHL,56,36,500,191.0,95500.0
2021040104029510,UMHL,56,36,500,191.0,95500.0
2021040104029509,UMHL,56,50,200,191.0,38200.0
2021040104029508,UMHL,56,17,109,191.0,20819.0
2021040104029507,UMHL,56,57,100,191.0,19100.0
2021040104029580,UMHL,46,43,100,191.0,19100.0
2021040104029579,UMHL,46,21,125,191.0,23875.0
2021040104029578,UMHL,46,14,50,191.0,9550.0
2021040104029577,UMHL,46,58,300,191.0,57300.0
2021040104029576,UMHL,46,7,50,191.0,9550.0
2021040104029795,UMHL,38,45,10,192.0,1920.0
2021040104029776,UMHL,35,55,100,190.0,19000.0
2021040104029775,UMHL,52,55,"1,000",191.0,191000.0
2021040104029601,UMRH,58,34,10,300.0,3000.0
2021040104029755,UPCL,41,20,240,146.0,35040.0
2021040104029719,UPCL,41,35,260,146.0,37960.0
2021040104029500,UPCL,50,26,21,145.0,3045.0
2021040104029499,UPCL,40,26,29,146.0,4234.0
2021040104029492,UPCL,40,8,20,146.0,2920.0
2021040104029468,UPCL,40,35,300,146.0,43800.0
2021040104029837,UPPER,41,11,80,880.0,70400.0
2021040104029836,UPPER,41,52,20,880.0,17600.0
2021040104029835,UPPER,35,55,35,879.0,30765.0
2021040104029773,UPPER,35,26,100,879.0,87900.0
2021040104029767,UPPER,16,37,20,880.0,17600.0
2021040104029401,UPPER,38,10,50,879.0,43950.0
2021040104029398,UPPER,58,10,25,879.0,21975.0
2021040104029397,UPPER,58,48,25,879.0,21975.0
2021040104029382,UPPER,17,8,78,878.0,68484.0
2021040104029541,UPPER,48,45,25,879.0,21975.0
2021040104029491,UPPER,20,45,175,879.0,153825.0
2021040104029467,UPPER,20,36,100,879.0,87900.0
2021040104029466,UPPER,20,10,225,879.0,197775.0
2021040104029446,UPPER,17,34,50,878.0,43900.0
2021040104029442,UPPER,45,10,200,879.0,175800.0
2021040104029618,UPPER,38,38,50,879.0,43950.0
2021040104029600,UPPER,52,34,30,879.0,26370.0
2021040104029599,UPPER,40,34,10,879.0,8790.0
2021040104029543,UPPER,48,37,530,880.0,466400.0
2021040104029542,UPPER,48,13,10,879.0,8790.0
2021040104029642,UPPER,50,37,100,880.0,88000.0
2021040104029620,UPPER,17,38,180,878.0,158040.0
2021040104029619,UPPER,52,38,270,879.0,237330.0
2021040104029730,UPPER,47,37,50,880.0,44000.0
2021040104029700,UPPER,35,16,200,879.0,175800.0
2021040104029693,UPPER,57,37,200,880.0,176000.0
2021040104029685,UPPER,35,34,50,879.0,43950.0
2021040104029668,UPPER,35,54,50,879.0,43950.0
2021040104029345,AHPC,43,33,15,254.0,3810.0
2021040104029344,AHPC,43,53,970,254.0,246380.0
2021040104029343,AHPC,43,25,15,254.0,3810.0
2021040104029330,AHPC,56,25,300,254.0,76200.0
2021040104029315,AHPC,28,51,150,253.0,37950.0
2021040104029312,AHPC,45,25,150,254.0,38100.0
2021040104028919,AHPC,19,33,15,254.0,3810.0
2021040104028899,AHPC,19,33,250,254.0,63500.0
2021040104028896,AHPC,20,33,50,254.0,12700.0
2021040104029131,AHPC,8,17,100,254.0,25400.0
2021040104029130,AHPC,8,32,138,254.0,35052.0
2021040104029049,AHPC,28,56,"2,000",253.0,506000.0
2021040104028963,AHPC,5,32,62,254.0,15748.0
2021040104028962,AHPC,5,33,38,254.0,9652.0
2021040104028961,AHPC,22,33,"1,000",254.0,254000.0
2021040104029248,AHPC,34,25,144,254.0,36576.0
2021040104029247,AHPC,34,59,56,254.0,14224.0
2021040104029141,AHPC,53,59,30,254.0,7620.0
2021040104029134,AHPC,8,59,114,254.0,28956.0
2021040104029133,AHPC,8,58,10,254.0,2540.0
2021040104029132,AHPC,8,57,138,254.0,35052.0
2021040104029376,AIL,55,34,10,1031.0,10310.0
2021040104029349,AIL,55,40,10,1031.0,10310.0
2021040104029317,AIL,55,56,10,1031.0,10310.0
2021040104029238,AIL,55,34,10,1031.0,10310.0
2021040104029200,AIL,19,57,14,1031.0,14434.0
2021040104029199,AIL,36,57,10,1031.0,10310.0
2021040104029198,AIL,29,57,50,1031.0,51550.0
2021040104029197,AIL,26,57,16,1031.0,16496.0
2021040104029379,AKJCL,19,45,11,151.0,1661.0
2021040104029167,AKJCL,55,45,265,151.0,40015.0
2021040104029166,AKJCL,55,50,20,151.0,3020.0
2021040104029165,AKJCL,55,22,20,151.0,3020.0
2021040104029164,AKJCL,55,49,20,151.0,3020.0
2021040104029163,AKJCL,55,49,10,151.0,1510.0
2021040104029156,AKJCL,55,13,"1,350",151.0,203850.0
2021040104029155,AKJCL,55,35,45,150.0,6750.0
2021040104029154,AKJCL,55,38,10,150.0,1500.0
2021040104029153,AKJCL,55,6,20,150.0,3000.0
2021040104029162,AKJCL,55,54,10,151.0,1510.0
2021040104029161,AKJCL,55,41,340,151.0,51340.0
2021040104029160,AKJCL,55,56,20,151.0,3020.0
2021040104029159,AKJCL,55,26,20,151.0,3020.0
2021040104029158,AKJCL,55,1,20,151.0,3020.0
2021040104029157,AKJCL,55,49,30,151.0,4530.0
2021040104029111,AKPL,38,1,100,338.0,33800.0
2021040104029065,AKPL,50,35,200,339.0,67800.0
2021040104028893,AKPL,4,50,267,339.0,90513.0
2021040104028881,AKPL,38,8,13,338.0,4394.0
2021040104029365,API,51,45,78,340.0,26520.0
2021040104029341,API,17,45,50,340.0,17000.0
2021040104029338,API,42,51,160,342.0,54720.0
2021040104029337,API,42,46,20,342.0,6840.0
2021040104029336,API,42,4,15,342.0,5130.0
2021040104029262,API,16,4,359,342.0,122778.0
2021040104028974,API,45,6,150,341.0,51150.0
2021040104028973,API,3,6,200,341.0,68200.0
2021040104028972,API,49,6,284,341.0,96844.0
2021040104028971,API,39,6,500,341.0,170500.0
2021040104028970,API,6,4,50,342.0,17100.0
2021040104028915,API,49,26,100,341.0,34100.0
2021040104028980,API,38,6,500,340.0,170000.0
2021040104028979,API,17,6,300,340.0,102000.0
2021040104028978,API,21,6,858,340.0,291720.0
2021040104028977,API,17,6,400,341.0,136400.0
2021040104028976,API,54,6,"1,000",341.0,341000.0
2021040104028975,API,47,6,20,341.0,6820.0
2021040104028986,API,21,6,50,340.0,17000.0
2021040104028985,API,1,6,"4,000",340.0,1360000.0
2021040104028984,API,13,6,100,340.0,34000.0
2021040104028983,API,5,6,"1,000",340.0,340000.0
2021040104028982,API,45,6,350,340.0,119000.0
2021040104028981,API,45,6,300,340.0,102000.0
2021040104028992,API,41,6,"1,000",340.0,340000.0
2021040104028991,API,45,6,100,340.0,34000.0
2021040104028990,API,57,6,250,340.0,85000.0
2021040104028989,API,32,6,21,340.0,7140.0
2021040104028988,API,8,6,500,340.0,170000.0
2021040104028987,API,33,6,30,340.0,10200.0
2021040104028998,API,11,6,10,340.0,3400.0
2021040104028997,API,38,6,150,340.0,51000.0
2021040104028996,API,58,6,16,340.0,5440.0
2021040104028995,API,8,6,200,340.0,68000.0
2021040104028994,API,21,6,100,340.0,34000.0
2021040104028993,API,45,6,70,340.0,23800.0
2021040104029081,API,56,59,700,341.0,238700.0
2021040104029080,API,59,59,200,341.0,68200.0
2021040104029074,API,53,4,55,342.0,18810.0
2021040104029001,API,40,6,341,340.0,115940.0
2021040104029000,API,16,6,"2,000",340.0,680000.0
2021040104028999,API,45,6,200,340.0,68000.0
2021040104029103,API,25,6,691,340.0,234940.0
2021040104029102,API,40,6,159,340.0,54060.0
2021040104029101,API,45,6,100,341.0,34100.0
2021040104029100,API,56,6,"1,050",341.0,358050.0
2021040104029089,API,56,34,50,341.0,17050.0
2021040104029088,API,56,41,200,341.0,68200.0
2021040104029229,API,28,56,100,340.0,34000.0
2021040104029228,API,57,56,100,340.0,34000.0
2021040104029227,API,25,56,309,340.0,105060.0
2021040104029226,API,6,56,50,341.0,17050.0
2021040104029217,API,47,4,"1,000",342.0,342000.0
2021040104029215,API,6,28,50,341.0,17050.0
2021040104029261,API,16,56,"1,466",340.0,498440.0
2021040104029252,API,45,56,10,340.0,3400.0
2021040104029233,API,26,56,30,340.0,10200.0
2021040104029232,API,4,56,20,340.0,6800.0
2021040104029231,API,34,56,200,340.0,68000.0
2021040104029230,API,28,56,500,340.0,170000.0
2021040104029115,BARUN,38,34,10,249.0,2490.0
2021040104029110,BPCL,21,57,60,407.0,24420.0
2021040104029091,BPCL,34,57,12,407.0,4884.0
2021040104028967,BPCL,26,57,400,407.0,162800.0
2021040104028955,BPCL,28,38,632,408.0,257856.0
2021040104028954,BPCL,28,38,50,408.0,20400.0
2021040104028947,BPCL,28,48,370,408.0,150960.0
2021040104028926,BPCL,17,39,100,407.0,40700.0
2021040104028925,BPCL,22,39,532,407.0,216524.0
2021040104028953,BPCL,28,13,"1,035",408.0,422280.0
2021040104028952,BPCL,28,57,120,408.0,48960.0
2021040104028951,BPCL,28,46,360,408.0,146880.0
2021040104028950,BPCL,28,49,20,408.0,8160.0
2021040104028949,BPCL,28,38,13,408.0,5304.0
2021040104028948,BPCL,28,11,400,408.0,163200.0
2021040104029369,CGH,32,14,50,2050.0,102500.0
2021040104029366,CGH,32,38,10,2050.0,20500.0
2021040104029364,CGH,32,43,10,2050.0,20500.0
2021040104029363,CGH,13,43,10,2050.0,20500.0
2021040104029362,CGH,55,43,80,2050.0,164000.0
2021040104029357,CGH,28,45,60,2051.0,123060.0
2021040104029017,CGH,40,32,50,2051.0,102550.0
2021040104029016,CGH,57,32,130,2051.0,266630.0
2021040104028913,CGH,34,58,10,2052.0,20520.0
2021040104028912,CGH,34,22,10,2052.0,20520.0
2021040104028910,CGH,34,38,30,2052.0,61560.0
2021040104029068,CGH,58,58,10,2050.0,20500.0
2021040104029067,CGH,51,58,50,2050.0,102500.0
2021040104029066,CGH,38,58,20,2050.0,41000.0
2021040104029050,CGH,43,54,10,2050.0,20500.0
2021040104029047,CGH,22,32,50,2051.0,102550.0
2021040104029018,CGH,8,32,20,2051.0,41020.0
2021040104029104,CGH,14,34,10,2050.0,20500.0
2021040104029096,CGH,10,32,50,2051.0,102550.0
2021040104029077,CGH,6,32,50,2051.0,102550.0
2021040104029071,CGH,38,32,50,2051.0,102550.0
2021040104029070,CGH,14,58,10,2050.0,20500.0
2021040104029069,CGH,53,58,10,2050.0,20500.0
2021040104029172,CGH,50,58,10,2050.0,20500.0
2021040104029171,CGH,57,58,10,2050.0,20500.0
2021040104029170,CGH,45,58,40,2050.0,82000.0
2021040104029112,CGH,14,32,10,2051.0,20510.0
2021040104029106,CGH,45,34,10,2050.0,20500.0
2021040104029105,CGH,50,34,10,2050.0,20500.0
2021040104029203,CGH,49,38,20,2050.0,41000.0
2021040104029193,CGH,19,32,20,2051.0,41020.0
2021040104029186,CGH,49,54,10,2050.0,20500.0
2021040104029178,CGH,49,49,10,2050.0,20500.0
2021040104029177,CGH,49,19,10,2050.0,20500.0
2021040104029173,CGH,49,58,30,2050.0,61500.0
2021040104029263,CGH,29,40,100,2050.0,205000.0
2021040104029208,CGH,29,38,100,2050.0,205000.0
2021040104029207,CGH,39,38,10,2050.0,20500.0
2021040104029206,CGH,38,38,10,2050.0,20500.0
2021040104029205,CGH,6,38,20,2050.0,41000.0
2021040104029204,CGH,49,38,40,2050.0,82000.0
2021040104029298,CGH,28,10,17,2050.0,34850.0
2021040104029297,CGH,41,10,70,2050.0,143500.0
2021040104029276,CGH,41,26,10,2050.0,20500.0
2021040104029266,CGH,41,40,20,2050.0,41000.0
2021040104029265,CGH,52,40,10,2050.0,20500.0
2021040104029264,CGH,48,40,10,2050.0,20500.0
2021040104029356,CGH,28,41,10,2051.0,20510.0
2021040104029355,CGH,28,32,70,2051.0,143570.0
2021040104029329,CGH,55,19,10,2050.0,20500.0
2021040104029318,CGH,55,40,10,2050.0,20500.0
2021040104029311,CGH,50,16,10,2050.0,20500.0
2021040104029299,CGH,50,10,13,2050.0,26650.0
2021040104029321,CHCL,25,44,13,593.0,7709.0
2021040104029320,CHCL,25,6,100,590.0,59000.0
2021040104029319,CHCL,25,58,287,590.0,169330.0
2021040104029251,CHCL,45,4,37,589.0,21793.0
2021040104029250,CHCL,52,4,60,589.0,35340.0
2021040104029249,CHCL,43,4,903,589.0,531867.0
2021040104029015,CHCL,43,33,11,589.0,6479.0
2021040104028886,DHPL,42,58,11,119.0,1309.0
2021040104029352,EIC,55,7,100,747.0,74700.0
2021040104029243,EIC,14,22,10,748.0,7480.0
