Transact. No.,Symbol,Buyer,Seller,Quantity,Rate,Amount
2021040705000120,NICLBSL,47,38,20,1278.0,25560.0
2021040705000119,NICLBSL,47,8,10,1278.0,12780.0
2021040705000118,MLBSL,33,58,10,925.0,9250.0
2021040705000117,MLBSL,33,47,10,925.0,9250.0
2021040705000116,NICLBSL,47,36,10,1278.0,12780.0
2021040705000115,NICLBSL,47,1,10,1278.0,12780.0
2021040705000114,NICLBSL,47,45,10,1278.0,12780.0
2021040705000113,MLBSL,49,22,10,908.0,9080.0
2021040705000112,NICLBSL,47,52,10,1278.0,12780.0
2021040705000111,NICLBSL,47,51,10,1278.0,12780.0
2021040705000110,NICLBSL,47,51,10,1278.0,12780.0
2021040705000109,NICLBSL,47,51,10,1278.0,12780.0
2021040705000108,NICLBSL,47,42,10,1278.0,12780.0
2021040705000107,NICLBSL,47,51,10,1278.0,12780.0
2021040705000106,NICLBSL,47,42,10,1278.0,12780.0
2021040705000105,NICLBSL,47,42,10,1278.0,12780.0
2021040705000104,NICLBSL,47,57,10,1278.0,12780.0
2021040705000103,NICLBSL,47,41,10,1278.0,12780.0
2021040705000102,NICLBSL,47,42,20,1278.0,25560.0
2021040705000101,NICLBSL,47,57,20,1278.0,25560.0
2021040705000100,NICLBSL,47,42,20,1278.0,25560.0
2021040705000099,NICLBSL,47,41,31,1278.0,39618.0
2021040705000098,NICLBSL,47,36,12,1278.0,15336.0
2021040705000097,NICLBSL,47,58,10,1278.0,12780.0
2021040705000096,NICLBSL,47,56,10,1278.0,12780.0
2021040705000095,NICLBSL,47,55,10,1278.0,12780.0
2021040705000094,NICLBSL,47,5,12,1278.0,15336.0
2021040705000093,NICLBSL,47,44,10,1278.0,12780.0
2021040705000092,NICLBSL,47,44,10,1278.0,12780.0
2021040705000091,NICLBSL,47,58,10,1278.0,12780.0
2021040705000090,NICLBSL,47,38,10,1278.0,12780.0
2021040705000089,NICLBSL,47,28,10,1278.0,12780.0
2021040705000088,MLBSL,25,59,10,891.0,8910.0
2021040705000087,NICLBSL,47,17,10,1278.0,12780.0
2021040705000086,NICLBSL,47,17,10,1278.0,12780.0
2021040705000085,NICLBSL,47,6,10,1278.0,12780.0
2021040705000084,NICLBSL,47,52,10,1278.0,12780.0
2021040705000083,NICLBSL,47,37,20,1278.0,25560.0
2021040705000082,NICLBSL,56,22,2,1278.0,2556.0
2021040705000081,NICLBSL,47,53,10,1278.0,12780.0
2021040705000080,NICLBSL,47,35,10,1278.0,12780.0
2021040705000079,NICLBSL,47,32,26,1278.0,33228.0
2021040705000078,NICLBSL,47,58,10,1278.0,12780.0
2021040705000077,NICLBSL,47,36,10,1278.0,12780.0
2021040705000076,MLBSL,47,56,10,874.0,8740.0
2021040705000075,NICLBSL,47,36,10,1278.0,12780.0
2021040705000074,NICLBSL,47,36,10,1278.0,12780.0
2021040705000073,NICLBSL,47,36,10,1278.0,12780.0
2021040705000072,NICLBSL,47,32,26,1278.0,33228.0
2021040705000071,NICLBSL,47,36,10,1278.0,12780.0
2021040705000070,NICLBSL,47,36,10,1278.0,12780.0
2021040705000069,NICLBSL,47,36,10,1278.0,12780.0
2021040705000068,NICLBSL,47,36,10,1278.0,12780.0
2021040705000067,NICLBSL,47,36,10,1278.0,12780.0
2021040705000066,NICLBSL,47,36,10,1278.0,12780.0
2021040705000065,NICLBSL,47,36,10,1278.0,12780.0
2021040705000064,NICLBSL,47,36,10,1278.0,12780.0
2021040705000063,NICLBSL,47,36,10,1278.0,12780.0
2021040705000062,NICLBSL,47,36,10,1278.0,12780.0
2021040705000061,NICLBSL,47,36,10,1278.0,12780.0
2021040705000060,NICLBSL,47,36,20,1278.0,25560.0
2021040705000059,NICLBSL,47,36,20,1278.0,25560.0
2021040705000058,NICLBSL,47,33,10,1278.0,12780.0
2021040705000057,NICLBSL,47,36,20,1278.0,25560.0
2021040705000056,NICLBSL,47,36,10,1278.0,12780.0
2021040705000055,NICLBSL,47,36,10,1278.0,12780.0
2021040705000054,NICLBSL,47,36,10,1278.0,12780.0
2021040705000053,NICLBSL,47,34,20,1278.0,25560.0
2021040705000052,NICLBSL,47,38,10,1278.0,12780.0
2021040705000051,NICLBSL,47,49,10,1278.0,12780.0
2021040705000050,NICLBSL,47,36,10,1278.0,12780.0
2021040705000049,NICLBSL,47,40,20,1278.0,25560.0
2021040705000048,NICLBSL,47,38,10,1278.0,12780.0
2021040705000047,NICLBSL,47,1,10,1278.0,12780.0
2021040705000046,NICLBSL,47,38,10,1278.0,12780.0
2021040705000045,NICLBSL,47,35,10,1278.0,12780.0
2021040705000044,NICLBSL,47,50,10,1278.0,12780.0
2021040705000043,NICLBSL,47,38,10,1278.0,12780.0
2021040705000042,NICLBSL,47,59,10,1278.0,12780.0
2021040705000041,NICLBSL,47,52,10,1278.0,12780.0
2021040705000040,NICLBSL,47,38,10,1278.0,12780.0
2021040705000039,NICLBSL,47,39,10,1278.0,12780.0
2021040705000038,NICLBSL,47,1,10,1278.0,12780.0
2021040705000037,NICLBSL,47,49,20,1278.0,25560.0
2021040705000036,NICLBSL,47,1,10,1278.0,12780.0
2021040705000035,NICLBSL,47,42,10,1278.0,12780.0
2021040705000034,NICLBSL,47,14,10,1278.0,12780.0
2021040705000033,NICLBSL,47,34,100,1278.0,127800.0
2021040705000032,NICLBSL,47,42,10,1278.0,12780.0
2021040705000031,NICLBSL,47,47,10,1278.0,12780.0
2021040705000030,NICLBSL,47,42,10,1278.0,12780.0
2021040705000029,NICLBSL,47,47,10,1278.0,12780.0
2021040705000028,NICLBSL,47,34,10,1278.0,12780.0
2021040705000027,NICLBSL,47,51,10,1278.0,12780.0
2021040705000026,NICLBSL,47,1,10,1278.0,12780.0
2021040705000025,NICLBSL,47,41,10,1278.0,12780.0
2021040705000024,NICLBSL,47,47,10,1278.0,12780.0
2021040705000023,NICLBSL,47,22,10,1278.0,12780.0
2021040705000022,NICLBSL,47,52,20,1278.0,25560.0
2021040705000021,NICLBSL,47,56,10,1278.0,12780.0
2021040705000020,NICLBSL,47,18,10,1278.0,12780.0
2021040705000019,NICLBSL,47,56,10,1278.0,12780.0
2021040705000018,NICLBSL,47,17,10,1278.0,12780.0
2021040705000017,NICLBSL,47,42,10,1278.0,12780.0
2021040705000016,NICLBSL,47,14,10,1278.0,12780.0
2021040705000015,NICLBSL,47,56,10,1278.0,12780.0
2021040705000014,NICLBSL,47,25,10,1278.0,12780.0
2021040705000013,NICLBSL,47,56,10,1278.0,12780.0
2021040705000012,NICLBSL,47,56,10,1278.0,12780.0
2021040705000011,NICLBSL,47,1,10,1278.0,12780.0
2021040705000010,NICLBSL,47,14,10,1278.0,12780.0
2021040705000009,NICLBSL,47,45,10,1278.0,12780.0
2021040705000008,MLBSL,48,7,10,857.0,8570.0
2021040705000007,NICLBSL,47,54,10,1278.0,12780.0
2021040705000006,NICLBSL,47,38,10,1278.0,12780.0
2021040705000005,NICLBSL,47,41,10,1278.0,12780.0
2021040705000004,NICLBSL,47,49,10,1268.0,12680.0
2021040705000003,NICLBSL,41,41,10,1244.0,12440.0
2021040705000002,NICLBSL,42,21,10,1220.0,12200.0
2021040705000001,NICLBSL,42,11,10,1220.0,12200.0
2021040704034186,STC,59,38,10,11298.0,112980.0
2021040704034185,SJCL,36,16,"1,000",490.0,490000.0
2021040704034184,UPCL,45,48,100,181.0,18100.0
2021040704034183,CGH,35,38,10,2578.0,25780.0
2021040704034182,UPPER,50,37,10,891.0,8910.0
2021040704034181,KKHC,45,45,198,138.0,27324.0
2021040704034180,KKHC,45,34,100,138.0,13800.0
2021040704034179,KKHC,45,39,100,138.0,13800.0
2021040704034178,KKHC,45,21,10,138.0,1380.0
2021040704034177,KKHC,45,46,10,138.0,1380.0
2021040704034176,KKHC,45,57,82,137.0,11234.0
2021040704034175,CHL,10,47,200,228.0,45600.0
2021040704034174,PRIN,6,38,29,954.0,27666.0
2021040704034173,PRIN,6,17,71,954.0,67734.0
2021040704034172,SSHL,21,55,200,247.0,49400.0
2021040704034171,HPPL,57,56,220,403.0,88660.0
2021040704034170,HPPL,57,41,310,403.0,124930.0
2021040704034169,AKPL,46,32,100,333.0,33300.0
2021040704034168,BARUN,32,32,10,246.0,2460.0
2021040704034167,BARUN,32,55,100,245.0,24500.0
2021040704034166,KKHC,8,57,118,137.0,16166.0
2021040704034165,KKHC,8,59,200,137.0,27400.0
2021040704034164,KKHC,8,25,30,137.0,4110.0
2021040704034163,KKHC,8,19,152,137.0,20824.0
2021040704034162,HDHPC,21,41,100,152.0,15200.0
2021040704034161,SIL,33,26,12,1265.0,15180.0
2021040704034160,SPDL,5,57,550,279.0,153450.0
2021040704034159,SPDL,33,57,100,280.0,28000.0
2021040704034158,HGI,20,7,10,804.0,8040.0
2021040704034157,GLH,57,34,17,373.0,6341.0
2021040704034156,KPCL,25,3,20,289.0,5780.0
2021040704034155,LEC,53,25,10,302.0,3020.0
2021040704034154,KKHC,48,37,698,136.0,94928.0
2021040704034153,SICL,43,49,50,1927.0,96350.0
2021040704034152,AKPL,55,32,200,333.0,66600.0
2021040704034151,HDHPC,14,41,10,152.0,1520.0
2021040704034150,CGH,35,38,10,2578.0,25780.0
2021040704034149,HGI,58,42,126,802.0,101052.0
2021040704034148,NIL,50,16,10,1667.0,16670.0
2021040704034147,HDHPC,45,41,100,152.0,15200.0
2021040704034146,HDHPC,17,41,200,152.0,30400.0
2021040704034145,HDHPC,10,41,300,152.0,45600.0
2021040704034144,HDHPC,25,41,50,152.0,7600.0
2021040704034143,HDHPC,58,41,21,152.0,3192.0
2021040704034142,HDHPC,46,41,15,152.0,2280.0
2021040704034141,CHCL,35,41,10,681.0,6810.0
2021040704034140,UPPER,45,37,169,891.0,150579.0
2021040704034139,UPPER,45,38,31,891.0,27621.0
2021040704034138,NICL,20,45,345,814.0,280830.0
2021040704034137,NICL,16,45,200,814.0,162800.0
2021040704034136,NICL,53,45,50,815.0,40750.0
2021040704034135,NICL,4,45,50,815.0,40750.0
2021040704034134,NICL,57,45,50,815.0,40750.0
2021040704034133,NICL,58,45,10,815.0,8150.0
2021040704034132,NICL,8,45,250,815.0,203750.0
2021040704034131,NICL,50,45,20,815.0,16300.0
2021040704034130,NICL,49,45,25,815.0,20375.0
2021040704034129,UPPER,5,38,10,891.0,8910.0
2021040704034128,UMHL,20,43,573,197.0,112881.0
2021040704034127,UMHL,16,43,250,197.0,49250.0
2021040704034126,UMHL,46,43,100,197.0,19700.0
2021040704034125,UMHL,21,43,77,197.0,15169.0
2021040704034124,HGI,58,14,500,802.0,401000.0
2021040704034123,CGH,35,58,10,2578.0,25780.0
2021040704034122,CGH,35,34,10,2577.0,25770.0
2021040704034121,AIL,41,22,10,877.0,8770.0
2021040704034120,RHPL,3,52,10,528.0,5280.0
2021040704034119,GLH,57,33,24,373.0,8952.0
2021040704034118,GLH,35,33,50,373.0,18650.0
2021040704034117,GLH,57,33,50,373.0,18650.0
2021040704034116,GLH,13,33,45,373.0,16785.0
2021040704034115,GLH,58,33,50,373.0,18650.0
2021040704034114,GLH,49,33,181,373.0,67513.0
2021040704034113,UPCL,45,11,"1,551",181.0,280731.0
2021040704034112,GLH,11,33,200,374.0,74800.0
2021040704034111,UMHL,21,57,100,197.0,19700.0
2021040704034110,RHPC,38,57,240,218.0,52320.0
2021040704034109,NGPL,45,28,100,252.0,25200.0
2021040704034108,SIL,10,26,10,1265.0,12650.0
2021040704034107,SIL,41,26,200,1265.0,253000.0
2021040704034106,SGI,57,37,20,778.0,15560.0
2021040704034105,SHPC,36,57,350,372.0,130200.0
2021040704034104,AHPC,5,1,10,267.0,2670.0
2021040704034103,SJCL,42,52,40,489.0,19560.0
2021040704034102,SSHL,21,57,100,248.0,24800.0
2021040704034101,RADHI,48,45,20,479.0,9580.0
2021040704034100,SGI,36,42,300,779.0,233700.0
2021040704034099,UPPER,8,41,48,890.0,42720.0
2021040704034098,AKPL,33,32,10,333.0,3330.0
2021040704034097,SGI,52,42,20,779.0,15580.0
2021040704034096,RHPL,52,52,10,528.0,5280.0
2021040704034095,SSHL,21,17,100,247.0,24700.0
2021040704034094,AHPC,3,1,54,267.0,14418.0
2021040704034093,IGI,41,38,100,1218.0,121800.0
2021040704034092,PIC,6,6,10,1320.0,13200.0
2021040704034091,CGH,51,36,10,2573.0,25730.0
2021040704034090,UPPER,51,38,25,891.0,22275.0
2021040704034089,UPCL,52,11,40,181.0,7240.0
2021040704034088,API,32,45,100,330.0,33000.0
2021040704034087,SEF,43,1,500,12.15,6075.0
2021040704034086,HDHPC,22,49,200,153.0,30600.0
2021040704034085,CHCL,45,16,25,680.0,17000.0
2021040704034084,CHCL,25,16,15,684.0,10260.0
2021040704034083,CHCL,25,17,785,681.0,534585.0
2021040704034082,SJCL,36,16,151,490.0,73990.0
2021040704034081,HGI,58,5,500,802.0,401000.0
2021040704034080,NIL,33,37,11,1669.0,18359.0
2021040704034079,NIL,33,41,40,1669.0,66760.0
2021040704034078,NIL,33,32,49,1668.0,81732.0
2021040704034077,AIL,43,50,310,878.0,272180.0
2021040704034076,UPCL,55,11,200,181.0,36200.0
2021040704034075,UPCL,32,11,232,181.0,41992.0
2021040704034074,UPCL,8,11,"2,977",181.0,538837.0
2021040704034073,UPCL,8,45,"2,023",181.0,366163.0
2021040704034072,SHPC,29,57,100,372.0,37200.0
2021040704034071,API,34,20,200,329.0,65800.0
2021040704034070,UPCL,32,34,268,181.0,48508.0
2021040704034069,UPCL,29,34,732,181.0,132492.0
2021040704034068,LGIL,13,21,78,822.0,64116.0
2021040704034067,RHPL,4,16,80,523.0,41840.0
2021040704034066,GIC,25,17,11,720.0,7920.0
2021040704034065,GLH,45,33,40,374.0,14960.0
2021040704034064,SGI,13,48,50,778.0,38900.0
2021040704034063,MEN,47,55,10,727.0,7270.0
2021040704034062,TRH,34,55,810,332.0,268920.0
2021040704034061,TRH,34,46,100,332.0,33200.0
2021040704034060,TRH,34,35,50,332.0,16600.0
2021040704034059,TRH,34,49,40,332.0,13280.0
2021040704034058,RHPL,4,38,30,523.0,15690.0
2021040704034057,AHPC,3,19,46,267.0,12282.0
2021040704034056,AHPC,54,19,100,267.0,26700.0
2021040704034055,AHPC,25,19,54,267.0,14418.0
2021040704034054,PIC,33,6,10,1320.0,13200.0
2021040704034053,RRHP,51,5,10,383.0,3830.0
2021040704034052,SIC,37,32,50,1702.0,85100.0
2021040704034051,SIC,28,32,395,1702.0,672290.0
2021040704034050,TRH,17,8,80,331.0,26480.0
2021040704034049,HGI,40,7,75,804.0,60300.0
2021040704034048,HGI,40,45,100,803.0,80300.0
2021040704034047,HGI,40,11,25,803.0,20075.0
2021040704034046,SJCL,59,16,350,490.0,171500.0
2021040704034045,SICL,32,3,80,1924.0,153920.0
2021040704034044,SICL,16,3,30,1924.0,57720.0
2021040704034043,SICL,6,3,30,1924.0,57720.0
2021040704034042,NICL,49,3,50,816.0,40800.0
2021040704034041,NICL,32,3,10,816.0,8160.0
2021040704034040,SJCL,38,16,60,490.0,29400.0
2021040704034039,SGI,38,42,75,779.0,58425.0
2021040704034038,AIL,29,50,80,878.0,70240.0
2021040704034037,UPCL,29,22,268,181.0,48508.0
2021040704034036,UPCL,29,22,132,181.0,23892.0
2021040704034035,HDHPC,53,49,10,153.0,1530.0
2021040704034034,AKJCL,54,42,20,157.0,3140.0
2021040704034033,SJCL,42,16,100,490.0,49000.0
2021040704034032,CHL,42,25,100,229.0,22900.0
2021040704034031,SSHL,21,6,400,247.0,98800.0
2021040704034030,SGI,34,42,250,779.0,194750.0
2021040704034029,UPPER,5,38,10,891.0,8910.0
2021040704034028,UMRH,56,48,40,310.0,12400.0
2021040704034027,UMRH,38,48,10,311.0,3110.0
2021040704034026,UPPER,48,38,389,891.0,346599.0
2021040704034025,CGH,51,38,10,2573.0,25730.0
2021040704034024,SHPC,38,57,50,372.0,18600.0
2021040704034023,RHPL,4,46,50,523.0,26150.0
2021040704034022,RHPL,4,20,50,523.0,26150.0
2021040704034021,UIC,10,56,665,703.0,467495.0
2021040704034020,UIC,58,56,25,703.0,17575.0
2021040704034019,UIC,45,56,50,703.0,35150.0
2021040704034018,UIC,10,56,200,703.0,140600.0
2021040704034017,UIC,26,56,100,704.0,70400.0
2021040704034016,UIC,6,56,100,704.0,70400.0
2021040704034015,UIC,35,56,20,705.0,14100.0
2021040704034014,UIC,34,56,200,705.0,141000.0
2021040704034013,UIC,13,56,200,705.0,141000.0
2021040704034012,UIC,16,56,200,705.0,141000.0
2021040704034011,UIC,52,56,90,705.0,63450.0
2021040704034010,MEN,50,48,100,728.0,72800.0
2021040704034009,LGIL,16,21,200,822.0,164400.0
2021040704034008,SIC,28,6,105,1702.0,178710.0
2021040704034007,SIC,21,6,10,1702.0,17020.0
2021040704034006,SIC,54,6,50,1705.0,85250.0
2021040704034005,SPDL,5,26,500,279.0,139500.0
2021040704034004,AIL,29,19,20,878.0,17560.0
2021040704034003,AIL,11,19,30,878.0,26340.0
2021040704034002,BPCL,46,51,100,432.0,43200.0
2021040704034001,HDHPC,46,51,285,152.0,43320.0
2021040704034000,SICL,34,49,30,1927.0,57810.0
2021040704033999,SJCL,34,16,200,490.0,98000.0
2021040704033998,SGI,13,55,142,778.0,110476.0
2021040704033997,SGI,44,55,128,778.0,99584.0
2021040704033996,SGI,4,55,20,778.0,15560.0
2021040704033995,SGI,43,55,10,778.0,7780.0
2021040704033994,SGI,40,55,40,778.0,31120.0
2021040704033993,EIC,41,40,100,760.0,76000.0
2021040704033992,NLG,38,4,46,1143.0,52578.0
2021040704033991,UIC,29,29,30,706.0,21180.0
2021040704033990,UIC,1,29,200,706.0,141200.0
2021040704033989,UPPER,8,42,50,890.0,44500.0
2021040704033988,NIL,50,19,40,1667.0,66680.0
2021040704033987,HDHPC,46,50,255,152.0,38760.0
2021040704033986,HDHPC,34,50,245,152.0,37240.0
2021040704033985,UPCL,29,57,100,181.0,18100.0
2021040704033984,UPCL,29,22,300,181.0,54300.0
2021040704033983,UPCL,29,29,100,181.0,18100.0
2021040704033982,UPCL,29,53,50,181.0,9050.0
2021040704033981,UPCL,29,11,100,181.0,18100.0
2021040704033980,UPCL,29,18,200,181.0,36200.0
2021040704033979,UPCL,29,57,18,181.0,3258.0
2021040704033978,AIL,11,11,50,878.0,43900.0
2021040704033977,AKPL,56,21,100,332.0,33200.0
2021040704033976,AKPL,44,21,200,332.0,66400.0
2021040704033975,API,34,16,16,329.0,5264.0
2021040704033974,CGH,18,22,300,2578.0,773400.0
2021040704033973,RHPC,38,50,45,218.0,9810.0
2021040704033972,SJCL,45,16,50,490.0,24500.0
2021040704033971,IGI,38,42,10,1219.0,12190.0
2021040704033970,HDHPC,34,29,25,152.0,3800.0
2021040704033969,UPCL,46,57,100,181.0,18100.0
2021040704033968,UPPER,8,8,202,890.0,179780.0
2021040704033967,UPPER,57,8,10,890.0,8900.0
2021040704033966,UPPER,25,8,50,890.0,44500.0
2021040704033965,UPPER,21,8,50,890.0,44500.0
2021040704033964,UPPER,55,8,100,890.0,89000.0
2021040704033963,UPPER,38,8,88,890.0,78320.0
2021040704033962,API,34,19,220,329.0,72380.0
2021040704033961,API,48,19,10,329.0,3290.0
2021040704033960,API,25,19,770,329.0,253330.0
2021040704033959,HGI,1,55,20,803.0,16060.0
2021040704033958,KKHC,48,59,100,136.0,13600.0
2021040704033957,SJCL,52,16,55,490.0,26950.0
2021040704033956,SJCL,57,16,75,490.0,36750.0
2021040704033955,SJCL,28,16,100,490.0,49000.0
2021040704033954,SJCL,38,16,245,490.0,120050.0
2021040704033953,SJCL,14,16,200,491.0,98200.0
2021040704033952,SJCL,17,16,35,491.0,17185.0
2021040704033951,RHPC,38,17,500,218.0,109000.0
2021040704033950,RHPC,38,25,300,218.0,65400.0
2021040704033949,RHPC,38,38,400,218.0,87200.0
2021040704033948,RHPC,38,4,474,216.0,102384.0
2021040704033947,NGPL,45,48,36,252.0,9072.0
2021040704033946,HGI,58,1,200,802.0,160400.0
2021040704033945,HDHPC,51,49,500,153.0,76500.0
2021040704033944,BPCL,53,51,25,432.0,10800.0
2021040704033943,BPCL,35,51,10,432.0,4320.0
2021040704033942,BPCL,7,51,111,432.0,47952.0
2021040704033941,BPCL,53,51,48,432.0,20736.0
2021040704033940,CGH,53,34,100,2577.0,257700.0
2021040704033939,SJCL,17,42,40,491.0,19640.0
2021040704033938,SGI,42,42,30,779.0,23370.0
2021040704033937,SICL,6,4,40,1924.0,76960.0
2021040704033936,NLG,38,4,100,1143.0,114300.0
2021040704033935,NLG,53,4,100,1143.0,114300.0
2021040704033934,NLG,19,4,250,1143.0,285750.0
2021040704033933,NLG,19,4,617,1143.0,705231.0
2021040704033932,NLG,42,4,86,1144.0,98384.0
2021040704033931,NLG,41,4,95,1145.0,108775.0
2021040704033930,NLG,16,4,100,1145.0,114500.0
2021040704033929,NLG,8,4,50,1145.0,57250.0
2021040704033928,NLG,53,4,83,1146.0,95118.0
2021040704033927,RHPL,3,52,10,528.0,5280.0
2021040704033926,NLG,53,48,17,1146.0,19482.0
2021040704033925,HDHPC,29,49,200,153.0,30600.0
2021040704033924,CHCL,25,17,15,681.0,10215.0
2021040704033923,UPPER,38,36,12,890.0,10680.0
2021040704033922,UPPER,58,36,28,890.0,24920.0
2021040704033921,HDHPC,34,21,50,152.0,7600.0
2021040704033920,PRIN,34,17,369,954.0,352026.0
2021040704033919,SGI,40,4,10,778.0,7780.0
2021040704033918,STC,35,52,10,11270.0,112700.0
2021040704033917,STC,54,52,10,11275.0,112750.0
2021040704033916,AKPL,52,32,"1,000",333.0,333000.0
2021040704033915,PIC,32,48,100,1305.0,130500.0
2021040704033914,CGH,18,22,93,2578.0,239754.0
2021040704033913,CGH,18,32,10,2578.0,25780.0
2021040704033912,CGH,18,50,100,2578.0,257800.0
2021040704033911,CGH,18,6,10,2578.0,25780.0
2021040704033910,CGH,18,14,87,2578.0,224286.0
2021040704033909,MEN,47,21,10,727.0,7270.0
2021040704033908,IGI,45,42,100,1219.0,121900.0
2021040704033907,AHPC,25,17,446,267.0,119082.0
2021040704033906,AHPC,21,17,100,267.0,26700.0
2021040704033905,AHPC,25,17,"1,000",267.0,267000.0
2021040704033904,AHPC,33,17,250,267.0,66750.0
2021040704033903,AHPC,53,17,50,267.0,13350.0
2021040704033902,AHPC,41,17,50,267.0,13350.0
2021040704033901,AHPC,38,17,10,267.0,2670.0
2021040704033900,AHPC,22,17,171,267.0,45657.0
2021040704033899,CHCL,41,17,50,681.0,34050.0
2021040704033898,CHCL,40,17,150,681.0,102150.0
2021040704033897,CHCL,40,54,350,681.0,238350.0
2021040704033896,BPCL,7,41,20,432.0,8640.0
2021040704033895,SJCL,47,1,100,492.0,49200.0
2021040704033894,AKPL,46,32,400,333.0,133200.0
2021040704033893,IGI,45,36,100,1218.0,121800.0
2021040704033892,SJCL,17,38,40,491.0,19640.0
2021040704033891,AHPC,22,28,25,267.0,6675.0
2021040704033890,UMRH,56,26,10,310.0,3100.0
2021040704033889,SJCL,33,1,100,492.0,49200.0
2021040704033888,CHCL,45,22,120,681.0,81720.0
2021040704033887,CHCL,6,22,480,683.0,327840.0
2021040704033886,CHL,47,47,100,229.0,22900.0
2021040704033885,CHL,41,47,50,229.0,11450.0
2021040704033884,CHL,46,47,200,229.0,45800.0
2021040704033883,CHL,17,47,50,229.0,11450.0
2021040704033882,CGH,47,14,10,2578.0,25780.0
2021040704033881,AIL,11,19,60,878.0,52680.0
2021040704033880,AKPL,19,32,200,333.0,66600.0
2021040704033879,RRHP,32,28,10,380.0,3800.0
2021040704033878,UMHL,38,42,77,198.0,15246.0
2021040704033877,UMHL,38,49,423,198.0,83754.0
2021040704033876,SJCL,38,1,100,492.0,49200.0
2021040704033875,SGI,41,42,50,779.0,38950.0
2021040704033874,GLH,49,6,100,373.0,37300.0
2021040704033873,MEN,47,55,10,727.0,7270.0
2021040704033872,UNHPL,11,54,180,136.0,24480.0
2021040704033871,UNHPL,11,50,260,136.0,35360.0
2021040704033870,RHPC,22,4,350,216.0,75600.0
2021040704033869,RHPC,54,4,174,216.0,37584.0
2021040704033868,RHPC,21,4,100,217.0,21700.0
2021040704033867,SGI,28,42,100,779.0,77900.0
2021040704033866,UNHPL,58,50,30,136.0,4080.0
2021040704033865,NHPC,56,20,500,177.0,88500.0
2021040704033864,UPCL,16,57,500,181.0,90500.0
2021040704033863,UPCL,48,11,100,180.0,18000.0
2021040704033862,UMRH,38,36,10,312.0,3120.0
2021040704033861,UMRH,38,44,30,312.0,9360.0
2021040704033860,UMRH,38,11,10,312.0,3120.0
2021040704033859,SGI,1,42,20,779.0,15580.0
2021040704033858,UPCL,48,48,50,180.0,9000.0
2021040704033857,UPCL,48,57,50,180.0,9000.0
2021040704033856,UPCL,6,57,50,181.0,9050.0
2021040704033855,HDHPC,34,6,180,152.0,27360.0
2021040704033854,HDHPC,17,6,20,152.0,3040.0
2021040704033853,CGH,26,14,43,2578.0,110854.0
2021040704033852,CGH,26,53,57,2578.0,146946.0
2021040704033851,LGIL,22,21,222,823.0,182706.0
2021040704033850,AIL,11,38,60,878.0,52680.0
2021040704033849,AIL,48,38,40,878.0,35120.0
2021040704033848,SICL,6,6,30,1924.0,57720.0
2021040704033847,GLH,49,57,10,373.0,3730.0
2021040704033846,SHPC,58,3,531,372.0,197532.0
2021040704033845,RHPL,4,29,20,523.0,10460.0
2021040704033844,RHPL,4,57,60,522.0,31320.0
2021040704033843,RHPL,34,43,70,520.0,36400.0
2021040704033842,RHPL,34,32,30,520.0,15600.0
2021040704033841,CGH,56,53,91,2578.0,234598.0
2021040704033840,CGH,35,53,200,2578.0,515600.0
2021040704033839,UMHL,21,37,823,197.0,162131.0
2021040704033838,UMHL,16,37,687,197.0,135339.0
2021040704033837,GLH,38,33,10,374.0,3740.0
2021040704033836,HURJA,38,10,50,337.0,16850.0
2021040704033835,HURJA,38,10,100,337.0,33700.0
2021040704033834,HGI,58,50,"1,027",802.0,823654.0
2021040704033833,HGI,3,55,30,803.0,24090.0
2021040704033832,SGI,40,17,150,778.0,116700.0
2021040704033831,EIC,56,10,50,759.0,37950.0
2021040704033830,AKPL,36,32,"1,000",333.0,333000.0
2021040704033829,MEN,47,32,10,727.0,7270.0
2021040704033828,UPCL,32,57,332,181.0,60092.0
2021040704033827,UPCL,32,42,50,181.0,9050.0
2021040704033826,UPCL,32,55,100,181.0,18100.0
2021040704033825,UPCL,32,52,50,181.0,9050.0
2021040704033824,UPCL,32,21,100,181.0,18100.0
2021040704033823,UPCL,32,8,10,181.0,1810.0
2021040704033822,UPCL,32,43,200,181.0,36200.0
2021040704033821,UPCL,32,57,"1,158",181.0,209598.0
2021040704033820,API,25,50,20,329.0,6580.0
2021040704033819,SSHL,13,57,"1,000",248.0,248000.0
2021040704033818,NHPC,56,56,235,176.0,41360.0
2021040704033817,NHPC,56,56,300,176.0,52800.0
2021040704033816,NHPC,7,56,100,176.0,17600.0
2021040704033815,NHPC,46,56,20,176.0,3520.0
2021040704033814,SJCL,54,1,50,492.0,24600.0
2021040704033813,RHPL,1,32,20,520.0,10400.0
2021040704033812,RHPL,1,29,70,520.0,36400.0
2021040704033811,RHPL,1,42,10,513.0,5130.0
2021040704033810,API,25,34,210,329.0,69090.0
2021040704033809,AHPC,22,42,500,267.0,133500.0
2021040704033808,CGH,6,1,10,2572.0,25720.0
2021040704033807,CHCL,6,32,20,682.0,13640.0
2021040704033806,SICL,11,6,25,1924.0,48100.0
2021040704033805,RHPC,54,34,126,216.0,27216.0
2021040704033804,RHPC,35,34,24,216.0,5184.0
2021040704033803,HPPL,26,25,30,402.0,12060.0
2021040704033802,HPPL,26,38,40,402.0,16080.0
2021040704033801,HGI,1,7,200,804.0,160800.0
2021040704033800,GLH,49,42,10,373.0,3730.0
2021040704033799,DHPL,38,41,168,127.0,21336.0
2021040704033798,DHPL,38,17,11,127.0,1397.0
2021040704033797,DHPL,38,52,100,127.0,12700.0
2021040704033796,DHPL,38,46,60,127.0,7620.0
2021040704033795,HDHPC,17,38,350,152.0,53200.0
2021040704033794,EIC,13,22,30,758.0,22740.0
2021040704033793,UMHL,6,49,77,198.0,15246.0
2021040704033792,UMHL,6,50,23,198.0,4554.0
2021040704033791,UMHL,34,50,477,198.0,94446.0
2021040704033790,UMHL,34,42,23,198.0,4554.0
2021040704033789,UPPER,34,38,10,891.0,8910.0
2021040704033788,PRIN,55,7,20,953.0,19060.0
2021040704033787,SJCL,54,38,120,492.0,59040.0
2021040704033786,SJCL,52,38,10,492.0,4920.0
2021040704033785,UPPER,45,38,25,891.0,22275.0
2021040704033784,UPPER,45,57,175,891.0,155925.0
2021040704033783,API,25,21,252,329.0,82908.0
2021040704033782,STC,59,38,20,11298.0,225960.0
2021040704033781,SIL,52,45,355,1260.0,447300.0
2021040704033780,SJCL,52,13,10,492.0,4920.0
2021040704033779,API,34,21,748,329.0,246092.0
2021040704033778,API,34,34,252,329.0,82908.0
2021040704033777,NEF,17,6,"2,414",12.31,29716.34
2021040704033776,AKPL,36,32,"1,000",333.0,333000.0
2021040704033775,AKPL,34,32,50,333.0,16650.0
2021040704033774,AKPL,26,32,100,333.0,33300.0
2021040704033773,AKPL,45,32,10,333.0,3330.0
2021040704033772,AKPL,46,32,200,333.0,66600.0
2021040704033771,AKPL,54,32,500,333.0,166500.0
2021040704033770,AKPL,54,32,500,333.0,166500.0
2021040704033769,AKPL,54,32,500,333.0,166500.0
2021040704033768,AKPL,59,32,500,333.0,166500.0
2021040704033767,AKPL,58,32,500,333.0,166500.0
2021040704033766,AKPL,58,32,100,333.0,33300.0
2021040704033765,AKPL,38,32,100,333.0,33300.0
2021040704033764,AKPL,54,32,500,333.0,166500.0
2021040704033763,AKPL,35,32,500,333.0,166500.0
2021040704033762,AKPL,56,32,100,333.0,33300.0
2021040704033761,AKPL,34,32,"1,000",333.0,333000.0
2021040704033760,AKPL,59,32,200,333.0,66600.0
2021040704033759,GIC,22,21,10,719.0,7190.0
2021040704033758,UPCL,57,57,100,181.0,18100.0
2021040704033757,UPPER,58,45,150,890.0,133500.0
2021040704033756,IGI,29,42,100,1219.0,121900.0
2021040704033755,GLH,49,47,389,373.0,145097.0
2021040704033754,GIMES1,29,8,"1,000",15.8,15800.0
2021040704033753,NGPL,45,29,12,252.0,3024.0
2021040704033752,GLH,49,32,10,373.0,3730.0
2021040704033751,NIL,28,55,67,1662.0,111354.0
2021040704033750,NIL,45,55,23,1662.0,38226.0
2021040704033749,NIL,45,55,10,1663.0,16630.0
2021040704033748,NIL,38,55,100,1663.0,166300.0
2021040704033747,NIL,36,55,50,1663.0,83150.0
2021040704033746,AHPC,22,59,200,267.0,53400.0
2021040704033745,AKPL,59,1,200,334.0,66800.0
2021040704033744,PICL,38,38,10,886.0,8860.0
2021040704033743,SGI,42,42,65,779.0,50635.0
2021040704033742,UPCL,48,45,300,180.0,54000.0
2021040704033741,UPCL,57,57,32,181.0,5792.0
2021040704033740,UPCL,57,47,68,181.0,12308.0
2021040704033739,SSHL,21,41,390,247.0,96330.0
2021040704033738,SSHL,55,41,10,247.0,2470.0
2021040704033737,CHCL,49,32,50,682.0,34100.0
2021040704033736,CHCL,19,32,100,682.0,68200.0
2021040704033735,CHCL,37,32,70,682.0,47740.0
2021040704033734,CHCL,28,32,200,682.0,136400.0
2021040704033733,CHCL,46,32,50,682.0,34100.0
2021040704033732,CHCL,29,32,10,683.0,6830.0
2021040704033731,RHPL,40,42,30,513.0,15390.0
2021040704033730,RHPL,40,28,70,512.0,35840.0
2021040704033729,AIL,48,35,10,878.0,8780.0
2021040704033728,UMRH,14,28,10,311.0,3110.0
2021040704033727,UIC,52,10,410,705.0,289050.0
2021040704033726,UIC,48,10,10,705.0,7050.0
2021040704033725,UIC,42,10,10,705.0,7050.0
2021040704033724,UIC,16,10,50,705.0,35250.0
2021040704033723,UIC,41,10,440,705.0,310200.0
2021040704033722,UIC,25,10,210,706.0,148260.0
2021040704033721,UIC,58,10,500,707.0,353500.0
2021040704033720,CGH,48,53,20,2578.0,51560.0
2021040704033719,NIL,19,32,151,1668.0,251868.0
2021040704033718,NIL,19,32,99,1668.0,165132.0
2021040704033717,PMHPL,41,41,20,198.0,3960.0
2021040704033716,RHPL,3,36,205,509.0,104345.0
2021040704033715,SGI,55,42,600,779.0,467400.0
2021040704033714,UPPER,28,57,25,891.0,22275.0
2021040704033713,SJCL,52,40,30,492.0,14760.0
2021040704033712,UPPER,58,57,100,891.0,89100.0
2021040704033711,UNHPL,58,50,10,136.0,1360.0
2021040704033710,UNHPL,58,45,20,136.0,2720.0
2021040704033709,CGH,25,14,10,2562.0,25620.0
2021040704033708,CGH,1,14,10,2562.0,25620.0
2021040704033707,CGH,53,14,10,2562.0,25620.0
2021040704033706,CGH,17,14,20,2570.0,51400.0
2021040704033705,CGH,20,14,10,2572.0,25720.0
2021040704033704,RHPL,34,36,50,509.0,25450.0
2021040704033703,RHPL,59,36,545,510.0,277950.0
2021040704033702,HPPL,57,50,115,400.0,46000.0
2021040704033701,EIC,39,56,100,758.0,75800.0
2021040704033700,SJCL,43,40,10,492.0,4920.0
2021040704033699,GIC,56,17,100,720.0,72000.0
2021040704033698,HPPL,46,50,70,400.0,28000.0
2021040704033697,AKPL,10,1,20,334.0,6680.0
2021040704033696,AKPL,41,1,100,334.0,33400.0
2021040704033695,AKPL,28,1,421,334.0,140614.0
2021040704033694,GIC,45,17,20,720.0,14400.0
2021040704033693,RHPC,6,21,100,217.0,21700.0
2021040704033692,RHPC,6,42,100,217.0,21700.0
2021040704033691,PICL,40,26,110,885.0,97350.0
2021040704033690,PICL,40,56,90,883.0,79470.0
2021040704033689,NLG,43,50,25,1150.0,28750.0
2021040704033688,SPDL,5,26,237,279.0,66123.0
2021040704033687,SPDL,3,26,323,279.0,90117.0
2021040704033686,NHPC,55,11,200,176.0,35200.0
2021040704033685,NHPC,14,11,200,176.0,35200.0
2021040704033684,RHPL,10,42,260,513.0,133380.0
2021040704033683,RHPL,10,57,40,512.0,20480.0
2021040704033682,AIL,48,46,50,878.0,43900.0
2021040704033681,HGI,3,57,70,803.0,56210.0
2021040704033680,PRIN,55,6,80,953.0,76240.0
2021040704033679,HDHPC,17,58,630,151.0,95130.0
2021040704033678,PRIN,34,57,100,952.0,95200.0
2021040704033677,SGI,40,35,110,778.0,85580.0
2021040704033676,NICL,32,47,232,817.0,189544.0
2021040704033675,CGH,47,53,77,2578.0,198506.0
2021040704033674,AIL,57,33,30,878.0,26340.0
2021040704033673,CGH,14,53,10,2578.0,25780.0
2021040704033672,SSHL,42,57,100,248.0,24800.0
2021040704033671,PMHPL,41,43,10,198.0,1980.0
2021040704033670,RHPL,59,52,80,510.0,40800.0
2021040704033669,PIC,33,6,20,1320.0,26400.0
2021040704033668,PIC,33,21,40,1319.0,52760.0
2021040704033667,SJCL,17,6,10,491.0,4910.0
2021040704033666,AIL,50,38,100,880.0,88000.0
2021040704033665,DHPL,59,29,200,126.0,25200.0
2021040704033664,DHPL,59,45,55,126.0,6930.0
2021040704033663,UPPER,58,16,40,890.0,35600.0
2021040704033662,MEN,47,46,10,727.0,7270.0
2021040704033661,SJCL,17,42,40,491.0,19640.0
2021040704033660,JOSHI,34,42,100,138.0,13800.0
2021040704033659,UNHPL,58,45,30,136.0,4080.0
2021040704033658,SIL,6,45,100,1260.0,126000.0
2021040704033657,PIC,53,52,10,1317.0,13170.0
2021040704033656,BARUN,50,35,24,245.0,5880.0
2021040704033655,LGIL,16,26,100,825.0,82500.0
2021040704033654,LGIL,16,43,100,825.0,82500.0
2021040704033653,LGIL,16,42,50,825.0,41250.0
2021040704033652,LGIL,16,17,20,824.0,16480.0
2021040704033651,LGIL,16,43,222,823.0,182706.0
2021040704033650,PRIN,34,47,171,952.0,162792.0
2021040704033649,PRIN,58,47,29,952.0,27608.0
2021040704033648,UIC,25,10,30,706.0,21180.0
2021040704033647,UMHL,34,42,998,198.0,197604.0
2021040704033646,UPCL,42,47,42,181.0,7602.0
2021040704033645,LEC,53,42,10,302.0,3020.0
2021040704033644,RHPL,59,17,180,510.0,91800.0
2021040704033643,SIL,45,45,25,1260.0,31500.0
2021040704033642,SJCL,17,32,35,491.0,17185.0
2021040704033641,SJCL,57,32,10,491.0,4910.0
2021040704033640,SJCL,32,32,55,491.0,27005.0
2021040704033639,RHPL,59,53,95,510.0,48450.0
2021040704033638,BPCL,7,29,13,432.0,5616.0
2021040704033637,BPCL,7,25,10,432.0,4320.0
2021040704033636,BPCL,7,14,300,432.0,129600.0
2021040704033635,BPCL,7,35,46,432.0,19872.0
2021040704033634,UMHL,16,7,"1,000",197.0,197000.0
2021040704033633,UIC,13,10,200,706.0,141200.0
2021040704033632,UIC,25,10,20,706.0,14120.0
2021040704033631,UIC,10,10,40,706.0,28240.0
2021040704033630,HGI,52,57,40,803.0,32120.0
2021040704033629,SJCL,32,5,145,491.0,71195.0
2021040704033628,SJCL,59,5,30,491.0,14730.0
2021040704033627,SJCL,54,5,25,491.0,12275.0
2021040704033626,SJCL,43,28,40,492.0,19680.0
2021040704033625,HGI,52,26,10,803.0,8030.0
2021040704033624,HGI,10,26,90,803.0,72270.0
2021040704033623,PICL,36,56,100,883.0,88300.0
2021040704033622,TRH,26,49,10,332.0,3320.0
2021040704033621,AKPL,28,32,28,334.0,9352.0
2021040704033620,GIC,22,52,40,718.0,28720.0
2021040704033619,HDHPC,47,58,400,151.0,60400.0
2021040704033618,SJCL,43,16,40,492.0,19680.0
2021040704033617,HGI,14,38,100,804.0,80400.0
2021040704033616,UPCL,56,47,300,181.0,54300.0
2021040704033615,LGIL,1,28,35,822.0,28770.0
2021040704033614,LGIL,41,28,265,822.0,217830.0
2021040704033613,DHPL,29,57,63,125.0,7875.0
2021040704033612,DHPL,44,57,160,125.0,20000.0
2021040704033611,DHPL,17,57,150,125.0,18750.0
2021040704033610,DHPL,59,57,627,125.0,78375.0
2021040704033609,LGIL,17,43,37,823.0,30451.0
2021040704033608,LGIL,17,7,34,823.0,27982.0
2021040704033607,LGIL,17,17,29,823.0,23867.0
2021040704033606,UPCL,38,47,40,181.0,7240.0
2021040704033605,UPCL,38,46,60,181.0,10860.0
2021040704033604,RHPL,59,14,60,510.0,30600.0
2021040704033603,RHPL,59,41,10,510.0,5100.0
2021040704033602,RHPL,59,42,10,510.0,5100.0
2021040704033601,RHPL,59,34,"2,040",510.0,1040400.0
2021040704033600,UIC,10,57,250,706.0,176500.0
2021040704033599,NLG,14,3,10,1146.0,11460.0
2021040704033598,NLG,50,3,50,1146.0,57300.0
2021040704033597,NLG,38,3,364,1146.0,417144.0
2021040704033596,UPPER,34,41,50,891.0,44550.0
2021040704033595,UPPER,34,49,150,891.0,133650.0
2021040704033594,CGH,50,53,50,2578.0,128900.0
2021040704033593,DHPL,59,28,295,125.0,36875.0
2021040704033592,SSHL,32,57,"1,050",248.0,260400.0
2021040704033591,SSHL,32,57,150,247.0,37050.0
2021040704033590,CGH,42,53,200,2578.0,515600.0
2021040704033589,NIL,45,55,267,1662.0,443754.0
2021040704033588,NIL,38,55,180,1663.0,299340.0
2021040704033587,NIL,16,55,53,1663.0,88139.0
2021040704033586,SIC,17,32,50,1711.0,85550.0
2021040704033585,CHCL,25,32,10,685.0,6850.0
2021040704033584,CHCL,25,57,40,684.0,27360.0
2021040704033583,HGI,10,25,10,803.0,8030.0
2021040704033582,HGI,32,25,140,803.0,112420.0
2021040704033581,RHPL,40,34,900,510.0,459000.0
2021040704033580,CGH,58,53,30,2578.0,77340.0
2021040704033579,PICL,58,56,100,883.0,88300.0
2021040704033578,BARUN,58,38,100,245.0,24500.0
2021040704033577,UPPER,58,8,50,891.0,44550.0
2021040704033576,UPPER,58,50,82,890.0,72980.0
2021040704033575,SJCL,43,48,11,492.0,5412.0
2021040704033574,API,43,34,500,329.0,164500.0
2021040704033573,UMRH,56,58,10,310.0,3100.0
2021040704033572,HDHPC,16,58,500,151.0,75500.0
2021040704033571,HDHPC,25,58,100,151.0,15100.0
2021040704033570,HDHPC,21,58,100,151.0,15100.0
2021040704033569,HDHPC,5,58,100,151.0,15100.0
2021040704033568,HDHPC,41,58,"3,000",151.0,453000.0
2021040704033567,HDHPC,17,58,500,151.0,75500.0
2021040704033566,HDHPC,13,58,500,151.0,75500.0
2021040704033565,HDHPC,43,58,500,151.0,75500.0
2021040704033564,HDHPC,17,58,200,151.0,30200.0
2021040704033563,HDHPC,1,58,"2,000",151.0,302000.0
2021040704033562,HDHPC,13,58,100,151.0,15100.0
2021040704033561,HDHPC,41,58,380,151.0,57380.0
2021040704033560,HDHPC,34,58,90,151.0,13590.0
2021040704033559,HDHPC,41,58,200,152.0,30400.0
2021040704033558,SHPC,58,28,24,372.0,8928.0
2021040704033557,SHPC,58,34,445,372.0,165540.0
2021040704033556,MEN,47,4,10,727.0,7270.0
2021040704033555,PMHPL,41,41,10,196.0,1960.0
2021040704033554,PMHPL,41,42,380,196.0,74480.0
2021040704033553,PMHPL,41,41,490,194.0,95060.0
2021040704033552,PMHPL,41,19,100,191.0,19100.0
2021040704033551,PICL,53,56,60,883.0,52980.0
2021040704033550,PICL,53,48,140,883.0,123620.0
2021040704033549,UPCL,38,19,96,181.0,17376.0
2021040704033548,UPCL,38,6,304,181.0,55024.0
2021040704033547,UPPER,48,7,111,889.0,98679.0
2021040704033546,UPPER,50,7,100,889.0,88900.0
2021040704033545,UPPER,29,7,100,889.0,88900.0
2021040704033544,UPPER,6,7,50,889.0,44450.0
2021040704033543,UPPER,34,7,100,889.0,88900.0
2021040704033542,UPPER,57,7,100,889.0,88900.0
2021040704033541,DHPL,59,56,11,125.0,1375.0
2021040704033540,HDHPC,34,20,910,151.0,137410.0
2021040704033539,HDHPC,21,20,500,151.0,75500.0
2021040704033538,HDHPC,47,20,100,151.0,15100.0
2021040704033537,HDHPC,4,20,100,151.0,15100.0
2021040704033536,HDHPC,21,20,50,151.0,7550.0
2021040704033535,HDHPC,53,20,40,151.0,6040.0
2021040704033534,HDHPC,1,20,200,152.0,30400.0
2021040704033533,HDHPC,32,20,100,152.0,15200.0
2021040704033532,PICL,14,33,25,883.0,22075.0
2021040704033531,SSHL,55,57,200,247.0,49400.0
2021040704033530,HGI,32,11,10,803.0,8030.0
2021040704033529,PPCL,32,26,30,301.0,9030.0
2021040704033528,NLG,38,50,136,1145.0,155720.0
2021040704033527,NIL,16,55,147,1663.0,244461.0
2021040704033526,SIC,33,32,50,1711.0,85550.0
2021040704033525,AHPC,22,21,104,267.0,27768.0
2021040704033524,AHPC,42,21,50,267.0,13350.0
2021040704033523,AHPC,57,21,61,267.0,16287.0
2021040704033522,HPPL,35,50,21,400.0,8400.0
2021040704033521,HPPL,59,50,100,400.0,40000.0
2021040704033520,HPPL,55,50,14,400.0,5600.0
2021040704033519,HPPL,7,50,50,400.0,20000.0
2021040704033518,UPPER,50,50,218,890.0,194020.0
2021040704033517,UPPER,50,41,282,890.0,250980.0
2021040704033516,SSHL,34,57,150,247.0,37050.0
2021040704033515,UPPER,13,41,108,890.0,96120.0
2021040704033514,UPPER,14,41,110,890.0,97900.0
2021040704033513,UPPER,14,25,40,890.0,35600.0
2021040704033512,UPPER,14,57,20,890.0,17800.0
2021040704033511,UPPER,14,45,30,890.0,26700.0
2021040704033510,SSHL,34,53,50,247.0,12350.0
2021040704033509,SSHL,11,53,100,247.0,24700.0
2021040704033508,PIC,53,32,100,1315.0,131500.0
2021040704033507,PIC,53,45,100,1315.0,131500.0
2021040704033506,SGI,40,37,50,778.0,38900.0
2021040704033505,RHPC,35,17,76,216.0,16416.0
2021040704033504,RHPC,54,17,50,216.0,10800.0
2021040704033503,RHPC,53,17,24,216.0,5184.0
2021040704033502,NIL,26,55,53,1663.0,88139.0
2021040704033501,HGI,19,38,120,804.0,96480.0
2021040704033500,HGI,19,18,50,804.0,40200.0
2021040704033499,HGI,19,42,30,804.0,24120.0
2021040704033498,SGI,40,21,10,778.0,7780.0
2021040704033497,NLG,45,50,25,1145.0,28625.0
2021040704033496,NLG,49,50,50,1145.0,57250.0
2021040704033495,CGH,56,59,10,2577.0,25770.0
2021040704033494,RHPL,43,34,80,510.0,40800.0
2021040704033493,RHPL,43,21,20,509.0,10180.0
2021040704033492,NHDL,17,47,191,314.0,59974.0
2021040704033491,UPPER,26,45,50,890.0,44500.0
2021040704033490,HGI,14,42,200,804.0,160800.0
2021040704033489,RADHI,48,42,480,479.0,229920.0
2021040704033488,AKPL,35,50,100,335.0,33500.0
2021040704033487,HDHPC,17,49,958,153.0,146574.0
2021040704033486,HDHPC,17,28,"1,244",153.0,190332.0
2021040704033485,HDHPC,17,6,500,152.0,76000.0
2021040704033484,HDHPC,17,4,877,152.0,133304.0
2021040704033483,HDHPC,17,17,300,152.0,45600.0
2021040704033482,HDHPC,17,56,321,152.0,48792.0
2021040704033481,HDHPC,17,54,500,152.0,76000.0
2021040704033480,HDHPC,17,19,300,152.0,45600.0
2021040704033479,MHNL,33,20,30,259.0,7770.0
2021040704033478,AHPC,48,28,100,268.0,26800.0
2021040704033477,HGI,32,32,500,803.0,401500.0
2021040704033476,UPCL,52,21,200,180.0,36000.0
2021040704033475,UPCL,38,21,100,180.0,18000.0
2021040704033474,UPCL,35,6,100,181.0,18100.0
2021040704033473,CHCL,57,26,50,683.0,34150.0
2021040704033472,CHCL,36,26,100,683.0,68300.0
2021040704033471,CHCL,48,26,45,684.0,30780.0
2021040704033470,AKJCL,54,19,200,157.0,31400.0
2021040704033469,NLG,21,49,50,1146.0,57300.0
2021040704033468,CHCL,25,29,50,685.0,34250.0
2021040704033467,RHPL,37,38,70,508.0,35560.0
2021040704033466,SPDL,1,26,390,280.0,109200.0
2021040704033465,SGI,35,10,10,779.0,7790.0
2021040704033464,UMRH,56,57,10,310.0,3100.0
2021040704033463,HURJA,47,3,195,338.0,65910.0
2021040704033462,HURJA,47,45,65,338.0,21970.0
2021040704033461,SJCL,54,29,20,491.0,9820.0
2021040704033460,KPCL,32,55,170,286.0,48620.0
2021040704033459,SJCL,21,48,10,492.0,4920.0
2021040704033458,RHPL,56,21,50,509.0,25450.0
2021040704033457,RHPL,56,3,950,509.0,483550.0
2021040704033456,HGI,32,55,350,803.0,281050.0
2021040704033455,LGIL,41,48,100,822.0,82200.0
2021040704033454,SPDL,1,29,10,280.0,2800.0
2021040704033453,HGI,36,32,500,803.0,401500.0
2021040704033452,GLH,49,42,10,373.0,3730.0
2021040704033451,HDHPC,48,19,100,152.0,15200.0
2021040704033450,HDHPC,38,19,500,152.0,76000.0
2021040704033449,CHCL,48,58,30,684.0,20520.0
2021040704033448,CGH,29,53,100,2578.0,257800.0
2021040704033447,CGH,53,53,20,2578.0,51560.0
2021040704033446,CGH,40,53,20,2578.0,51560.0
2021040704033445,CGH,40,53,25,2578.0,64450.0
2021040704033444,CGH,3,53,20,2578.0,51560.0
2021040704033443,CGH,6,53,20,2578.0,51560.0
2021040704033442,CGH,48,53,70,2578.0,180460.0
2021040704033441,MEN,47,47,10,727.0,7270.0
2021040704033440,HDHPC,53,28,15,151.0,2265.0
2021040704033439,RHPL,33,40,70,507.0,35490.0
2021040704033438,CHL,26,14,100,230.0,23000.0
2021040704033437,CHL,26,50,400,230.0,92000.0
2021040704033436,AIL,42,38,260,880.0,228800.0
2021040704033435,IGI,19,42,19,1220.0,23180.0
2021040704033434,IGI,19,10,11,1220.0,13420.0
2021040704033433,RBCL,29,58,10,18500.0,185000.0
2021040704033432,HPPL,4,38,40,402.0,16080.0
2021040704033431,HPPL,4,53,10,401.0,4010.0
2021040704033430,SSHL,14,57,50,248.0,12400.0
2021040704033429,KPCL,14,55,10,286.0,2860.0
2021040704033428,AIL,42,34,30,880.0,26400.0
2021040704033427,GLH,49,6,10,373.0,3730.0
2021040704033426,SICL,36,6,100,1922.0,192200.0
2021040704033425,PIC,53,13,100,1314.0,131400.0
2021040704033424,RADHI,21,45,100,479.0,47900.0
2021040704033423,API,56,36,516,328.0,169248.0
2021040704033422,API,38,36,100,328.0,32800.0
2021040704033421,API,49,36,140,328.0,45920.0
2021040704033420,API,58,36,100,328.0,32800.0
2021040704033419,API,45,36,144,328.0,47232.0
2021040704033418,AIL,42,50,10,880.0,8800.0
2021040704033417,NIL,45,35,10,1662.0,16620.0
2021040704033416,LGIL,41,16,35,822.0,28770.0
2021040704033415,API,14,34,"1,000",329.0,329000.0
2021040704033414,CHCL,48,48,66,684.0,45144.0
2021040704033413,RHPL,38,3,20,509.0,10180.0
2021040704033412,HDHPC,47,19,100,152.0,15200.0
2021040704033411,SIC,59,4,10,1705.0,17050.0
2021040704033410,SIC,34,4,95,1705.0,161975.0
2021040704033409,SIC,38,4,50,1705.0,85250.0
2021040704033408,SIC,26,4,50,1706.0,85300.0
2021040704033407,SIC,53,4,200,1708.0,341600.0
2021040704033406,SIC,49,4,10,1708.0,17080.0
2021040704033405,SIC,53,4,10,1709.0,17090.0
2021040704033404,SIC,7,4,20,1709.0,34180.0
2021040704033403,SIC,32,4,50,1709.0,85450.0
2021040704033402,AKPL,4,50,77,335.0,25795.0
2021040704033401,AKPL,4,45,123,335.0,41205.0
2021040704033400,CHCL,48,57,52,684.0,35568.0
2021040704033399,CHCL,36,57,20,684.0,13680.0
2021040704033398,CHCL,57,57,128,684.0,87552.0
2021040704033397,SGI,40,19,10,778.0,7780.0
2021040704033396,SIL,36,45,280,1260.0,352800.0
2021040704033395,NLG,14,25,100,1145.0,114500.0
2021040704033394,AIL,57,17,92,880.0,80960.0
2021040704033393,CGH,48,55,10,2578.0,25780.0
2021040704033392,UMHL,16,7,769,197.0,151493.0
2021040704033391,SICL,36,21,43,1922.0,82646.0
2021040704033390,CHCL,57,13,100,684.0,68400.0
2021040704033389,CHCL,26,29,450,685.0,308250.0
2021040704033388,CHCL,26,19,250,685.0,171250.0
2021040704033387,CHCL,26,58,182,685.0,124670.0
2021040704033386,CHCL,26,56,100,685.0,68500.0
2021040704033385,CHCL,26,53,18,685.0,12330.0
2021040704033384,UPCL,52,6,15,181.0,2715.0
2021040704033383,CGH,48,34,10,2578.0,25780.0
2021040704033382,BPCL,21,35,100,432.0,43200.0
2021040704033381,LEC,14,45,10,301.0,3010.0
2021040704033380,GIC,21,53,100,718.0,71800.0
2021040704033379,HDHPC,29,38,297,152.0,45144.0
2021040704033378,HDHPC,29,36,495,152.0,75240.0
2021040704033377,HDHPC,29,58,208,152.0,31616.0
2021040704033376,RHPC,28,42,500,217.0,108500.0
2021040704033375,UPCL,10,6,81,181.0,14661.0
2021040704033374,UPCL,10,41,50,181.0,9050.0
2021040704033373,UPCL,10,43,150,181.0,27150.0
2021040704033372,UPCL,10,49,719,181.0,130139.0
2021040704033371,GLH,45,33,100,374.0,37400.0
2021040704033370,SICL,43,21,10,1922.0,19220.0
2021040704033369,UMRH,56,14,100,310.0,31000.0
2021040704033368,UIC,13,29,308,708.0,218064.0
2021040704033367,UIC,13,49,10,707.0,7070.0
2021040704033366,UIC,13,50,100,707.0,70700.0
2021040704033365,UIC,13,45,100,707.0,70700.0
2021040704033364,UIC,13,29,132,707.0,93324.0
2021040704033363,UIC,13,17,70,706.0,49420.0
2021040704033362,UIC,13,17,280,706.0,197680.0
2021040704033361,SJCL,19,48,49,492.0,24108.0
2021040704033360,SICL,28,21,100,1922.0,192200.0
2021040704033359,UIC,50,17,10,706.0,7060.0
2021040704033358,UPPER,57,57,50,889.0,44450.0
2021040704033357,UMHL,16,40,46,197.0,9062.0
2021040704033356,RHPL,33,40,80,507.0,40560.0
2021040704033355,SHPC,14,34,300,372.0,111600.0
2021040704033354,KPCL,35,55,100,286.0,28600.0
2021040704033353,KPCL,17,55,40,286.0,11440.0
2021040704033352,KPCL,57,55,500,286.0,143000.0
2021040704033351,KPCL,34,55,50,286.0,14300.0
2021040704033350,KPCL,32,55,630,286.0,180180.0
2021040704033349,AIL,57,19,20,880.0,17600.0
2021040704033348,AIL,57,19,10,880.0,8800.0
2021040704033347,STC,26,38,20,11298.0,225960.0
2021040704033346,LEC,14,56,10,301.0,3010.0
2021040704033345,UPPER,10,45,10,890.0,8900.0
2021040704033344,UPCL,17,40,200,180.0,36000.0
2021040704033343,SIC,38,6,10,1712.0,17120.0
2021040704033342,API,26,34,120,329.0,39480.0
2021040704033341,NHPC,14,20,200,176.0,35200.0
2021040704033340,NHPC,45,20,150,176.0,26400.0
2021040704033339,NHPC,49,20,50,176.0,8800.0
2021040704033338,NHPC,21,20,"1,000",176.0,176000.0
2021040704033337,NHPC,6,20,100,176.0,17600.0
2021040704033336,NHPC,59,20,500,176.0,88000.0
2021040704033335,NHPC,28,20,"1,572",176.0,276672.0
2021040704033334,BPCL,56,1,26,431.0,11206.0
2021040704033333,IGI,50,10,50,1220.0,61000.0
2021040704033332,PICL,49,33,63,883.0,55629.0
2021040704033331,HDHPC,53,42,10,151.0,1510.0
2021040704033330,SIC,53,6,19,1712.0,32528.0
2021040704033329,SIC,53,32,26,1711.0,44486.0
2021040704033328,SIC,7,32,266,1711.0,455126.0
2021040704033327,HGI,20,28,100,803.0,80300.0
2021040704033326,PIC,53,45,100,1310.0,131000.0
2021040704033325,NICGF,7,32,100,12.61,1261.0
2021040704033324,SICL,18,36,28,1920.0,53760.0
2021040704033323,SICL,57,36,10,1920.0,19200.0
2021040704033322,SICL,58,36,40,1920.0,76800.0
2021040704033321,SICL,41,36,12,1920.0,23040.0
2021040704033320,SJCL,54,1,10,491.0,4910.0
2021040704033319,RRHP,57,38,20,373.0,7460.0
2021040704033318,RRHP,54,38,363,373.0,135399.0
2021040704033317,UPPER,8,45,50,890.0,44500.0
2021040704033316,HGI,58,26,95,802.0,76190.0
2021040704033315,CHCL,57,19,300,684.0,205200.0
2021040704033314,RHPL,33,19,150,507.0,76050.0
2021040704033313,RHPL,11,19,50,507.0,25350.0
2021040704033312,RHPL,45,3,100,509.0,50900.0
2021040704033311,CHCL,38,53,100,685.0,68500.0
2021040704033310,GLH,49,57,10,373.0,3730.0
2021040704033309,SJCL,54,29,20,491.0,9820.0
2021040704033308,SJCL,54,45,230,491.0,112930.0
2021040704033307,SICL,18,21,50,1922.0,96100.0
2021040704033306,CGH,48,17,10,2578.0,25780.0
2021040704033305,AHPC,19,28,200,268.0,53600.0
2021040704033304,SIC,7,21,26,1711.0,44486.0
2021040704033303,SPDL,45,16,158,281.0,44398.0
2021040704033302,SPDL,45,57,42,281.0,11802.0
2021040704033301,LUK,5,38,100,10.15,1015.0
2021040704033300,AKPL,28,42,11,334.0,3674.0
2021040704033299,NLG,14,41,25,1145.0,28625.0
2021040704033298,GLH,49,49,10,373.0,3730.0
2021040704033297,KKHC,48,49,16,136.0,2176.0
2021040704033296,CGH,48,21,10,2578.0,25780.0
2021040704033295,UPCL,22,49,50,181.0,9050.0
2021040704033294,UPCL,22,29,50,180.0,9000.0
2021040704033293,HDHPC,6,58,20,152.0,3040.0
2021040704033292,GIC,21,56,71,718.0,50978.0
2021040704033291,UMRH,56,52,10,310.0,3100.0
2021040704033290,UMRH,56,42,10,309.0,3090.0
2021040704033289,UMRH,56,45,10,309.0,3090.0
2021040704033288,UPCL,26,29,100,180.0,18000.0
2021040704033287,UPCL,5,29,50,180.0,9000.0
2021040704033286,NIL,32,35,50,1662.0,83100.0
2021040704033285,NHPC,28,56,428,176.0,75328.0
2021040704033284,NHPC,57,56,"2,227",176.0,391952.0
2021040704033283,LGIL,49,16,15,822.0,12330.0
2021040704033282,RHPC,17,42,100,217.0,21700.0
2021040704033281,SSHL,8,57,300,248.0,74400.0
2021040704033280,SSHL,8,57,200,248.0,49600.0
2021040704033279,PICL,38,33,60,883.0,52980.0
2021040704033278,GLH,49,33,50,374.0,18700.0
2021040704033277,GLH,20,33,10,374.0,3740.0
2021040704033276,SJCL,38,57,20,490.0,9800.0
2021040704033275,MEN,5,48,190,728.0,138320.0
2021040704033274,MEN,5,45,10,728.0,7280.0
2021040704033273,MEN,5,52,100,728.0,72800.0
2021040704033272,PMHPL,6,41,10,194.0,1940.0
2021040704033271,API,41,34,30,329.0,9870.0
2021040704033270,RHPL,5,1,50,507.0,25350.0
2021040704033269,CHCL,25,53,52,685.0,35620.0
2021040704033268,UPPER,57,48,10,889.0,8890.0
2021040704033267,SGI,40,35,10,778.0,7780.0
2021040704033266,HDHPC,47,58,500,152.0,76000.0
2021040704033265,HDHPC,41,58,500,152.0,76000.0
2021040704033264,CGH,48,16,10,2578.0,25780.0
2021040704033263,UPPER,45,45,700,890.0,623000.0
2021040704033262,PMHPL,48,25,10,194.0,1940.0
2021040704033261,NIL,29,48,30,1660.0,49800.0
2021040704033260,NIL,14,48,50,1661.0,83050.0
2021040704033259,NIL,57,48,190,1661.0,315590.0
2021040704033258,NIL,57,48,30,1662.0,49860.0
2021040704033257,NIL,19,48,200,1663.0,332600.0
2021040704033256,UPCL,55,49,180,181.0,32580.0
2021040704033255,HGI,8,21,50,803.0,40150.0
2021040704033254,HDHPC,47,58,500,152.0,76000.0
2021040704033253,UIC,41,17,50,706.0,35300.0
2021040704033252,GIC,56,17,185,720.0,133200.0
2021040704033251,GIC,56,52,10,720.0,7200.0
2021040704033250,GIC,56,38,50,720.0,36000.0
2021040704033249,GIC,56,3,10,720.0,7200.0
2021040704033248,GIC,56,55,10,720.0,7200.0
2021040704033247,GIC,56,21,10,720.0,7200.0
2021040704033246,GIC,56,5,75,720.0,54000.0
2021040704033245,GIC,56,34,50,719.0,35950.0
2021040704033244,GIC,56,43,10,719.0,7190.0
2021040704033243,GIC,56,11,10,719.0,7190.0
2021040704033242,GIC,56,5,20,719.0,14380.0
2021040704033241,GIC,56,57,60,719.0,43140.0
2021040704033240,SJCL,38,11,50,490.0,24500.0
2021040704033239,UMHL,38,42,500,198.0,99000.0
2021040704033238,UPPER,26,45,160,890.0,142400.0
2021040704033237,UPPER,26,42,40,890.0,35600.0
2021040704033236,UPPER,26,46,300,890.0,267000.0
2021040704033235,UMHL,21,42,"1,000",198.0,198000.0
2021040704033234,SSHL,14,59,50,248.0,12400.0
2021040704033233,SJCL,38,41,15,490.0,7350.0
2021040704033232,UPCL,28,49,10,181.0,1810.0
2021040704033231,API,49,34,300,329.0,98700.0
2021040704033230,PIC,53,38,200,1308.0,261600.0
2021040704033229,SJCL,38,56,70,490.0,34300.0
2021040704033228,NLG,42,4,236,1144.0,269984.0
2021040704033227,UPPER,17,46,200,890.0,178000.0
2021040704033226,UPPER,17,10,100,890.0,89000.0
2021040704033225,PICL,43,29,50,882.0,44100.0
2021040704033224,CHCL,19,53,50,685.0,34250.0
2021040704033223,UPCL,54,49,10,181.0,1810.0
2021040704033222,RADHI,45,45,40,479.0,19160.0
2021040704033221,RHPL,43,3,330,509.0,167970.0
2021040704033220,RHPL,43,42,70,509.0,35630.0
2021040704033219,RHPL,43,55,30,509.0,15270.0
2021040704033218,RHPL,43,14,70,509.0,35630.0
2021040704033217,UPPER,1,50,100,890.0,89000.0
2021040704033216,HDHPC,41,58,500,152.0,76000.0
2021040704033215,SJCL,38,8,30,490.0,14700.0
2021040704033214,GIC,21,34,10,718.0,7180.0
2021040704033213,CGH,48,25,200,2578.0,515600.0
2021040704033212,AHPC,17,28,10,268.0,2680.0
2021040704033211,HDHPC,42,58,10,152.0,1520.0
2021040704033210,CGH,48,38,20,2578.0,51560.0
2021040704033209,UPCL,34,49,31,181.0,5611.0
2021040704033208,UPCL,34,21,50,181.0,9050.0
2021040704033207,UPCL,34,42,19,181.0,3439.0
2021040704033206,AIL,43,48,100,882.0,88200.0
2021040704033205,BPCL,56,1,50,431.0,21550.0
2021040704033204,BPCL,56,29,440,431.0,189640.0
2021040704033203,HPPL,46,26,400,400.0,160000.0
2021040704033202,HPPL,22,26,50,400.0,20000.0
2021040704033201,HPPL,34,26,30,400.0,12000.0
2021040704033200,HPPL,51,26,35,400.0,14000.0
2021040704033199,RHPL,5,7,50,507.0,25350.0
2021040704033198,UPCL,5,11,200,180.0,36000.0
2021040704033197,UIC,41,3,60,705.0,42300.0
2021040704033196,UIC,47,3,200,705.0,141000.0
2021040704033195,UIC,13,3,500,705.0,352500.0
2021040704033194,UIC,38,3,10,705.0,7050.0
2021040704033193,UIC,19,3,25,705.0,17625.0
2021040704033192,UIC,48,3,100,705.0,70500.0
2021040704033191,UIC,11,3,105,705.0,74025.0
2021040704033190,KPCL,32,55,20,286.0,5720.0
2021040704033189,SSHL,42,59,100,248.0,24800.0
2021040704033188,SICL,49,21,52,1922.0,99944.0
2021040704033187,AKJCL,54,42,20,157.0,3140.0
2021040704033186,SJCL,38,14,40,490.0,19600.0
2021040704033185,GIC,21,1,10,718.0,7180.0
2021040704033184,HGI,8,34,100,803.0,80300.0
2021040704033183,CHL,40,50,100,230.0,23000.0
2021040704033182,CHL,40,46,100,230.0,23000.0
2021040704033181,PMHPL,6,50,10,193.0,1930.0
2021040704033180,CGH,48,52,10,2578.0,25780.0
2021040704033179,HGI,34,42,50,804.0,40200.0
2021040704033178,IGI,34,10,31,1220.0,37820.0
2021040704033177,EIC,45,56,200,759.0,151800.0
2021040704033176,HDHPC,42,58,100,152.0,15200.0
2021040704033175,SICL,41,4,38,1920.0,72960.0
2021040704033174,SICL,59,4,12,1920.0,23040.0
2021040704033173,HGI,49,4,500,803.0,401500.0
2021040704033172,UPCL,34,42,81,181.0,14661.0
2021040704033171,UPCL,34,57,119,181.0,21539.0
2021040704033170,IGI,41,42,84,1215.0,102060.0
2021040704033169,IGI,34,42,16,1215.0,19440.0
2021040704033168,AHPC,57,28,20,268.0,5360.0
2021040704033167,AHPC,57,6,80,268.0,21440.0
2021040704033166,HGI,49,11,10,803.0,8030.0
2021040704033165,SICL,11,21,10,1922.0,19220.0
2021040704033164,UPPER,57,50,100,890.0,89000.0
2021040704033163,API,43,34,100,329.0,32900.0
2021040704033162,UPCL,46,57,150,181.0,27150.0
2021040704033161,SHPC,45,34,100,372.0,37200.0
2021040704033160,SHPC,45,34,50,372.0,18600.0
2021040704033159,SHPC,45,34,50,372.0,18600.0
2021040704033158,SHPC,53,34,100,372.0,37200.0
2021040704033157,SHPC,42,34,"1,000",372.0,372000.0
2021040704033156,SHPC,34,34,50,372.0,18600.0
2021040704033155,SHPC,29,34,500,372.0,186000.0
2021040704033154,SHPC,57,34,375,373.0,139875.0
2021040704033153,SHPC,25,34,300,373.0,111900.0
2021040704033152,SHPC,43,34,140,373.0,52220.0
2021040704033151,SHPC,58,34,765,373.0,285345.0
2021040704033150,SHPC,42,34,10,373.0,3730.0
2021040704033149,SHPC,29,34,500,374.0,187000.0
2021040704033148,SHPC,49,34,200,374.0,74800.0
2021040704033147,SHPC,45,34,100,374.0,37400.0
2021040704033146,SHPC,52,34,15,374.0,5610.0
2021040704033145,CGH,48,59,290,2578.0,747620.0
2021040704033144,CGH,48,18,20,2578.0,51560.0
2021040704033143,CGH,48,4,10,2578.0,25780.0
2021040704033142,SJCL,38,47,40,490.0,19600.0
2021040704033141,CGH,20,21,10,2578.0,25780.0
2021040704033140,CGH,20,52,10,2578.0,25780.0
2021040704033139,UPCL,21,57,25,181.0,4525.0
2021040704033138,HDHPC,53,1,10,151.0,1510.0
2021040704033137,SICL,47,21,10,1922.0,19220.0
2021040704033136,SJCL,45,45,40,491.0,19640.0
2021040704033135,RRHP,54,57,10,373.0,3730.0
2021040704033134,UIC,11,3,362,705.0,255210.0
2021040704033133,SJCL,35,45,20,491.0,9820.0
2021040704033132,API,45,46,356,328.0,116768.0
2021040704033131,API,1,46,20,328.0,6560.0
2021040704033130,API,29,46,624,328.0,204672.0
2021040704033129,GIC,47,14,36,716.0,25776.0
2021040704033128,GIC,34,14,50,717.0,35850.0
2021040704033127,GIC,57,14,14,717.0,10038.0
2021040704033126,NLG,19,43,133,1143.0,152019.0
2021040704033125,CGH,38,16,30,2561.0,76830.0
2021040704033124,NIL,57,5,60,1661.0,99660.0
2021040704033123,NIL,35,5,50,1661.0,83050.0
2021040704033122,NIL,48,5,15,1661.0,24915.0
2021040704033121,NIL,17,5,325,1661.0,539825.0
2021040704033120,NIL,35,5,50,1662.0,83100.0
2021040704033119,SIC,7,21,108,1711.0,184788.0
2021040704033118,SIC,7,50,100,1710.0,171000.0
2021040704033117,LGIL,14,43,300,821.0,246300.0
2021040704033116,AKPL,28,41,162,334.0,54108.0
2021040704033115,CGH,19,52,70,2578.0,180460.0
2021040704033114,CGH,19,45,10,2578.0,25780.0
2021040704033113,CGH,19,59,10,2571.0,25710.0
2021040704033112,CGH,19,17,10,2562.0,25620.0
2021040704033111,CMF2,43,48,500,11.02,5510.0
2021040704033110,RHPL,46,34,92,505.0,46460.0
2021040704033109,RHPL,41,34,500,505.0,252500.0
2021040704033108,RHPL,8,34,"2,000",505.0,1010000.0
2021040704033107,RHPL,56,34,500,505.0,252500.0
2021040704033106,RHPL,57,34,50,505.0,25250.0
2021040704033105,RHPL,58,34,280,505.0,141400.0
2021040704033104,RHPL,42,34,700,505.0,353500.0
2021040704033103,RHPL,47,34,100,505.0,50500.0
2021040704033102,RHPL,16,34,"2,000",505.0,1010000.0
2021040704033101,RHPL,21,34,10,505.0,5050.0
2021040704033100,RHPL,26,34,200,505.0,101000.0
2021040704033099,RHPL,16,34,"1,000",505.0,505000.0
2021040704033098,RHPL,29,34,600,506.0,303600.0
2021040704033097,RHPL,49,34,100,507.0,50700.0
2021040704033096,RHPL,36,34,30,507.0,15210.0
2021040704033095,RHPL,52,34,200,508.0,101600.0
2021040704033094,RHPL,45,34,20,508.0,10160.0
2021040704033093,RHPL,53,34,100,508.0,50800.0
2021040704033092,RHPL,41,34,30,508.0,15240.0
2021040704033091,RHPL,18,34,100,508.0,50800.0
2021040704033090,RHPL,45,34,600,508.0,304800.0
2021040704033089,RHPL,59,34,100,508.0,50800.0
2021040704033088,RHPL,51,34,500,508.0,254000.0
2021040704033087,RHPL,6,34,60,508.0,30480.0
2021040704033086,RHPL,49,34,120,508.0,60960.0
2021040704033085,RHPL,45,34,500,509.0,254500.0
2021040704033084,RHPL,45,34,50,509.0,25450.0
2021040704033083,RHPL,19,34,"1,000",509.0,509000.0
2021040704033082,RHPL,52,34,10,509.0,5090.0
2021040704033081,RHPL,33,34,300,509.0,152700.0
2021040704033080,RHPL,58,34,100,509.0,50900.0
2021040704033079,RHPL,58,34,48,509.0,24432.0
2021040704033078,NIL,26,32,50,1669.0,83450.0
2021040704033077,NIL,26,57,340,1669.0,567460.0
2021040704033076,NIL,26,59,10,1669.0,16690.0
2021040704033075,NIL,26,45,100,1668.0,166800.0
2021040704033074,UMRH,49,56,10,307.0,3070.0
2021040704033073,SGI,50,10,10,779.0,7790.0
2021040704033072,SJCL,57,45,100,491.0,49100.0
2021040704033071,HDHPC,34,58,60,152.0,9120.0
2021040704033070,SAEF,41,32,"2,000",14.11,28220.0
2021040704033069,UPPER,57,7,20,891.0,17820.0
2021040704033068,RHPL,58,8,70,509.0,35630.0
2021040704033067,RRHP,58,38,138,372.0,51336.0
2021040704033066,RRHP,36,38,300,372.0,111600.0
2021040704033065,RRHP,59,38,100,372.0,37200.0
2021040704033064,RRHP,29,38,100,372.0,37200.0
2021040704033063,RRHP,37,38,352,372.0,130944.0
2021040704033062,RRHP,38,38,10,373.0,3730.0
2021040704033061,PPCL,32,22,30,300.0,9000.0
2021040704033060,PPCL,32,45,30,300.0,9000.0
2021040704033059,PPCL,32,20,30,300.0,9000.0
2021040704033058,PRIN,53,6,20,953.0,19060.0
2021040704033057,SGI,50,40,10,779.0,7790.0
2021040704033056,UPCL,5,57,250,180.0,45000.0
2021040704033055,UPCL,57,57,50,180.0,9000.0
2021040704033054,UPCL,8,57,100,180.0,18000.0
2021040704033053,UPCL,29,57,100,180.0,18000.0
2021040704033052,SJCL,16,45,100,491.0,49100.0
2021040704033051,SJCL,33,45,10,491.0,4910.0
2021040704033050,HDHPC,8,58,160,152.0,24320.0
2021040704033049,UPPER,17,7,50,891.0,44550.0
2021040704033048,MEN,47,35,10,727.0,7270.0
2021040704033047,AKPL,33,41,50,334.0,16700.0
2021040704033046,AKPL,50,41,238,334.0,79492.0
2021040704033045,AKPL,50,49,162,334.0,54108.0
2021040704033044,SEF,43,29,"12,500",12.16,152000.0
2021040704033043,RHPL,58,3,382,509.0,194438.0
2021040704033042,RHPL,16,3,300,509.0,152700.0
2021040704033041,RHPL,58,3,150,509.0,76350.0
2021040704033040,RHPL,45,3,100,509.0,50900.0
2021040704033039,RHPL,29,3,100,509.0,50900.0
2021040704033038,AIL,42,48,15,882.0,13230.0
2021040704033037,SHPC,17,36,200,375.0,75000.0
2021040704033036,SHPC,29,36,200,375.0,75000.0
2021040704033035,SHPC,11,36,"1,000",375.0,375000.0
2021040704033034,SHPC,11,36,"1,000",375.0,375000.0
2021040704033033,SHPC,11,36,730,375.0,273750.0
2021040704033032,SHPC,33,36,50,376.0,18800.0
2021040704033031,SHPC,25,36,50,376.0,18800.0
2021040704033030,SHPC,26,36,100,378.0,37800.0
2021040704033029,SHPC,4,36,448,378.0,169344.0
2021040704033028,RADHI,6,51,10,482.0,4820.0
2021040704033027,RADHI,6,22,10,480.0,4800.0
2021040704033026,UIC,11,49,80,705.0,56400.0
2021040704033025,UIC,6,49,75,706.0,52950.0
2021040704033024,UIC,26,49,100,706.0,70600.0
2021040704033023,UIC,59,49,65,706.0,45890.0
2021040704033022,UPCL,50,57,260,181.0,47060.0
2021040704033021,UPPER,19,7,159,891.0,141669.0
2021040704033020,UPCL,57,57,41,181.0,7421.0
2021040704033019,BARUN,42,38,20,245.0,4900.0
2021040704033018,SJCL,38,48,100,492.0,49200.0
2021040704033017,GIC,57,14,26,717.0,18642.0
2021040704033016,GIC,21,14,74,718.0,53132.0
2021040704033015,API,29,14,16,328.0,5248.0
2021040704033014,SJCL,45,48,30,492.0,14760.0
2021040704033013,SSHL,47,45,40,246.0,9840.0
2021040704033012,CGH,53,57,20,2577.0,51540.0
2021040704033011,CGH,53,57,10,2577.0,25770.0
2021040704033010,HDHPC,46,58,200,152.0,30400.0
2021040704033009,HDHPC,25,58,50,152.0,7600.0
2021040704033008,SGI,40,41,50,778.0,38900.0
2021040704033007,SIL,19,45,100,1260.0,126000.0
2021040704033006,JOSHI,34,19,100,138.0,13800.0
2021040704033005,UMHL,16,5,200,197.0,39400.0
2021040704033004,NIL,17,29,30,1661.0,49830.0
2021040704033003,SFMF,5,59,"20,000",12.99,259800.0
2021040704033002,EIC,25,56,100,759.0,75900.0
2021040704033001,LEC,14,16,10,301.0,3010.0
2021040704033000,PIC,41,41,25,1307.0,32675.0
2021040704032999,PIC,41,6,95,1307.0,124165.0
2021040704032998,IGI,14,10,50,1220.0,61000.0
2021040704032997,NLG,10,4,100,1145.0,114500.0
2021040704032996,CGH,38,40,30,2561.0,76830.0
2021040704032995,CGH,20,40,20,2570.0,51400.0
2021040704032994,HGI,49,45,282,803.0,226446.0
2021040704032993,SIC,34,49,100,1710.0,171000.0
2021040704032992,NLG,35,4,100,1145.0,114500.0
2021040704032991,KKHC,48,55,15,136.0,2040.0
2021040704032990,BPCL,6,21,10,430.0,4300.0
2021040704032989,AKJCL,54,57,100,157.0,15700.0
2021040704032988,UPCL,55,57,100,181.0,18100.0
2021040704032987,UPCL,26,57,100,181.0,18100.0
2021040704032986,CGH,36,38,60,2571.0,154260.0
2021040704032985,CHCL,25,45,30,685.0,20550.0
2021040704032984,MEN,47,57,10,727.0,7270.0
2021040704032983,SICL,59,36,88,1920.0,168960.0
2021040704032982,SICL,37,36,72,1920.0,138240.0
2021040704032981,SICL,58,36,20,1920.0,38400.0
2021040704032980,SICL,6,36,20,1920.0,38400.0
2021040704032979,SICL,26,59,10,1922.0,19220.0
2021040704032978,UPPER,19,10,41,890.0,36490.0
2021040704032977,UPPER,1,10,40,890.0,35600.0
2021040704032976,NGPL,56,33,46,251.0,11546.0
2021040704032975,NGPL,1,33,300,251.0,75300.0
2021040704032974,NGPL,28,33,97,251.0,24347.0
2021040704032973,NGPL,57,33,50,252.0,12600.0
2021040704032972,NGPL,33,33,50,252.0,12600.0
2021040704032971,NGPL,32,33,407,252.0,102564.0
2021040704032970,CGH,1,57,10,2572.0,25720.0
2021040704032969,HDHPC,42,58,30,152.0,4560.0
2021040704032968,NHPC,54,20,20,177.0,3540.0
2021040704032967,MEN,14,17,190,728.0,138320.0
2021040704032966,KPCL,32,22,100,286.0,28600.0
2021040704032965,UIC,29,29,450,707.0,318150.0
2021040704032964,RHPL,48,34,20,510.0,10200.0
2021040704032963,RHPC,25,42,100,217.0,21700.0
2021040704032962,AIL,57,19,10,880.0,8800.0
2021040704032961,UIC,42,29,114,707.0,80598.0
2021040704032960,NLG,52,3,22,1145.0,25190.0
2021040704032959,NLG,29,3,105,1145.0,120225.0
2021040704032958,NLG,11,3,100,1145.0,114500.0
2021040704032957,NLG,38,3,100,1145.0,114500.0
2021040704032956,NLG,48,3,60,1145.0,68700.0
2021040704032955,NLG,50,3,20,1145.0,22900.0
2021040704032954,GIC,21,53,26,718.0,18668.0
2021040704032953,GIC,43,53,74,718.0,53132.0
2021040704032952,CHCL,57,3,500,684.0,342000.0
2021040704032951,CHCL,57,56,25,684.0,17100.0
2021040704032950,CHCL,57,6,365,684.0,249660.0
2021040704032949,CHCL,57,47,30,684.0,20520.0
2021040704032948,CHCL,57,19,200,683.0,136600.0
2021040704032947,CHCL,57,18,352,683.0,240416.0
2021040704032946,CGH,48,32,10,2572.0,25720.0
2021040704032945,CGH,48,36,20,2572.0,51440.0
2021040704032944,CGH,34,6,10,2570.0,25700.0
2021040704032943,UPPER,22,7,100,891.0,89100.0
2021040704032942,SGI,40,57,10,778.0,7780.0
2021040704032941,UPPER,1,26,10,890.0,8900.0
2021040704032940,UPPER,32,26,190,890.0,169100.0
2021040704032939,AKPL,38,49,10,334.0,3340.0
2021040704032938,KKHC,45,19,100,137.0,13700.0
2021040704032937,SPDL,45,21,100,280.0,28000.0
2021040704032936,RHPL,14,34,500,510.0,255000.0
2021040704032935,UPCL,59,57,130,181.0,23530.0
2021040704032934,TRH,17,49,300,331.0,99300.0
2021040704032933,API,41,34,300,329.0,98700.0
2021040704032932,CGH,34,47,10,2570.0,25700.0
2021040704032931,RHPC,5,42,200,217.0,43400.0
2021040704032930,NICGF,7,32,"1,500",12.61,18915.0
2021040704032929,UPCL,26,57,75,181.0,13575.0
2021040704032928,UPCL,26,49,250,181.0,45250.0
2021040704032927,UPCL,26,34,25,181.0,4525.0
2021040704032926,AIL,3,48,28,882.0,24696.0
2021040704032925,TRH,17,49,150,331.0,49650.0
2021040704032924,TRH,34,49,"1,000",332.0,332000.0
2021040704032923,MEN,14,57,10,728.0,7280.0
2021040704032922,HDHPC,5,58,500,152.0,76000.0
2021040704032921,NHPC,57,56,"2,000",176.0,352000.0
2021040704032920,NIL,46,32,51,1667.0,85017.0
2021040704032919,API,29,59,298,328.0,97744.0
2021040704032918,API,55,59,"1,000",328.0,328000.0
2021040704032917,API,26,59,718,328.0,235504.0
2021040704032916,MEN,47,8,10,727.0,7270.0
2021040704032915,GLH,28,36,10,374.0,3740.0
2021040704032914,LGIL,14,50,100,821.0,82100.0
2021040704032913,SICL,6,22,30,1920.0,57600.0
2021040704032912,SICL,35,22,10,1920.0,19200.0
2021040704032911,RHPL,1,34,260,510.0,132600.0
2021040704032910,UNHPL,11,50,60,135.0,8100.0
2021040704032909,NLG,54,43,200,1147.0,229400.0
2021040704032908,NLG,4,43,20,1147.0,22940.0
2021040704032907,NLG,22,43,10,1147.0,11470.0
2021040704032906,PICL,38,29,28,882.0,24696.0
2021040704032905,KKHC,48,34,26,136.0,3536.0
2021040704032904,RHPL,47,34,70,510.0,35700.0
2021040704032903,RHPL,55,34,42,510.0,21420.0
2021040704032902,RHPL,3,34,500,510.0,255000.0
2021040704032901,RHPL,3,34,500,510.0,255000.0
2021040704032900,RHPL,34,34,100,510.0,51000.0
2021040704032899,RHPL,43,34,200,510.0,102000.0
2021040704032898,RHPL,45,34,50,510.0,25500.0
2021040704032897,RHPL,40,34,180,510.0,91800.0
2021040704032896,RHPL,39,34,100,510.0,51000.0
2021040704032895,RHPL,34,34,20,510.0,10200.0
2021040704032894,RHPL,19,34,30,510.0,15300.0
2021040704032893,RHPL,41,34,488,510.0,248880.0
2021040704032892,RHPL,56,34,500,510.0,255000.0
2021040704032891,RHPL,58,34,100,510.0,51000.0
2021040704032890,RHPL,41,34,50,510.0,25500.0
2021040704032889,RHPL,32,34,100,510.0,51000.0
2021040704032888,RHPL,58,34,100,510.0,51000.0
2021040704032887,RHPL,47,34,20,511.0,10220.0
2021040704032886,RHPL,21,34,100,511.0,51100.0
2021040704032885,RHPL,3,34,"1,000",511.0,511000.0
2021040704032884,RHPL,57,34,20,511.0,10220.0
2021040704032883,RHPL,59,34,100,511.0,51100.0
2021040704032882,RHPL,55,34,780,511.0,398580.0
2021040704032881,RHPL,29,34,50,512.0,25600.0
2021040704032880,HGI,38,45,18,803.0,14454.0
2021040704032879,UPCL,38,34,25,181.0,4525.0
2021040704032878,IGI,19,10,10,1220.0,12200.0
2021040704032877,IGI,19,38,20,1220.0,24400.0
2021040704032876,UPPER,32,7,10,890.0,8900.0
2021040704032875,HDHPC,53,6,25,151.0,3775.0
2021040704032874,HDHPC,16,6,25,151.0,3775.0
2021040704032873,TRH,38,49,50,332.0,16600.0
2021040704032872,HDHPC,58,58,350,152.0,53200.0
2021040704032871,RHPC,53,42,50,216.0,10800.0
2021040704032870,RRHP,37,19,48,372.0,17856.0
2021040704032869,RRHP,46,19,30,372.0,11160.0
2021040704032868,RRHP,6,19,100,373.0,37300.0
2021040704032867,RRHP,17,19,50,373.0,18650.0
2021040704032866,RRHP,50,19,400,373.0,149200.0
2021040704032865,RRHP,33,19,200,373.0,74600.0
2021040704032864,RRHP,1,19,200,373.0,74600.0
2021040704032863,RRHP,20,19,90,373.0,33570.0
2021040704032862,RRHP,25,19,100,374.0,37400.0
2021040704032861,EIC,57,56,174,759.0,132066.0
2021040704032860,EIC,57,52,26,759.0,19734.0
2021040704032859,HDHPC,5,58,50,152.0,7600.0
2021040704032858,UNHPL,26,50,240,135.0,32400.0
2021040704032857,UNHPL,26,16,260,135.0,35100.0
2021040704032856,GLH,49,57,10,373.0,3730.0
2021040704032855,UPPER,32,46,"1,200",890.0,1068000.0
2021040704032854,UPPER,49,46,300,890.0,267000.0
2021040704032853,KKHC,55,19,100,137.0,13700.0
2021040704032852,GHL,45,29,30,161.0,4830.0
2021040704032851,CGH,55,10,40,2550.0,102000.0
2021040704032850,SEF,43,41,"32,500",12.16,395200.0
2021040704032849,SEF,45,41,"2,500",12.16,30400.0
2021040704032848,BPCL,5,1,74,431.0,31894.0
2021040704032847,CGH,29,10,10,2550.0,25500.0
2021040704032846,CGH,35,10,10,2550.0,25500.0
2021040704032845,CGH,58,10,10,2550.0,25500.0
2021040704032844,CGH,28,10,150,2550.0,382500.0
2021040704032843,CGH,28,10,150,2550.0,382500.0
2021040704032842,CGH,49,10,10,2550.0,25500.0
2021040704032841,CGH,49,10,10,2550.0,25500.0
2021040704032840,CGH,45,10,160,2550.0,408000.0
2021040704032839,CGH,38,10,100,2552.0,255200.0
2021040704032838,CGH,41,10,50,2555.0,127750.0
2021040704032837,CGH,38,10,10,2555.0,25550.0
2021040704032836,CGH,41,10,50,2556.0,127800.0
2021040704032835,CGH,28,10,20,2560.0,51200.0
2021040704032834,CGH,25,10,20,2561.0,51220.0
2021040704032833,RHPL,7,3,100,519.0,51900.0
2021040704032832,SGI,40,33,50,778.0,38900.0
2021040704032831,SGI,58,33,50,778.0,38900.0
2021040704032830,SGI,21,33,10,778.0,7780.0
2021040704032829,GLH,49,6,10,373.0,3730.0
2021040704032828,GIC,57,38,10,717.0,7170.0
2021040704032827,AIL,57,57,28,880.0,24640.0
2021040704032826,CGH,55,47,100,2561.0,256100.0
2021040704032825,UNHPL,38,1,868,134.0,116312.0
2021040704032824,UNHPL,49,1,10,134.0,1340.0
2021040704032823,UNHPL,17,1,200,134.0,26800.0
2021040704032822,STC,36,57,10,11220.0,112200.0
2021040704032821,STC,45,57,10,11250.0,112500.0
2021040704032820,STC,42,57,20,11270.0,225400.0
2021040704032819,STC,34,57,10,11270.0,112700.0
2021040704032818,SIC,57,21,30,1711.0,51330.0
2021040704032817,NHPC,57,19,100,176.0,17600.0
2021040704032816,SICL,35,36,10,1920.0,19200.0
2021040704032815,SICL,45,36,10,1920.0,19200.0
2021040704032814,SICL,29,36,50,1920.0,96000.0
2021040704032813,SICL,19,36,50,1920.0,96000.0
2021040704032812,SICL,49,36,100,1920.0,192000.0
2021040704032811,SICL,48,36,500,1920.0,960000.0
2021040704032810,SICL,59,36,10,1921.0,19210.0
2021040704032809,SICL,28,36,200,1921.0,384200.0
2021040704032808,NIL,50,29,70,1668.0,116760.0
2021040704032807,CMF1,41,32,"1,500",10.51,15765.0
2021040704032806,NLG,42,4,164,1149.0,188436.0
2021040704032805,SIC,43,49,90,1710.0,153900.0
2021040704032804,SIC,8,49,100,1710.0,171000.0
2021040704032803,SIC,19,49,47,1710.0,80370.0
2021040704032802,SIC,29,49,10,1710.0,17100.0
2021040704032801,SIC,3,49,10,1710.0,17100.0
2021040704032800,SIC,6,49,20,1710.0,34200.0
2021040704032799,SGI,36,54,20,780.0,15600.0
2021040704032798,SGI,36,57,180,779.0,140220.0
2021040704032797,MEN,47,21,10,727.0,7270.0
2021040704032796,IGI,34,48,20,1215.0,24300.0
2021040704032795,GIC,41,50,115,718.0,82570.0
2021040704032794,CHCL,49,18,11,683.0,7513.0
2021040704032793,CGH,43,36,10,2572.0,25720.0
2021040704032792,LGIL,11,17,100,823.0,82300.0
2021040704032791,CHL,17,26,450,229.0,103050.0
2021040704032790,CHL,51,26,50,229.0,11450.0
2021040704032789,CHL,25,26,500,229.0,114500.0
2021040704032788,UPCL,20,55,100,180.0,18000.0
2021040704032787,CGH,46,36,10,2572.0,25720.0
2021040704032786,CGH,46,41,10,2572.0,25720.0
2021040704032785,CGH,46,36,30,2570.0,77100.0
2021040704032784,PPCL,38,45,10,297.0,2970.0
2021040704032783,LEC,14,7,10,301.0,3010.0
2021040704032782,SIL,52,45,100,1260.0,126000.0
2021040704032781,SGI,43,35,95,779.0,74005.0
2021040704032780,SIC,7,21,12,1711.0,20532.0
2021040704032779,NIL,17,42,645,1661.0,1071345.0
2021040704032778,NIL,43,42,100,1661.0,166100.0
2021040704032777,NIL,54,42,100,1661.0,166100.0
2021040704032776,NIL,16,42,400,1662.0,664800.0
2021040704032775,NIL,45,42,50,1662.0,83100.0
2021040704032774,NIL,32,42,20,1662.0,33240.0
2021040704032773,NIL,6,42,100,1662.0,166200.0
2021040704032772,NIL,10,42,50,1662.0,83100.0
2021040704032771,NIL,3,42,200,1662.0,332400.0
2021040704032770,NIL,32,42,50,1662.0,83100.0
2021040704032769,NIL,19,42,90,1662.0,149580.0
2021040704032768,NIL,43,42,40,1663.0,66520.0
2021040704032767,NIL,45,42,200,1663.0,332600.0
2021040704032766,NIL,20,42,"1,000",1663.0,1663000.0
2021040704032765,NIL,41,42,60,1663.0,99780.0
2021040704032764,NIL,16,42,50,1664.0,83200.0
2021040704032763,NIL,26,42,450,1664.0,748800.0
2021040704032762,NIL,38,42,500,1665.0,832500.0
2021040704032761,NIL,16,42,20,1665.0,33300.0
2021040704032760,NIL,37,42,25,1665.0,41625.0
2021040704032759,NIL,55,42,100,1665.0,166500.0
2021040704032758,NIL,34,42,10,1666.0,16660.0
2021040704032757,NIL,29,42,740,1668.0,1234320.0
2021040704032756,KPCL,32,32,500,286.0,143000.0
2021040704032755,SIC,7,37,100,1711.0,171100.0
2021040704032754,CGH,6,36,60,2570.0,154200.0
2021040704032753,CGH,1,36,20,2570.0,51400.0
2021040704032752,CGH,10,36,20,2570.0,51400.0
2021040704032751,CHCL,40,18,100,683.0,68300.0
2021040704032750,CHCL,40,18,37,683.0,25271.0
2021040704032749,RRHP,38,21,10,377.0,3770.0
2021040704032748,HDHPC,19,58,592,152.0,89984.0
2021040704032747,MEN,47,6,10,727.0,7270.0
2021040704032746,SICL,29,29,50,1921.0,96050.0
2021040704032745,SICL,20,29,30,1921.0,57630.0
2021040704032744,SICL,19,29,20,1922.0,38440.0
2021040704032743,SICL,42,29,50,1922.0,96100.0
2021040704032742,SICL,22,29,35,1922.0,67270.0
2021040704032741,AHPC,57,55,19,267.0,5073.0
2021040704032740,AHPC,49,55,18,267.0,4806.0
2021040704032739,AHPC,21,55,213,267.0,56871.0
2021040704032738,HPPL,21,50,100,401.0,40100.0
2021040704032737,HPPL,21,50,100,401.0,40100.0
2021040704032736,NLG,42,43,236,1148.0,270928.0
2021040704032735,CGH,57,22,40,2570.0,102800.0
2021040704032734,CHCL,40,37,200,683.0,136600.0
2021040704032733,AHPC,54,6,20,268.0,5360.0
2021040704032732,UNHPL,5,16,240,135.0,32400.0
2021040704032731,SGI,38,35,50,779.0,38950.0
2021040704032730,RHPL,59,58,40,523.0,20920.0
2021040704032729,RHPL,59,57,80,522.0,41760.0
2021040704032728,RHPL,59,47,80,520.0,41600.0
2021040704032727,SJCL,38,17,40,490.0,19600.0
2021040704032726,SICL,32,36,100,1923.0,192300.0
2021040704032725,GHL,7,57,100,162.0,16200.0
2021040704032724,NIL,29,16,50,1668.0,83400.0
2021040704032723,SJCL,38,45,40,490.0,19600.0
2021040704032722,SJCL,38,40,40,490.0,19600.0
2021040704032721,SJCL,38,21,"1,370",490.0,671300.0
2021040704032720,HGI,45,42,30,804.0,24120.0
2021040704032719,CHCL,40,1,463,683.0,316229.0
2021040704032718,CHCL,40,1,37,683.0,25271.0
2021040704032717,SGI,32,35,10,779.0,7790.0
2021040704032716,SGI,28,35,95,779.0,74005.0
2021040704032715,RBCL,7,3,10,18301.0,183010.0
2021040704032714,EIC,22,52,74,759.0,56166.0
2021040704032713,UPCL,29,52,100,180.0,18000.0
2021040704032712,UPCL,29,49,100,180.0,18000.0
2021040704032711,UPCL,29,29,190,180.0,34200.0
2021040704032710,UNHPL,5,56,260,135.0,35100.0
2021040704032709,UPPER,49,38,40,890.0,35600.0
2021040704032708,UPPER,49,47,50,890.0,44500.0
2021040704032707,UPPER,49,38,70,890.0,62300.0
2021040704032706,UPPER,49,19,10,890.0,8900.0
2021040704032705,UPPER,49,45,200,890.0,178000.0
2021040704032704,UPPER,49,55,934,890.0,831260.0
2021040704032703,AKPL,57,49,50,334.0,16700.0
2021040704032702,SJCL,3,19,310,487.0,150970.0
2021040704032701,SJCL,49,19,190,488.0,92720.0
2021040704032700,CHCL,45,47,30,684.0,20520.0
2021040704032699,HDHPC,13,58,100,152.0,15200.0
2021040704032698,CHCL,49,47,500,684.0,342000.0
2021040704032697,GIC,41,50,25,718.0,17950.0
2021040704032696,GIC,56,50,60,718.0,43080.0
2021040704032695,CGH,57,25,50,2570.0,128500.0
2021040704032694,EIC,22,49,30,759.0,22770.0
2021040704032693,EIC,34,49,100,759.0,75900.0
2021040704032692,EIC,1,49,150,759.0,113850.0
2021040704032691,SJCL,49,42,10,488.0,4880.0
2021040704032690,SJCL,49,53,40,488.0,19520.0
2021040704032689,LGIL,16,10,500,822.0,411000.0
2021040704032688,PMHPL,36,50,10,190.0,1900.0
2021040704032687,NLG,1,43,25,1148.0,28700.0
2021040704032686,NLG,59,43,50,1148.0,57400.0
2021040704032685,NLG,55,43,422,1148.0,484456.0
2021040704032684,NLG,14,43,100,1148.0,114800.0
2021040704032683,NLG,29,43,167,1148.0,191716.0
2021040704032682,PICL,43,29,50,882.0,44100.0
2021040704032681,UIC,59,43,30,706.0,21180.0
2021040704032680,SSHL,47,49,255,246.0,62730.0
2021040704032679,SJCL,33,42,94,488.0,45872.0
2021040704032678,SHL,8,42,400,202.0,80800.0
2021040704032677,NLG,29,3,393,1148.0,451164.0
2021040704032676,UPPER,52,55,66,890.0,58740.0
2021040704032675,UPPER,52,46,34,890.0,30260.0
2021040704032674,HGI,38,56,10,803.0,8030.0
2021040704032673,BPCL,46,35,54,432.0,23328.0
2021040704032672,SJCL,45,42,60,488.0,29280.0
2021040704032671,NIL,29,32,200,1668.0,333600.0
2021040704032670,NIL,29,4,10,1668.0,16680.0
2021040704032669,MEN,58,17,80,728.0,58240.0
2021040704032668,SIC,7,49,275,1711.0,470525.0
2021040704032667,SJCL,46,42,16,488.0,7808.0
2021040704032666,NLG,29,48,440,1148.0,505120.0
2021040704032665,NLG,28,48,250,1148.0,287000.0
2021040704032664,NLG,53,48,250,1149.0,287250.0
2021040704032663,NLG,46,48,60,1149.0,68940.0
2021040704032662,SSHL,26,49,235,246.0,57810.0
2021040704032661,NHPC,57,45,250,176.0,44000.0
2021040704032660,HGI,47,42,100,804.0,80400.0
2021040704032659,AHPC,14,51,60,268.0,16080.0
2021040704032658,GIC,26,57,50,719.0,35950.0
2021040704032657,UMHL,16,41,134,197.0,26398.0
2021040704032656,SIC,7,41,96,1711.0,164256.0
2021040704032655,API,26,19,80,328.0,26240.0
2021040704032654,NEF,7,47,"2,414",12.32,29740.48
2021040704032653,RRHP,20,50,10,373.0,3730.0
2021040704032652,SJCL,3,48,40,487.0,19480.0
2021040704032651,PMHPL,6,57,10,193.0,1930.0
2021040704032650,UPPER,41,46,200,890.0,178000.0
2021040704032649,SHPC,4,58,52,378.0,19656.0
2021040704032648,SHPC,4,58,81,379.0,30699.0
2021040704032647,UPCL,50,14,240,179.0,42960.0
2021040704032646,UPCL,55,14,300,179.0,53700.0
2021040704032645,UPCL,41,14,460,179.0,82340.0
2021040704032644,CHCL,40,14,66,683.0,45078.0
2021040704032643,SJCL,1,42,300,488.0,146400.0
2021040704032642,GIC,56,53,500,718.0,359000.0
2021040704032641,SGI,48,54,50,780.0,39000.0
2021040704032640,AHPC,21,56,292,267.0,77964.0
2021040704032639,AKPL,17,49,500,334.0,167000.0
2021040704032638,AKPL,54,49,278,334.0,92852.0
2021040704032637,SIC,7,11,17,1711.0,29087.0
2021040704032636,SIC,5,11,11,1711.0,18821.0
2021040704032635,SIC,41,11,10,1712.0,17120.0
2021040704032634,AHPC,22,51,20,268.0,5360.0
2021040704032633,HGI,38,32,272,803.0,218416.0
2021040704032632,HGI,32,32,629,803.0,505087.0
2021040704032631,HGI,17,32,99,803.0,79497.0
2021040704032630,UMHL,26,42,"1,000",198.0,198000.0
2021040704032629,AKPL,54,45,722,334.0,241148.0
2021040704032628,AKPL,46,45,500,334.0,167000.0
2021040704032627,AKPL,21,45,200,334.0,66800.0
2021040704032626,AKPL,54,45,500,334.0,167000.0
2021040704032625,AKPL,54,45,500,334.0,167000.0
2021040704032624,AKPL,19,45,500,334.0,167000.0
2021040704032623,AKPL,26,45,100,334.0,33400.0
2021040704032622,AKPL,38,45,100,334.0,33400.0
2021040704032621,AKPL,10,45,300,334.0,100200.0
2021040704032620,AKPL,44,45,330,334.0,110220.0
2021040704032619,HGI,41,42,10,804.0,8040.0
2021040704032618,TRH,17,17,100,331.0,33100.0
2021040704032617,SIL,47,14,50,1259.0,62950.0
2021040704032616,SICL,47,36,25,1923.0,48075.0
2021040704032615,SICL,59,36,50,1923.0,96150.0
2021040704032614,SICL,45,36,30,1923.0,57690.0
2021040704032613,GHL,45,36,547,161.0,88067.0
2021040704032612,GHL,13,36,81,161.0,13041.0
2021040704032611,GHL,40,36,15,162.0,2430.0
2021040704032610,GHL,42,36,20,162.0,3240.0
2021040704032609,GHL,51,36,50,162.0,8100.0
2021040704032608,GHL,51,36,100,162.0,16200.0
2021040704032607,GHL,39,36,100,162.0,16200.0
2021040704032606,GHL,22,36,40,162.0,6480.0
2021040704032605,GHL,4,36,87,162.0,14094.0
2021040704032604,UPCL,41,42,200,179.0,35800.0
2021040704032603,NICL,42,57,58,819.0,47502.0
2021040704032602,NICL,42,33,20,817.0,16340.0
2021040704032601,MEN,58,47,10,728.0,7280.0
2021040704032600,HDHPC,43,58,500,152.0,76000.0
2021040704032599,MHNL,43,17,"2,000",255.0,510000.0
2021040704032598,LEC,14,49,30,301.0,9030.0
2021040704032597,CGH,57,22,50,2572.0,128600.0
2021040704032596,CGH,48,22,10,2572.0,25720.0
2021040704032595,SICL,59,6,15,1924.0,28860.0
2021040704032594,API,45,34,58,329.0,19082.0
2021040704032593,MEN,58,16,10,728.0,7280.0
2021040704032592,HDHPC,38,58,70,152.0,10640.0
2021040704032591,HDHPC,38,17,10,152.0,1520.0
2021040704032590,HDHPC,38,57,50,152.0,7600.0
2021040704032589,HDHPC,38,38,370,152.0,56240.0
2021040704032588,CHCL,25,47,23,684.0,15732.0
2021040704032587,DHPL,59,34,67,125.0,8375.0
2021040704032586,DHPL,45,34,933,125.0,116625.0
2021040704032585,HDHPC,54,38,10,152.0,1520.0
2021040704032584,CHCL,32,47,417,684.0,285228.0
2021040704032583,CHCL,32,50,83,684.0,56772.0
2021040704032582,API,26,49,36,328.0,11808.0
2021040704032581,HGI,46,42,50,805.0,40250.0
2021040704032580,HGI,48,42,100,805.0,80500.0
2021040704032579,RHPL,56,34,500,520.0,260000.0
2021040704032578,RHPL,56,34,200,520.0,104000.0
2021040704032577,RHPL,4,34,180,520.0,93600.0
2021040704032576,IGI,34,38,10,1215.0,12150.0
2021040704032575,IGI,32,38,50,1220.0,61000.0
2021040704032574,PICL,49,42,200,880.0,176000.0
2021040704032573,PICL,49,58,237,879.0,208323.0
2021040704032572,SHL,10,42,100,202.0,20200.0
2021040704032571,NGPL,28,36,103,251.0,25853.0
2021040704032570,NGPL,28,36,"1,000",251.0,251000.0
2021040704032569,NGPL,25,36,72,251.0,18072.0
2021040704032568,NGPL,32,36,100,252.0,25200.0
2021040704032567,AHPC,21,57,350,267.0,93450.0
2021040704032566,NIL,55,55,90,1665.0,149850.0
2021040704032565,GIC,56,29,10,718.0,7180.0
2021040704032564,MEN,47,45,10,727.0,7270.0
2021040704032563,AKJCL,54,45,10,157.0,1570.0
2021040704032562,GIC,56,54,290,718.0,208220.0
2021040704032561,UMRH,20,14,100,308.0,30800.0
2021040704032560,TRH,57,50,50,332.0,16600.0
2021040704032559,UPCL,41,45,"1,000",179.0,179000.0
2021040704032558,UPCL,41,17,340,179.0,60860.0
2021040704032557,SSHL,4,49,10,246.0,2460.0
2021040704032556,SSHL,4,34,990,246.0,243540.0
2021040704032555,SICL,29,6,10,1924.0,19240.0
2021040704032554,SICL,5,6,20,1924.0,38480.0
2021040704032553,SSHL,1,34,10,246.0,2460.0
2021040704032552,PICL,10,58,33,879.0,29007.0
2021040704032551,PICL,58,58,100,879.0,87900.0
2021040704032550,PICL,43,58,100,879.0,87900.0
2021040704032549,PICL,10,58,30,879.0,26370.0
2021040704032548,AHPC,14,51,120,268.0,32160.0
2021040704032547,AIL,3,34,10,880.0,8800.0
2021040704032546,AIL,3,48,50,880.0,44000.0
2021040704032545,GIC,56,34,10,718.0,7180.0
2021040704032544,NICL,21,33,50,817.0,40850.0
2021040704032543,NHPC,57,17,"2,989",176.0,526064.0
2021040704032542,KKHC,52,19,165,137.0,22605.0
2021040704032541,AKJCL,54,56,130,157.0,20410.0
2021040704032540,NIL,55,32,10,1665.0,16650.0
2021040704032539,SGI,28,40,10,779.0,7790.0
2021040704032538,SJCL,3,34,40,487.0,19480.0
2021040704032537,SHPC,4,37,"1,000",379.0,379000.0
2021040704032536,PPCL,38,45,40,297.0,11880.0
2021040704032535,RHPC,53,55,56,216.0,12096.0
2021040704032534,AIL,57,29,50,878.0,43900.0
2021040704032533,SGI,28,47,10,779.0,7790.0
2021040704032532,HGI,32,59,"1,000",804.0,804000.0
2021040704032531,HDHPC,49,38,100,152.0,15200.0
2021040704032530,SJCL,3,14,20,487.0,9740.0
2021040704032529,NICL,32,14,68,816.0,55488.0
2021040704032528,NICL,32,14,20,816.0,16320.0
2021040704032527,NICL,32,14,12,816.0,9792.0
2021040704032526,NICL,57,14,300,816.0,244800.0
2021040704032525,NICL,29,14,500,817.0,408500.0
2021040704032524,NICL,22,14,100,817.0,81700.0
2021040704032523,HDHPC,16,46,200,151.0,30200.0
2021040704032522,AHPC,21,42,100,267.0,26700.0
2021040704032521,HDHPC,16,19,100,151.0,15100.0
2021040704032520,AIL,57,37,10,878.0,8780.0
2021040704032519,AIL,57,29,10,878.0,8780.0
2021040704032518,PPCL,38,14,"1,000",297.0,297000.0
2021040704032517,UPPER,28,46,101,890.0,89890.0
2021040704032516,API,26,41,166,328.0,54448.0
2021040704032515,API,34,41,50,328.0,16400.0
2021040704032514,API,57,41,10,328.0,3280.0
2021040704032513,API,57,41,80,328.0,26240.0
2021040704032512,NHPC,21,20,30,177.0,5310.0
2021040704032511,AHPC,21,34,45,267.0,12015.0
2021040704032510,AHPC,52,34,200,267.0,53400.0
2021040704032509,SGI,28,47,10,779.0,7790.0
2021040704032508,BPCL,5,41,50,431.0,21550.0
2021040704032507,SICL,58,29,50,1925.0,96250.0
2021040704032506,UIC,34,29,254,707.0,179578.0
2021040704032505,UPPER,28,35,50,888.0,44400.0
2021040704032504,MEN,50,17,120,728.0,87360.0
2021040704032503,PRIN,32,17,60,954.0,57240.0
2021040704032502,PRIN,32,57,40,953.0,38120.0
2021040704032501,CGH,48,10,10,2572.0,25720.0
2021040704032500,PPCL,38,43,"3,000",297.0,891000.0
2021040704032499,PPCL,38,45,734,297.0,217998.0
2021040704032498,PPCL,47,45,266,297.0,79002.0
2021040704032497,UPCL,41,17,660,179.0,118140.0
2021040704032496,UPCL,41,51,"1,000",179.0,179000.0
2021040704032495,UPCL,41,16,10,179.0,1790.0
2021040704032494,UPCL,41,38,300,178.0,53400.0
2021040704032493,UPCL,41,52,30,178.0,5340.0
2021040704032492,AHPC,52,49,20,267.0,5340.0
2021040704032491,AHPC,52,42,280,267.0,74760.0
2021040704032490,RHPL,4,16,576,529.0,304704.0
2021040704032489,API,57,28,20,328.0,6560.0
2021040704032488,API,51,28,345,328.0,113160.0
2021040704032487,UNHPL,37,56,100,135.0,13500.0
2021040704032486,BPCL,5,55,27,431.0,11637.0
2021040704032485,AHPC,35,42,250,267.0,66750.0
2021040704032484,AHPC,35,48,100,267.0,26700.0
2021040704032483,SHPC,4,56,105,379.0,39795.0
2021040704032482,SHPC,4,29,"4,648",377.0,1752296.0
2021040704032481,SHPC,4,45,55,376.0,20680.0
2021040704032480,SHPC,4,42,291,376.0,109416.0
2021040704032479,SHPC,4,50,370,376.0,139120.0
2021040704032478,SHPC,4,50,450,376.0,169200.0
2021040704032477,GHL,4,57,10,162.0,1620.0
2021040704032476,IGI,58,38,30,1220.0,36600.0
2021040704032475,CHCL,40,58,287,683.0,196021.0
2021040704032474,AKPL,44,42,11,334.0,3674.0
2021040704032473,PRIN,58,17,11,952.0,10472.0
2021040704032472,SGI,28,47,10,779.0,7790.0
2021040704032471,NHPC,48,20,200,177.0,35400.0
2021040704032470,HDHPC,45,38,100,152.0,15200.0
2021040704032469,API,52,34,50,329.0,16450.0
2021040704032468,UPCL,48,55,100,176.0,17600.0
2021040704032467,EIC,45,40,10,760.0,7600.0
2021040704032466,EIC,16,40,280,760.0,212800.0
2021040704032465,EIC,19,40,100,760.0,76000.0
2021040704032464,EIC,56,40,100,760.0,76000.0
2021040704032463,EIC,57,40,20,760.0,15200.0
2021040704032462,PIC,29,56,25,1301.0,32525.0
2021040704032461,KPCL,32,3,730,286.0,208780.0
2021040704032460,AHPC,36,48,200,267.0,53400.0
2021040704032459,GLH,49,29,10,373.0,3730.0
2021040704032458,SHPC,11,6,70,375.0,26250.0
2021040704032457,CGH,13,10,10,2575.0,25750.0
2021040704032456,CGH,40,10,10,2575.0,25750.0
2021040704032455,CGH,16,10,50,2575.0,128750.0
2021040704032454,CGH,48,10,100,2576.0,257600.0
2021040704032453,CGH,42,10,10,2577.0,25770.0
2021040704032452,RHPL,4,34,500,529.0,264500.0
2021040704032451,API,38,34,40,329.0,13160.0
2021040704032450,RBCL,18,8,30,18350.0,550500.0
2021040704032449,NGPL,32,14,818,252.0,206136.0
2021040704032448,SJCL,59,40,90,486.0,43740.0
2021040704032447,SJCL,38,40,50,486.0,24300.0
2021040704032446,SJCL,38,40,50,487.0,24350.0
2021040704032445,LEMF,21,53,"5,000",11.08,55400.0
2021040704032444,PRIN,58,55,30,952.0,28560.0
2021040704032443,SGI,57,54,50,780.0,39000.0
2021040704032442,NGPL,7,14,100,252.0,25200.0
2021040704032441,HGI,19,5,100,808.0,80800.0
2021040704032440,EIC,49,1,993,760.0,754680.0
2021040704032439,EIC,45,1,100,760.0,76000.0
2021040704032438,EIC,29,1,20,760.0,15200.0
2021040704032437,AKJCL,5,56,20,157.0,3140.0
2021040704032436,UPPER,58,46,100,890.0,89000.0
2021040704032435,UMHL,29,42,20,198.0,3960.0
2021040704032434,MHNL,43,17,"4,680",255.0,1193400.0
2021040704032433,MHNL,21,17,50,256.0,12800.0
2021040704032432,MHNL,11,17,100,256.0,25600.0
2021040704032431,MHNL,21,17,100,256.0,25600.0
2021040704032430,MHNL,41,17,70,256.0,17920.0
2021040704032429,MEN,50,4,10,728.0,7280.0
2021040704032428,AKPL,48,45,50,335.0,16750.0
2021040704032427,API,51,34,155,328.0,50840.0
2021040704032426,API,17,34,50,328.0,16400.0
2021040704032425,API,44,34,400,328.0,131200.0
2021040704032424,API,44,34,395,328.0,129560.0
2021040704032423,HDHPC,3,57,10,151.0,1510.0
2021040704032422,SIC,19,21,50,1713.0,85650.0
2021040704032421,GLH,49,40,10,373.0,3730.0
2021040704032420,UNHPL,22,56,60,135.0,8100.0
2021040704032419,SHPC,11,35,200,375.0,75000.0
2021040704032418,SHPC,38,35,300,375.0,112500.0
2021040704032417,UPPER,32,46,65,890.0,57850.0
2021040704032416,UPPER,32,8,100,890.0,89000.0
2021040704032415,UPPER,32,36,170,890.0,151300.0
2021040704032414,UPPER,32,1,25,890.0,22250.0
2021040704032413,AIL,3,55,40,877.0,35080.0
2021040704032412,UPCL,26,52,50,178.0,8900.0
2021040704032411,UPCL,41,52,920,178.0,163760.0
2021040704032410,UPCL,41,49,"1,080",178.0,192240.0
2021040704032409,CHCL,40,42,10,683.0,6830.0
2021040704032408,AIL,14,52,10,880.0,8800.0
2021040704032407,AIL,14,50,10,880.0,8800.0
2021040704032406,AIL,14,7,10,880.0,8800.0
2021040704032405,AIL,14,13,100,879.0,87900.0
2021040704032404,AIL,14,28,100,878.0,87800.0
2021040704032403,AIL,14,52,20,878.0,17560.0
2021040704032402,AIL,14,34,250,878.0,219500.0
2021040704032401,API,44,1,205,328.0,67240.0
2021040704032400,API,54,1,100,328.0,32800.0
2021040704032399,API,42,1,100,328.0,32800.0
2021040704032398,API,6,1,133,328.0,43624.0
2021040704032397,RHPL,4,21,80,529.0,42320.0
2021040704032396,SPDL,58,21,50,280.0,14000.0
2021040704032395,NIL,16,42,50,1664.0,83200.0
2021040704032394,GLH,49,38,10,373.0,3730.0
2021040704032393,CGH,59,36,10,2578.0,25780.0
2021040704032392,CGH,19,36,100,2578.0,257800.0
2021040704032391,CGH,58,36,20,2578.0,51560.0
2021040704032390,CGH,19,36,40,2578.0,103120.0
2021040704032389,CGH,18,36,200,2578.0,515600.0
2021040704032388,CGH,8,36,100,2578.0,257800.0
2021040704032387,CGH,17,36,50,2578.0,128900.0
2021040704032386,CGH,53,36,10,2578.0,25780.0
2021040704032385,RHPL,4,54,100,529.0,52900.0
2021040704032384,RHPL,4,47,349,529.0,184621.0
2021040704032383,RHPL,4,40,202,529.0,106858.0
2021040704032382,RHPL,4,57,50,528.0,26400.0
2021040704032381,RHPL,4,16,70,528.0,36960.0
2021040704032380,RHPL,4,54,10,525.0,5250.0
2021040704032379,RHPL,4,16,63,523.0,32949.0
2021040704032378,NIL,41,14,40,1663.0,66520.0
2021040704032377,NIL,16,14,100,1663.0,166300.0
2021040704032376,NIL,48,14,50,1663.0,83150.0
2021040704032375,NIL,7,14,10,1663.0,16630.0
2021040704032374,AKJCL,5,57,30,157.0,4710.0
2021040704032373,AKJCL,14,57,70,157.0,10990.0
2021040704032372,UPCL,41,49,"2,000",178.0,356000.0
2021040704032371,AKPL,44,45,200,334.0,66800.0
2021040704032370,IGI,34,39,54,1215.0,65610.0
2021040704032369,IGI,34,34,200,1214.0,242800.0
2021040704032368,IGI,32,34,500,1214.0,607000.0
2021040704032367,IGI,34,34,300,1214.0,364200.0
2021040704032366,SJCL,8,21,600,490.0,294000.0
2021040704032365,HDHPC,56,38,20,152.0,3040.0
2021040704032364,RHPL,4,16,"1,050",523.0,549150.0
2021040704032363,NIL,38,42,400,1664.0,665600.0
2021040704032362,RHPL,4,58,80,523.0,41840.0
2021040704032361,API,6,59,67,328.0,21976.0
2021040704032360,API,58,59,60,328.0,19680.0
2021040704032359,KKHC,5,19,13,137.0,1781.0
2021040704032358,KKHC,5,49,287,137.0,39319.0
2021040704032357,CGH,53,45,10,2578.0,25780.0
2021040704032356,CGH,16,45,20,2578.0,51560.0
2021040704032355,CGH,42,45,10,2578.0,25780.0
2021040704032354,CGH,26,45,15,2578.0,38670.0
2021040704032353,CGH,18,45,315,2578.0,812070.0
2021040704032352,EIC,29,21,80,760.0,60800.0
2021040704032351,EIC,8,21,200,760.0,152000.0
2021040704032350,EIC,36,21,100,760.0,76000.0
2021040704032349,EIC,28,21,90,760.0,68400.0
2021040704032348,GIC,6,57,50,719.0,35950.0
2021040704032347,CGH,18,45,70,2578.0,180460.0
2021040704032346,CGH,41,45,100,2578.0,257800.0
2021040704032345,CGH,6,45,50,2578.0,128900.0
2021040704032344,CGH,53,45,10,2578.0,25780.0
2021040704032343,CGH,45,45,10,2578.0,25780.0
2021040704032342,CGH,44,45,20,2578.0,51560.0
2021040704032341,CGH,59,45,50,2578.0,128900.0
2021040704032340,CGH,8,45,10,2578.0,25780.0
2021040704032339,CGH,38,45,60,2578.0,154680.0
2021040704032338,CGH,58,45,100,2578.0,257800.0
2021040704032337,CGH,45,45,10,2578.0,25780.0
2021040704032336,CGH,8,45,10,2578.0,25780.0
2021040704032335,CGH,49,45,150,2578.0,386700.0
2021040704032334,CGH,26,45,130,2578.0,335140.0
2021040704032333,CGH,26,17,10,2578.0,25780.0
2021040704032332,RHPL,4,38,60,523.0,31380.0
2021040704032331,GIC,52,57,100,719.0,71900.0
2021040704032330,CGH,26,57,50,2578.0,128900.0
2021040704032329,MHNL,41,57,30,256.0,7680.0
2021040704032328,KKHC,48,14,16,136.0,2176.0
2021040704032327,SGI,28,42,65,779.0,50635.0
2021040704032326,UPPER,14,1,100,890.0,89000.0
2021040704032325,SHPC,38,34,200,375.0,75000.0
2021040704032324,BPCL,40,35,300,432.0,129600.0
2021040704032323,LEC,14,28,10,301.0,3010.0
2021040704032322,RHPL,4,52,10,523.0,5230.0
2021040704032321,CGH,26,58,10,2578.0,25780.0
2021040704032320,SIC,43,4,25,1715.0,42875.0
2021040704032319,AKJCL,14,42,20,157.0,3140.0
2021040704032318,PICL,50,29,450,882.0,396900.0
2021040704032317,MEN,47,34,50,727.0,36350.0
2021040704032316,NIL,55,42,100,1664.0,166400.0
2021040704032315,CHCL,40,45,100,683.0,68300.0
2021040704032314,RRHP,55,38,65,373.0,24245.0
2021040704032313,RRHP,54,38,100,373.0,37300.0
2021040704032312,RRHP,38,38,"1,000",373.0,373000.0
2021040704032311,RRHP,16,38,50,373.0,18650.0
2021040704032310,RRHP,42,38,400,373.0,149200.0
2021040704032309,RRHP,58,38,200,373.0,74600.0
2021040704032308,RRHP,49,38,600,373.0,223800.0
2021040704032307,RRHP,34,38,50,373.0,18650.0
2021040704032306,RRHP,58,38,50,373.0,18650.0
2021040704032305,RRHP,32,38,40,373.0,14920.0
2021040704032304,SGI,21,34,10,778.0,7780.0
2021040704032303,CHCL,40,57,200,683.0,136600.0
2021040704032302,HDHPC,3,58,684,151.0,103284.0
2021040704032301,HDHPC,17,58,500,151.0,75500.0
2021040704032300,HDHPC,21,58,30,151.0,4530.0
2021040704032299,HDHPC,34,58,"3,000",151.0,453000.0
2021040704032298,HDHPC,54,58,300,151.0,45300.0
2021040704032297,HDHPC,14,58,10,151.0,1510.0
2021040704032296,HDHPC,49,58,500,151.0,75500.0
2021040704032295,HDHPC,4,58,"8,976",151.0,1355376.0
2021040704032294,NGPL,59,14,"1,000",252.0,252000.0
2021040704032293,SJCL,41,21,40,488.0,19520.0
2021040704032292,SICL,50,29,50,1925.0,96250.0
2021040704032291,UPCL,45,49,600,178.0,106800.0
2021040704032290,CGH,44,38,10,2578.0,25780.0
2021040704032289,PPCL,47,17,234,297.0,69498.0
2021040704032288,PPCL,53,17,100,297.0,29700.0
2021040704032287,PPCL,54,17,500,299.0,149500.0
2021040704032286,PPCL,55,17,"1,000",299.0,299000.0
2021040704032285,PPCL,55,17,200,300.0,60000.0
2021040704032284,PPCL,33,17,51,300.0,15300.0
2021040704032283,SHPC,57,50,50,376.0,18800.0
2021040704032282,SICL,19,29,20,1925.0,38500.0
2021040704032281,NLG,46,17,40,1149.0,45960.0
2021040704032280,NLG,28,17,100,1149.0,114900.0
2021040704032279,NLG,44,17,50,1149.0,57450.0
2021040704032278,NLG,42,17,10,1149.0,11490.0
2021040704032277,HGI,17,52,901,803.0,723503.0
2021040704032276,HGI,17,52,100,803.0,80300.0
2021040704032275,HGI,47,52,25,803.0,20075.0
2021040704032274,HGI,52,52,100,803.0,80300.0
2021040704032273,HGI,49,52,25,803.0,20075.0
2021040704032272,HGI,40,52,49,804.0,39396.0
2021040704032271,API,43,34,50,329.0,16450.0
2021040704032270,KKHC,7,33,16,135.0,2160.0
2021040704032269,CMF1,17,29,"30,000",10.69,320700.0
2021040704032268,PIC,20,57,50,1300.0,65000.0
2021040704032267,SJCL,45,21,30,490.0,14700.0
2021040704032266,SJCL,45,56,10,490.0,4900.0
2021040704032265,CGH,44,17,10,2578.0,25780.0
2021040704032264,HDHPC,35,38,200,152.0,30400.0
2021040704032263,SGI,36,28,25,778.0,19450.0
2021040704032262,SGI,38,28,50,778.0,38900.0
2021040704032261,SGI,41,28,20,778.0,15560.0
2021040704032260,GLH,25,4,10,374.0,3740.0
2021040704032259,GLH,25,26,110,374.0,41140.0
2021040704032258,KPCL,32,57,10,286.0,2860.0
2021040704032257,AIL,3,5,22,877.0,19294.0
2021040704032256,AIL,34,5,30,877.0,26310.0
2021040704032255,HDHPC,1,38,30,152.0,4560.0
2021040704032254,RRHP,55,38,100,374.0,37400.0
2021040704032253,CGH,44,38,10,2578.0,25780.0
2021040704032252,UIC,34,11,45,706.0,31770.0
2021040704032251,MEN,14,8,130,728.0,94640.0
2021040704032250,SSHL,58,26,89,245.0,21805.0
2021040704032249,SSHL,32,26,111,245.0,27195.0
2021040704032248,RHPL,4,54,30,525.0,15750.0
2021040704032247,RHPL,4,13,70,525.0,36750.0
2021040704032246,RHPL,4,52,10,525.0,5250.0
2021040704032245,RHPL,4,43,10,523.0,5230.0
2021040704032244,RHPL,4,54,200,523.0,104600.0
2021040704032243,RHPL,4,57,40,523.0,20920.0
2021040704032242,RHPL,4,57,500,522.0,261000.0
2021040704032241,RHPL,4,57,50,522.0,26100.0
2021040704032240,RHPL,4,56,20,522.0,10440.0
2021040704032239,RHPL,4,1,100,521.0,52100.0
2021040704032238,RHPL,4,28,410,521.0,213610.0
2021040704032237,RHPL,4,49,80,521.0,41680.0
2021040704032236,RHPL,4,42,80,521.0,41680.0
2021040704032235,GIC,38,57,100,719.0,71900.0
2021040704032234,SJCL,41,58,40,488.0,19520.0
2021040704032233,GLH,49,21,10,373.0,3730.0
2021040704032232,UPPER,58,8,50,889.0,44450.0
2021040704032231,SJCL,59,56,10,490.0,4900.0
2021040704032230,SJCL,59,21,20,489.0,9780.0
2021040704032229,SICL,59,29,10,1925.0,19250.0
2021040704032228,SICL,53,29,20,1925.0,38500.0
2021040704032227,SICL,45,29,10,1926.0,19260.0
2021040704032226,HDHPC,54,38,400,152.0,60800.0
2021040704032225,UMHL,16,19,100,197.0,19700.0
2021040704032224,HGI,40,32,51,804.0,41004.0
2021040704032223,HGI,41,32,25,805.0,20125.0
2021040704032222,HGI,33,32,10,805.0,8050.0
2021040704032221,HGI,52,32,50,805.0,40250.0
2021040704032220,HGI,17,32,744,805.0,598920.0
2021040704032219,HGI,21,32,150,806.0,120900.0
2021040704032218,HGI,32,32,180,808.0,145440.0
2021040704032217,RHPL,4,34,70,520.0,36400.0
2021040704032216,BPCL,5,42,349,431.0,150419.0
2021040704032215,AHPC,18,41,50,266.0,13300.0
2021040704032214,SGI,41,42,100,779.0,77900.0
2021040704032213,RRHP,28,38,300,374.0,112200.0
2021040704032212,RRHP,43,38,100,374.0,37400.0
2021040704032211,RRHP,33,38,230,374.0,86020.0
2021040704032210,EIC,28,57,410,760.0,311600.0
2021040704032209,EIC,32,57,20,761.0,15220.0
2021040704032208,EIC,45,57,65,761.0,49465.0
2021040704032207,OHL,55,59,300,477.0,143100.0
2021040704032206,SJCL,41,52,10,488.0,4880.0
2021040704032205,SGI,41,21,10,778.0,7780.0
2021040704032204,SIC,41,4,150,1715.0,257250.0
2021040704032203,HDHPC,16,38,500,152.0,76000.0
2021040704032202,GIC,53,57,10,719.0,7190.0
2021040704032201,HGI,32,7,50,808.0,40400.0
2021040704032200,HGI,32,56,15,808.0,12120.0
2021040704032199,HGI,32,41,30,807.0,24210.0
2021040704032198,HDHPC,14,38,100,152.0,15200.0
2021040704032197,NHPC,57,36,"2,434",176.0,428384.0
2021040704032196,SGI,32,42,20,779.0,15580.0
2021040704032195,SGI,42,42,175,779.0,136325.0
2021040704032194,SGI,42,38,10,779.0,7790.0
2021040704032193,SIC,6,4,17,1715.0,29155.0
2021040704032192,SIC,45,4,10,1715.0,17150.0
2021040704032191,SIC,34,4,50,1715.0,85750.0
2021040704032190,SIC,57,4,35,1715.0,60025.0
2021040704032189,SIC,50,4,20,1715.0,34300.0
2021040704032188,SIC,53,4,150,1715.0,257250.0
2021040704032187,SIC,41,4,40,1715.0,68600.0
2021040704032186,SIC,53,4,10,1716.0,17160.0
2021040704032185,SIC,49,4,185,1716.0,317460.0
2021040704032184,HDHPC,17,38,100,152.0,15200.0
2021040704032183,GLH,49,45,10,373.0,3730.0
2021040704032182,STC,42,58,10,11300.0,113000.0
2021040704032181,AIL,11,34,170,878.0,149260.0
2021040704032180,AIL,11,36,50,877.0,43850.0
2021040704032179,AIL,11,11,50,877.0,43850.0
2021040704032178,AIL,11,57,30,877.0,26310.0
2021040704032177,RHPL,4,50,100,520.0,52000.0
2021040704032176,RHPL,4,14,100,520.0,52000.0
2021040704032175,RHPL,4,57,40,520.0,20800.0
2021040704032174,RHPL,4,7,40,520.0,20800.0
2021040704032173,RHPL,4,45,500,520.0,260000.0
2021040704032172,RHPL,4,36,50,520.0,26000.0
2021040704032171,RHPL,4,21,70,520.0,36400.0
2021040704032170,RHPL,4,58,70,518.0,36260.0
2021040704032169,RHPL,4,57,10,517.0,5170.0
2021040704032168,RHPL,4,20,20,517.0,10340.0
2021040704032167,RHPL,4,41,40,517.0,20680.0
2021040704032166,RHPL,4,56,60,517.0,31020.0
2021040704032165,RHPL,4,54,"1,500",515.0,772500.0
2021040704032164,RHPL,4,48,50,515.0,25750.0
2021040704032163,RHPL,4,39,50,515.0,25750.0
2021040704032162,RHPL,4,20,50,513.0,25650.0
2021040704032161,NIL,21,32,100,1665.0,166500.0
2021040704032160,RRHP,33,38,770,374.0,287980.0
2021040704032159,RRHP,34,38,50,374.0,18700.0
2021040704032158,RRHP,25,38,200,374.0,74800.0
2021040704032157,RRHP,58,38,100,374.0,37400.0
2021040704032156,RRHP,25,38,10,374.0,3740.0
2021040704032155,RRHP,44,38,40,374.0,14960.0
2021040704032154,NICGF,7,8,700,12.61,8827.0
2021040704032153,NICGF,28,8,"1,500",12.61,18915.0
2021040704032152,BPCL,6,19,500,430.0,215000.0
2021040704032151,RHPL,55,49,30,511.0,15330.0
2021040704032150,RHPL,57,49,50,512.0,25600.0
2021040704032149,UPPER,57,8,50,889.0,44450.0
2021040704032148,PRIN,17,57,10,953.0,9530.0
2021040704032147,UPCL,40,49,"1,270",178.0,226060.0
2021040704032146,UPCL,40,6,150,177.0,26550.0
2021040704032145,UPCL,40,14,200,177.0,35400.0
2021040704032144,UPCL,40,17,"1,000",177.0,177000.0
2021040704032143,UPCL,40,16,10,177.0,1770.0
2021040704032142,UPCL,40,54,109,177.0,19293.0
2021040704032141,UPCL,40,14,50,176.0,8800.0
2021040704032140,UPCL,40,17,10,176.0,1760.0
2021040704032139,UPCL,40,21,110,176.0,19360.0
2021040704032138,UPCL,40,48,"1,000",176.0,176000.0
2021040704032137,UPCL,40,17,10,176.0,1760.0
2021040704032136,UPCL,40,21,200,175.0,35000.0
2021040704032135,UPCL,40,45,200,175.0,35000.0
2021040704032134,UPCL,40,57,500,174.0,87000.0
2021040704032133,UPCL,40,25,100,174.0,17400.0
2021040704032132,UPCL,40,34,81,174.0,14094.0
2021040704032131,RHPL,59,39,10,515.0,5150.0
2021040704032130,RHPL,59,26,70,514.0,35980.0
2021040704032129,RHPL,59,49,10,514.0,5140.0
2021040704032128,RHPL,59,50,170,514.0,87380.0
2021040704032127,RHPL,59,59,10,514.0,5140.0
2021040704032126,CGH,44,21,10,2578.0,25780.0
2021040704032125,PICL,1,29,220,882.0,194040.0
2021040704032124,NLG,7,42,200,1151.0,230200.0
2021040704032123,SEF,43,59,"2,000",12.25,24500.0
2021040704032122,SEF,43,52,"2,000",12.25,24500.0
2021040704032121,SEF,43,38,"4,000",12.25,49000.0
2021040704032120,SEF,43,22,"9,000",12.25,110250.0
2021040704032119,SEF,43,22,"20,000",12.24,244800.0
2021040704032118,SEF,43,47,"20,000",12.23,244600.0
2021040704032117,SEF,43,47,"2,500",12.2,30500.0
2021040704032116,SEF,43,35,"1,200",12.2,14640.0
2021040704032115,SEF,43,41,500,12.2,6100.0
2021040704032114,SEF,43,57,"1,000",12.18,12180.0
