Transact. No.,Symbol,Buyer,Seller,Quantity,Rate,Amount
2021040504035187,AHPC,11,45,27,277.0,7479.0
2021040504035186,AHPC,11,16,73,277.0,20221.0
2021040504035183,AHPC,42,16,200,277.0,55400.0
2021040504035113,AHPC,11,16,100,277.0,27700.0
2021040504035054,AHPC,57,16,53,277.0,14681.0
2021040504035053,AHPC,57,57,47,277.0,13019.0
2021040504035027,AHPC,59,57,153,277.0,42381.0
2021040504035026,AHPC,59,1,147,277.0,40719.0
2021040504035074,AIL,21,46,30,975.0,29250.0
2021040504035073,AIL,21,1,10,975.0,9750.0
2021040504035072,AIL,21,38,60,975.0,58500.0
2021040504035061,AIL,22,58,450,974.0,438300.0
2021040504035060,AIL,57,58,50,974.0,48700.0
2021040504035052,AIL,57,46,10,974.0,9740.0
2021040504035051,AIL,58,38,25,973.0,24325.0
2021040504035059,AKJCL,58,47,13,150.0,1950.0
2021040504035058,AKJCL,57,47,20,150.0,3000.0
2021040504035155,API,58,22,10,328.0,3280.0
2021040504035108,BPCL,14,59,26,409.0,10634.0
2021040504035180,CGH,42,14,30,2131.0,63930.0
2021040504035162,CGH,33,51,10,2125.0,21250.0
2021040504035084,CGH,6,21,10,2131.0,21310.0
2021040504035032,CGH,25,22,10,2121.0,21210.0
2021040504035031,CGH,26,22,40,2121.0,84840.0
2021040504035030,CGH,56,22,10,2122.0,21220.0
2021040504034946,CGH,47,50,50,2131.0,106550.0
2021040504034952,CGH,47,14,20,2139.0,42780.0
2021040504034951,CGH,47,48,10,2139.0,21390.0
2021040504034950,CGH,47,45,110,2138.0,235180.0
2021040504034949,CGH,47,49,10,2136.0,21360.0
2021040504034948,CGH,47,17,10,2135.0,21350.0
2021040504034947,CGH,47,50,30,2135.0,64050.0
2021040504034958,CGH,47,20,40,2140.0,85600.0
2021040504034957,CGH,47,41,20,2140.0,42800.0
2021040504034956,CGH,47,16,100,2139.0,213900.0
2021040504034955,CGH,47,25,40,2139.0,85560.0
2021040504034954,CGH,47,28,10,2139.0,21390.0
2021040504034953,CGH,47,36,20,2139.0,42780.0
2021040504034964,CGH,47,53,10,2140.0,21400.0
2021040504034963,CGH,47,29,15,2140.0,32100.0
2021040504034962,CGH,47,29,10,2140.0,21400.0
2021040504034961,CGH,47,57,10,2140.0,21400.0
2021040504034960,CGH,47,45,50,2140.0,107000.0
2021040504034959,CGH,47,58,10,2140.0,21400.0
2021040504034970,CGH,47,35,10,2140.0,21400.0
2021040504034969,CGH,47,54,30,2140.0,64200.0
2021040504034968,CGH,47,49,10,2140.0,21400.0
2021040504034967,CGH,47,1,50,2140.0,107000.0
2021040504034966,CGH,47,54,10,2140.0,21400.0
2021040504034965,CGH,47,49,10,2140.0,21400.0
2021040504034976,CGH,47,28,10,2143.0,21430.0
2021040504034975,CGH,47,16,10,2142.0,21420.0
2021040504034974,CGH,47,51,10,2141.0,21410.0
2021040504034973,CGH,47,52,10,2140.0,21400.0
2021040504034972,CGH,47,51,10,2140.0,21400.0
2021040504034971,CGH,47,22,10,2140.0,21400.0
2021040504034982,CGH,47,58,10,2143.0,21430.0
2021040504034981,CGH,47,57,10,2143.0,21430.0
2021040504034980,CGH,47,28,20,2143.0,42860.0
2021040504034979,CGH,47,50,10,2143.0,21430.0
2021040504034978,CGH,47,45,10,2143.0,21430.0
2021040504034977,CGH,47,44,100,2143.0,214300.0
2021040504034988,CGH,47,16,10,2145.0,21450.0
2021040504034987,CGH,47,58,10,2145.0,21450.0
2021040504034986,CGH,47,58,10,2145.0,21450.0
2021040504034985,CGH,47,51,10,2144.0,21440.0
2021040504034984,CGH,47,49,10,2144.0,21440.0
2021040504034983,CGH,47,59,10,2144.0,21440.0
2021040504034994,CGH,47,16,10,2145.0,21450.0
2021040504034993,CGH,47,16,10,2145.0,21450.0
2021040504034992,CGH,47,16,10,2145.0,21450.0
2021040504034991,CGH,47,16,10,2145.0,21450.0
2021040504034990,CGH,47,16,10,2145.0,21450.0
2021040504034989,CGH,47,16,10,2145.0,21450.0
2021040504035000,CGH,47,44,10,2149.0,21490.0
2021040504034999,CGH,47,51,10,2145.0,21450.0
2021040504034998,CGH,47,45,10,2145.0,21450.0
2021040504034997,CGH,47,16,10,2145.0,21450.0
2021040504034996,CGH,47,16,10,2145.0,21450.0
2021040504034995,CGH,47,16,10,2145.0,21450.0
2021040504035006,CGH,47,57,100,2150.0,215000.0
2021040504035005,CGH,47,51,15,2150.0,32250.0
2021040504035004,CGH,47,21,10,2150.0,21500.0
2021040504035003,CGH,47,29,10,2150.0,21500.0
2021040504035002,CGH,47,43,10,2150.0,21500.0
2021040504035001,CGH,47,48,10,2150.0,21500.0
2021040504035012,CGH,47,21,10,2150.0,21500.0
2021040504035011,CGH,47,1,10,2150.0,21500.0
2021040504035010,CGH,47,56,10,2150.0,21500.0
2021040504035009,CGH,47,16,10,2150.0,21500.0
2021040504035008,CGH,47,25,10,2150.0,21500.0
2021040504035007,CGH,47,58,10,2150.0,21500.0
2021040504035018,CGH,47,35,10,2150.0,21500.0
2021040504035017,CGH,47,26,10,2150.0,21500.0
2021040504035016,CGH,47,41,10,2150.0,21500.0
2021040504035015,CGH,47,38,10,2150.0,21500.0
2021040504035014,CGH,47,39,10,2150.0,21500.0
2021040504035013,CGH,47,45,20,2150.0,43000.0
2021040504035029,CGH,49,22,30,2125.0,63750.0
2021040504035028,CGH,18,22,10,2131.0,21310.0
2021040504035022,CGH,47,45,"1,090",2150.0,2343500.0
2021040504035021,CGH,47,22,10,2150.0,21500.0
2021040504035020,CGH,47,51,10,2150.0,21500.0
2021040504035019,CGH,47,25,10,2150.0,21500.0
2021040504035185,CHCL,1,44,100,620.0,62000.0
2021040504035184,CHCL,1,13,100,620.0,62000.0
2021040504035175,CHCL,26,52,33,620.0,20460.0
2021040504035174,CHCL,26,42,60,619.0,37140.0
2021040504035023,EIC,44,42,60,778.0,46680.0
2021040504035160,GHL,25,58,100,160.0,16000.0
2021040504035159,GHL,25,40,363,160.0,58080.0
2021040504035165,GIC,49,57,50,780.0,39000.0
2021040504035126,GIC,32,57,100,780.0,78000.0
2021040504035200,GLH,21,29,10,377.0,3770.0
2021040504035153,GLH,21,17,10,377.0,3770.0
2021040504035152,GLH,21,29,200,377.0,75400.0
2021040504035151,GLH,21,58,10,377.0,3770.0
2021040504035150,GLH,21,33,10,377.0,3770.0
2021040504035149,GLH,21,22,70,377.0,26390.0
2021040504035050,GLH,38,57,10,377.0,3770.0
2021040504035049,GLH,38,36,10,377.0,3770.0
2021040504035048,GLH,38,44,10,376.0,3760.0
2021040504035047,GLH,38,49,10,376.0,3760.0
2021040504035046,GLH,38,41,10,376.0,3760.0
2021040504035045,GLH,38,41,15,375.0,5625.0
2021040504035191,HDHPC,34,16,10,134.0,1340.0
2021040504035182,HDHPC,42,16,303,134.0,40602.0
2021040504035181,HDHPC,42,40,30,134.0,4020.0
2021040504035070,HDHPC,52,44,"1,000",133.0,133000.0
2021040504035197,HGI,57,51,415,797.0,330755.0
2021040504035196,HGI,57,45,30,796.0,23880.0
2021040504035173,HGI,56,51,10,797.0,7970.0
2021040504035168,HGI,20,51,15,797.0,11955.0
2021040504035164,HGI,40,51,80,797.0,63760.0
2021040504035161,HGI,11,51,25,798.0,19950.0
2021040504035037,HGI,20,41,200,798.0,159600.0
2021040504035036,HGI,20,32,20,798.0,15960.0
2021040504035035,HGI,20,17,134,798.0,106932.0
2021040504035088,HGI,20,25,30,798.0,23940.0
2021040504035069,HGI,19,22,78,796.0,62088.0
2021040504035068,HGI,40,22,22,796.0,17512.0
2021040504035062,HGI,40,5,20,796.0,15920.0
2021040504035039,HGI,41,25,10,798.0,7980.0
2021040504035038,HGI,20,25,10,798.0,7980.0
2021040504035157,HGI,11,32,25,796.0,19900.0
2021040504035100,HGI,19,32,53,796.0,42188.0
2021040504035099,HGI,19,32,22,796.0,17512.0
2021040504035098,HGI,34,32,100,798.0,79800.0
2021040504035090,HGI,20,51,10,799.0,7990.0
2021040504035089,HGI,20,7,50,798.0,39900.0
2021040504035081,HURJA,10,22,10,336.0,3360.0
2021040504035199,IGI,42,7,29,1297.0,37613.0
2021040504035156,IGI,42,34,171,1297.0,221787.0
2021040504035086,IGI,33,35,10,1296.0,12960.0
2021040504035121,IGI,49,34,29,1297.0,37613.0
2021040504035120,IGI,49,58,735,1297.0,953295.0
2021040504035119,IGI,49,13,26,1297.0,33722.0
2021040504035118,IGI,49,5,200,1296.0,259200.0
2021040504035117,IGI,49,35,10,1296.0,12960.0
2021040504035125,IGI,40,21,60,1290.0,77400.0
2021040504035124,IGI,14,21,50,1290.0,64500.0
2021040504035123,IGI,16,21,20,1290.0,25800.0
2021040504035122,IGI,29,21,10,1291.0,12910.0
2021040504035130,LGIL,59,13,10,860.0,8600.0
2021040504035112,LGIL,59,42,21,860.0,18060.0
2021040504035111,LGIL,34,42,49,860.0,42140.0
2021040504035110,LGIL,18,42,200,860.0,172000.0
2021040504035109,LGIL,44,42,230,860.0,197800.0
2021040504035192,MEN,34,56,30,708.0,21240.0
2021040504035135,MEN,6,41,100,707.0,70700.0
2021040504035134,MEN,6,4,10,705.0,7050.0
2021040504035133,MEN,6,46,10,704.0,7040.0
2021040505000093,MLBSL,38,58,1,750.0,750.0
2021040505000091,MLBSL,38,58,1,752.0,752.0
2021040505000037,MLBSL,35,36,10,765.0,7650.0
2021040505000011,MLBSL,16,39,10,750.0,7500.0
2021040505000001,MLBSL,11,16,10,718.0,7180.0
2021040504035065,NBF2,54,46,"1,000",11.46,11460.0
2021040504035064,NBF2,54,34,100,11.44,1144.0
2021040504035193,NHPC,50,20,100,170.0,17000.0
2021040504035148,NICL,33,44,830,842.0,698860.0
2021040504035085,NICL,33,29,196,838.0,164248.0
2021040505000099,NICLBSL,29,22,10,1057.0,10570.0
2021040505000098,NICLBSL,29,45,10,1057.0,10570.0
2021040505000097,NICLBSL,29,45,10,1057.0,10570.0
2021040505000096,NICLBSL,29,58,10,1057.0,10570.0
2021040505000095,NICLBSL,29,47,10,1057.0,10570.0
2021040505000094,NICLBSL,29,26,10,1057.0,10570.0
2021040505000005,NICLBSL,25,1,10,1018.0,10180.0
2021040505000004,NICLBSL,55,55,6,1018.0,6108.0
2021040505000003,NICLBSL,35,56,10,999.0,9990.0
2021040505000002,NICLBSL,38,42,10,980.0,9800.0
2021040505000012,NICLBSL,19,17,10,1057.0,10570.0
2021040505000010,NICLBSL,19,59,10,1057.0,10570.0
2021040505000009,NICLBSL,19,25,10,1057.0,10570.0
2021040505000008,NICLBSL,38,55,4,1057.0,4228.0
2021040505000007,NICLBSL,19,1,10,1057.0,10570.0
2021040505000006,NICLBSL,48,7,10,1038.0,10380.0
2021040505000018,NICLBSL,19,52,110,1057.0,116270.0
2021040505000017,NICLBSL,19,21,20,1057.0,21140.0
2021040505000016,NICLBSL,38,35,9,1036.0,9324.0
2021040505000015,NICLBSL,19,39,10,1057.0,10570.0
2021040505000014,NICLBSL,19,39,10,1057.0,10570.0
2021040505000013,NICLBSL,19,7,10,1057.0,10570.0
2021040505000024,NICLBSL,29,10,10,1057.0,10570.0
2021040505000023,NICLBSL,38,55,5,1047.0,5235.0
2021040505000022,NICLBSL,29,29,10,1057.0,10570.0
2021040505000021,NICLBSL,38,35,1,1038.0,1038.0
2021040505000020,NICLBSL,29,52,40,1057.0,42280.0
2021040505000019,NICLBSL,28,52,50,1057.0,52850.0
2021040505000030,NICLBSL,29,35,10,1057.0,10570.0
2021040505000029,NICLBSL,29,10,10,1057.0,10570.0
2021040505000028,NICLBSL,29,50,20,1057.0,21140.0
2021040505000027,NICLBSL,29,10,10,1057.0,10570.0
2021040505000026,NICLBSL,29,38,10,1057.0,10570.0
2021040505000025,NICLBSL,29,8,10,1057.0,10570.0
2021040505000036,NICLBSL,29,55,10,1057.0,10570.0
2021040505000035,NICLBSL,29,55,10,1057.0,10570.0
2021040505000034,NICLBSL,29,34,10,1057.0,10570.0
2021040505000033,NICLBSL,29,40,10,1057.0,10570.0
2021040505000032,NICLBSL,29,39,10,1057.0,10570.0
2021040505000031,NICLBSL,29,38,10,1057.0,10570.0
2021040505000043,NICLBSL,29,42,10,1057.0,10570.0
2021040505000042,NICLBSL,29,55,10,1057.0,10570.0
2021040505000041,NICLBSL,29,4,10,1057.0,10570.0
2021040505000040,NICLBSL,29,22,20,1057.0,21140.0
2021040505000039,NICLBSL,29,1,10,1057.0,10570.0
2021040505000038,NICLBSL,29,17,10,1057.0,10570.0
2021040505000049,NICLBSL,29,38,20,1057.0,21140.0
2021040505000048,NICLBSL,29,40,10,1057.0,10570.0
2021040505000047,NICLBSL,29,42,31,1057.0,32767.0
2021040505000046,NICLBSL,29,42,10,1057.0,10570.0
2021040505000045,NICLBSL,29,5,10,1057.0,10570.0
2021040505000044,NICLBSL,29,10,10,1057.0,10570.0
2021040505000055,NICLBSL,29,35,10,1057.0,10570.0
2021040505000054,NICLBSL,29,32,10,1057.0,10570.0
2021040505000053,NICLBSL,29,17,10,1057.0,10570.0
2021040505000052,NICLBSL,29,20,10,1057.0,10570.0
2021040505000051,NICLBSL,29,42,10,1057.0,10570.0
2021040505000050,NICLBSL,29,34,10,1057.0,10570.0
2021040505000061,NICLBSL,29,41,10,1057.0,10570.0
2021040505000060,NICLBSL,29,28,20,1057.0,21140.0
2021040505000059,NICLBSL,29,22,10,1057.0,10570.0
2021040505000058,NICLBSL,29,58,10,1057.0,10570.0
2021040505000057,NICLBSL,29,21,10,1057.0,10570.0
2021040505000056,NICLBSL,29,52,10,1057.0,10570.0
2021040505000067,NICLBSL,29,45,10,1057.0,10570.0
2021040505000066,NICLBSL,29,58,10,1057.0,10570.0
2021040505000065,NICLBSL,29,45,10,1057.0,10570.0
2021040505000064,NICLBSL,29,49,10,1057.0,10570.0
2021040505000063,NICLBSL,29,59,10,1057.0,10570.0
2021040505000062,NICLBSL,29,36,10,1057.0,10570.0
2021040505000073,NICLBSL,29,36,10,1057.0,10570.0
2021040505000072,NICLBSL,29,45,10,1057.0,10570.0
2021040505000071,NICLBSL,29,47,10,1057.0,10570.0
2021040505000070,NICLBSL,29,36,10,1057.0,10570.0
2021040505000069,NICLBSL,29,57,10,1057.0,10570.0
2021040505000068,NICLBSL,29,45,20,1057.0,21140.0
2021040505000079,NICLBSL,29,58,10,1057.0,10570.0
2021040505000078,NICLBSL,29,36,10,1057.0,10570.0
2021040505000077,NICLBSL,29,36,10,1057.0,10570.0
2021040505000076,NICLBSL,29,36,10,1057.0,10570.0
2021040505000075,NICLBSL,29,36,10,1057.0,10570.0
2021040505000074,NICLBSL,29,41,10,1057.0,10570.0
2021040505000085,NICLBSL,29,58,10,1057.0,10570.0
2021040505000084,NICLBSL,29,10,41,1057.0,43337.0
2021040505000083,NICLBSL,29,21,10,1057.0,10570.0
2021040505000082,NICLBSL,29,59,10,1057.0,10570.0
2021040505000081,NICLBSL,29,58,10,1057.0,10570.0
2021040505000080,NICLBSL,29,58,10,1057.0,10570.0
2021040505000092,NICLBSL,29,47,10,1057.0,10570.0
2021040505000090,NICLBSL,29,47,20,1057.0,21140.0
2021040505000089,NICLBSL,29,26,20,1057.0,21140.0
2021040505000088,NICLBSL,29,25,10,1057.0,10570.0
2021040505000087,NICLBSL,29,45,10,1057.0,10570.0
2021040505000086,NICLBSL,29,22,10,1057.0,10570.0
2021040504035172,NIL,56,4,28,1711.0,47908.0
2021040504035169,NIL,10,4,100,1711.0,171100.0
2021040504035103,NIL,44,55,50,1710.0,85500.0
2021040504035176,NLG,47,46,100,1197.0,119700.0
2021040504035093,NLG,43,53,85,1195.0,101575.0
2021040504035079,NLG,43,50,64,1195.0,76480.0
2021040504035078,NLG,33,50,300,1195.0,358500.0
2021040504035077,NLG,19,50,10,1195.0,11950.0
2021040504035076,NLG,59,50,38,1195.0,45410.0
2021040504035075,NLG,50,50,50,1196.0,59800.0
2021040504035057,NLG,59,21,62,1195.0,74090.0
2021040504035056,NLG,14,21,68,1196.0,81328.0
2021040504035195,PIC,34,57,50,1320.0,66000.0
2021040504035194,PIC,49,57,50,1321.0,66050.0
2021040504035138,PIC,35,6,100,1324.0,132400.0
2021040504035190,PICL,1,45,84,935.0,78540.0
2021040504035189,PICL,45,45,100,935.0,93500.0
2021040504035188,PICL,45,45,16,935.0,14960.0
2021040504035178,PICL,52,58,100,936.0,93600.0
2021040504035025,PICL,45,59,84,935.0,78540.0
2021040504035024,PICL,47,59,100,935.0,93500.0
2021040504035198,PPCL,32,57,20,300.0,6000.0
2021040504035097,PRIN,11,43,25,995.0,24875.0
2021040504035083,PRIN,11,1,13,995.0,12935.0
2021040504035082,PRIN,11,6,10,995.0,9950.0
2021040504035080,RHPC,34,17,250,212.0,53000.0
2021040504035158,RHPL,19,49,200,490.0,98000.0
2021040504035131,RHPL,45,49,35,490.0,17150.0
2021040504035116,SEF,35,11,"4,050",11.85,47992.5
2021040504035115,SEF,22,11,"5,000",11.86,59300.0
2021040504035114,SEF,41,11,950,11.86,11267.0
2021040504034945,SGI,56,42,40,900.0,36000.0
2021040504034944,SGI,56,3,10,900.0,9000.0
2021040504034943,SGI,56,42,10,900.0,9000.0
2021040504034942,SGI,56,57,10,900.0,9000.0
2021040504034941,SGI,56,25,100,900.0,90000.0
2021040504034940,SGI,56,45,50,900.0,45000.0
2021040504034801,SGI,56,42,10,850.0,8500.0
2021040504034800,SGI,56,58,80,850.0,68000.0
2021040504034807,SGI,56,14,60,851.0,51060.0
2021040504034806,SGI,56,1,10,850.0,8500.0
2021040504034805,SGI,56,8,50,850.0,42500.0
2021040504034804,SGI,56,57,50,850.0,42500.0
2021040504034803,SGI,56,48,110,850.0,93500.0
2021040504034802,SGI,56,34,10,850.0,8500.0
2021040504034813,SGI,56,41,10,852.0,8520.0
2021040504034812,SGI,56,4,140,851.0,119140.0
2021040504034811,SGI,56,45,15,851.0,12765.0
2021040504034810,SGI,56,1,10,851.0,8510.0
2021040504034809,SGI,56,47,10,851.0,8510.0
2021040504034808,SGI,56,42,40,851.0,34040.0
2021040504034819,SGI,56,29,190,852.0,161880.0
2021040504034818,SGI,56,58,10,852.0,8520.0
2021040504034817,SGI,56,34,10,852.0,8520.0
2021040504034816,SGI,56,45,10,852.0,8520.0
2021040504034815,SGI,56,42,10,852.0,8520.0
2021040504034814,SGI,56,51,10,852.0,8520.0
2021040504034825,SGI,56,25,100,853.0,85300.0
2021040504034824,SGI,56,10,10,853.0,8530.0
2021040504034823,SGI,56,42,10,853.0,8530.0
2021040504034822,SGI,56,10,10,853.0,8530.0
2021040504034821,SGI,56,26,100,853.0,85300.0
2021040504034820,SGI,56,51,100,853.0,85300.0
2021040504034831,SGI,56,47,10,856.0,8560.0
2021040504034830,SGI,56,8,10,855.0,8550.0
2021040504034829,SGI,56,34,10,855.0,8550.0
2021040504034828,SGI,56,29,500,855.0,427500.0
2021040504034827,SGI,56,43,10,855.0,8550.0
2021040504034826,SGI,56,47,30,854.0,25620.0
2021040504034837,SGI,56,4,100,860.0,86000.0
2021040504034836,SGI,56,22,10,860.0,8600.0
2021040504034835,SGI,56,52,50,860.0,43000.0
2021040504034834,SGI,56,57,10,860.0,8600.0
2021040504034833,SGI,56,17,100,860.0,86000.0
2021040504034832,SGI,56,44,10,856.0,8560.0
2021040504034843,SGI,56,45,10,860.0,8600.0
2021040504034842,SGI,56,57,10,860.0,8600.0
2021040504034841,SGI,56,13,300,860.0,258000.0
2021040504034840,SGI,56,40,200,860.0,172000.0
2021040504034839,SGI,56,48,500,860.0,430000.0
2021040504034838,SGI,56,49,100,860.0,86000.0
2021040504034849,SGI,56,45,10,860.0,8600.0
2021040504034848,SGI,56,45,100,860.0,86000.0
2021040504034847,SGI,56,42,100,860.0,86000.0
2021040504034846,SGI,56,42,30,860.0,25800.0
2021040504034845,SGI,56,13,10,860.0,8600.0
2021040504034844,SGI,56,58,10,860.0,8600.0
2021040504034855,SGI,56,32,10,865.0,8650.0
2021040504034854,SGI,56,52,10,865.0,8650.0
2021040504034853,SGI,56,13,30,865.0,25950.0
2021040504034852,SGI,56,22,590,865.0,510350.0
2021040504034851,SGI,56,57,90,862.0,77580.0
2021040504034850,SGI,56,14,70,862.0,60340.0
2021040504034861,SGI,56,38,10,868.0,8680.0
2021040504034860,SGI,56,38,155,868.0,134540.0
2021040504034859,SGI,56,13,30,868.0,26040.0
2021040504034858,SGI,56,22,50,867.0,43350.0
2021040504034857,SGI,56,22,10,865.0,8650.0
2021040504034856,SGI,56,8,400,865.0,346000.0
2021040504034867,SGI,56,32,500,870.0,435000.0
2021040504034866,SGI,56,41,10,869.0,8690.0
2021040504034865,SGI,56,38,10,869.0,8690.0
2021040504034864,SGI,56,41,10,869.0,8690.0
2021040504034863,SGI,56,17,200,869.0,173800.0
2021040504034862,SGI,56,22,10,868.0,8680.0
2021040504034873,SGI,56,14,10,870.0,8700.0
2021040504034872,SGI,56,22,10,870.0,8700.0
2021040504034871,SGI,56,42,10,870.0,8700.0
2021040504034870,SGI,56,45,10,870.0,8700.0
2021040504034869,SGI,56,33,10,870.0,8700.0
2021040504034868,SGI,56,50,15,870.0,13050.0
2021040504034879,SGI,56,49,10,870.0,8700.0
2021040504034878,SGI,56,49,10,870.0,8700.0
2021040504034877,SGI,56,58,10,870.0,8700.0
2021040504034876,SGI,56,29,50,870.0,43500.0
2021040504034875,SGI,56,45,10,870.0,8700.0
2021040504034874,SGI,56,44,10,870.0,8700.0
2021040504034885,SGI,56,17,10,872.0,8720.0
2021040504034884,SGI,56,41,70,872.0,61040.0
2021040504034883,SGI,56,35,10,872.0,8720.0
2021040504034882,SGI,56,32,10,871.0,8710.0
2021040504034881,SGI,56,43,10,870.0,8700.0
2021040504034880,SGI,56,55,20,870.0,17400.0
2021040504034891,SGI,56,34,10,872.0,8720.0
2021040504034890,SGI,56,11,60,872.0,52320.0
2021040504034889,SGI,56,34,10,872.0,8720.0
2021040504034888,SGI,56,25,200,872.0,174400.0
2021040504034887,SGI,56,17,20,872.0,17440.0
2021040504034886,SGI,56,32,10,872.0,8720.0
2021040504034897,SGI,56,45,10,874.0,8740.0
2021040504034896,SGI,56,32,10,874.0,8740.0
2021040504034895,SGI,56,17,50,874.0,43700.0
2021040504034894,SGI,56,7,171,874.0,149454.0
2021040504034893,SGI,56,42,30,874.0,26220.0
2021040504034892,SGI,56,32,10,873.0,8730.0
2021040504034903,SGI,56,56,885,875.0,774375.0
2021040504034902,SGI,56,35,50,874.0,43700.0
2021040504034901,SGI,56,49,50,874.0,43700.0
2021040504034900,SGI,56,46,10,874.0,8740.0
2021040504034899,SGI,56,34,10,874.0,8740.0
2021040504034898,SGI,56,32,10,874.0,8740.0
2021040504034909,SGI,56,50,10,878.0,8780.0
2021040504034908,SGI,56,57,10,877.0,8770.0
2021040504034907,SGI,56,45,10,877.0,8770.0
2021040504034906,SGI,56,35,10,877.0,8770.0
2021040504034905,SGI,56,17,20,877.0,17540.0
2021040504034904,SGI,56,11,60,875.0,52500.0
2021040504034915,SGI,56,45,500,880.0,440000.0
2021040504034914,SGI,56,56,30,880.0,26400.0
2021040504034913,SGI,56,17,20,878.0,17560.0
2021040504034912,SGI,56,57,50,878.0,43900.0
2021040504034911,SGI,56,21,10,878.0,8780.0
2021040504034910,SGI,56,42,10,878.0,8780.0
2021040504034921,SGI,56,45,50,885.0,44250.0
2021040504034920,SGI,56,13,10,882.0,8820.0
2021040504034919,SGI,56,3,50,882.0,44100.0
2021040504034918,SGI,56,57,10,880.0,8800.0
2021040504034917,SGI,56,35,100,880.0,88000.0
2021040504034916,SGI,56,56,10,880.0,8800.0
2021040504034927,SGI,56,17,10,890.0,8900.0
2021040504034926,SGI,56,49,50,890.0,44500.0
2021040504034925,SGI,56,14,10,890.0,8900.0
2021040504034924,SGI,56,42,20,890.0,17800.0
2021040504034923,SGI,56,37,10,890.0,8900.0
2021040504034922,SGI,56,21,40,889.0,35560.0
2021040504034933,SGI,56,37,160,899.0,143840.0
2021040504034932,SGI,56,41,10,899.0,8990.0
2021040504034931,SGI,56,52,60,897.0,53820.0
2021040504034930,SGI,56,59,10,897.0,8970.0
2021040504034929,SGI,56,41,10,896.0,8960.0
2021040504034928,SGI,56,43,20,891.0,17820.0
2021040504034939,SGI,56,6,10,900.0,9000.0
2021040504034938,SGI,56,52,20,900.0,18000.0
2021040504034937,SGI,56,55,10,900.0,9000.0
2021040504034936,SGI,56,32,15,900.0,13500.0
2021040504034935,SGI,56,33,130,900.0,117000.0
2021040504034934,SGI,56,45,140,899.0,125860.0
2021040504035167,SHPC,33,46,20,365.0,7300.0
2021040504035166,SHPC,33,38,20,363.0,7260.0
2021040504035140,SICL,43,28,20,1969.0,39380.0
2021040504035139,SICL,43,56,30,1967.0,59010.0
2021040504035177,SJCL,37,19,342,445.0,152190.0
2021040504035170,SJCL,37,54,40,445.0,17800.0
2021040504035137,SJCL,37,34,40,445.0,17800.0
2021040504035107,SJCL,45,26,51,446.0,22746.0
2021040504035106,SJCL,45,59,10,446.0,4460.0
2021040504035105,SJCL,45,14,10,446.0,4460.0
2021040504035104,SJCL,45,36,29,446.0,12934.0
2021040504035063,SJCL,37,49,250,445.0,111250.0
2021040504035034,SJCL,37,14,75,445.0,33375.0
2021040504035033,SJCL,3,14,65,445.0,28925.0
2021040504035136,SSHL,56,56,10,214.0,2140.0
2021040504035179,UIC,34,52,500,748.0,374000.0
2021040504035043,UIC,52,3,29,750.0,21750.0
2021040504035042,UIC,52,44,200,750.0,150000.0
2021040504035041,UIC,52,17,56,750.0,42000.0
2021040504035040,UIC,52,21,115,750.0,86250.0
2021040504035132,UMHL,41,34,100,183.0,18300.0
2021040504035087,UMHL,35,13,10,180.0,1800.0
2021040504035127,UMRH,14,28,10,300.0,3000.0
2021040504035129,UNHPL,37,57,175,128.0,22400.0
2021040504035128,UNHPL,37,58,225,128.0,28800.0
2021040504035163,UPCL,47,57,50,150.0,7500.0
2021040504035143,UPCL,25,34,30,151.0,4530.0
2021040504035142,UPCL,25,41,50,151.0,7550.0
2021040504035141,UPCL,25,18,20,151.0,3020.0
2021040504035171,UPPER,21,6,200,908.0,181600.0
2021040504035154,UPPER,21,7,100,908.0,90800.0
2021040504035147,UPPER,33,42,490,909.0,445410.0
2021040504035146,UPPER,33,52,200,909.0,181800.0
2021040504035071,UPPER,16,44,100,908.0,90800.0
2021040504035067,UPPER,45,41,40,909.0,36360.0
2021040504035066,UPPER,45,41,160,909.0,145440.0
2021040504035055,UPPER,36,41,100,909.0,90900.0
2021040504035044,UPPER,49,41,100,909.0,90900.0
2021040504035101,UPPER,49,55,250,908.0,227000.0
2021040504035096,UPPER,49,1,50,908.0,45400.0
2021040504035095,UPPER,36,55,190,909.0,172710.0
2021040504035094,UPPER,36,41,60,909.0,54540.0
2021040504035092,UPPER,29,41,5,908.0,4540.0
2021040504035091,UPPER,16,41,95,908.0,86260.0
2021040504035102,UPPER,21,55,150,908.0,136200.0
2021040504035145,UPPER,33,50,500,909.0,454500.0
2021040504035144,UPPER,33,55,810,909.0,736290.0
2021040504034636,AHPC,58,1,53,277.0,14681.0
2021040504034576,AHPC,58,1,101,277.0,27977.0
2021040504034555,AHPC,21,1,50,277.0,13850.0
2021040504034345,AHPC,8,1,50,277.0,13850.0
2021040504034653,AIL,46,52,40,974.0,38960.0
2021040504034610,AIL,58,49,40,973.0,38920.0
2021040504034609,AIL,34,49,50,973.0,48650.0
2021040504034574,AIL,13,52,20,974.0,19480.0
2021040504034573,AIL,42,52,30,974.0,29220.0
2021040504034572,AIL,33,52,10,974.0,9740.0
2021040504034378,AIL,42,50,30,974.0,29220.0
2021040504034377,AIL,1,50,70,974.0,68180.0
2021040504034368,AIL,1,1,10,974.0,9740.0
2021040504034355,AIL,1,59,30,974.0,29220.0
2021040504034449,AIL,42,16,35,974.0,34090.0
2021040504034440,AIL,34,38,62,973.0,60326.0
2021040504034439,AIL,50,38,20,973.0,19460.0
2021040504034438,AIL,34,38,18,974.0,17532.0
2021040504034437,AIL,29,38,100,974.0,97400.0
2021040504034379,AIL,29,50,100,974.0,97400.0
2021040504034564,AIL,33,55,70,974.0,68180.0
2021040504034563,AIL,42,55,30,974.0,29220.0
2021040504034522,AIL,34,54,49,974.0,47726.0
2021040504034507,AIL,19,54,10,974.0,9740.0
2021040504034461,AIL,49,32,10,974.0,9740.0
2021040504034450,AIL,34,16,165,974.0,160710.0
2021040504034540,AKPL,34,42,98,334.0,32732.0
2021040504034539,AKPL,34,56,52,334.0,17368.0
2021040504034347,AKPL,42,7,551,333.0,183483.0
2021040504034346,AKPL,42,7,449,334.0,149966.0
2021040504034570,API,58,54,50,328.0,16400.0
2021040504034565,API,42,32,165,329.0,54285.0
2021040504034526,API,13,32,50,329.0,16450.0
2021040504034453,API,58,4,20,328.0,6560.0
2021040504034452,API,16,4,480,328.0,157440.0
2021040504034602,BPCL,14,11,40,409.0,16360.0
2021040504034600,CGH,38,21,5,2125.0,10625.0
2021040504034599,CGH,38,10,635,2125.0,1349375.0
2021040504034598,CGH,14,10,100,2126.0,212600.0
2021040504034597,CGH,3,10,65,2126.0,138190.0
2021040504034596,CGH,56,10,10,2127.0,21270.0
2021040504034595,CGH,29,10,90,2130.0,191700.0
2021040504034411,CGH,41,40,10,2135.0,21350.0
2021040504034373,CGH,25,45,50,2136.0,106800.0
2021040504034365,CGH,41,42,10,2135.0,21350.0
2021040504034303,CGH,41,20,10,2135.0,21350.0
2021040504034594,CGH,32,10,100,2131.0,213100.0
2021040504034535,CGH,29,21,10,2130.0,21300.0
2021040504034528,CGH,56,50,10,2135.0,21350.0
2021040504034512,CGH,1,50,10,2135.0,21350.0
2021040504034511,CGH,1,53,30,2135.0,64050.0
2021040504034510,CGH,1,58,10,2131.0,21310.0
2021040504034638,CHCL,25,42,15,619.0,9285.0
2021040504034603,CHCL,10,42,25,619.0,15475.0
2021040504034393,CHCL,10,41,25,619.0,15475.0
2021040504034375,CHCL,10,28,385,619.0,238315.0
2021040504034374,CHCL,10,58,65,619.0,40235.0
2021040504034352,CHCL,57,26,173,616.0,106568.0
2021040504034351,CHCL,26,26,19,617.0,11723.0
2021040504034531,CMF2,43,21,200,11.11,2222.0
2021040504034530,CMF2,43,26,200,11.1,2220.0
2021040504034529,CMF2,43,58,550,11.0,6050.0
2021040504034302,DHPL,5,46,10,119.0,1190.0
2021040504034568,GHL,34,14,90,159.0,14310.0
2021040504034567,GHL,14,14,50,159.0,7950.0
2021040504034545,GHL,20,40,137,160.0,21920.0
2021040504034544,GHL,20,53,30,160.0,4800.0
2021040504034543,GHL,20,49,30,160.0,4800.0
2021040504034542,GHL,20,32,10,160.0,1600.0
2021040504034541,GHL,20,34,233,160.0,37280.0
2021040504034515,GIC,49,57,10,780.0,7800.0
2021040504034514,GIC,49,32,10,779.0,7790.0
2021040504034513,GIC,49,51,30,778.0,23340.0
2021040504034339,GIC,3,38,10,774.0,7740.0
2021040504034336,GIC,52,57,125,780.0,97500.0
2021040504034335,GIC,52,41,30,780.0,23400.0
2021040504034334,GIC,52,20,10,778.0,7780.0
2021040504034333,GIC,52,41,100,777.0,77700.0
2021040504034332,GIC,52,13,10,777.0,7770.0
2021040504034331,GIC,52,55,225,775.0,174375.0
2021040504034611,GLH,3,49,10,375.0,3750.0
2021040504034550,GLH,38,42,10,374.0,3740.0
2021040504034474,GLH,38,29,10,374.0,3740.0
2021040504034473,GLH,38,6,10,374.0,3740.0
2021040504034580,HDHPC,38,40,400,134.0,53600.0
2021040504034384,HDHPC,34,40,70,134.0,9380.0
2021040504034383,HDHPC,34,44,30,134.0,4020.0
2021040504034338,HDHPC,52,21,100,133.0,13300.0
2021040504034601,HGI,40,11,58,796.0,46168.0
2021040504034562,HGI,49,17,160,798.0,127680.0
2021040504034557,HGI,38,17,100,798.0,79800.0
2021040504034506,HGI,40,17,70,798.0,55860.0
2021040504034505,HGI,40,34,200,797.0,159400.0
2021040504034504,HGI,40,50,150,797.0,119550.0
2021040504034348,HGI,34,58,80,795.0,63600.0
2021040504034343,HGI,34,47,75,795.0,59625.0
2021040504034342,HGI,20,47,100,796.0,79600.0
2021040504034341,HGI,53,47,125,796.0,99500.0
2021040504034385,HGI,40,7,265,798.0,211470.0
2021040504034364,HGI,44,16,33,795.0,26235.0
2021040504034363,HGI,21,16,122,795.0,96990.0
2021040504034362,HGI,55,16,55,795.0,43725.0
2021040504034361,HGI,54,16,200,795.0,159000.0
2021040504034360,HGI,34,16,44,795.0,34980.0
2021040504034420,HGI,51,13,100,796.0,79600.0
2021040504034419,HGI,28,13,70,796.0,55720.0
2021040504034409,HGI,14,17,136,798.0,108528.0
2021040504034408,HGI,14,8,364,798.0,290472.0
2021040504034387,HGI,40,8,135,798.0,107730.0
2021040504034386,HGI,40,49,100,798.0,79800.0
2021040504034503,HGI,40,13,80,796.0,63680.0
2021040504034478,HGI,55,13,150,796.0,119400.0
2021040504034477,HGI,43,51,183,795.0,145485.0
2021040504034476,HGI,54,51,17,795.0,13515.0
2021040504034458,HGI,54,53,33,795.0,26235.0
2021040504034457,HGI,44,53,467,795.0,371265.0
2021040504034571,HPPL,10,50,10,396.0,3960.0
2021040504034623,IGI,45,57,97,1290.0,125130.0
2021040504034622,IGI,58,57,20,1290.0,25800.0
2021040504034621,IGI,6,57,15,1290.0,19350.0
2021040504034308,IGI,50,42,100,1295.0,129500.0
2021040504034301,IGI,50,32,100,1295.0,129500.0
2021040504034314,IGI,58,42,290,1293.0,374970.0
2021040504034313,IGI,57,42,15,1293.0,19395.0
2021040504034312,IGI,35,42,10,1293.0,12930.0
2021040504034311,IGI,8,42,100,1293.0,129300.0
2021040504034310,IGI,55,42,10,1294.0,12940.0
2021040504034309,IGI,55,42,305,1294.0,394670.0
2021040504034320,IGI,16,42,15,1291.0,19365.0
2021040504034319,IGI,44,42,100,1291.0,129100.0
2021040504034318,IGI,19,42,200,1291.0,258200.0
2021040504034317,IGI,10,42,50,1292.0,64600.0
2021040504034316,IGI,38,42,125,1292.0,161500.0
2021040504034315,IGI,21,42,10,1293.0,12930.0
2021040504034326,IGI,58,42,25,1290.0,32250.0
2021040504034325,IGI,45,42,300,1290.0,387000.0
2021040504034324,IGI,55,42,100,1290.0,129000.0
2021040504034323,IGI,25,42,100,1291.0,129100.0
2021040504034322,IGI,19,42,100,1291.0,129100.0
2021040504034321,IGI,32,42,10,1291.0,12910.0
2021040504034327,IGI,13,42,30,1290.0,38700.0
2021040504034401,IGI,33,5,100,1295.0,129500.0
2021040504034448,IGI,41,5,100,1295.0,129500.0
2021040504034538,IGI,41,41,20,1296.0,25920.0
2021040504034582,IGI,41,35,180,1296.0,233280.0
2021040504034614,IGI,34,57,58,1294.0,75052.0
2021040504034613,IGI,57,57,50,1295.0,64750.0
2021040504034620,IGI,41,57,10,1290.0,12900.0
2021040504034619,IGI,21,57,10,1290.0,12900.0
2021040504034618,IGI,38,57,50,1290.0,64500.0
2021040504034617,IGI,41,57,50,1290.0,64500.0
2021040504034616,IGI,45,57,130,1290.0,167700.0
2021040504034615,IGI,54,57,10,1290.0,12900.0
2021040504034436,JOSHI,51,1,20,130.0,2600.0
2021040504034305,KPCL,57,20,490,291.0,142590.0
2021040504034304,KPCL,57,21,10,291.0,2910.0
2021040504034525,KPCL,54,59,10,290.0,2900.0
2021040504034537,LGIL,47,57,151,860.0,129860.0
2021040504034445,LGIL,34,38,100,861.0,86100.0
2021040504034392,LGIL,52,38,50,861.0,43050.0
2021040504034652,MHNL,43,35,30,264.0,7920.0
2021040504034631,NHPC,34,25,500,169.0,84500.0
2021040504034630,NHPC,34,21,"1,500",169.0,253500.0
2021040504034629,NHPC,34,35,"1,000",169.0,169000.0
2021040504034628,NHPC,34,34,"9,900",169.0,1673100.0
2021040504034627,NHPC,34,56,200,168.0,33600.0
2021040504034626,NHPC,34,21,"2,000",168.0,336000.0
2021040504034625,NHPC,34,33,310,168.0,52080.0
2021040504034604,NHPC,42,32,200,167.0,33400.0
2021040504034487,NICL,17,19,46,837.0,38502.0
2021040504034549,NIL,51,4,100,1711.0,171100.0
2021040504034548,NIL,53,4,250,1711.0,427750.0
2021040504034635,NLG,14,41,532,1196.0,636272.0
2021040504034577,NLG,47,41,100,1196.0,119600.0
2021040504034556,NLG,16,41,50,1196.0,59800.0
2021040504034493,NLG,28,41,"1,000",1196.0,1196000.0
2021040504034492,NLG,35,41,100,1196.0,119600.0
2021040504034443,NLG,21,44,50,1197.0,59850.0
2021040504034442,NLG,44,44,100,1197.0,119700.0
2021040504034441,NLG,14,44,48,1197.0,57456.0
2021040504034376,NLG,53,50,10,1198.0,11980.0
2021040504034370,NLG,32,50,50,1198.0,59900.0
2021040504034337,NLG,29,50,20,1198.0,23960.0
2021040504034491,NLG,45,41,100,1197.0,119700.0
2021040504034490,NLG,33,41,50,1197.0,59850.0
2021040504034489,NLG,53,41,20,1197.0,23940.0
2021040504034488,NLG,42,41,48,1197.0,57456.0
2021040504034463,NLG,36,50,"1,000",1198.0,1198000.0
2021040504034444,NLG,42,44,252,1197.0,301644.0
2021040504034413,PIC,32,6,10,1324.0,13240.0
2021040504034412,PIC,32,19,25,1323.0,33075.0
2021040504034579,PICL,26,58,10,936.0,9360.0
2021040504034575,PICL,36,58,10,936.0,9360.0
2021040504034532,PICL,37,58,300,936.0,280800.0
2021040504034486,PICL,5,28,100,935.0,93500.0
2021040504034425,PICL,38,58,20,936.0,18720.0
2021040504034407,PICL,29,58,100,936.0,93600.0
2021040504034395,PICL,45,58,14,936.0,13104.0
2021040504034371,PICL,5,19,100,935.0,93500.0
2021040504034369,PICL,26,58,10,936.0,9360.0
2021040504034400,PMHPL,35,22,10,184.0,1840.0
2021040504034558,PRIN,32,6,100,995.0,99500.0
2021040504034349,PRIN,56,6,10,995.0,9950.0
2021040504034634,RHPC,34,13,13,212.0,2756.0
2021040504034633,RHPC,34,59,"1,250",212.0,265000.0
2021040504034632,RHPC,34,59,250,212.0,53000.0
2021040504034561,RHPL,35,49,"1,750",490.0,857500.0
2021040504034560,RHPL,35,41,80,489.0,39120.0
2021040504034559,RHPL,35,51,170,489.0,83130.0
2021040504034502,RHPL,50,51,10,489.0,4890.0
2021040504034501,RHPL,48,51,60,489.0,29340.0
2021040504034500,RHPL,32,51,100,489.0,48900.0
2021040504034398,RHPL,57,49,135,490.0,66150.0
2021040504034499,RHPL,18,51,250,489.0,122250.0
2021040504034498,RHPL,40,51,300,489.0,146700.0
2021040504034497,RHPL,44,51,"1,000",489.0,489000.0
2021040504034496,RHPL,52,51,50,489.0,24450.0
2021040504034495,RHPL,19,51,60,489.0,29340.0
2021040504034464,RHPL,35,49,"2,000",490.0,980000.0
2021040504034475,RRHP,32,46,50,384.0,19200.0
2021040504034799,SGI,56,49,15,850.0,12750.0
2021040504034798,SGI,56,29,60,850.0,51000.0
2021040504034797,SGI,56,37,90,850.0,76500.0
2021040504034796,SGI,56,45,10,850.0,8500.0
2021040504034795,SGI,56,59,495,850.0,420750.0
2021040504034794,SGI,56,10,100,850.0,85000.0
2021040504034566,SGI,49,42,100,832.0,83200.0
2021040504034536,SGI,49,22,10,832.0,8320.0
2021040504034415,SGI,49,58,10,832.0,8320.0
2021040504034397,SGI,49,45,10,832.0,8320.0
2021040504034372,SGI,49,38,10,832.0,8320.0
2021040504034354,SGI,49,42,20,832.0,16640.0
2021040504034661,SGI,56,6,10,834.0,8340.0
2021040504034660,SGI,56,51,100,834.0,83400.0
2021040504034659,SGI,56,41,10,834.0,8340.0
2021040504034658,SGI,56,57,470,834.0,391980.0
2021040504034657,SGI,56,29,190,833.0,158270.0
2021040504034656,SGI,56,38,25,833.0,20825.0
2021040504034667,SGI,56,51,200,835.0,167000.0
2021040504034666,SGI,56,58,10,835.0,8350.0
2021040504034665,SGI,56,51,10,835.0,8350.0
2021040504034664,SGI,56,39,50,835.0,41750.0
2021040504034663,SGI,56,22,30,834.0,25020.0
2021040504034662,SGI,56,25,28,834.0,23352.0
2021040504034673,SGI,56,36,20,835.0,16700.0
2021040504034672,SGI,56,32,64,835.0,53440.0
2021040504034671,SGI,56,21,10,835.0,8350.0
2021040504034670,SGI,56,11,50,835.0,41750.0
2021040504034669,SGI,56,45,10,835.0,8350.0
2021040504034668,SGI,56,51,10,835.0,8350.0
2021040504034679,SGI,56,59,10,837.0,8370.0
2021040504034678,SGI,56,58,10,837.0,8370.0
2021040504034677,SGI,56,45,196,836.0,163856.0
2021040504034676,SGI,56,26,10,836.0,8360.0
2021040504034675,SGI,56,14,10,836.0,8360.0
2021040504034674,SGI,56,59,30,835.0,25050.0
2021040504034685,SGI,56,26,10,838.0,8380.0
2021040504034684,SGI,56,51,10,838.0,8380.0
2021040504034683,SGI,56,33,10,838.0,8380.0
2021040504034682,SGI,56,25,30,838.0,25140.0
2021040504034681,SGI,56,3,100,837.0,83700.0
2021040504034680,SGI,56,53,10,837.0,8370.0
2021040504034691,SGI,56,21,10,839.0,8390.0
2021040504034690,SGI,56,1,10,839.0,8390.0
2021040504034689,SGI,56,32,500,839.0,419500.0
2021040504034688,SGI,56,28,10,839.0,8390.0
2021040504034687,SGI,56,19,"1,320",839.0,1107480.0
2021040504034686,SGI,56,14,509,839.0,427051.0
2021040504034697,SGI,56,29,20,840.0,16800.0
2021040504034696,SGI,56,58,10,840.0,8400.0
2021040504034695,SGI,56,29,50,840.0,42000.0
2021040504034694,SGI,56,17,"1,671",840.0,1403640.0
2021040504034693,SGI,56,29,40,840.0,33600.0
2021040504034692,SGI,56,42,10,839.0,8390.0
2021040504034703,SGI,56,57,10,840.0,8400.0
2021040504034702,SGI,56,47,10,840.0,8400.0
2021040504034701,SGI,56,41,10,840.0,8400.0
2021040504034700,SGI,56,26,20,840.0,16800.0
2021040504034699,SGI,56,51,10,840.0,8400.0
2021040504034698,SGI,56,39,10,840.0,8400.0
2021040504034709,SGI,56,36,10,840.0,8400.0
2021040504034708,SGI,56,53,10,840.0,8400.0
2021040504034707,SGI,56,35,10,840.0,8400.0
2021040504034706,SGI,56,13,25,840.0,21000.0
2021040504034705,SGI,56,58,10,840.0,8400.0
2021040504034704,SGI,56,29,50,840.0,42000.0
2021040504034715,SGI,56,39,50,840.0,42000.0
2021040504034714,SGI,56,36,200,840.0,168000.0
2021040504034713,SGI,56,52,10,840.0,8400.0
2021040504034712,SGI,56,21,100,840.0,84000.0
2021040504034711,SGI,56,52,200,840.0,168000.0
2021040504034710,SGI,56,45,110,840.0,92400.0
2021040504034721,SGI,56,1,500,840.0,420000.0
2021040504034720,SGI,56,8,100,840.0,84000.0
2021040504034719,SGI,56,51,10,840.0,8400.0
2021040504034718,SGI,56,17,10,840.0,8400.0
2021040504034717,SGI,56,41,10,840.0,8400.0
2021040504034716,SGI,56,26,10,840.0,8400.0
2021040504034727,SGI,56,25,10,840.0,8400.0
2021040504034726,SGI,56,32,10,840.0,8400.0
2021040504034725,SGI,56,45,10,840.0,8400.0
2021040504034724,SGI,56,13,100,840.0,84000.0
2021040504034723,SGI,56,43,200,840.0,168000.0
2021040504034722,SGI,56,59,10,840.0,8400.0
2021040504034733,SGI,56,58,25,842.0,21050.0
2021040504034732,SGI,56,14,110,842.0,92620.0
2021040504034731,SGI,56,58,60,842.0,50520.0
2021040504034730,SGI,56,45,10,841.0,8410.0
2021040504034729,SGI,56,38,10,841.0,8410.0
2021040504034728,SGI,56,7,100,840.0,84000.0
2021040504034739,SGI,56,56,10,845.0,8450.0
2021040504034738,SGI,56,29,200,844.0,168800.0
2021040504034737,SGI,56,52,200,843.0,168600.0
2021040504034736,SGI,56,32,10,843.0,8430.0
2021040504034735,SGI,56,58,10,843.0,8430.0
2021040504034734,SGI,56,56,10,843.0,8430.0
2021040504034745,SGI,56,38,10,845.0,8450.0
2021040504034744,SGI,56,41,200,845.0,169000.0
2021040504034743,SGI,56,20,150,845.0,126750.0
2021040504034742,SGI,56,32,300,845.0,253500.0
2021040504034741,SGI,56,34,100,845.0,84500.0
2021040504034740,SGI,56,58,10,845.0,8450.0
2021040504034751,SGI,56,38,10,846.0,8460.0
2021040504034750,SGI,56,56,210,846.0,177660.0
2021040504034749,SGI,56,14,10,846.0,8460.0
2021040504034748,SGI,56,42,495,845.0,418275.0
2021040504034747,SGI,56,34,10,845.0,8450.0
2021040504034746,SGI,56,8,10,845.0,8450.0
2021040504034757,SGI,56,45,10,848.0,8480.0
2021040504034756,SGI,56,59,10,848.0,8480.0
2021040504034755,SGI,56,58,10,848.0,8480.0
2021040504034754,SGI,56,57,100,848.0,84800.0
2021040504034753,SGI,56,6,20,848.0,16960.0
2021040504034752,SGI,56,19,10,848.0,8480.0
2021040504034763,SGI,56,55,10,848.0,8480.0
2021040504034762,SGI,56,57,10,848.0,8480.0
2021040504034761,SGI,56,10,10,848.0,8480.0
2021040504034760,SGI,56,19,170,848.0,144160.0
2021040504034759,SGI,56,41,50,848.0,42400.0
2021040504034758,SGI,56,22,30,848.0,25440.0
2021040504034769,SGI,56,5,45,849.0,38205.0
2021040504034768,SGI,56,40,10,849.0,8490.0
2021040504034767,SGI,56,34,10,849.0,8490.0
2021040504034766,SGI,56,53,10,849.0,8490.0
2021040504034765,SGI,56,47,300,849.0,254700.0
2021040504034764,SGI,56,38,10,849.0,8490.0
2021040504034775,SGI,56,22,10,850.0,8500.0
2021040504034774,SGI,56,21,20,850.0,17000.0
2021040504034773,SGI,56,56,10,850.0,8500.0
2021040504034772,SGI,56,35,130,850.0,110500.0
2021040504034771,SGI,56,42,10,849.0,8490.0
2021040504034770,SGI,56,22,10,849.0,8490.0
2021040504034781,SGI,56,40,100,850.0,85000.0
2021040504034780,SGI,56,38,200,850.0,170000.0
2021040504034779,SGI,56,6,200,850.0,170000.0
2021040504034778,SGI,56,50,20,850.0,17000.0
2021040504034777,SGI,56,45,25,850.0,21250.0
2021040504034776,SGI,56,34,10,850.0,8500.0
2021040504034787,SGI,56,21,50,850.0,42500.0
2021040504034786,SGI,56,38,200,850.0,170000.0
2021040504034785,SGI,56,11,10,850.0,8500.0
2021040504034784,SGI,56,28,10,850.0,8500.0
2021040504034783,SGI,56,58,10,850.0,8500.0
2021040504034782,SGI,56,34,10,850.0,8500.0
2021040504034793,SGI,56,32,50,850.0,42500.0
2021040504034792,SGI,56,52,10,850.0,8500.0
2021040504034791,SGI,56,1,50,850.0,42500.0
2021040504034790,SGI,56,45,10,850.0,8500.0
2021040504034789,SGI,56,36,200,850.0,170000.0
2021040504034788,SGI,56,6,10,850.0,8500.0
2021040504034521,SHPC,4,28,18,361.0,6498.0
2021040504034520,SHPC,47,28,100,361.0,36100.0
2021040504034519,SHPC,44,28,500,361.0,180500.0
2021040504034518,SHPC,45,28,100,361.0,36100.0
2021040504034517,SHPC,38,28,250,361.0,90250.0
2021040504034516,SHPC,5,28,532,361.0,192052.0
2021040504034406,SHPC,5,28,468,361.0,168948.0
2021040504034405,SHPC,47,28,500,362.0,181000.0
2021040504034404,SHPC,11,28,300,362.0,108600.0
2021040504034403,SHPC,22,28,500,362.0,181000.0
2021040504034402,SHPC,36,28,280,362.0,101360.0
2021040504034485,SIC,4,42,140,1786.0,250040.0
2021040504034456,SIC,54,49,20,1790.0,35800.0
2021040504034455,SIC,54,45,30,1790.0,53700.0
2021040504034446,SIC,51,45,100,1790.0,179000.0
2021040504034581,SICL,50,32,20,1966.0,39320.0
2021040504034509,SICL,50,49,10,1966.0,19660.0
2021040504034424,SICL,46,41,20,1965.0,39300.0
2021040504034423,SICL,53,41,10,1965.0,19650.0
2021040504034422,SICL,53,41,20,1965.0,39300.0
2021040504034421,SICL,38,41,20,1965.0,39300.0
2021040504034649,SIL,45,42,15,1300.0,19500.0
2021040504034648,SIL,45,57,10,1300.0,13000.0
2021040504034647,SIL,45,38,100,1300.0,130000.0
2021040504034646,SIL,45,5,100,1300.0,130000.0
2021040504034645,SIL,45,48,20,1299.0,25980.0
2021040504034644,SIL,45,41,100,1298.0,129800.0
2021040504034428,SIL,4,1,80,1295.0,103600.0
2021040504034427,SIL,4,49,199,1295.0,257705.0
2021040504034434,SIL,4,36,625,1295.0,809375.0
2021040504034433,SIL,4,48,31,1295.0,40145.0
2021040504034432,SIL,4,10,10,1295.0,12950.0
2021040504034431,SIL,4,57,203,1295.0,262885.0
2021040504034430,SIL,4,36,100,1295.0,129500.0
2021040504034429,SIL,4,43,50,1295.0,64750.0
2021040504034643,SIL,45,55,50,1297.0,64850.0
2021040504034642,SIL,45,26,810,1296.0,1049760.0
2021040504034641,SIL,45,10,10,1296.0,12960.0
2021040504034640,SIL,45,6,35,1296.0,45360.0
2021040504034639,SIL,45,55,50,1295.0,64750.0
2021040504034508,SIL,6,26,100,1294.0,129400.0
2021040504034650,SJCL,3,57,20,445.0,8900.0
2021040504034554,SJCL,3,59,20,445.0,8900.0
2021040504034553,SJCL,3,59,20,445.0,8900.0
2021040504034552,SJCL,3,14,20,445.0,8900.0
2021040504034524,SJCL,3,38,200,445.0,89000.0
2021040504034523,SJCL,25,36,100,446.0,44600.0
2021040504034330,SJCL,38,32,10,443.0,4430.0
2021040504034329,SJCL,7,32,450,443.0,199350.0
2021040504034328,SJCL,57,32,40,444.0,17760.0
2021040504034307,SJCL,42,14,100,445.0,44500.0
2021040504034454,SJCL,37,58,40,444.0,17760.0
2021040504034391,SJCL,37,11,15,445.0,6675.0
2021040504034390,SJCL,37,4,40,445.0,17800.0
2021040504034389,SJCL,37,25,70,445.0,31150.0
2021040504034388,SJCL,37,14,875,445.0,389375.0
2021040504034350,SJCL,37,45,40,444.0,17760.0
2021040504034484,SJCL,3,42,30,445.0,13350.0
2021040504034483,SJCL,3,10,40,445.0,17800.0
2021040504034482,SJCL,3,58,20,445.0,8900.0
2021040504034481,SJCL,3,45,40,445.0,17800.0
2021040504034480,SJCL,3,6,40,445.0,17800.0
2021040504034479,SJCL,3,11,485,445.0,215825.0
2021040504034624,SPDL,26,8,153,276.0,42228.0
2021040504034381,SPDL,26,38,47,275.0,12925.0
2021040504034655,SSHL,1,6,500,213.0,106500.0
2021040504034590,SSHL,35,56,17,214.0,3638.0
2021040504034589,SSHL,35,49,200,214.0,42800.0
2021040504034588,SSHL,35,4,200,214.0,42800.0
2021040504034587,SSHL,35,32,143,214.0,30602.0
2021040504034586,SSHL,35,41,50,213.0,10650.0
2021040504034585,SSHL,35,4,100,213.0,21300.0
2021040504034584,SSHL,35,52,40,213.0,8520.0
2021040504034583,SSHL,35,54,250,213.0,53250.0
2021040504034340,SSHL,47,54,"1,750",213.0,372750.0
2021040504034306,SSHL,47,19,500,213.0,106500.0
2021040504034472,STC,13,7,45,13102.0,589590.0
2021040504034471,STC,6,7,15,13200.0,198000.0
2021040504034470,STC,34,7,20,13200.0,264000.0
2021040504034469,STC,7,7,20,13290.0,265800.0
2021040504034468,STC,45,7,10,13290.0,132900.0
2021040504034467,STC,41,7,10,13290.0,132900.0
2021040504034466,STC,38,7,20,13300.0,266000.0
2021040504034465,STC,13,7,10,13310.0,133100.0
2021040504034451,STC,33,59,13,13290.0,172770.0
2021040504034410,TRH,10,40,100,319.0,31900.0
2021040504034547,UIC,19,21,85,750.0,63750.0
2021040504034546,UIC,19,22,15,750.0,11250.0
2021040504034435,UIC,50,11,165,747.0,123255.0
2021040504034359,UIC,22,11,175,747.0,130725.0
2021040504034527,UMHL,21,13,165,183.0,30195.0
2021040504034612,UMRH,49,29,10,297.0,2970.0
2021040504034534,UMRH,49,14,260,297.0,77220.0
2021040504034533,UMRH,43,14,240,297.0,71280.0
2021040504034394,UMRH,43,29,10,297.0,2970.0
2021040504034569,UNHPL,6,58,200,128.0,25600.0
2021040504034357,UNHPL,37,58,75,128.0,9600.0
2021040504034356,UNHPL,37,32,25,128.0,3200.0
2021040504034654,UPPER,5,41,10,909.0,9090.0
2021040504034651,UPPER,26,41,10,909.0,9090.0
2021040504034637,UPPER,16,47,40,908.0,36320.0
2021040504034300,UPPER,50,51,20,909.0,18180.0
2021040504034367,UPPER,16,42,10,908.0,9080.0
2021040504034366,UPPER,28,42,10,908.0,9080.0
2021040504034358,UPPER,28,41,100,908.0,90800.0
2021040504034353,UPPER,46,51,500,909.0,454500.0
2021040504034344,UPPER,47,51,200,909.0,181800.0
2021040504034414,UPPER,16,57,40,908.0,36320.0
2021040504034399,UPPER,46,1,10,909.0,9090.0
2021040504034396,UPPER,45,51,535,909.0,486315.0
2021040504034382,UPPER,19,51,50,909.0,45450.0
2021040504034380,UPPER,16,43,10,908.0,9080.0
2021040504034447,UPPER,45,20,50,909.0,45450.0
2021040504034426,UPPER,38,20,100,909.0,90900.0
2021040504034418,UPPER,44,20,175,909.0,159075.0
2021040504034417,UPPER,44,54,275,909.0,249975.0
2021040504034416,UPPER,44,1,50,909.0,45450.0
2021040504034494,UPPER,10,57,100,909.0,90900.0
2021040504034462,UPPER,42,10,50,909.0,45450.0
2021040504034460,UPPER,43,10,75,909.0,68175.0
2021040504034459,UPPER,43,20,175,909.0,159075.0
2021040504034593,UPPER,21,14,270,909.0,245430.0
2021040504034592,UPPER,21,7,50,909.0,45450.0
2021040504034591,UPPER,21,57,80,909.0,72720.0
2021040504034578,UPPER,8,57,20,909.0,18180.0
2021040504034551,UPPER,16,42,665,908.0,603820.0
2021040504034608,UPPER,16,45,40,908.0,36320.0
2021040504034607,UPPER,5,41,120,909.0,109080.0
2021040504034606,UPPER,5,42,100,909.0,90900.0
2021040504034605,UPPER,5,14,280,909.0,254520.0
2021040504034232,AHPC,57,1,10,277.0,2770.0
2021040504034176,AHPC,59,34,101,276.0,27876.0
2021040504034175,AHPC,13,34,100,276.0,27600.0
2021040504034174,AHPC,49,34,50,276.0,13800.0
2021040504034173,AHPC,50,34,749,276.0,206724.0
2021040504034171,AHPC,58,1,90,277.0,24930.0
2021040504034170,AHPC,58,50,80,277.0,22160.0
2021040504034154,AHPC,38,26,500,277.0,138500.0
2021040504033889,AHPC,25,50,150,277.0,41550.0
2021040504033816,AHPC,28,50,10,277.0,2770.0
2021040504034292,AIL,1,44,290,974.0,282460.0
2021040504034291,AIL,57,44,10,974.0,9740.0
2021040504034186,AIL,50,19,30,973.0,29190.0
2021040504034185,AIL,57,19,10,973.0,9730.0
2021040504034184,AIL,17,19,20,974.0,19480.0
2021040504034183,AIL,58,19,40,974.0,38960.0
2021040504033805,AIL,34,38,20,973.0,19460.0
2021040504033803,AIL,49,43,60,975.0,58500.0
2021040504033802,AIL,49,26,10,974.0,9740.0
2021040504033878,AIL,57,47,20,975.0,19500.0
2021040504033877,AIL,57,43,16,975.0,15600.0
2021040504033814,AIL,11,50,25,973.0,24325.0
2021040504033813,AIL,33,50,170,973.0,165410.0
2021040504033807,AIL,33,38,30,973.0,29190.0
2021040504033806,AIL,34,38,50,973.0,48650.0
2021040504033996,AIL,22,49,10,974.0,9740.0
2021040504033994,AIL,50,10,10,974.0,9740.0
2021040504033954,AIL,34,38,100,973.0,97300.0
2021040504033953,AIL,11,38,25,973.0,24325.0
2021040504033930,AIL,19,46,100,974.0,97400.0
2021040504033879,AIL,57,40,10,975.0,9750.0
2021040504034156,AIL,19,38,10,975.0,9750.0
2021040504034103,AIL,45,45,10,974.0,9740.0
2021040504034040,AIL,45,38,30,975.0,29250.0
2021040504034039,AIL,45,49,10,975.0,9750.0
2021040504034038,AIL,45,38,10,975.0,9750.0
2021040504034011,AIL,45,49,90,974.0,87660.0
2021040504033852,AKJCL,35,47,800,152.0,121600.0
2021040504034290,AKPL,42,4,83,333.0,27639.0
2021040504034289,AKPL,42,21,60,333.0,19980.0
2021040504034070,AKPL,49,21,140,333.0,46620.0
2021040504034069,AKPL,49,20,10,332.0,3320.0
2021040504034068,AKPL,49,54,350,332.0,116200.0
2021040504033927,AKPL,41,54,100,332.0,33200.0
2021040504034295,API,16,14,20,328.0,6560.0
2021040504034230,API,14,32,10,329.0,3290.0
2021040504034229,API,14,53,440,328.0,144320.0
2021040504034126,API,16,53,60,328.0,19680.0
2021040504033932,API,45,21,163,327.0,53301.0
2021040504033931,API,50,21,37,328.0,12136.0
2021040504033861,API,33,4,617,328.0,202376.0
2021040504033825,API,21,32,50,329.0,16450.0
2021040504033804,API,33,45,300,328.0,98400.0
2021040504033883,API,50,4,63,328.0,20664.0
2021040504033866,API,43,4,100,328.0,32800.0
2021040504033865,API,45,4,50,328.0,16400.0
2021040504033864,API,58,4,70,328.0,22960.0
2021040504033863,API,49,4,"1,000",328.0,328000.0
2021040504033862,API,22,4,100,328.0,32800.0
2021040504034147,BPCL,28,21,10,410.0,4100.0
2021040504034288,CGH,41,22,10,2135.0,21350.0
2021040504034287,CGH,41,58,50,2132.0,106600.0
2021040504034286,CGH,41,38,10,2132.0,21320.0
2021040504034222,CGH,3,35,10,2126.0,21260.0
2021040504034219,CGH,3,10,25,2126.0,53150.0
2021040504034218,CGH,38,10,350,2126.0,744100.0
2021040504033832,CGH,41,45,10,2132.0,21320.0
2021040504033831,CGH,41,29,10,2131.0,21310.0
2021040504033830,CGH,41,36,10,2131.0,21310.0
2021040504033812,CGH,29,52,10,2130.0,21300.0
2021040504033901,CGH,6,16,10,2130.0,21300.0
2021040504033882,CGH,29,29,10,2130.0,21300.0
2021040504033881,CGH,29,17,10,2130.0,21300.0
2021040504033850,CGH,29,26,20,2130.0,42600.0
2021040504033834,CGH,41,19,10,2132.0,21320.0
2021040504033833,CGH,41,51,10,2132.0,21320.0
2021040504034118,CGH,6,35,10,2130.0,21300.0
2021040504034102,CGH,6,33,10,2130.0,21300.0
2021040504034037,CGH,6,44,10,2130.0,21300.0
2021040504033956,CGH,6,25,10,2130.0,21300.0
2021040504033952,CGH,6,29,10,2130.0,21300.0
2021040504033951,CGH,6,21,10,2130.0,21300.0
2021040504034141,CGH,56,32,10,2133.0,21330.0
2021040504034140,CGH,56,38,10,2131.0,21310.0
2021040504034139,CGH,56,51,10,2130.0,21300.0
2021040504034123,CGH,18,38,10,2132.0,21320.0
2021040504034122,CGH,18,44,20,2132.0,42640.0
2021040504034121,CGH,18,32,10,2132.0,21320.0
2021040504034168,CGH,56,49,10,2135.0,21350.0
2021040504034146,CGH,56,43,10,2135.0,21350.0
2021040504034145,CGH,56,47,10,2135.0,21350.0
2021040504034144,CGH,56,47,10,2135.0,21350.0
2021040504034143,CGH,56,47,10,2135.0,21350.0
2021040504034142,CGH,56,38,10,2135.0,21350.0
2021040504034217,CGH,29,10,100,2126.0,212600.0
2021040504034216,CGH,33,10,200,2127.0,425400.0
2021040504034215,CGH,38,10,200,2128.0,425600.0
2021040504034214,CGH,29,10,100,2130.0,213000.0
2021040504034213,CGH,1,10,15,2131.0,31965.0
2021040504034212,CGH,56,10,10,2135.0,21350.0
2021040504034160,CHCL,1,28,15,619.0,9285.0
2021040504034159,CHCL,1,49,200,619.0,123800.0
2021040504034158,CHCL,1,51,"1,285",619.0,795415.0
2021040504033874,CHCL,14,51,50,619.0,30950.0
2021040504033801,CHCL,25,51,15,619.0,9285.0
2021040504033800,CHCL,25,37,122,618.0,75396.0
2021040504034000,CHL,4,39,10,209.0,2090.0
2021040504033999,CHL,4,33,500,209.0,104500.0
2021040504033998,CHL,4,20,604,209.0,126236.0
2021040504033993,CMF2,17,47,100,10.93,1093.0
2021040504034199,EIC,4,34,30,777.0,23310.0
2021040504034198,EIC,26,34,120,777.0,93240.0
2021040504034078,EIC,26,53,50,777.0,38850.0
2021040504033827,EIC,49,49,18,778.0,14004.0
2021040504034169,GHL,13,34,40,160.0,6400.0
2021040504034113,GHL,20,36,30,159.0,4770.0
2021040504034281,GIC,57,55,130,775.0,100750.0
2021040504034280,GIC,21,55,30,775.0,23250.0
2021040504034279,GIC,22,55,10,775.0,7750.0
2021040504034278,GIC,17,55,20,775.0,15500.0
2021040504034277,GIC,47,55,300,775.0,232500.0
2021040504034276,GIC,42,55,285,775.0,220875.0
2021040504034194,GIC,1,41,50,779.0,38950.0
2021040504034054,GIC,25,34,10,780.0,7800.0
2021040504034053,GIC,25,46,10,777.0,7770.0
2021040504034010,GIC,34,38,10,776.0,7760.0
2021040504034224,GIC,42,41,75,775.0,58125.0
2021040504034223,GIC,26,41,25,776.0,19400.0
2021040504034197,GIC,34,38,10,776.0,7760.0
2021040504034196,GIC,1,33,10,780.0,7800.0
2021040504034195,GIC,1,34,100,780.0,78000.0
2021040504034131,GLH,59,52,10,375.0,3750.0
2021040504034044,GLH,38,26,10,374.0,3740.0
2021040504034006,GLH,38,41,190,374.0,71060.0
2021040504033955,GLH,38,36,10,374.0,3740.0
2021040504033919,GLH,38,34,10,374.0,3740.0
2021040504033873,GLH,38,16,10,374.0,3740.0
2021040504034032,HDHPC,52,17,10,133.0,1330.0
2021040504034030,HDHPC,52,47,10,133.0,1330.0
2021040504034240,HGI,20,7,10,798.0,7980.0
2021040504034239,HGI,20,33,70,796.0,55720.0
2021040504034221,HGI,38,33,20,796.0,15920.0
2021040504034177,HGI,34,49,100,795.0,79500.0
2021040504034128,HGI,38,33,10,796.0,7960.0
2021040504034119,HGI,34,49,500,795.0,397500.0
2021040504033817,HGI,56,11,20,794.0,15880.0
2021040504033871,HGI,49,22,144,794.0,114336.0
2021040504033870,HGI,49,32,46,794.0,36524.0
2021040504033848,HGI,1,32,54,794.0,42876.0
2021040504033847,HGI,1,43,30,794.0,23820.0
2021040504033819,HGI,56,56,25,794.0,19850.0
2021040504033818,HGI,56,14,250,794.0,198500.0
2021040504033940,HGI,55,50,200,794.0,158800.0
2021040504033939,HGI,40,26,60,794.0,47640.0
2021040504033938,HGI,29,26,40,794.0,31760.0
2021040504033934,HGI,40,21,190,794.0,150860.0
2021040504033933,HGI,59,21,60,794.0,47640.0
2021040504033892,HGI,40,49,10,794.0,7940.0
2021040504034031,HGI,40,36,75,794.0,59550.0
2021040504033968,HGI,40,50,60,795.0,47700.0
2021040504033967,HGI,40,26,100,795.0,79500.0
2021040504033966,HGI,40,35,40,795.0,31800.0
2021040504033942,HGI,40,50,100,794.0,79400.0
2021040504033941,HGI,56,50,200,794.0,158800.0
2021040504034083,HGI,34,52,300,795.0,238500.0
2021040504034082,HGI,34,43,100,795.0,79500.0
2021040504034081,HGI,34,10,25,795.0,19875.0
2021040504034080,HGI,34,11,100,795.0,79500.0
2021040504034079,HGI,34,50,140,795.0,111300.0
2021040504034077,HGI,40,50,100,795.0,79500.0
2021040504034089,HGI,34,17,100,795.0,79500.0
2021040504034088,HGI,34,17,100,795.0,79500.0
2021040504034087,HGI,34,45,150,795.0,119250.0
2021040504034086,HGI,34,32,40,795.0,31800.0
2021040504034085,HGI,34,38,50,795.0,39750.0
2021040504034084,HGI,34,5,100,795.0,79500.0
2021040504034095,HGI,34,58,20,795.0,15900.0
2021040504034094,HGI,34,1,60,795.0,47700.0
2021040504034093,HGI,34,32,294,795.0,233730.0
2021040504034092,HGI,34,29,505,795.0,401475.0
2021040504034091,HGI,34,58,25,795.0,19875.0
2021040504034090,HGI,34,10,400,795.0,318000.0
2021040504034097,HPPL,16,49,10,392.0,3920.0
2021040504033836,HURJA,17,36,20,332.0,6640.0
2021040504034191,IGI,55,34,100,1294.0,129400.0
2021040504034190,IGI,26,57,100,1296.0,129600.0
2021040504033855,IGI,38,58,100,1294.0,129400.0
2021040504033854,IGI,45,58,100,1294.0,129400.0
2021040504033853,IGI,49,58,10,1294.0,12940.0
2021040504033829,IGI,20,4,375,1295.0,485625.0
2021040504033828,IGI,20,35,125,1295.0,161875.0
2021040504033826,IGI,39,21,50,1294.0,64700.0
2021040504033887,IGI,56,4,10,1295.0,12950.0
2021040504033868,IGI,41,4,266,1295.0,344470.0
2021040504033867,IGI,41,58,234,1294.0,302796.0
2021040504033857,IGI,55,58,40,1294.0,51760.0
2021040504033856,IGI,45,58,16,1294.0,20704.0
2021040504033928,IGI,43,34,51,1295.0,66045.0
2021040504033921,IGI,43,4,49,1295.0,63455.0
2021040504033965,IGI,19,57,20,1293.0,25860.0
2021040504033964,IGI,41,57,10,1293.0,12930.0
2021040504033963,IGI,59,57,50,1293.0,64650.0
2021040504033962,IGI,7,57,100,1293.0,129300.0
2021040504033961,IGI,29,57,100,1293.0,129300.0
2021040504033960,IGI,18,57,100,1294.0,129400.0
2021040504034005,IGI,38,57,75,1292.0,96900.0
2021040504034004,IGI,39,57,300,1292.0,387600.0
2021040504034003,IGI,16,57,200,1292.0,258400.0
2021040504034002,IGI,48,57,50,1292.0,64600.0
2021040504034001,IGI,7,57,100,1292.0,129200.0
2021040504034127,IGI,16,34,200,1295.0,259000.0
2021040504034101,IGI,55,57,95,1293.0,122835.0
2021040504034074,IGI,33,57,25,1293.0,32325.0
2021040504034189,IGI,26,41,50,1295.0,64750.0
2021040504034188,IGI,26,34,49,1295.0,63455.0
2021040504034192,LEC,10,28,10,297.0,2970.0
2021040504033958,LEC,51,50,100,298.0,29800.0
2021040504033957,LEC,5,50,400,298.0,119200.0
2021040504034285,LGIL,16,38,59,861.0,50799.0
2021040504034284,LGIL,16,21,141,861.0,121401.0
2021040504034193,LGIL,47,28,49,860.0,42140.0
2021040504034120,LGIL,49,28,475,860.0,408500.0
2021040504033858,LGIL,57,28,100,860.0,86000.0
2021040504033839,LUK,17,21,710,10.2,7242.0
2021040504033838,LUK,17,22,500,10.2,5100.0
2021040504033837,LUK,17,26,100,10.2,1020.0
2021040504034298,MEN,1,45,10,703.0,7030.0
2021040504034211,MEN,1,41,10,703.0,7030.0
2021040504034294,NBF2,41,43,"5,000",11.22,56100.0
2021040504033915,NBF2,54,33,500,11.44,5720.0
2021040504033914,NBF2,54,33,100,11.42,1142.0
2021040504033913,NBF2,54,42,300,11.42,3426.0
2021040504033912,NBF2,54,17,500,11.42,5710.0
2021040504033911,NBF2,54,1,"1,617",11.42,18466.14
2021040504033910,NBF2,54,13,900,11.41,10269.0
2021040504033909,NBF2,54,57,"10,000",11.4,114000.0
2021040504033908,NBF2,54,49,100,11.4,1140.0
2021040504033907,NBF2,54,55,100,11.3,1130.0
2021040504033906,NBF2,54,49,"1,000",11.29,11290.0
2021040504033905,NBF2,54,21,100,11.27,1127.0
2021040504033895,NEF,43,7,100,12.2,1220.0
2021040504033894,NEF,43,49,483,12.12,5853.96
2021040504034116,NGPL,46,58,100,248.0,24800.0
2021040504034115,NGPL,36,58,890,248.0,220720.0
2021040504033886,NGPL,36,58,110,248.0,27280.0
2021040504034172,NHPC,42,28,"1,000",167.0,167000.0
2021040504033946,NICL,34,58,854,832.0,710528.0
2021040504033945,NICL,43,58,100,833.0,83300.0
2021040504033944,NICL,26,58,391,833.0,325703.0
2021040504033943,NICL,22,58,155,833.0,129115.0
2021040504034236,NIL,47,57,100,1710.0,171000.0
2021040504034235,NIL,49,57,100,1710.0,171000.0
2021040504034167,NIL,57,26,117,1706.0,199602.0
2021040504034166,NIL,3,26,360,1706.0,614160.0
2021040504034165,NIL,45,26,100,1706.0,170600.0
2021040504034164,NIL,43,26,250,1707.0,426750.0
2021040504033820,NIL,36,29,180,1706.0,307080.0
2021040504034163,NIL,47,26,15,1710.0,25650.0
2021040504034162,NIL,34,26,58,1710.0,99180.0
2021040504033950,NIL,34,38,10,1710.0,17100.0
2021040504033949,NIL,34,8,32,1710.0,54720.0
2021040504033902,NIL,45,22,100,1706.0,170600.0
2021040504033821,NIL,44,29,320,1705.0,545600.0
2021040504034138,NLG,33,50,100,1198.0,119800.0
2021040504034137,NLG,54,50,50,1198.0,59900.0
2021040504034136,NLG,43,50,50,1198.0,59900.0
2021040504034135,NLG,43,50,178,1198.0,213244.0
2021040504034134,NLG,11,50,80,1199.0,95920.0
2021040504033808,NLG,54,57,10,1198.0,11980.0
2021040504034073,NLG,44,44,200,1200.0,240000.0
2021040504033888,NLG,8,44,100,1200.0,120000.0
2021040504033876,NLG,43,37,98,1198.0,117404.0
2021040504033811,NLG,43,57,24,1198.0,28752.0
2021040504033810,NLG,34,57,50,1198.0,59900.0
2021040504033809,NLG,48,57,160,1198.0,191680.0
2021040504034231,PICL,5,34,300,935.0,280500.0
2021040504034157,PICL,52,58,100,936.0,93600.0
2021040504034125,PICL,41,58,100,936.0,93600.0
2021040504034110,PICL,41,58,10,936.0,9360.0
2021040504034105,PICL,54,58,240,936.0,224640.0
2021040504034104,PICL,1,58,321,936.0,300456.0
2021040504033891,PICL,1,4,450,936.0,421200.0
2021040504033890,PICL,25,4,50,936.0,46800.0
2021040504033859,PICL,52,58,95,937.0,89015.0
2021040504033815,PICL,26,58,10,937.0,9370.0
2021040504034098,PICL,26,22,10,937.0,9370.0
2021040504034067,PICL,37,22,61,937.0,57157.0
2021040504034066,PICL,37,16,500,937.0,468500.0
2021040504034065,PICL,37,4,200,937.0,187400.0
2021040504034064,PICL,37,58,239,937.0,223943.0
2021040504033918,PICL,26,58,10,937.0,9370.0
2021040504034233,PMHPL,35,17,10,184.0,1840.0
2021040504034210,PPCL,32,22,10,300.0,3000.0
2021040504034111,PRIN,25,6,200,995.0,199000.0
2021040504034071,PRIN,41,6,30,995.0,29850.0
2021040504033969,PRIN,38,6,50,995.0,49750.0
2021040504033860,PRIN,59,53,50,995.0,49750.0
2021040504034178,RBCL,55,14,12,18615.0,223380.0
2021040504033935,RHPC,47,58,48,213.0,10224.0
2021040504034275,RHPL,33,49,50,490.0,24500.0
2021040504034274,RHPL,57,49,100,490.0,49000.0
2021040504034273,RHPL,59,49,500,490.0,245000.0
2021040504034272,RHPL,43,49,300,490.0,147000.0
2021040504034271,RHPL,19,49,50,490.0,24500.0
2021040504034270,RHPL,34,49,200,490.0,98000.0
2021040504033880,RHPL,38,41,70,495.0,34650.0
2021040504033835,RHPL,41,51,100,496.0,49600.0
2021040504033925,RHPL,58,38,100,495.0,49500.0
2021040504033900,RHPL,38,38,200,495.0,99000.0
2021040504033899,RHPL,54,38,50,495.0,24750.0
2021040504033898,RHPL,18,38,100,495.0,49500.0
2021040504033897,RHPL,38,38,230,495.0,113850.0
2021040504033885,RHPL,41,51,200,496.0,99200.0
2021040504034107,RHPL,40,26,80,495.0,39600.0
2021040504034106,RHPL,40,38,438,495.0,216810.0
2021040504034043,RHPL,50,38,10,495.0,4950.0
2021040504033997,RHPL,34,52,20,494.0,9880.0
2021040504033995,RHPL,21,38,42,495.0,20790.0
2021040504033989,RHPL,45,38,430,495.0,212850.0
2021040504034202,RHPL,40,51,100,494.0,49400.0
2021040504034201,RHPL,49,51,10,494.0,4940.0
2021040504034200,RHPL,34,51,150,494.0,74100.0
2021040504034161,RHPL,34,57,30,494.0,14820.0
2021040504034109,RHPL,40,51,82,496.0,40672.0
2021040504034108,RHPL,40,38,400,495.0,198000.0
2021040504034208,RHPL,49,51,100,493.0,49300.0
2021040504034207,RHPL,43,51,50,493.0,24650.0
2021040504034206,RHPL,59,51,20,493.0,9860.0
2021040504034205,RHPL,19,51,100,493.0,49300.0
2021040504034204,RHPL,29,51,100,494.0,49400.0
2021040504034203,RHPL,4,51,60,494.0,29640.0
2021040504034245,RHPL,43,49,50,492.0,24600.0
2021040504034244,RHPL,19,49,100,492.0,49200.0
2021040504034243,RHPL,28,49,30,492.0,14760.0
2021040504034242,RHPL,40,49,200,492.0,98400.0
2021040504034241,RHPL,42,49,50,492.0,24600.0
2021040504034209,RHPL,10,51,"4,000",493.0,1972000.0
2021040504034251,RHPL,32,49,100,491.0,49100.0
2021040504034250,RHPL,3,49,500,491.0,245500.0
2021040504034249,RHPL,54,49,470,491.0,230770.0
2021040504034248,RHPL,21,49,200,492.0,98400.0
2021040504034247,RHPL,42,49,60,492.0,29520.0
2021040504034246,RHPL,16,49,300,492.0,147600.0
2021040504034257,RHPL,41,49,300,490.0,147000.0
2021040504034256,RHPL,26,49,80,490.0,39200.0
2021040504034255,RHPL,59,49,300,490.0,147000.0
2021040504034254,RHPL,38,49,100,491.0,49100.0
2021040504034253,RHPL,42,49,25,491.0,12275.0
2021040504034252,RHPL,42,49,100,491.0,49100.0
2021040504034263,RHPL,6,49,204,490.0,99960.0
2021040504034262,RHPL,50,49,10,490.0,4900.0
2021040504034261,RHPL,5,49,150,490.0,73500.0
2021040504034260,RHPL,56,49,200,490.0,98000.0
2021040504034259,RHPL,51,49,50,490.0,24500.0
2021040504034258,RHPL,41,49,"1,000",490.0,490000.0
2021040504034269,RHPL,19,49,500,490.0,245000.0
2021040504034268,RHPL,43,49,50,490.0,24500.0
2021040504034267,RHPL,33,49,100,490.0,49000.0
2021040504034266,RHPL,45,49,200,490.0,98000.0
2021040504034265,RHPL,45,49,75,490.0,36750.0
2021040504034264,RHPL,10,49,"1,000",490.0,490000.0
2021040504034052,SEF,43,7,200,12.0,2400.0
2021040504034051,SGI,49,38,10,832.0,8320.0
2021040504034050,SGI,49,41,10,832.0,8320.0
2021040504033959,SGI,49,49,10,832.0,8320.0
2021040504033929,SGI,49,37,100,832.0,83200.0
2021040504034226,SIC,4,45,15,1790.0,26850.0
2021040504034225,SIC,4,50,15,1788.0,26820.0
2021040504034124,SIC,51,50,15,1788.0,26820.0
2021040504034063,SIC,4,57,100,1786.0,178600.0
2021040504034062,SIC,44,57,100,1788.0,178800.0
2021040504034061,SIC,58,57,100,1788.0,178800.0
2021040504034042,SIC,50,45,55,1790.0,98450.0
2021040504034041,SIC,50,52,45,1790.0,80550.0
2021040504033869,SIC,53,52,100,1790.0,179000.0
2021040504034299,SICL,41,49,20,1966.0,39320.0
2021040504034283,SICL,43,49,50,1966.0,98300.0
2021040504033917,SICL,29,49,20,1967.0,39340.0
2021040504033896,SICL,10,41,20,1968.0,39360.0
2021040504033988,SIL,4,49,191,1295.0,247345.0
2021040504033987,SIL,4,50,16,1294.0,20704.0
2021040504033986,SIL,4,10,10,1294.0,12940.0
2021040504033985,SIL,4,44,500,1294.0,647000.0
2021040504033984,SIL,4,44,100,1294.0,129400.0
2021040504033983,SIL,4,58,150,1294.0,194100.0
2021040504033884,SIL,49,26,32,1285.0,41120.0
2021040504033976,SIL,4,57,30,1293.0,38790.0
2021040504033975,SIL,4,16,150,1290.0,193500.0
2021040504033974,SIL,4,45,150,1285.0,192750.0
2021040504033973,SIL,4,34,"1,000",1284.0,1284000.0
2021040504033972,SIL,4,50,30,1284.0,38520.0
2021040504033971,SIL,4,26,88,1283.0,112904.0
2021040504033982,SIL,4,58,125,1294.0,161750.0
2021040504033981,SIL,4,53,100,1294.0,129400.0
2021040504033980,SIL,4,32,60,1294.0,77640.0
2021040504033979,SIL,4,3,50,1294.0,64700.0
2021040504033978,SIL,4,49,200,1293.0,258600.0
2021040504033977,SIL,4,32,50,1293.0,64650.0
2021040504034297,SJCL,57,58,40,444.0,17760.0
2021040504034296,SJCL,57,46,20,444.0,8880.0
2021040504034153,SJCL,7,32,50,443.0,22150.0
2021040504034152,SJCL,45,32,270,443.0,119610.0
2021040504034151,SJCL,47,32,40,443.0,17720.0
2021040504034150,SJCL,51,32,30,443.0,13290.0
2021040504033843,SJCL,26,51,85,444.0,37740.0
2021040504033842,SJCL,7,51,100,444.0,44400.0
2021040504033841,SJCL,47,51,50,444.0,22200.0
2021040504033840,SJCL,51,51,20,444.0,8880.0
2021040504033903,SJCL,51,52,20,444.0,8880.0
2021040504033893,SJCL,49,14,40,445.0,17800.0
2021040504033851,SJCL,51,26,40,444.0,17760.0
2021040504033846,SJCL,51,51,145,444.0,64380.0
2021040504033845,SJCL,19,51,50,444.0,22200.0
2021040504033844,SJCL,41,51,50,444.0,22200.0
2021040504034033,SJCL,4,32,20,444.0,8880.0
2021040504033992,SJCL,13,14,200,445.0,89000.0
2021040504033948,SJCL,51,36,5,444.0,2220.0
2021040504033947,SJCL,51,4,40,444.0,17760.0
2021040504033937,SJCL,16,14,350,445.0,155750.0
2021040504033916,SJCL,11,14,300,445.0,133500.0
2021040504034149,SJCL,59,32,100,443.0,44300.0
2021040504034148,SJCL,51,32,10,443.0,4430.0
2021040504034129,SJCL,49,14,30,445.0,13350.0
2021040504034100,SJCL,3,14,265,445.0,117925.0
2021040504034099,SJCL,3,32,35,444.0,15540.0
2021040504034034,SJCL,49,32,50,444.0,22200.0
2021040504033872,SPDL,20,37,549,275.0,150975.0
2021040504034182,SSHL,50,32,157,214.0,33598.0
2021040504034181,SSHL,50,41,25,214.0,5350.0
2021040504034180,SSHL,50,57,50,214.0,10700.0
2021040504034179,SSHL,50,39,268,214.0,57352.0
2021040504034112,SSHL,47,43,250,213.0,53250.0
2021040504034049,SSHL,47,45,"1,910",213.0,406830.0
2021040504034048,SSHL,47,43,100,213.0,21300.0
2021040504034047,SSHL,47,50,500,213.0,106500.0
2021040504034046,SSHL,47,54,"1,000",213.0,213000.0
2021040504034045,SSHL,47,47,150,213.0,31950.0
2021040504034130,STC,59,59,15,13350.0,200250.0
2021040504033991,STC,45,45,10,13300.0,133000.0
2021040504033990,STC,56,45,50,13300.0,665000.0
2021040504033823,STC,33,43,30,13305.0,399150.0
2021040504033822,STC,49,43,35,13320.0,466200.0
2021040504034060,TRH,34,40,200,319.0,63800.0
2021040504034282,UIC,22,57,325,746.0,242450.0
2021040504034228,UIC,33,32,56,745.0,41720.0
2021040504034227,UIC,50,32,144,745.0,107280.0
2021040504034117,UIC,7,57,50,746.0,37300.0
2021040504034072,UIC,36,57,100,746.0,74600.0
2021040504034059,UIC,58,57,25,746.0,18650.0
2021040504034058,UIC,58,3,40,746.0,29840.0
2021040504033936,UIC,51,3,50,746.0,37300.0
2021040504033920,UIC,51,3,10,746.0,7460.0
2021040504033875,UIC,51,51,10,746.0,7460.0
2021040504034075,UMHL,21,26,105,183.0,19215.0
2021040504034057,UMHL,21,46,230,183.0,42090.0
2021040504034056,UMHL,32,46,200,183.0,36600.0
2021040504034055,UMHL,32,46,70,183.0,12810.0
2021040504034076,UMRH,43,47,10,297.0,2970.0
2021040504033970,UMRH,45,14,10,300.0,3000.0
2021040504034007,UPCL,3,22,210,151.0,31710.0
2021040504033849,UPCL,47,36,50,150.0,7500.0
2021040504034009,UPCL,3,18,240,151.0,36240.0
2021040504034008,UPCL,3,57,50,151.0,7550.0
2021040504034237,UPCL,47,58,30,150.0,4500.0
2021040504034293,UPPER,28,51,50,908.0,45400.0
2021040504034238,UPPER,6,51,500,909.0,454500.0
2021040504034234,UPPER,19,51,100,909.0,90900.0
2021040504034220,UPPER,28,38,40,908.0,36320.0
2021040504033824,UPPER,21,13,120,907.0,108840.0
2021040504033904,UPPER,21,19,100,907.0,90700.0
2021040504033926,UPPER,44,4,200,907.0,181400.0
2021040504033924,UPPER,44,49,95,907.0,86165.0
2021040504033923,UPPER,21,49,105,907.0,95235.0
2021040504033922,UPPER,21,38,70,907.0,63490.0
2021040504034012,UPPER,54,32,500,908.0,454000.0
2021040504034018,UPPER,54,19,100,908.0,90800.0
2021040504034017,UPPER,54,50,100,908.0,90800.0
2021040504034016,UPPER,54,33,50,908.0,45400.0
2021040504034015,UPPER,54,57,200,908.0,181600.0
2021040504034014,UPPER,54,14,40,908.0,36320.0
2021040504034013,UPPER,54,18,240,908.0,217920.0
2021040504034024,UPPER,54,46,10,909.0,9090.0
2021040504034023,UPPER,54,7,50,909.0,45450.0
2021040504034022,UPPER,54,7,50,909.0,45450.0
2021040504034021,UPPER,54,26,50,909.0,45450.0
2021040504034020,UPPER,54,50,100,908.0,90800.0
2021040504034019,UPPER,54,10,50,908.0,45400.0
2021040504034035,UPPER,44,41,200,907.0,181400.0
2021040504034029,UPPER,54,51,995,909.0,904455.0
2021040504034028,UPPER,54,20,50,909.0,45450.0
2021040504034027,UPPER,54,22,50,909.0,45450.0
2021040504034026,UPPER,54,39,215,909.0,195435.0
2021040504034025,UPPER,54,46,150,909.0,136350.0
2021040504034114,UPPER,28,50,100,908.0,90800.0
2021040504034096,UPPER,28,38,350,908.0,317800.0
2021040504034036,UPPER,44,16,5,907.0,4535.0
2021040504034187,UPPER,55,51,100,909.0,90900.0
2021040504034155,UPPER,28,17,200,908.0,181600.0
2021040504034133,UPPER,28,41,100,908.0,90800.0
2021040504034132,UPPER,28,41,50,908.0,45400.0
2021040504033757,AHPC,21,50,100,277.0,27700.0
2021040504033742,AHPC,21,50,60,277.0,16620.0
2021040504033741,AHPC,21,54,40,277.0,11080.0
2021040504033713,AHPC,52,54,100,277.0,27700.0
2021040504033532,AHPC,50,28,100,276.0,27600.0
2021040504033454,AHPC,51,54,60,277.0,16620.0
2021040504033400,AHPC,41,35,150,277.0,41550.0
2021040504033399,AHPC,41,35,50,277.0,13850.0
2021040504033392,AHPC,21,28,50,277.0,13850.0
2021040504033453,AHPC,51,19,100,277.0,27700.0
2021040504033452,AHPC,51,35,40,277.0,11080.0
2021040504033423,AHPC,50,45,151,276.0,41676.0
2021040504033422,AHPC,34,45,649,276.0,179124.0
2021040504033407,AHPC,34,45,124,276.0,34224.0
2021040504033406,AHPC,51,35,10,277.0,2770.0
2021040504033798,AIL,21,34,60,974.0,58440.0
2021040504033750,AIL,41,34,70,974.0,68180.0
2021040504033710,AIL,32,34,100,974.0,97400.0
2021040504033702,AIL,50,34,170,974.0,165580.0
2021040504033682,AIL,21,34,50,974.0,48700.0
2021040504033681,AIL,57,34,100,974.0,97400.0
2021040504033312,AIL,6,43,80,975.0,78000.0
2021040504033308,AIL,34,43,100,975.0,97500.0
2021040504033307,AIL,34,44,50,975.0,48750.0
2021040504033306,AIL,19,44,10,975.0,9750.0
2021040504033305,AIL,19,35,90,975.0,87750.0
2021040504033561,AIL,25,43,10,975.0,9750.0
2021040504033557,AIL,45,43,10,975.0,9750.0
2021040504033444,AIL,46,37,10,974.0,9740.0
2021040504033434,AIL,53,43,100,975.0,97500.0
2021040504033424,AIL,48,43,50,975.0,48750.0
2021040504033350,AIL,35,43,25,975.0,24375.0
2021040504033664,AIL,36,43,50,975.0,48750.0
2021040504033646,AIL,49,46,20,974.0,19480.0
2021040504033645,AIL,45,46,10,974.0,9740.0
2021040504033644,AIL,5,46,30,974.0,29220.0
2021040504033575,AIL,5,1,10,974.0,9740.0
2021040504033574,AIL,5,20,10,974.0,9740.0
2021040504033790,AKJCL,57,17,20,150.0,3000.0
2021040504033303,AKJCL,57,43,20,150.0,3000.0
2021040504033731,AKPL,38,54,200,332.0,66400.0
2021040504033695,AKPL,56,54,50,332.0,16600.0
2021040504033694,AKPL,56,35,150,332.0,49800.0
2021040504033495,AKPL,56,45,142,330.0,46860.0
2021040504033494,AKPL,58,45,500,330.0,165000.0
2021040504033493,AKPL,55,45,200,330.0,66000.0
2021040504033468,AKPL,47,45,20,332.0,6640.0
2021040504033467,AKPL,10,45,"1,000",332.0,332000.0
2021040504033466,AKPL,38,45,200,332.0,66400.0
2021040504033465,AKPL,57,45,691,332.0,229412.0
2021040504033464,AKPL,49,45,309,332.0,102588.0
2021040504033463,AKPL,21,45,114,333.0,37962.0
2021040504033474,AKPL,17,45,100,331.0,33100.0
2021040504033473,AKPL,39,45,"5,000",331.0,1655000.0
2021040504033472,AKPL,32,45,45,331.0,14895.0
2021040504033471,AKPL,57,45,500,331.0,165500.0
2021040504033470,AKPL,26,45,"1,000",331.0,331000.0
2021040504033469,AKPL,26,45,"2,405",331.0,796055.0
2021040504033480,AKPL,18,45,200,331.0,66200.0
2021040504033479,AKPL,45,45,40,331.0,13240.0
2021040504033478,AKPL,54,45,500,331.0,165500.0
2021040504033477,AKPL,58,45,500,331.0,165500.0
2021040504033476,AKPL,56,45,300,331.0,99300.0
2021040504033475,AKPL,57,45,100,331.0,33100.0
2021040504033486,AKPL,7,45,"1,000",330.0,330000.0
2021040504033485,AKPL,44,45,"10,000",330.0,3300000.0
2021040504033484,AKPL,57,45,"2,000",330.0,660000.0
2021040504033483,AKPL,7,45,"1,000",330.0,330000.0
2021040504033482,AKPL,57,45,100,330.0,33000.0
2021040504033481,AKPL,44,45,382,330.0,126060.0
2021040504033492,AKPL,56,45,500,330.0,165000.0
2021040504033491,AKPL,58,45,550,330.0,181500.0
2021040504033490,AKPL,49,45,150,330.0,49500.0
2021040504033489,AKPL,57,45,150,330.0,49500.0
2021040504033488,AKPL,4,45,15,330.0,4950.0
2021040504033487,AKPL,39,45,"3,000",330.0,990000.0
2021040504033777,API,33,56,83,328.0,27224.0
2021040504033776,API,34,56,50,328.0,16400.0
2021040504033775,API,33,56,100,328.0,32800.0
2021040504033774,API,16,56,500,328.0,164000.0
2021040504033773,API,38,56,50,328.0,16400.0
2021040504033772,API,57,56,217,328.0,71176.0
2021040504033701,API,1,32,100,329.0,32900.0
2021040504033665,API,57,38,309,328.0,101352.0
2021040504033445,API,11,32,200,329.0,65800.0
2021040504033314,API,41,32,10,329.0,3290.0
2021040504033313,API,36,32,15,329.0,4935.0
2021040504033780,BARUN,48,41,10,241.0,2410.0
2021040504033691,BARUN,48,21,300,241.0,72300.0
2021040504033689,BARUN,13,45,919,242.0,222398.0
2021040504033341,BARUN,29,45,50,242.0,12100.0
2021040504033770,BPCL,36,34,121,408.0,49368.0
2021040504033753,BPCL,13,57,25,410.0,10250.0
2021040504033680,BPCL,13,16,300,410.0,123000.0
2021040504033421,BPCL,13,57,25,410.0,10250.0
2021040504033785,CGH,29,55,10,2130.0,21300.0
2021040504033746,CGH,29,51,10,2130.0,21300.0
2021040504033728,CGH,29,50,130,2130.0,276900.0
2021040504033727,CGH,28,50,20,2130.0,42600.0
2021040504033726,CGH,26,50,30,2130.0,63900.0
2021040504033725,CGH,34,50,20,2131.0,42620.0
2021040504033415,CGH,22,48,10,2126.0,21260.0
2021040504033384,CGH,38,7,10,2127.0,21270.0
2021040504033364,CGH,38,13,10,2127.0,21270.0
2021040504033363,CGH,38,37,10,2127.0,21270.0
2021040504033563,CGH,26,44,10,2130.0,21300.0
2021040504033553,CGH,26,21,10,2130.0,21300.0
2021040504033527,CGH,26,57,10,2130.0,21300.0
2021040504033506,CGH,26,51,10,2130.0,21300.0
2021040504033505,CGH,26,6,10,2130.0,21300.0
2021040504033462,CGH,28,44,10,2127.0,21270.0
2021040504033693,CGH,26,58,10,2130.0,21300.0
2021040504033642,CGH,40,14,10,2131.0,21310.0
2021040504033591,CGH,40,52,10,2131.0,21310.0
2021040504033573,CGH,26,29,10,2130.0,21300.0
2021040504033572,CGH,29,48,10,2131.0,21310.0
2021040504033571,CGH,29,1,85,2131.0,181135.0
2021040504033748,CHCL,26,43,81,617.0,49977.0
2021040504033747,CHCL,14,43,118,617.0,72806.0
2021040504033653,CHCL,14,4,182,617.0,112294.0
2021040504033633,CHCL,57,44,127,616.0,78232.0
2021040504033632,CHCL,14,44,200,616.0,123200.0
2021040504033631,CHCL,14,44,500,616.0,308000.0
2021040504033630,CHCL,59,44,100,616.0,61600.0
2021040504033629,CHCL,41,44,73,616.0,44968.0
2021040504033497,CHCL,41,52,100,616.0,61600.0
2021040504033723,DHPL,6,16,80,117.0,9360.0
2021040504033722,DHPL,51,16,500,117.0,58500.0
2021040504033721,DHPL,51,16,860,117.0,100620.0
2021040504033542,DHPL,52,25,500,118.0,59000.0
2021040504033541,DHPL,52,57,243,118.0,28674.0
2021040504033789,EIC,26,34,30,777.0,23310.0
2021040504033788,EIC,57,34,170,777.0,132090.0
2021040504033743,EIC,29,49,30,778.0,23340.0
2021040504033623,EIC,57,57,130,777.0,101010.0
2021040504033438,EIC,47,49,200,778.0,155600.0
2021040504033371,EIC,38,49,200,778.0,155600.0
2021040504033433,GHL,16,34,15,160.0,2400.0
2021040504033700,GIC,34,55,146,776.0,113296.0
2021040504033699,GIC,14,55,50,777.0,38850.0
2021040504033698,GIC,45,55,10,778.0,7780.0
2021040504033697,GIC,58,55,90,778.0,70020.0
2021040504033696,GIC,33,55,14,779.0,10906.0
2021040504033690,GIC,33,51,36,779.0,28044.0
2021040504033332,GIC,17,57,20,780.0,15600.0
2021040504033658,GIC,52,57,40,780.0,31200.0
2021040504033402,GIC,48,57,10,780.0,7800.0
2021040504033372,GIC,49,57,50,780.0,39000.0
2021040504033787,GLH,38,49,10,374.0,3740.0
2021040504033394,GLH,56,17,10,375.0,3750.0
2021040504033745,HDHPC,38,51,20,134.0,2680.0
2021040504033744,HDHPC,38,36,230,134.0,30820.0
2021040504033716,HGI,22,59,100,794.0,79400.0
2021040504033715,HGI,22,17,50,794.0,39700.0
2021040504033714,HGI,22,29,50,794.0,39700.0
2021040504033678,HGI,54,29,50,794.0,39700.0
2021040504033677,HGI,54,51,10,794.0,7940.0
2021040504033676,HGI,54,45,10,794.0,7940.0
2021040504033387,HGI,58,36,176,790.0,139040.0
2021040504033386,HGI,20,36,24,791.0,18984.0
2021040504033370,HGI,20,5,76,791.0,60116.0
2021040504033334,HGI,17,5,24,791.0,18984.0
2021040504033333,HGI,17,51,76,791.0,60116.0
2021040504033554,HGI,56,49,510,792.0,403920.0
2021040504033503,HGI,54,6,15,792.0,11880.0
2021040504033502,HGI,54,57,100,792.0,79200.0
2021040504033496,HGI,55,49,20,791.0,15820.0
2021040504033410,HGI,55,36,100,791.0,79100.0
2021040504033388,HGI,55,48,200,792.0,158400.0
2021040504033581,HGI,20,54,10,792.0,7920.0
2021040504033580,HGI,20,11,15,792.0,11880.0
2021040504033567,HGI,19,26,50,791.0,39550.0
2021040504033566,HGI,55,26,30,791.0,23730.0
2021040504033565,HGI,54,11,85,792.0,67320.0
2021040504033555,HGI,56,44,490,793.0,388570.0
2021040504033606,HGI,40,32,30,793.0,23790.0
2021040504033605,HGI,40,37,400,793.0,317200.0
2021040504033604,HGI,40,43,100,793.0,79300.0
2021040504033603,HGI,40,58,100,793.0,79300.0
2021040504033602,HGI,40,44,10,793.0,7930.0
2021040504033601,HGI,40,54,190,792.0,150480.0
2021040504033675,HGI,54,28,80,794.0,63520.0
2021040504033622,HGI,19,7,26,792.0,20592.0
2021040504033621,HGI,40,7,134,793.0,106262.0
2021040504033609,HGI,40,37,250,793.0,198250.0
2021040504033608,HGI,40,57,200,793.0,158600.0
2021040504033607,HGI,40,36,86,793.0,68198.0
2021040504033755,HPPL,32,47,10,391.0,3910.0
2021040504033758,IGI,41,35,100,1295.0,129500.0
2021040504033756,IGI,36,35,50,1295.0,64750.0
2021040504033749,IGI,21,35,55,1295.0,71225.0
2021040504033718,IGI,25,35,100,1295.0,129500.0
2021040504033397,IGI,11,35,15,1298.0,19470.0
2021040504033395,IGI,14,58,200,1299.0,259800.0
2021040504033382,IGI,35,34,100,1296.0,129600.0
2021040504033420,IGI,14,35,200,1298.0,259600.0
2021040504033556,IGI,36,34,10,1297.0,12970.0
2021040504033593,IGI,44,34,180,1296.0,233280.0
2021040504033592,IGI,28,34,20,1296.0,25920.0
2021040504033638,IGI,10,35,60,1295.0,77700.0
2021040504033637,IGI,45,35,625,1295.0,809375.0
2021040504033636,IGI,44,35,100,1296.0,129600.0
2021040504033635,IGI,35,35,300,1296.0,388800.0
2021040504033634,IGI,44,35,120,1296.0,155520.0
2021040504033648,IGI,8,35,100,1295.0,129500.0
2021040504033641,IGI,38,35,20,1295.0,25900.0
2021040504033640,IGI,11,35,40,1295.0,51800.0
2021040504033639,IGI,33,35,30,1295.0,38850.0
2021040504033692,IGI,29,35,75,1295.0,97125.0
2021040504033670,IGI,29,35,100,1295.0,129500.0
2021040504033562,JOSHI,51,51,20,130.0,2600.0
2021040504033449,JOSHI,29,45,20,129.0,2580.0
2021040504033416,KKHC,21,41,146,123.0,17958.0
2021040504033360,KKHC,37,48,10,124.0,1240.0
2021040504033359,KKHC,37,44,221,124.0,27404.0
2021040504033358,KKHC,37,45,10,124.0,1240.0
2021040504033628,KPCL,54,57,10,290.0,2900.0
2021040504033724,LEC,5,21,10,298.0,2980.0
2021040504033703,LEC,5,36,20,298.0,5960.0
2021040504033456,LEC,5,49,10,298.0,2980.0
2021040504033365,LEC,5,22,40,298.0,11920.0
2021040504033309,LEC,45,54,40,300.0,12000.0
2021040504033781,LGIL,44,49,50,859.0,42950.0
2021040504033704,LGIL,44,35,200,859.0,171800.0
2021040504033625,LGIL,35,28,20,860.0,17200.0
2021040504033619,LGIL,25,28,106,860.0,91160.0
2021040504033618,LGIL,25,55,204,859.0,175236.0
2021040504033612,LGIL,49,55,10,859.0,8590.0
2021040504033316,LGIL,16,47,455,860.0,391300.0
2021040504033458,LGIL,25,14,200,859.0,171800.0
2021040504033329,LGIL,41,28,100,860.0,86000.0
2021040504033328,LGIL,19,28,50,860.0,43000.0
2021040504033319,LGIL,55,47,100,860.0,86000.0
2021040504033318,LGIL,57,47,100,860.0,86000.0
2021040504033317,LGIL,7,47,116,860.0,99760.0
2021040504033579,LGIL,33,51,50,859.0,42950.0
2021040504033510,LGIL,21,51,200,859.0,171800.0
2021040504033509,LGIL,11,51,30,859.0,25770.0
2021040504033508,LGIL,37,51,100,859.0,85900.0
2021040504033507,LGIL,25,51,114,859.0,97926.0
2021040504033501,LGIL,6,28,100,860.0,86000.0
2021040504033767,MEN,1,56,20,708.0,14160.0
2021040504033766,MEN,1,38,10,707.0,7070.0
2021040504033765,MEN,1,22,10,707.0,7070.0
2021040504033764,MEN,1,14,10,705.0,7050.0
2021040504033763,MEN,1,57,10,705.0,7050.0
2021040504033762,MEN,1,58,10,705.0,7050.0
2021040504033393,MEN,14,22,10,701.0,7010.0
2021040504033761,MEN,1,36,10,705.0,7050.0
2021040504033760,MEN,1,48,10,705.0,7050.0
2021040504033759,MEN,1,49,10,704.0,7040.0
2021040504033589,MEN,14,6,10,701.0,7010.0
2021040504033570,MEN,14,36,10,701.0,7010.0
2021040504033455,MEN,14,19,10,701.0,7010.0
2021040504033457,MHNL,43,20,30,262.0,7860.0
2021040504033674,NBF2,54,26,150,11.25,1687.5
2021040504033673,NBF2,54,26,200,11.25,2250.0
2021040504033672,NBF2,54,13,500,11.25,5625.0
2021040504033671,NBF2,54,34,"43,800",11.25,492750.0
2021040504033340,NBF2,54,54,"5,100",11.24,57324.0
2021040504033339,NBF2,54,58,"99,350",11.24,1116694.0
2021040504033338,NBF2,54,46,"1,245",11.24,13993.8
2021040504033337,NBF2,54,17,"6,350",11.24,71374.0
2021040504033336,NBF2,54,19,"25,000",11.24,281000.0
2021040504033335,NBF2,54,16,"2,269",11.24,25503.56
2021040504033544,NGPL,49,56,50,248.0,12400.0
2021040504033543,NGPL,45,56,54,248.0,13392.0
2021040504033799,NHDL,25,57,20,319.0,6380.0
2021040504033436,NHDL,25,36,10,319.0,3190.0
2021040504033459,NHPC,26,33,500,168.0,84000.0
2021040504033409,NHPC,25,33,100,168.0,16800.0
2021040504033366,NHPC,25,33,100,168.0,16800.0
2021040504033344,NHPC,42,3,15,167.0,2505.0
2021040504033343,NHPC,58,3,285,167.0,47595.0
2021040504033597,NICL,22,29,45,833.0,37485.0
2021040504033596,NICL,19,29,155,833.0,129115.0
2021040504033595,NICL,10,29,200,836.0,167200.0
2021040504033594,NICL,43,29,100,837.0,83700.0
2021040504033564,NICL,33,29,104,840.0,87360.0
2021040504033539,NICL,33,57,500,840.0,420000.0
2021040504033538,NICL,33,39,50,840.0,42000.0
2021040504033537,NICL,33,39,30,840.0,25200.0
2021040504033536,NICL,33,38,"1,500",840.0,1260000.0
2021040504033535,NICL,33,42,"1,000",840.0,840000.0
2021040504033534,NICL,33,58,500,839.0,419500.0
2021040504033533,NICL,33,25,316,838.0,264808.0
2021040504033730,NIL,36,1,20,1706.0,34120.0
2021040504033720,NIL,4,1,60,1706.0,102360.0
2021040504033719,NIL,43,1,20,1707.0,34140.0
2021040504033709,NIL,43,42,10,1707.0,17070.0
2021040504033708,NIL,43,42,170,1707.0,290190.0
2021040504033451,NIL,44,48,100,1705.0,170500.0
2021040504033315,NIL,26,42,30,1707.0,51210.0
2021040504033450,NIL,57,48,100,1705.0,170500.0
2021040504033427,NIL,44,56,65,1705.0,110825.0
2021040504033412,NIL,33,56,135,1705.0,230175.0
2021040504033322,NIL,33,54,115,1705.0,196075.0
2021040504033321,NIL,17,54,25,1705.0,42625.0
2021040504033320,NIL,38,54,10,1706.0,17060.0
2021040504033752,NLG,54,37,50,1199.0,59950.0
2021040504033657,NLG,45,14,50,1198.0,59900.0
2021040504033656,NLG,33,14,50,1199.0,59950.0
2021040504033655,NLG,41,14,30,1199.0,35970.0
2021040504033654,NLG,14,14,10,1199.0,11990.0
2021040504033598,NLG,44,44,100,1200.0,120000.0
2021040504033346,NLG,14,5,290,1199.0,347710.0
2021040504033345,NLG,43,5,10,1199.0,11990.0
2021040504033786,PIC,57,6,475,1324.0,628900.0
2021040504033706,PIC,44,47,10,1322.0,13220.0
2021040504033430,PIC,45,48,75,1326.0,99450.0
2021040504033429,PIC,45,16,50,1325.0,66250.0
2021040504033428,PIC,45,32,100,1324.0,132400.0
2021040504033331,PIC,45,32,20,1322.0,26440.0
2021040504033330,PIC,34,32,80,1322.0,105760.0
2021040504033705,PICL,38,58,16,937.0,14992.0
2021040504033600,PICL,38,57,500,936.0,468000.0
2021040504033599,PICL,38,4,484,934.0,452056.0
2021040504033419,PICL,54,18,100,933.0,93300.0
2021040504033418,PICL,54,51,10,933.0,9330.0
2021040504033417,PICL,54,41,40,932.0,37280.0
2021040504033797,PPCL,32,55,10,300.0,3000.0
2021040504033796,PPCL,32,38,50,300.0,15000.0
2021040504033569,PPCL,34,45,10,299.0,2990.0
2021040504033568,PPCL,45,45,20,299.0,5980.0
2021040504033375,PPCL,51,38,100,300.0,30000.0
2021040504033712,PRIN,3,58,400,995.0,398000.0
2021040504033560,PRIN,38,32,100,995.0,99500.0
2021040504033323,PRIN,32,38,50,995.0,49750.0
2021040504033426,RBCL,55,14,19,18615.0,353685.0
2021040504033669,RHPC,39,26,200,211.0,42200.0
2021040504033523,RHPC,39,55,185,211.0,39035.0
2021040504033740,RHPL,48,51,50,496.0,24800.0
2021040504033739,RHPL,19,51,50,496.0,24800.0
2021040504033738,RHPL,19,51,100,496.0,49600.0
2021040504033737,RHPL,58,51,30,496.0,14880.0
2021040504033736,RHPL,19,51,100,497.0,49700.0
2021040504033735,RHPL,21,51,30,497.0,14910.0
2021040504033383,RHPL,38,49,10,497.0,4970.0
2021040504033304,RHPL,34,38,50,498.0,24900.0
2021040504033301,RHPL,38,36,40,497.0,19880.0
2021040504033734,RHPL,6,51,340,497.0,168980.0
2021040504033733,RHPL,38,51,230,497.0,114310.0
2021040504033679,RHPL,55,38,400,498.0,199200.0
2021040504033558,RHPL,38,47,80,497.0,39760.0
2021040504033448,RHPL,38,21,50,497.0,24850.0
2021040504033411,RHPL,19,38,100,498.0,49800.0
2021040504033771,SGI,49,25,100,832.0,83200.0
2021040504033717,SGI,49,38,10,832.0,8320.0
2021040504033668,SGI,28,38,15,833.0,12495.0
2021040504033620,SGI,49,36,200,832.0,166400.0
2021040504033540,SGI,17,57,20,834.0,16680.0
2021040504033504,SGI,45,34,10,832.0,8320.0
2021040504033437,SGI,55,57,10,834.0,8340.0
2021040504033405,SGI,58,52,30,834.0,25020.0
2021040504033398,SGI,57,57,10,831.0,8310.0
2021040504033349,SGI,44,52,50,834.0,41700.0
2021040504033348,SGI,34,52,28,834.0,23352.0
2021040504033385,SHL,26,49,100,202.0,20200.0
2021040504033795,SHPC,36,32,220,362.0,79640.0
2021040504033794,SHPC,11,32,100,362.0,36200.0
2021040504033793,SHPC,8,32,100,362.0,36200.0
2021040504033792,SHPC,45,32,500,362.0,181000.0
2021040504033791,SHPC,7,32,80,362.0,28960.0
2021040504033779,SIC,4,57,255,1786.0,455430.0
2021040504033778,SIC,51,57,45,1789.0,80505.0
2021040504033754,SIC,51,35,30,1788.0,53640.0
2021040504033590,SIC,6,52,100,1790.0,179000.0
2021040504033588,SIC,58,53,30,1787.0,53610.0
2021040504033531,SIC,58,57,65,1787.0,116155.0
2021040504033530,SIC,45,57,10,1787.0,17870.0
2021040504033432,SIC,51,41,100,1788.0,178800.0
2021040504033431,SIC,51,53,110,1788.0,196680.0
2021040504033688,SICL,38,54,130,1965.0,255450.0
2021040504033687,SICL,52,54,100,1966.0,196600.0
2021040504033686,SICL,7,54,30,1966.0,58980.0
2021040504033685,SICL,45,54,20,1966.0,39320.0
2021040504033684,SICL,11,54,20,1968.0,39360.0
2021040504033500,SICL,20,28,200,1969.0,393800.0
2021040504033439,SICL,41,29,20,1967.0,39340.0
2021040504033408,SICL,50,32,50,1968.0,98400.0
2021040504033310,SICL,25,36,10,1968.0,19680.0
2021040504033300,SICL,11,29,14,1968.0,27552.0
2021040504033499,SICL,20,28,45,1969.0,88605.0
2021040504033498,SICL,20,29,55,1967.0,108185.0
2021040504033443,SICL,48,29,100,1967.0,196700.0
2021040504033442,SICL,43,29,100,1967.0,196700.0
2021040504033441,SICL,45,29,15,1967.0,29505.0
2021040504033440,SICL,57,29,10,1967.0,19670.0
2021040504033626,SIL,4,45,17,1281.0,21777.0
2021040504033751,SJCL,21,14,100,445.0,44500.0
2021040504033729,SJCL,45,14,200,445.0,89000.0
2021040504033707,SJCL,51,34,30,444.0,13320.0
2021040504033683,SJCL,57,14,100,445.0,44500.0
2021040504033624,SJCL,21,14,60,445.0,26700.0
2021040504033611,SJCL,16,47,40,444.0,17760.0
2021040504033377,SJCL,35,51,50,445.0,22250.0
2021040504033376,SJCL,35,45,20,445.0,8900.0
2021040504033347,SJCL,58,45,20,445.0,8900.0
2021040504033327,SJCL,16,58,30,444.0,13320.0
2021040504033326,SJCL,45,58,70,445.0,31150.0
2021040504033325,SJCL,45,52,30,445.0,13350.0
2021040504033559,SJCL,19,14,355,445.0,157975.0
2021040504033529,SJCL,57,14,45,445.0,20025.0
2021040504033381,SJCL,35,36,11,446.0,4906.0
2021040504033380,SJCL,35,34,10,446.0,4460.0
2021040504033379,SJCL,35,49,89,446.0,39694.0
2021040504033378,SJCL,35,38,20,446.0,8920.0
2021040504033357,SSHL,47,47,350,213.0,74550.0
2021040504033356,SSHL,47,16,500,213.0,106500.0
2021040504033355,SSHL,47,57,"1,000",213.0,213000.0
2021040504033354,SSHL,47,48,"2,000",213.0,426000.0
2021040504033353,SSHL,47,22,50,213.0,10650.0
2021040504033352,SSHL,47,48,"1,000",213.0,213000.0
2021040504033351,SSHL,47,20,"1,100",213.0,234300.0
2021040504033732,STC,49,43,50,13320.0,666000.0
2021040504033711,STC,33,56,20,13305.0,266100.0
2021040504033584,STC,49,43,50,13310.0,665500.0
2021040504033578,STC,45,28,10,13450.0,134500.0
2021040504033577,STC,45,21,10,13400.0,134000.0
2021040504033413,TRH,34,3,300,319.0,95700.0
2021040504033666,UIC,45,11,50,747.0,37350.0
2021040504033652,UIC,50,34,843,745.0,628035.0
2021040504033651,UIC,33,34,50,746.0,37300.0
2021040504033650,UIC,20,34,10,746.0,7460.0
2021040504033649,UIC,47,34,97,746.0,72362.0
2021040504033552,UIC,57,11,10,747.0,7470.0
2021040504033461,UIC,47,6,138,746.0,102948.0
2021040504033460,UIC,16,6,12,749.0,8988.0
2021040504033446,UIC,16,36,38,749.0,28462.0
2021040504033425,UIC,47,49,200,746.0,149200.0
2021040504033396,UIC,47,14,65,746.0,48490.0
2021040504033782,UMHL,32,54,30,183.0,5490.0
2021040504033404,UMHL,41,54,70,183.0,12810.0
2021040504033403,UMHL,41,50,30,183.0,5490.0
2021040504033769,UMRH,45,58,10,300.0,3000.0
2021040504033768,UMRH,45,14,180,300.0,54000.0
2021040504033551,UMRH,43,19,10,297.0,2970.0
2021040504033311,UMRH,43,28,10,297.0,2970.0
2021040504033667,UPCL,47,45,50,150.0,7500.0
2021040504033663,UPCL,47,57,50,150.0,7500.0
2021040504033414,UPCL,47,57,250,150.0,37500.0
2021040504033784,UPPER,21,21,105,907.0,95235.0
2021040504033783,UPPER,8,21,60,907.0,54420.0
2021040504033361,UPPER,33,1,169,906.0,153114.0
2021040504033342,UPPER,58,1,11,906.0,9966.0
2021040504033324,UPPER,44,1,20,906.0,18120.0
2021040504033302,UPPER,58,33,200,906.0,181200.0
2021040504033374,UPPER,36,16,283,906.0,256398.0
2021040504033373,UPPER,21,16,10,906.0,9060.0
2021040504033369,UPPER,56,19,903,905.0,817215.0
2021040504033368,UPPER,57,19,86,905.0,77830.0
2021040504033367,UPPER,33,19,11,906.0,9966.0
2021040504033362,UPPER,33,41,200,906.0,181200.0
2021040504033391,UPPER,56,16,86,904.0,77744.0
2021040504033390,UPPER,56,16,97,905.0,87785.0
2021040504033389,UPPER,36,16,17,906.0,15402.0
2021040504033512,UPPER,56,41,50,907.0,45350.0
2021040504033511,UPPER,56,40,300,907.0,272100.0
2021040504033447,UPPER,26,47,50,906.0,45300.0
2021040504033435,UPPER,26,41,170,906.0,154020.0
2021040504033401,UPPER,26,17,50,906.0,45300.0
2021040504033518,UPPER,56,55,100,907.0,90700.0
2021040504033517,UPPER,56,22,12,907.0,10884.0
2021040504033516,UPPER,56,13,50,907.0,45350.0
2021040504033515,UPPER,56,36,30,907.0,27210.0
2021040504033514,UPPER,56,26,50,907.0,45350.0
2021040504033513,UPPER,56,14,100,907.0,90700.0
2021040504033525,UPPER,26,7,130,906.0,117780.0
2021040504033524,UPPER,56,7,18,907.0,16326.0
2021040504033522,UPPER,56,41,40,907.0,36280.0
2021040504033521,UPPER,56,1,100,907.0,90700.0
2021040504033520,UPPER,56,57,50,907.0,45350.0
2021040504033519,UPPER,56,48,100,907.0,90700.0
2021040504033548,UPPER,56,18,100,908.0,90800.0
2021040504033547,UPPER,56,54,40,908.0,36320.0
2021040504033546,UPPER,56,34,200,908.0,181600.0
2021040504033545,UPPER,56,29,40,908.0,36320.0
2021040504033528,UPPER,16,29,10,908.0,9080.0
2021040504033526,UPPER,56,7,352,906.0,318912.0
2021040504033583,UPPER,56,28,80,906.0,72480.0
2021040504033582,UPPER,21,28,20,907.0,18140.0
2021040504033576,UPPER,21,16,80,907.0,72560.0
2021040504033550,UPPER,56,11,20,908.0,18160.0
2021040504033549,UPPER,56,51,600,908.0,544800.0
2021040504033610,UPPER,56,1,100,906.0,90600.0
2021040504033587,UPPER,57,50,20,908.0,18160.0
2021040504033586,UPPER,57,13,50,908.0,45400.0
2021040504033585,UPPER,57,11,180,908.0,163440.0
2021040504033627,UPPER,8,11,100,906.0,90600.0
2021040504033617,UPPER,8,49,61,906.0,55266.0
2021040504033616,UPPER,45,49,30,906.0,27180.0
2021040504033615,UPPER,34,49,200,906.0,181200.0
2021040504033614,UPPER,21,49,241,906.0,218346.0
2021040504033613,UPPER,56,49,468,906.0,424008.0
2021040504033647,UPPER,8,46,40,906.0,36240.0
2021040504033643,UPPER,8,56,10,906.0,9060.0
2021040504033662,UPPER,29,51,25,908.0,22700.0
2021040504033661,UPPER,29,25,30,908.0,27240.0
2021040504033660,UPPER,29,50,30,908.0,27240.0
2021040504033659,UPPER,29,41,10,907.0,9070.0
2021040504033272,AHPC,38,28,45,277.0,12465.0
2021040504033271,AHPC,38,47,75,277.0,20775.0
2021040504033249,AHPC,51,47,50,277.0,13850.0
2021040504033202,AHPC,21,45,500,277.0,138500.0
2021040504033057,AHPC,55,47,175,277.0,48475.0
2021040504033000,AHPC,35,7,30,277.0,8310.0
2021040504032972,AHPC,45,7,10,277.0,2770.0
2021040504032969,AHPC,47,7,200,277.0,55400.0
2021040504032912,AHPC,54,7,50,277.0,13850.0
2021040504032901,AHPC,53,7,10,277.0,2770.0
2021040504032809,AHPC,47,7,200,277.0,55400.0
2021040504033190,AIL,19,51,50,974.0,48700.0
2021040504033175,AIL,34,35,10,975.0,9750.0
2021040504033174,AIL,34,37,10,975.0,9750.0
2021040504033173,AIL,34,13,130,975.0,126750.0
2021040504033162,AIL,19,37,10,974.0,9740.0
2021040504033159,AIL,19,38,40,974.0,38960.0
2021040504032817,AIL,45,54,10,974.0,9740.0
2021040504032816,AIL,17,54,80,974.0,77920.0
2021040504032800,AIL,17,21,10,974.0,9740.0
2021040504032823,AIL,39,54,50,974.0,48700.0
2021040504032822,AIL,58,54,100,974.0,97400.0
2021040504032821,AIL,49,54,103,974.0,100322.0
2021040504032820,AIL,19,54,30,974.0,29220.0
2021040504032819,AIL,22,54,80,974.0,77920.0
2021040504032818,AIL,35,54,10,974.0,9740.0
2021040504032868,AIL,6,21,10,974.0,9740.0
2021040504032844,AIL,49,13,70,975.0,68250.0
2021040504032843,AIL,49,36,130,975.0,126750.0
2021040504032832,AIL,37,36,70,975.0,68250.0
2021040504032825,AIL,19,54,27,974.0,26298.0
2021040504032824,AIL,58,54,10,974.0,9740.0
2021040504032943,AIL,18,52,40,974.0,38960.0
2021040504032910,AIL,38,13,150,975.0,146250.0
2021040504032900,AIL,59,13,50,975.0,48750.0
2021040504032894,AIL,18,19,10,974.0,9740.0
2021040504032893,AIL,56,19,100,974.0,97400.0
2021040504032873,AIL,6,38,10,974.0,9740.0
2021040504033020,AIL,11,34,80,973.0,77840.0
2021040504033019,AIL,46,34,20,973.0,19460.0
2021040504033018,AIL,57,52,20,974.0,19480.0
2021040504032970,AIL,1,52,10,974.0,9740.0
2021040504032945,AIL,41,52,10,974.0,9740.0
2021040504032944,AIL,11,52,30,974.0,29220.0
2021040504033026,AIL,48,34,100,973.0,97300.0
2021040504033025,AIL,16,34,100,973.0,97300.0
2021040504033024,AIL,38,34,300,973.0,291900.0
2021040504033023,AIL,42,34,100,973.0,97300.0
2021040504033022,AIL,41,34,20,973.0,19460.0
2021040504033021,AIL,22,34,200,973.0,194600.0
2021040504033124,AIL,25,13,200,975.0,195000.0
2021040504033056,AIL,34,37,10,973.0,9730.0
2021040504033045,AIL,48,13,60,975.0,58500.0
2021040504033044,AIL,48,54,50,974.0,48700.0
2021040504033043,AIL,48,52,390,974.0,379860.0
2021040504033027,AIL,34,34,110,973.0,107030.0
2021040504033285,AKJCL,57,57,20,150.0,3000.0
2021040504033256,AKJCL,35,22,10,151.0,1510.0
2021040504033255,AKJCL,35,53,500,151.0,75500.0
2021040504033061,AKJCL,57,4,120,150.0,18000.0
2021040504033060,AKJCL,58,4,80,150.0,12000.0
2021040504033059,AKJCL,25,4,100,150.0,15000.0
2021040504033211,AKPL,21,41,100,333.0,33300.0
2021040504033210,AKPL,21,32,163,333.0,54279.0
2021040504033209,AKPL,21,19,100,333.0,33300.0
2021040504033208,AKPL,21,50,100,333.0,33300.0
2021040504033207,AKPL,21,58,13,333.0,4329.0
2021040504032938,AKPL,48,58,600,333.0,199800.0
2021040504032920,AKPL,49,58,691,332.0,229412.0
2021040504032802,AKPL,36,58,309,332.0,102588.0
2021040504033279,API,41,4,20,330.0,6600.0
2021040504033068,API,17,4,30,330.0,9900.0
2021040504033067,API,17,38,450,330.0,148500.0
2021040504033007,API,57,14,16,327.0,5232.0
2021040504032931,API,36,34,17,329.0,5593.0
2021040504032923,API,57,4,458,328.0,150224.0
2021040504032827,API,45,4,192,329.0,63168.0
2021040504032892,API,38,4,42,328.0,13776.0
2021040504032891,API,38,55,258,328.0,84624.0
2021040504032852,API,34,55,200,328.0,65600.0
2021040504032848,API,38,55,350,328.0,114800.0
2021040504032847,API,45,55,192,328.0,62976.0
2021040504032828,API,45,4,808,328.0,265024.0
2021040504033262,BPCL,13,57,100,410.0,41000.0
2021040504033261,BPCL,13,57,550,410.0,225500.0
2021040504033286,CGH,38,17,10,2130.0,21300.0
2021040504033278,CGH,29,1,200,2131.0,426200.0
2021040504033270,CGH,38,58,10,2130.0,21300.0
2021040504033254,CGH,33,54,10,2127.0,21270.0
2021040504033179,CGH,33,20,10,2127.0,21270.0
2021040504033177,CGH,33,51,10,2127.0,21270.0
2021040504032831,CGH,36,1,100,2131.0,213100.0
2021040504032830,CGH,36,16,100,2130.0,213000.0
2021040504032829,CGH,36,50,100,2126.0,212600.0
2021040504032810,CGH,29,28,10,2126.0,21260.0
2021040504032966,CGH,20,52,10,2126.0,21260.0
2021040504032963,CGH,29,32,10,2126.0,21260.0
2021040504032935,CGH,18,35,10,2130.0,21300.0
2021040504032934,CGH,29,19,10,2126.0,21260.0
2021040504032877,CGH,1,21,10,2126.0,21260.0
2021040504032865,CGH,1,32,10,2126.0,21260.0
2021040504033123,CGH,51,44,10,2130.0,21300.0
2021040504033122,CGH,51,7,10,2130.0,21300.0
2021040504033106,CGH,33,59,10,2127.0,21270.0
2021040504033040,CGH,22,47,10,2126.0,21260.0
2021040504032990,CGH,22,29,10,2126.0,21260.0
2021040504032987,CGH,51,26,10,2128.0,21280.0
2021040504032994,CHCL,41,14,27,616.0,16632.0
2021040504032993,CHCL,7,14,50,616.0,30800.0
2021040504032909,CHCL,34,4,46,617.0,28382.0
2021040504032908,CHCL,38,4,22,618.0,13596.0
2021040504032903,CHCL,38,1,28,618.0,17304.0
2021040504033219,DHPL,25,57,57,118.0,6726.0
2021040504033247,EIC,53,49,25,778.0,19450.0
2021040504033246,EIC,38,49,50,778.0,38900.0
2021040504033245,EIC,57,49,"1,000",778.0,778000.0
2021040504033244,EIC,55,49,100,778.0,77800.0
2021040504033243,EIC,16,49,"1,000",778.0,778000.0
2021040504033242,EIC,33,49,100,778.0,77800.0
2021040504033205,EIC,14,22,30,782.0,23460.0
2021040504033180,EIC,14,57,485,782.0,379270.0
2021040504033165,EIC,55,16,10,783.0,7830.0
2021040504033084,EIC,50,16,20,783.0,15660.0
2021040504033223,EIC,57,49,14,782.0,10948.0
2021040504033222,EIC,49,49,100,782.0,78200.0
2021040504033221,EIC,17,49,200,782.0,156400.0
2021040504033220,EIC,14,49,355,782.0,277610.0
2021040504033218,EIC,50,16,20,783.0,15660.0
2021040504033206,EIC,14,51,50,782.0,39100.0
2021040504033229,EIC,19,49,250,780.0,195000.0
2021040504033228,EIC,29,49,200,780.0,156000.0
2021040504033227,EIC,21,49,10,780.0,7800.0
2021040504033226,EIC,28,49,200,780.0,156000.0
2021040504033225,EIC,36,49,300,781.0,234300.0
2021040504033224,EIC,6,49,50,781.0,39050.0
2021040504033235,EIC,21,49,50,780.0,39000.0
2021040504033234,EIC,33,49,100,780.0,78000.0
2021040504033233,EIC,42,49,200,780.0,156000.0
2021040504033232,EIC,48,49,170,780.0,132600.0
2021040504033231,EIC,49,49,100,780.0,78000.0
2021040504033230,EIC,57,49,50,780.0,39000.0
2021040504033241,EIC,45,49,200,778.0,155600.0
2021040504033240,EIC,10,49,200,778.0,155600.0
2021040504033239,EIC,49,49,100,780.0,78000.0
2021040504033238,EIC,38,49,10,780.0,7800.0
2021040504033237,EIC,33,49,100,780.0,78000.0
2021040504033236,EIC,57,49,100,780.0,78000.0
2021040504033299,GIC,52,57,100,780.0,78000.0
2021040504033298,GIC,51,57,50,780.0,39000.0
2021040504033297,GIC,49,57,10,780.0,7800.0
2021040504033296,GIC,51,57,180,780.0,140400.0
2021040504033195,GIC,51,55,10,780.0,7800.0
2021040504033194,GIC,35,55,100,781.0,78100.0
2021040504032995,GIC,35,55,90,780.0,70200.0
2021040504032940,GIC,35,38,10,780.0,7800.0
2021040504032896,GIC,33,46,93,780.0,72540.0
2021040504033080,GIC,58,14,100,783.0,78300.0
2021040504033079,GIC,58,35,10,783.0,7830.0
2021040504033078,GIC,58,49,100,783.0,78300.0
2021040504033077,GIC,58,40,200,782.0,156400.0
2021040504033076,GIC,58,38,50,782.0,39100.0
2021040504032996,GIC,51,55,10,780.0,7800.0
2021040504033193,GIC,16,55,100,781.0,78100.0
2021040504033192,GIC,34,55,50,781.0,39050.0
2021040504033191,GIC,10,55,40,782.0,31280.0
2021040504033166,GIC,10,6,10,782.0,7820.0
2021040504033081,GIC,58,56,40,783.0,31320.0
2021040504033161,GLH,59,42,10,375.0,3750.0
2021040504033036,GLH,38,19,10,374.0,3740.0
2021040504032918,GLH,38,19,10,374.0,3740.0
2021040504032917,GLH,38,6,10,374.0,3740.0
2021040504033280,HDHPC,49,36,100,134.0,13400.0
2021040504033258,HDHPC,16,36,680,134.0,91120.0
2021040504033257,HDHPC,16,39,320,134.0,42880.0
2021040504033065,HDHPC,52,38,10,133.0,1330.0
2021040504032904,HDHPC,49,39,100,134.0,13400.0
2021040504032853,HDHPC,52,5,250,133.0,33250.0
2021040504033295,HGI,28,51,24,792.0,19008.0
2021040504033293,HGI,28,53,76,792.0,60192.0
2021040504033185,HGI,34,53,24,792.0,19008.0
2021040504033184,HGI,34,57,150,792.0,118800.0
2021040504033183,HGI,34,58,50,792.0,39600.0
2021040504033182,HGI,34,19,276,792.0,218592.0
2021040504032849,HGI,38,17,48,791.0,37968.0
2021040504032840,HGI,20,17,81,791.0,64071.0
2021040504032833,HGI,20,58,25,791.0,19775.0
2021040504032826,HGI,20,36,44,791.0,34804.0
2021040504032815,HGI,29,22,10,790.0,7900.0
2021040504032898,HGI,41,45,100,791.0,79100.0
2021040504032897,HGI,58,4,428,790.0,338120.0
2021040504032872,HGI,8,4,200,790.0,158000.0
2021040504032871,HGI,29,4,20,790.0,15800.0
2021040504032870,HGI,20,4,200,791.0,158200.0
2021040504032869,HGI,38,4,152,791.0,120232.0
2021040504032982,HGI,20,50,100,791.0,79100.0
2021040504032971,HGI,20,44,100,791.0,79100.0
2021040504032959,HGI,20,37,10,792.0,7920.0
2021040504032958,HGI,20,46,200,791.0,158200.0
2021040504032957,HGI,20,1,100,791.0,79100.0
2021040504032925,HGI,58,57,10,790.0,7900.0
2021040504033012,HGI,47,48,50,792.0,39600.0
2021040504033004,HGI,17,48,16,792.0,12672.0
2021040504033003,HGI,17,37,132,792.0,104544.0
2021040504033002,HGI,17,50,352,791.0,278432.0
2021040504032989,HGI,58,43,50,790.0,39500.0
2021040504032983,HGI,22,50,48,791.0,37968.0
2021040504033095,HGI,56,50,20,792.0,15840.0
2021040504033094,HGI,56,29,75,792.0,59400.0
2021040504033093,HGI,56,48,402,792.0,318384.0
2021040504033085,HGI,47,48,50,792.0,39600.0
