Transact. No.,Symbol,Buyer,Seller,Quantity,Rate,Amount
2021041204024824,AHPC,58,39,100,261.0,26100.0
2021041204024700,AIL,13,1,50,913.0,45650.0
2021041204024679,AIL,42,1,45,913.0,41085.0
2021041204024672,AIL,35,1,50,913.0,45650.0
2021041204024852,AKPL,59,36,"1,000",333.0,333000.0
2021041204024712,API,49,25,"1,106",328.0,362768.0
2021041204024711,API,28,25,50,328.0,16400.0
2021041204024710,API,51,25,100,328.0,32800.0
2021041204024709,API,25,25,500,328.0,164000.0
2021041204024708,API,36,25,"1,000",328.0,328000.0
2021041204024707,API,58,25,94,328.0,30832.0
2021041204024663,API,14,16,248,330.0,81840.0
2021041204024662,API,14,49,50,330.0,16500.0
2021041204024661,API,14,39,150,330.0,49500.0
2021041204024660,API,14,42,20,330.0,6600.0
2021041204024659,API,14,34,200,330.0,66000.0
2021041204024658,API,14,47,92,330.0,30360.0
2021041204024706,API,51,25,100,329.0,32900.0
2021041204024705,API,57,25,50,329.0,16450.0
2021041204024687,API,57,50,50,329.0,16450.0
2021041204024666,API,14,33,193,330.0,63690.0
2021041204024665,API,14,29,17,330.0,5610.0
2021041204024664,API,14,33,30,330.0,9900.0
2021041204024832,BPCL,34,56,100,420.0,42000.0
2021041204024743,BPCL,36,56,100,420.0,42000.0
2021041204024742,BPCL,34,56,500,420.0,210000.0
2021041204024741,BPCL,8,56,"1,787",420.0,750540.0
2021041204024740,BPCL,38,56,75,422.0,31650.0
2021041204024739,BPCL,39,56,75,422.0,31650.0
2021041204024738,BPCL,57,56,25,422.0,10550.0
2021041204024876,CGH,3,36,10,2552.0,25520.0
2021041204024874,CGH,59,56,60,2555.0,153300.0
2021041204024873,CGH,59,11,10,2555.0,25550.0
2021041204024872,CGH,59,14,30,2555.0,76650.0
2021041204024857,CGH,49,14,30,2555.0,76650.0
2021041204024850,CGH,3,36,10,2552.0,25520.0
2021041204024721,CGH,22,10,50,2555.0,127750.0
2021041204024669,CGH,22,18,250,2555.0,638750.0
2021041204024835,CGH,55,14,50,2555.0,127750.0
2021041204024825,CGH,39,14,10,2555.0,25550.0
2021041204024733,CGH,34,14,50,2555.0,127750.0
2021041204024732,CGH,22,14,70,2555.0,178850.0
2021041204024731,CGH,22,14,90,2555.0,229950.0
2021041204024722,CGH,22,41,10,2555.0,25550.0
2021041204024744,CHCL,42,51,75,649.0,48675.0
2021041204024723,CHCL,36,51,35,649.0,22715.0
2021041204024675,CHL,53,29,100,245.0,24500.0
2021041204024767,DHPL,35,10,50,123.0,6150.0
2021041204024766,DHPL,35,3,360,123.0,44280.0
2021041204024656,DHPL,8,6,"1,586",122.0,193492.0
2021041204024822,EIC,6,34,26,780.0,20280.0
2021041204024821,EIC,41,34,474,781.0,370194.0
2021041204024811,EIC,41,40,26,781.0,20306.0
2021041204024754,EIC,6,34,45,780.0,35100.0
2021041204024753,EIC,42,34,30,780.0,23400.0
2021041204024752,EIC,52,34,35,780.0,27300.0
2021041204024751,EIC,44,34,50,780.0,39000.0
2021041204024750,EIC,10,34,40,780.0,31200.0
2021041204024685,EIC,34,40,10,781.0,7810.0
2021041204024849,GIC,58,32,10,752.0,7520.0
2021041204024844,GIC,58,3,100,752.0,75200.0
2021041204024800,GIC,58,3,10,752.0,7520.0
2021041204024655,GIC,57,37,300,751.0,225300.0
2021041204024654,GIC,57,36,10,751.0,7510.0
2021041204024728,GIC,38,1,20,752.0,15040.0
2021041204024714,GIC,1,51,20,751.0,15020.0
2021041204024713,GIC,57,51,90,751.0,67590.0
2021041204024843,GLH,47,43,100,401.0,40100.0
2021041204024820,GLH,58,6,10,401.0,4010.0
2021041204024817,GLH,58,41,40,400.0,16000.0
2021041204024816,GLH,50,41,100,400.0,40000.0
2021041204024815,GLH,53,41,10,400.0,4000.0
2021041204024814,GLH,49,41,100,400.0,40000.0
2021041204024813,GLH,42,41,10,400.0,4000.0
2021041204024812,GLH,29,41,90,400.0,36000.0
2021041204024689,GLH,29,33,10,400.0,4000.0
2021041204024657,GLH,33,6,100,401.0,40100.0
2021041204024688,HDHPC,36,39,500,146.0,73000.0
2021041204024648,HDHPC,36,34,"1,384",145.0,200680.0
2021041204024647,HDHPC,34,34,"1,000",145.0,145000.0
2021041204024646,HDHPC,14,34,50,145.0,7250.0
2021041204024645,HDHPC,33,34,360,145.0,52200.0
2021041204024878,HGI,58,6,10,789.0,7890.0
2021041204024877,HGI,38,6,800,789.0,631200.0
2021041204024726,HGI,38,45,100,789.0,78900.0
2021041204024667,HGI,38,6,100,789.0,78900.0
2021041204024881,HPPL,34,21,10,400.0,4000.0
2021041204024846,IGI,50,6,100,1254.0,125400.0
2021041205000254,JLI,25,55,10,468.0,4680.0
2021041205000243,JLI,25,49,10,468.0,4680.0
2021041205000235,JLI,25,49,10,468.0,4680.0
2021041205000204,JLI,38,35,2,468.0,936.0
2021041205000200,JLI,25,58,10,468.0,4680.0
2021041205000184,JLI,25,35,10,468.0,4680.0
2021041205000031,JLI,48,41,10,450.0,4500.0
2021041205000029,JLI,47,45,10,442.0,4420.0
2021041205000028,JLI,38,34,5,428.0,2140.0
2021041205000027,JLI,38,34,5,429.0,2145.0
2021041205000016,JLI,41,57,10,434.0,4340.0
2021041205000056,JLI,25,38,10,468.0,4680.0
2021041205000054,JLI,25,6,10,468.0,4680.0
2021041205000052,JLI,25,6,10,468.0,4680.0
2021041205000044,JLI,25,5,10,468.0,4680.0
2021041205000037,JLI,25,41,10,468.0,4680.0
2021041205000032,JLI,50,14,10,459.0,4590.0
2021041205000082,JLI,25,58,10,468.0,4680.0
2021041205000078,JLI,25,22,10,468.0,4680.0
2021041205000072,JLI,25,26,10,468.0,4680.0
2021041205000068,JLI,25,26,10,468.0,4680.0
2021041205000063,JLI,25,51,10,468.0,4680.0
2021041205000061,JLI,25,38,10,468.0,4680.0
2021041205000116,JLI,25,45,10,468.0,4680.0
2021041205000107,JLI,25,53,10,468.0,4680.0
2021041205000096,JLI,25,40,10,468.0,4680.0
2021041205000093,JLI,25,47,10,468.0,4680.0
2021041205000091,JLI,25,6,10,468.0,4680.0
2021041205000084,JLI,25,4,10,468.0,4680.0
2021041205000137,JLI,25,26,10,468.0,4680.0
2021041205000134,JLI,25,58,10,468.0,4680.0
2021041205000133,JLI,25,10,10,468.0,4680.0
2021041205000131,JLI,25,34,10,468.0,4680.0
2021041205000127,JLI,25,10,10,468.0,4680.0
2021041205000122,JLI,25,10,10,468.0,4680.0
2021041205000168,JLI,25,57,10,468.0,4680.0
2021041205000163,JLI,25,58,10,468.0,4680.0
2021041205000152,JLI,25,6,10,468.0,4680.0
2021041205000142,JLI,25,52,10,468.0,4680.0
2021041205000141,JLI,25,21,10,468.0,4680.0
2021041205000140,JLI,25,58,10,468.0,4680.0
2021041204024736,JOSHI,34,34,10,137.0,1370.0
2021041204024730,JOSHI,32,52,20,136.0,2720.0
2021041204024862,KPCL,25,43,83,282.0,23406.0
2021041204024861,KPCL,25,52,10,282.0,2820.0
2021041204024860,KPCL,25,35,107,281.0,30067.0
2021041204024684,KPCL,57,35,88,281.0,24728.0
2021041204024683,KPCL,44,35,145,281.0,40745.0
2021041204024823,LEC,53,36,10,299.0,2990.0
2021041204024765,LEMF,21,22,"10,000",11.1,111000.0
2021041204024764,LEMF,11,22,"4,000",11.1,44400.0
2021041204024682,LEMF,17,22,"3,250",11.11,36107.5
2021041204024681,LEMF,21,22,"4,500",11.11,49995.0
2021041204024802,LGIL,34,41,50,838.0,41900.0
2021041204024737,LGIL,40,41,50,838.0,41900.0
2021041204024735,LGIL,16,1,128,839.0,107392.0
2021041204024734,LGIL,16,10,12,839.0,10068.0
2021041204024678,MEN,41,42,10,758.0,7580.0
2021041204024865,MHNL,28,50,20,257.0,5140.0
2021041204024864,MHNL,28,29,40,257.0,10280.0
2021041204024863,MHNL,28,52,10,256.0,2560.0
2021041204024686,MHNL,41,34,40,255.0,10200.0
2021041205000259,MLBSL,53,36,10,1017.0,10170.0
2021041205000198,MLBSL,53,6,10,1017.0,10170.0
2021041205000179,MLBSL,38,38,7,999.0,6993.0
2021041205000178,MLBSL,38,38,3,997.0,2991.0
2021041205000160,MLBSL,53,36,10,1017.0,10170.0
2021041205000147,MLBSL,53,47,10,1017.0,10170.0
2021041205000115,MLBSL,58,58,10,999.0,9990.0
2021041205000111,MLBSL,50,46,10,980.0,9800.0
2021041205000094,MLBSL,49,52,10,961.0,9610.0
2021041205000079,MLBSL,59,22,10,943.0,9430.0
2021041204024727,NGPL,32,4,10,248.0,2480.0
2021041204024810,NHDL,56,3,10,320.0,3200.0
2021041204024809,NHDL,56,57,300,320.0,96000.0
2021041204024808,NHDL,56,21,10,320.0,3200.0
2021041204024880,NHPC,50,13,49,171.0,8379.0
2021041204024836,NHPC,51,13,300,171.0,51300.0
2021041204024796,NHPC,45,13,100,171.0,17100.0
2021041204024749,NHPC,58,13,85,171.0,14535.0
2021041204024839,NICL,54,25,31,830.0,25730.0
2021041204024838,NICL,54,49,110,830.0,91300.0
2021041204024837,NICL,54,45,59,829.0,48911.0
2021041204024668,NICL,34,45,250,829.0,207250.0
2021041205000262,NICLBSL,3,51,20,1545.0,30900.0
2021041205000261,NICLBSL,3,26,10,1545.0,15450.0
2021041205000260,NICLBSL,3,16,16,1545.0,24720.0
2021041205000258,NICLBSL,3,17,10,1545.0,15450.0
2021041205000257,NICLBSL,3,57,20,1545.0,30900.0
2021041205000256,NICLBSL,3,28,10,1545.0,15450.0
2021041205000001,NICLBSL,38,51,20,1475.0,29500.0
2021041205000007,NICLBSL,49,56,50,1504.0,75200.0
2021041205000006,NICLBSL,49,56,50,1504.0,75200.0
2021041205000005,NICLBSL,49,56,50,1504.0,75200.0
2021041205000004,NICLBSL,49,56,50,1504.0,75200.0
2021041205000003,NICLBSL,49,56,50,1504.0,75200.0
2021041205000002,NICLBSL,38,45,10,1475.0,14750.0
2021041205000013,NICLBSL,32,28,100,1545.0,154500.0
2021041205000012,NICLBSL,32,45,10,1545.0,15450.0
2021041205000011,NICLBSL,40,17,10,1534.0,15340.0
2021041205000010,NICLBSL,22,56,20,1504.0,30080.0
2021041205000009,NICLBSL,25,56,100,1504.0,150400.0
2021041205000008,NICLBSL,59,56,100,1504.0,150400.0
2021041205000020,NICLBSL,32,6,10,1545.0,15450.0
2021041205000019,NICLBSL,32,36,10,1545.0,15450.0
2021041205000018,NICLBSL,32,36,10,1545.0,15450.0
2021041205000017,NICLBSL,32,45,10,1545.0,15450.0
2021041205000015,NICLBSL,32,1,10,1545.0,15450.0
2021041205000014,NICLBSL,32,59,10,1545.0,15450.0
2021041205000026,NICLBSL,32,36,10,1545.0,15450.0
2021041205000025,NICLBSL,32,58,10,1545.0,15450.0
2021041205000024,NICLBSL,32,59,10,1545.0,15450.0
2021041205000023,NICLBSL,32,36,10,1545.0,15450.0
2021041205000022,NICLBSL,32,57,10,1545.0,15450.0
2021041205000021,NICLBSL,32,42,10,1545.0,15450.0
2021041205000038,NICLBSL,32,11,10,1545.0,15450.0
2021041205000036,NICLBSL,32,49,10,1545.0,15450.0
2021041205000035,NICLBSL,32,46,10,1545.0,15450.0
2021041205000034,NICLBSL,32,36,10,1545.0,15450.0
2021041205000033,NICLBSL,32,41,10,1545.0,15450.0
2021041205000030,NICLBSL,32,58,10,1545.0,15450.0
2021041205000045,NICLBSL,32,51,10,1545.0,15450.0
2021041205000043,NICLBSL,32,36,10,1545.0,15450.0
2021041205000042,NICLBSL,32,8,10,1545.0,15450.0
2021041205000041,NICLBSL,32,13,10,1545.0,15450.0
2021041205000040,NICLBSL,32,13,10,1545.0,15450.0
2021041205000039,NICLBSL,32,42,10,1545.0,15450.0
2021041205000051,NICLBSL,32,52,10,1545.0,15450.0
2021041205000050,NICLBSL,32,38,50,1545.0,77250.0
2021041205000049,NICLBSL,32,19,10,1545.0,15450.0
2021041205000048,NICLBSL,32,42,10,1545.0,15450.0
2021041205000047,NICLBSL,32,45,10,1545.0,15450.0
2021041205000046,NICLBSL,32,5,20,1545.0,30900.0
2021041205000060,NICLBSL,32,17,10,1545.0,15450.0
2021041205000059,NICLBSL,32,38,10,1545.0,15450.0
2021041205000058,NICLBSL,32,59,20,1545.0,30900.0
2021041205000057,NICLBSL,32,58,10,1545.0,15450.0
2021041205000055,NICLBSL,32,45,39,1545.0,60255.0
2021041205000053,NICLBSL,32,11,10,1545.0,15450.0
2021041205000069,NICLBSL,32,26,10,1545.0,15450.0
2021041205000067,NICLBSL,32,33,10,1545.0,15450.0
2021041205000066,NICLBSL,32,26,10,1545.0,15450.0
2021041205000065,NICLBSL,32,26,10,1545.0,15450.0
2021041205000064,NICLBSL,32,17,10,1545.0,15450.0
2021041205000062,NICLBSL,32,17,10,1545.0,15450.0
2021041205000076,NICLBSL,32,59,10,1545.0,15450.0
2021041205000075,NICLBSL,32,35,10,1545.0,15450.0
2021041205000074,NICLBSL,32,19,10,1545.0,15450.0
2021041205000073,NICLBSL,32,26,10,1545.0,15450.0
2021041205000071,NICLBSL,32,56,10,1545.0,15450.0
2021041205000070,NICLBSL,32,6,10,1545.0,15450.0
2021041205000086,NICLBSL,32,52,10,1545.0,15450.0
2021041205000085,NICLBSL,32,58,10,1545.0,15450.0
2021041205000083,NICLBSL,32,58,10,1545.0,15450.0
2021041205000081,NICLBSL,32,59,10,1545.0,15450.0
2021041205000080,NICLBSL,32,58,10,1545.0,15450.0
2021041205000077,NICLBSL,32,6,10,1545.0,15450.0
2021041205000095,NICLBSL,32,58,10,1545.0,15450.0
2021041205000092,NICLBSL,32,56,10,1545.0,15450.0
2021041205000090,NICLBSL,32,26,10,1545.0,15450.0
2021041205000089,NICLBSL,32,4,10,1545.0,15450.0
2021041205000088,NICLBSL,32,26,10,1545.0,15450.0
2021041205000087,NICLBSL,32,26,10,1545.0,15450.0
2021041205000102,NICLBSL,32,6,10,1545.0,15450.0
2021041205000101,NICLBSL,32,48,10,1545.0,15450.0
2021041205000100,NICLBSL,32,55,10,1545.0,15450.0
2021041205000099,NICLBSL,32,51,10,1545.0,15450.0
2021041205000098,NICLBSL,32,58,10,1545.0,15450.0
2021041205000097,NICLBSL,32,58,20,1545.0,30900.0
2021041205000109,NICLBSL,32,20,10,1545.0,15450.0
2021041205000108,NICLBSL,32,45,10,1545.0,15450.0
2021041205000106,NICLBSL,32,55,10,1545.0,15450.0
2021041205000105,NICLBSL,32,55,10,1545.0,15450.0
2021041205000104,NICLBSL,32,17,10,1545.0,15450.0
2021041205000103,NICLBSL,32,26,10,1545.0,15450.0
2021041205000118,NICLBSL,32,3,10,1545.0,15450.0
2021041205000117,NICLBSL,32,38,10,1545.0,15450.0
2021041205000114,NICLBSL,32,36,10,1545.0,15450.0
2021041205000113,NICLBSL,32,45,10,1545.0,15450.0
2021041205000112,NICLBSL,32,55,10,1545.0,15450.0
2021041205000110,NICLBSL,32,4,10,1545.0,15450.0
2021041205000125,NICLBSL,32,10,10,1545.0,15450.0
2021041205000124,NICLBSL,32,49,10,1545.0,15450.0
2021041205000123,NICLBSL,32,3,10,1545.0,15450.0
2021041205000121,NICLBSL,32,38,10,1545.0,15450.0
2021041205000120,NICLBSL,32,58,10,1545.0,15450.0
2021041205000119,NICLBSL,32,26,30,1545.0,46350.0
2021041205000135,NICLBSL,3,45,10,1545.0,15450.0
2021041205000132,NICLBSL,3,58,10,1545.0,15450.0
2021041205000130,NICLBSL,32,36,41,1545.0,63345.0
2021041205000129,NICLBSL,32,42,20,1545.0,30900.0
2021041205000128,NICLBSL,32,58,10,1545.0,15450.0
2021041205000126,NICLBSL,32,10,10,1545.0,15450.0
2021041205000145,NICLBSL,3,20,10,1545.0,15450.0
2021041205000144,NICLBSL,3,38,10,1545.0,15450.0
2021041205000143,NICLBSL,3,40,10,1545.0,15450.0
2021041205000139,NICLBSL,3,48,10,1545.0,15450.0
2021041205000138,NICLBSL,3,41,10,1545.0,15450.0
2021041205000136,NICLBSL,3,4,10,1545.0,15450.0
2021041205000153,NICLBSL,3,39,10,1545.0,15450.0
2021041205000151,NICLBSL,3,6,10,1545.0,15450.0
2021041205000150,NICLBSL,3,20,10,1545.0,15450.0
2021041205000149,NICLBSL,3,38,10,1545.0,15450.0
2021041205000148,NICLBSL,3,48,10,1545.0,15450.0
2021041205000146,NICLBSL,3,34,10,1545.0,15450.0
2021041205000159,NICLBSL,3,29,10,1545.0,15450.0
2021041205000158,NICLBSL,3,51,10,1545.0,15450.0
2021041205000157,NICLBSL,3,20,10,1545.0,15450.0
2021041205000156,NICLBSL,3,45,10,1545.0,15450.0
2021041205000155,NICLBSL,3,10,20,1545.0,30900.0
2021041205000154,NICLBSL,3,49,10,1545.0,15450.0
2021041205000167,NICLBSL,3,20,10,1545.0,15450.0
2021041205000166,NICLBSL,3,49,10,1545.0,15450.0
2021041205000165,NICLBSL,3,20,10,1545.0,15450.0
2021041205000164,NICLBSL,3,22,20,1545.0,30900.0
2021041205000162,NICLBSL,3,59,10,1545.0,15450.0
2021041205000161,NICLBSL,3,13,10,1545.0,15450.0
2021041205000174,NICLBSL,3,20,10,1545.0,15450.0
2021041205000173,NICLBSL,3,19,10,1545.0,15450.0
2021041205000172,NICLBSL,3,38,20,1545.0,30900.0
2021041205000171,NICLBSL,3,6,10,1545.0,15450.0
2021041205000170,NICLBSL,3,36,10,1545.0,15450.0
2021041205000169,NICLBSL,3,6,10,1545.0,15450.0
2021041205000182,NICLBSL,3,22,20,1545.0,30900.0
2021041205000181,NICLBSL,3,20,10,1545.0,15450.0
2021041205000180,NICLBSL,3,20,10,1545.0,15450.0
2021041205000177,NICLBSL,3,36,10,1545.0,15450.0
2021041205000176,NICLBSL,3,20,10,1545.0,15450.0
2021041205000175,NICLBSL,3,20,10,1545.0,15450.0
2021041205000189,NICLBSL,3,36,10,1545.0,15450.0
2021041205000188,NICLBSL,3,20,10,1545.0,15450.0
2021041205000187,NICLBSL,3,36,20,1545.0,30900.0
2021041205000186,NICLBSL,3,34,10,1545.0,15450.0
2021041205000185,NICLBSL,3,20,10,1545.0,15450.0
2021041205000183,NICLBSL,3,58,10,1545.0,15450.0
2021041205000195,NICLBSL,3,5,10,1545.0,15450.0
2021041205000194,NICLBSL,3,36,10,1545.0,15450.0
2021041205000193,NICLBSL,3,36,10,1545.0,15450.0
2021041205000192,NICLBSL,3,45,10,1545.0,15450.0
2021041205000191,NICLBSL,3,20,10,1545.0,15450.0
2021041205000190,NICLBSL,3,44,10,1545.0,15450.0
2021041205000203,NICLBSL,3,21,10,1545.0,15450.0
2021041205000202,NICLBSL,3,7,10,1545.0,15450.0
2021041205000201,NICLBSL,3,58,10,1545.0,15450.0
2021041205000199,NICLBSL,3,34,10,1545.0,15450.0
2021041205000197,NICLBSL,3,58,10,1545.0,15450.0
2021041205000196,NICLBSL,3,45,10,1545.0,15450.0
2021041205000210,NICLBSL,3,42,10,1545.0,15450.0
2021041205000209,NICLBSL,3,51,10,1545.0,15450.0
2021041205000208,NICLBSL,3,17,20,1545.0,30900.0
2021041205000207,NICLBSL,3,41,10,1545.0,15450.0
2021041205000206,NICLBSL,3,39,10,1545.0,15450.0
2021041205000205,NICLBSL,3,14,10,1545.0,15450.0
2021041205000216,NICLBSL,3,55,10,1545.0,15450.0
2021041205000215,NICLBSL,3,42,10,1545.0,15450.0
2021041205000214,NICLBSL,3,42,10,1545.0,15450.0
2021041205000213,NICLBSL,3,36,10,1545.0,15450.0
2021041205000212,NICLBSL,3,35,10,1545.0,15450.0
2021041205000211,NICLBSL,3,10,10,1545.0,15450.0
2021041205000222,NICLBSL,3,10,10,1545.0,15450.0
2021041205000221,NICLBSL,3,10,10,1545.0,15450.0
2021041205000220,NICLBSL,3,54,10,1545.0,15450.0
2021041205000219,NICLBSL,3,55,10,1545.0,15450.0
2021041205000218,NICLBSL,3,42,10,1545.0,15450.0
2021041205000217,NICLBSL,3,58,10,1545.0,15450.0
2021041205000228,NICLBSL,3,22,10,1545.0,15450.0
2021041205000227,NICLBSL,3,57,12,1545.0,18540.0
2021041205000226,NICLBSL,3,55,10,1545.0,15450.0
2021041205000225,NICLBSL,3,5,10,1545.0,15450.0
2021041205000224,NICLBSL,3,10,10,1545.0,15450.0
2021041205000223,NICLBSL,3,10,10,1545.0,15450.0
2021041205000234,NICLBSL,3,58,10,1545.0,15450.0
2021041205000233,NICLBSL,3,45,10,1545.0,15450.0
2021041205000232,NICLBSL,3,33,10,1545.0,15450.0
2021041205000231,NICLBSL,3,51,10,1545.0,15450.0
2021041205000230,NICLBSL,3,34,10,1545.0,15450.0
2021041205000229,NICLBSL,3,25,34,1545.0,52530.0
2021041205000241,NICLBSL,3,22,10,1545.0,15450.0
2021041205000240,NICLBSL,3,58,10,1545.0,15450.0
2021041205000239,NICLBSL,3,58,10,1545.0,15450.0
2021041205000238,NICLBSL,3,41,10,1545.0,15450.0
2021041205000237,NICLBSL,3,56,20,1545.0,30900.0
2021041205000236,NICLBSL,3,42,10,1545.0,15450.0
2021041205000248,NICLBSL,3,38,10,1545.0,15450.0
2021041205000247,NICLBSL,3,36,10,1545.0,15450.0
2021041205000246,NICLBSL,3,38,10,1545.0,15450.0
2021041205000245,NICLBSL,3,29,10,1545.0,15450.0
2021041205000244,NICLBSL,3,37,10,1545.0,15450.0
2021041205000242,NICLBSL,3,39,10,1545.0,15450.0
2021041205000255,NICLBSL,3,28,10,1545.0,15450.0
2021041205000253,NICLBSL,3,28,10,1545.0,15450.0
2021041205000252,NICLBSL,3,34,10,1545.0,15450.0
2021041205000251,NICLBSL,3,28,10,1545.0,15450.0
2021041205000250,NICLBSL,3,28,10,1545.0,15450.0
2021041205000249,NICLBSL,3,42,10,1545.0,15450.0
2021041204024847,NIL,6,49,10,1671.0,16710.0
2021041204024725,NIL,22,45,50,1670.0,83500.0
2021041204024670,NIL,49,49,"11,900",1660.0,19754000.0
2021041204024855,PIC,32,6,188,1313.0,246844.0
2021041204024854,PIC,32,50,100,1312.0,131200.0
2021041204024853,PIC,32,35,12,1312.0,15744.0
2021041204024875,PICL,36,20,200,900.0,180000.0
2021041204024801,PICL,3,36,13,901.0,11713.0
2021041204024729,PICL,36,38,30,900.0,27000.0
2021041204024674,PICL,36,38,600,900.0,540000.0
2021041204024673,PICL,36,48,100,900.0,90000.0
2021041204024869,PMHPL,36,56,10,192.0,1920.0
2021041204024868,PMHPL,36,25,10,191.0,1910.0
2021041204024867,PMHPL,36,42,50,191.0,9550.0
2021041204024842,PRIN,55,47,20,980.0,19600.0
2021041204024841,PRIN,1,47,380,980.0,372400.0
2021041204024690,RADHI,38,28,184,475.0,87400.0
2021041204024671,RBCL,55,49,10,18135.0,181350.0
2021041204024871,RHPC,46,45,50,206.0,10300.0
2021041204024702,RHPL,40,45,110,488.0,53680.0
2021041204024701,RHPL,48,45,390,489.0,190710.0
2021041204024677,RHPL,48,16,110,489.0,53790.0
2021041204024851,SEF,43,22,"22,000",12.0,264000.0
2021041204024834,SGI,21,32,10,815.0,8150.0
2021041204024833,SGI,21,52,10,815.0,8150.0
2021041204024761,SGI,45,3,10,814.0,8140.0
2021041204024760,SGI,34,3,20,814.0,16280.0
2021041204024759,SGI,49,3,20,814.0,16280.0
2021041204024747,SGI,49,38,10,815.0,8150.0
2021041204024882,SHPC,34,45,20,370.0,7400.0
2021041204024797,SIC,41,58,50,1705.0,85250.0
2021041204024795,SIC,45,58,210,1705.0,358050.0
2021041204024794,SIC,45,40,30,1704.0,51120.0
2021041204024793,SIC,45,42,10,1704.0,17040.0
2021041204024840,SICL,45,47,100,1929.0,192900.0
2021041204024762,SICL,50,47,13,1930.0,25090.0
2021041204024746,SICL,35,47,20,1930.0,38600.0
2021041204024745,SICL,35,32,10,1930.0,19300.0
2021041204024831,SIL,50,50,84,1259.0,105756.0
2021041204024830,SIL,26,50,16,1259.0,20144.0
2021041204024807,SIL,33,16,30,1267.0,38010.0
2021041204024806,SIL,33,14,100,1263.0,126300.0
2021041204024805,SIL,33,17,200,1262.0,252400.0
2021041204024804,SIL,33,25,60,1260.0,75600.0
2021041204024803,SIL,33,50,10,1260.0,12600.0
2021041204024856,SJCL,47,19,"1,000",455.0,455000.0
2021041204024699,SJCL,47,48,500,454.0,227000.0
2021041204024698,SJCL,47,35,40,454.0,18160.0
2021041204024697,SJCL,47,19,40,454.0,18160.0
2021041204024696,SJCL,47,40,128,454.0,58112.0
2021041204024653,SJCL,51,17,70,453.0,31710.0
2021041204024652,SJCL,34,17,50,453.0,22650.0
2021041204024651,SJCL,22,17,50,453.0,22650.0
2021041204024650,SJCL,6,17,200,453.0,90600.0
2021041204024716,SPDL,49,26,800,271.0,216800.0
2021041204024879,SSHL,54,20,50,236.0,11800.0
2021041204024870,SSHL,45,20,10,236.0,2360.0
2021041204024845,SSHL,56,20,10,236.0,2360.0
2021041204024826,SSHL,49,20,50,236.0,11800.0
2021041204024758,SSHL,13,34,167,235.0,39245.0
2021041204024757,SSHL,10,34,500,235.0,117500.0
2021041204024756,SSHL,57,34,100,235.0,23500.0
2021041204024755,SSHL,11,34,40,235.0,9400.0
2021041204024859,STC,41,33,10,10990.0,109900.0
2021041204024828,STC,45,5,10,10990.0,109900.0
2021041204024791,UIC,48,26,47,730.0,34310.0
2021041204024790,UIC,48,19,20,730.0,14600.0
2021041204024789,UIC,48,29,100,730.0,73000.0
2021041204024788,UIC,48,33,90,730.0,65700.0
2021041204024787,UIC,48,41,20,730.0,14600.0
2021041204024786,UIC,48,22,"1,050",730.0,766500.0
2021041204024773,UIC,48,47,125,727.0,90875.0
2021041204024772,UIC,48,53,100,727.0,72700.0
2021041204024771,UIC,48,49,"5,000",727.0,3635000.0
2021041204024770,UIC,48,34,100,727.0,72700.0
2021041204024769,UIC,48,44,100,727.0,72700.0
2021041204024779,UIC,48,6,50,729.0,36450.0
2021041204024778,UIC,48,48,100,728.0,72800.0
2021041204024777,UIC,48,5,55,728.0,40040.0
2021041204024776,UIC,48,13,250,728.0,182000.0
2021041204024775,UIC,48,13,100,728.0,72800.0
2021041204024774,UIC,48,49,"2,193",728.0,1596504.0
2021041204024785,UIC,48,52,75,730.0,54750.0
2021041204024784,UIC,48,34,100,730.0,73000.0
2021041204024783,UIC,48,57,10,730.0,7300.0
2021041204024782,UIC,48,52,15,730.0,10950.0
2021041204024781,UIC,48,13,200,729.0,145800.0
2021041204024780,UIC,48,42,100,729.0,72900.0
2021041204024858,UMHL,14,41,500,185.0,92500.0
2021041204024866,UMRH,16,58,10,300.0,3000.0
2021041204024719,UNHPL,59,39,195,132.0,25740.0
2021041204024718,UNHPL,51,39,200,132.0,26400.0
2021041204024717,UNHPL,55,39,605,132.0,79860.0
2021041204024848,UPCL,29,42,240,167.0,40080.0
2021041204024827,UPCL,1,48,100,168.0,16800.0
2021041204024798,UPCL,29,35,50,167.0,8350.0
2021041204024694,UPCL,19,39,300,167.0,50100.0
2021041204024693,UPCL,35,39,100,167.0,16700.0
2021041204024692,UPCL,41,39,200,167.0,33400.0
2021041204024691,UPCL,40,39,770,167.0,128590.0
2021041204024768,UPCL,21,48,100,168.0,16800.0
2021041204024715,UPCL,29,52,"1,355",167.0,226285.0
2021041204024695,UPCL,29,39,630,167.0,105210.0
2021041204024829,UPPER,5,6,10,880.0,8800.0
2021041204024819,UPPER,40,6,422,880.0,371360.0
2021041204024676,UPPER,58,48,20,879.0,17580.0
2021041204024649,UPPER,21,48,15,879.0,13185.0
2021041204024720,UPPER,16,48,50,879.0,43950.0
2021041204024704,UPPER,45,48,30,879.0,26370.0
2021041204024703,UPPER,34,48,100,879.0,87900.0
2021041204024680,UPPER,3,33,30,878.0,26340.0
2021041204024818,UPPER,40,48,78,879.0,68562.0
2021041204024799,UPPER,58,48,100,879.0,87900.0
2021041204024792,UPPER,6,48,150,879.0,131850.0
2021041204024763,UPPER,26,48,100,879.0,87900.0
2021041204024748,UPPER,39,48,500,879.0,439500.0
2021041204024724,UPPER,48,48,500,879.0,439500.0
2021041204024593,AHPC,34,39,30,261.0,7830.0
2021041204024455,AHPC,28,39,84,260.0,21840.0
2021041204024454,AHPC,43,39,456,260.0,118560.0
2021041204024453,AHPC,28,39,160,261.0,41760.0
2021041204024445,AHPC,28,28,40,261.0,10440.0
2021041204024330,AHPC,58,28,250,261.0,65250.0
2021041204024151,AHPC,42,57,410,261.0,107010.0
2021041204024189,AHPC,45,39,455,260.0,118300.0
2021041204024188,AHPC,6,39,100,260.0,26000.0
2021041204024187,AHPC,6,39,100,260.0,26000.0
2021041204024186,AHPC,1,39,94,260.0,24440.0
2021041204024157,AHPC,49,34,10,261.0,2610.0
2021041204024152,AHPC,42,34,240,261.0,62640.0
2021041204024329,AHPC,58,34,250,261.0,65250.0
2021041204024317,AHPC,43,39,544,260.0,141440.0
2021041204024316,AHPC,21,39,100,260.0,26000.0
2021041204024315,AHPC,34,39,30,260.0,7800.0
2021041204024314,AHPC,41,39,75,260.0,19500.0
2021041204024313,AHPC,45,39,45,260.0,11700.0
2021041204024585,AIL,34,1,100,913.0,91300.0
2021041204024526,AIL,33,35,11,914.0,10054.0
2021041204024525,AIL,33,56,20,913.0,18260.0
2021041204024273,AIL,57,29,50,912.0,45600.0
2021041204024205,AIL,57,26,10,912.0,9120.0
2021041204024184,AIL,49,35,19,914.0,17366.0
2021041204024183,AIL,49,45,10,914.0,9140.0
2021041204024182,AIL,49,16,10,914.0,9140.0
2021041204024181,AIL,49,16,151,914.0,138014.0
2021041204024180,AIL,49,34,10,913.0,9130.0
2021041204024166,AIL,45,46,10,912.0,9120.0
2021041204024637,AKPL,38,36,200,333.0,66600.0
2021041204024514,AKPL,4,36,299,333.0,99567.0
2021041204024513,AKPL,4,49,100,333.0,33300.0
2021041204024512,AKPL,4,58,81,333.0,26973.0
2021041204024272,AKPL,4,50,100,332.0,33200.0
2021041204024196,AKPL,4,58,294,333.0,97902.0
2021041204024569,API,46,41,9,330.0,2970.0
2021041204024568,API,46,59,17,330.0,5610.0
2021041204024567,API,46,35,174,330.0,57420.0
2021041204024490,API,45,34,511,329.0,168119.0
2021041204024439,API,45,58,23,329.0,7567.0
2021041204024438,API,45,1,100,329.0,32900.0
2021041204024245,API,17,50,48,328.0,15744.0
2021041204024200,API,55,54,100,329.0,32900.0
2021041204024310,API,58,1,250,329.0,82250.0
2021041204024309,API,58,7,28,329.0,9212.0
2021041204024308,API,58,54,222,329.0,73038.0
2021041204024302,API,17,6,100,328.0,32800.0
2021041204024274,API,17,51,500,328.0,164000.0
2021041204024257,API,17,39,123,328.0,40344.0
2021041204024414,API,42,42,9,333.0,2997.0
2021041204024382,API,58,44,10,328.0,3280.0
2021041204024331,API,58,37,125,328.0,41000.0
2021041204024323,API,58,28,271,328.0,88888.0
2021041204024322,API,17,28,229,328.0,75112.0
2021041204024320,API,49,1,150,329.0,49350.0
2021041204024265,BARUN,25,49,190,242.0,45980.0
2021041204024264,BARUN,33,49,100,242.0,24200.0
2021041204024263,BARUN,38,49,100,242.0,24200.0
2021041204024262,BARUN,52,49,10,242.0,2420.0
2021041204024261,BARUN,1,49,100,243.0,24300.0
2021041204024161,BARUN,53,38,700,243.0,170100.0
2021041204024626,BPCL,57,29,42,422.0,17724.0
2021041204024625,BPCL,57,33,33,422.0,13926.0
2021041204024561,BPCL,39,45,13,421.0,5473.0
2021041204024423,BPCL,8,58,13,420.0,5460.0
2021041204024279,BPCL,20,41,100,420.0,42000.0
2021041204024249,BPCL,49,45,11,419.0,4609.0
2021041204024639,CGH,22,45,10,2555.0,25550.0
2021041204024610,CGH,22,22,10,2555.0,25550.0
2021041204024609,CGH,22,55,10,2555.0,25550.0
2021041204024594,CGH,57,47,20,2551.0,51020.0
2021041204024581,CGH,39,38,10,2550.0,25500.0
2021041204024519,CGH,57,47,10,2551.0,25510.0
2021041204024214,CGH,44,59,85,2550.0,216750.0
2021041204024199,CGH,44,59,100,2550.0,255000.0
2021041204024198,CGH,57,59,80,2550.0,204000.0
2021041204024197,CGH,57,58,70,2549.0,178430.0
2021041204024175,CGH,58,32,10,2546.0,25460.0
2021041204024224,CGH,50,40,125,2550.0,318750.0
2021041204024222,CGH,50,26,10,2550.0,25500.0
2021041204024221,CGH,50,14,10,2550.0,25500.0
2021041204024219,CGH,50,11,10,2550.0,25500.0
2021041204024218,CGH,50,13,35,2550.0,89250.0
2021041204024215,CGH,44,13,15,2550.0,38250.0
2021041204024268,CGH,39,40,175,2550.0,446250.0
2021041204024241,CGH,40,41,10,2546.0,25460.0
2021041204024235,CGH,40,56,20,2546.0,50920.0
2021041204024234,CGH,25,56,10,2546.0,25460.0
2021041204024233,CGH,44,56,10,2546.0,25460.0
2021041204024232,CGH,49,56,10,2546.0,25460.0
2021041204024292,CGH,39,16,10,2553.0,25530.0
2021041204024291,CGH,39,59,10,2551.0,25510.0
2021041204024290,CGH,39,21,10,2551.0,25510.0
2021041204024289,CGH,39,56,10,2551.0,25510.0
2021041204024271,CGH,39,8,10,2550.0,25500.0
2021041204024270,CGH,39,11,10,2550.0,25500.0
2021041204024354,CGH,52,41,30,2554.0,76620.0
2021041204024336,CGH,7,21,10,2551.0,25510.0
2021041204024334,CGH,7,34,10,2551.0,25510.0
2021041204024295,CGH,39,10,30,2558.0,76740.0
2021041204024294,CGH,39,50,10,2555.0,25550.0
2021041204024293,CGH,39,59,20,2555.0,51100.0
2021041204024440,CGH,48,35,10,2555.0,25550.0
2021041204024428,CGH,40,35,10,2555.0,25550.0
2021041204024375,CGH,7,41,10,2551.0,25510.0
2021041204024357,CGH,52,3,325,2558.0,831350.0
2021041204024356,CGH,52,59,10,2558.0,25580.0
2021041204024355,CGH,52,10,35,2558.0,89530.0
2021041204024488,CGH,7,47,20,2551.0,51020.0
2021041204024487,CGH,3,47,10,2554.0,25540.0
2021041204024486,CGH,55,47,10,2554.0,25540.0
2021041204024485,CGH,56,47,60,2555.0,153300.0
2021041204024473,CGH,6,35,37,2555.0,94535.0
2021041204024450,CGH,34,32,10,2554.0,25540.0
2021041204024577,CHCL,45,51,100,649.0,64900.0
2021041204024576,CHCL,1,51,35,649.0,22715.0
2021041204024383,CHCL,4,39,50,650.0,32500.0
2021041204024248,CHCL,13,5,10,651.0,6510.0
2021041204024247,CHCL,13,3,50,651.0,32550.0
2021041204024168,CHCL,1,33,89,649.0,57761.0
2021041204024167,CHCL,36,33,35,650.0,22750.0
2021041204024443,CMF2,43,53,500,11.0,5500.0
2021041204024444,DHPL,44,3,300,123.0,36900.0
2021041204024572,EIC,45,45,146,781.0,114026.0
2021041204024537,EIC,11,45,50,781.0,39050.0
2021041204024505,EIC,29,45,100,781.0,78100.0
2021041204024499,EIC,41,45,100,781.0,78100.0
2021041204024498,EIC,1,45,50,781.0,39050.0
2021041204024497,EIC,58,45,130,781.0,101530.0
2021041204024311,EIC,45,44,40,784.0,31360.0
2021041204024204,EIC,36,21,100,783.0,78300.0
2021041204024203,EIC,36,29,250,783.0,195750.0
2021041204024442,EIC,58,11,50,781.0,39050.0
2021041204024353,EIC,58,58,20,781.0,15620.0
2021041204024352,EIC,48,58,50,782.0,39100.0
2021041204024346,EIC,44,34,420,784.0,329280.0
2021041204024345,EIC,44,53,400,784.0,313600.0
2021041204024344,EIC,44,44,180,784.0,141120.0
2021041204024578,GHL,14,45,50,163.0,8150.0
2021041204024545,GHL,42,52,40,162.0,6480.0
2021041204024544,GHL,41,52,20,162.0,3240.0
2021041204024543,GHL,41,52,20,162.0,3240.0
2021041204024542,GHL,28,52,500,162.0,81000.0
2021041204024541,GHL,38,52,100,162.0,16200.0
2021041204024540,GHL,14,52,140,162.0,22680.0
2021041204024471,GHL,58,45,200,163.0,32600.0
2021041204024633,GIC,57,49,100,751.0,75100.0
2021041204024575,GIC,57,5,50,751.0,37550.0
2021041204024574,GIC,57,45,10,751.0,7510.0
2021041204024573,GIC,57,38,380,751.0,285380.0
2021041204024566,GIC,14,38,500,751.0,375500.0
2021041204024179,GIC,52,38,90,751.0,67590.0
2021041204024178,GIC,52,26,10,751.0,7510.0
2021041204024156,GIC,56,50,10,750.0,7500.0
2021041204024359,GIC,22,36,10,750.0,7500.0
2021041204024326,GIC,22,1,30,750.0,22500.0
2021041204024321,GIC,38,38,30,751.0,22530.0
2021041204024565,GIC,22,40,10,750.0,7500.0
2021041204024456,GLH,17,6,340,401.0,136340.0
2021041204024452,GLH,17,34,10,401.0,4010.0
2021041204024425,GLH,17,4,100,401.0,40100.0
2021041204024367,GLH,17,38,10,401.0,4010.0
2021041204024319,GLH,17,58,10,401.0,4010.0
2021041204024296,GLH,17,33,10,401.0,4010.0
2021041204024246,GLH,17,21,10,401.0,4010.0
2021041204024226,GLH,17,34,10,401.0,4010.0
2021041204024644,HDHPC,36,34,10,145.0,1450.0
2021041204024643,HDHPC,45,34,50,145.0,7250.0
2021041204024642,HDHPC,52,34,200,145.0,29000.0
2021041204024641,HDHPC,44,34,"1,946",145.0,282170.0
2021041204024533,HDHPC,34,39,100,146.0,14600.0
2021041204024500,HDHPC,45,39,200,146.0,29200.0
2021041204024426,HDHPC,46,39,100,146.0,14600.0
2021041204024283,HDHPC,44,45,54,145.0,7830.0
2021041204024282,HDHPC,42,45,200,145.0,29000.0
2021041204024281,HDHPC,45,45,56,145.0,8120.0
2021041204024225,HDHPC,45,39,200,146.0,29200.0
2021041204024165,HDHPC,1,39,12,146.0,1752.0
2021041204024254,HGI,35,13,100,789.0,78900.0
2021041204024404,HPPL,34,21,10,400.0,4000.0
2021041204024403,HPPL,34,42,10,398.0,3980.0
2021041204024402,HPPL,34,38,10,397.0,3970.0
2021041204024287,HPPL,52,49,230,395.0,90850.0
2021041204024286,HPPL,56,49,140,395.0,55300.0
2021041204024285,HPPL,14,49,100,396.0,39600.0
2021041204024284,HPPL,1,49,30,396.0,11880.0
2021041204024597,HURJA,22,52,20,330.0,6600.0
2021041204024208,IGI,37,51,14,1256.0,17584.0
2021041204024209,IGI,37,45,36,1257.0,45252.0
2021041204024278,JOSHI,32,42,30,136.0,4080.0
2021041204024560,KKHC,36,42,170,130.0,22100.0
2021041204024424,KKHC,38,22,30,132.0,3960.0
2021041204024300,LEC,1,49,100,300.0,30000.0
2021041204024299,LEC,1,35,100,300.0,30000.0
2021041204024223,LEC,55,35,110,300.0,33000.0
2021041204024595,LGIL,40,42,50,838.0,41900.0
2021041204024592,LGIL,57,10,15,839.0,12585.0
2021041204024475,LGIL,13,34,30,838.0,25140.0
2021041204024412,LGIL,13,43,50,838.0,41900.0
2021041204024277,LGIL,13,42,20,838.0,16760.0
2021041204024276,LGIL,51,42,10,838.0,8380.0
2021041204024275,LGIL,34,42,60,838.0,50280.0
2021041204024457,LUK,54,49,"2,000",10.15,20300.0
2021041204024239,MEN,39,41,10,753.0,7530.0
2021041204024393,NEF,37,42,"1,207",12.3,14846.1
2021041204024392,NEF,37,46,"20,000",12.3,246000.0
2021041204024391,NEF,37,39,483,12.3,5940.9
2021041204024390,NEF,37,39,483,12.3,5940.9
2021041204024389,NEF,37,39,483,12.3,5940.9
2021041204024388,NEF,37,42,627,12.3,7712.1
2021041204024387,NEF,37,44,"2,253",12.3,27711.9
2021041204024529,NGPL,32,57,10,247.0,2470.0
2021041204024528,NGPL,32,56,60,247.0,14820.0
2021041204024527,NGPL,32,38,42,246.0,10332.0
2021041204024243,NGPL,8,10,500,245.0,122500.0
2021041204024493,NHPC,39,13,866,171.0,148086.0
2021041204024492,NHPC,39,22,50,171.0,8550.0
2021041204024491,NHPC,39,58,84,171.0,14364.0
2021041204024472,NHPC,58,58,500,171.0,85500.0
2021041204024335,NHPC,34,58,350,171.0,59850.0
2021041204024242,NHPC,54,58,500,171.0,85500.0
2021041204024496,NIBLPF,37,54,339,12.36,4190.04
2021041204024328,NIBLPF,5,54,166,12.48,2071.68
2021041204024600,NICL,8,13,37,827.0,30599.0
2021041204024588,NICL,49,13,200,827.0,165400.0
2021041204024534,NICL,45,43,30,828.0,24840.0
2021041204024324,NICL,17,45,201,829.0,166629.0
2021041204024267,NICL,6,6,130,826.0,107380.0
2021041204024266,NICL,56,6,20,828.0,16560.0
2021041204024570,NIL,22,50,50,1670.0,83500.0
2021041204024435,NIL,37,49,670,1671.0,1119570.0
2021041204024434,NIL,37,57,100,1671.0,167100.0
2021041204024433,NIL,37,50,50,1670.0,83500.0
2021041204024432,NIL,37,34,50,1670.0,83500.0
2021041204024431,NIL,37,32,130,1670.0,217100.0
2021041204024154,NIL,45,50,100,1670.0,167000.0
2021041204024419,NIL,43,14,22,1669.0,36718.0
2021041204024374,NIL,52,32,70,1670.0,116900.0
2021041204024373,NIL,52,50,130,1670.0,217100.0
2021041204024301,NIL,4,50,10,1670.0,16700.0
2021041204024298,NIL,41,50,50,1670.0,83500.0
2021041204024164,NIL,45,50,20,1670.0,33400.0
2021041204024449,NLG,41,58,186,1175.0,218550.0
2021041204024448,NLG,41,42,54,1175.0,63450.0
2021041204024159,NLG,57,29,20,1175.0,23500.0
2021041204024155,NLG,54,29,50,1175.0,58750.0
2021041204024211,NLG,57,29,44,1175.0,51700.0
2021041204024195,NLG,57,40,58,1171.0,67918.0
2021041204024194,NLG,38,40,25,1171.0,29275.0
2021041204024193,NLG,6,40,10,1172.0,11720.0
2021041204024192,NLG,16,40,900,1172.0,1054800.0
2021041204024191,NLG,57,40,100,1174.0,117400.0
2021041204024366,NLG,58,42,40,1175.0,47000.0
2021041204024365,NLG,58,10,10,1174.0,11740.0
2021041204024364,NLG,58,43,30,1174.0,35220.0
2021041204024212,NLG,57,42,56,1175.0,65800.0
2021041204024599,NMBHF1,5,6,"2,976",11.71,34848.96
2021041204024474,OHL,45,43,80,470.0,37600.0
2021041204024622,PIC,34,35,88,1312.0,115456.0
2021041204024469,PIC,34,6,318,1312.0,417216.0
2021041204024468,PIC,34,6,915,1312.0,1200480.0
2021041204024467,PIC,34,42,100,1311.0,131100.0
2021041204024466,PIC,34,6,500,1311.0,655500.0
2021041204024465,PIC,34,42,20,1310.0,26200.0
2021041204024190,PIC,25,6,80,1307.0,104560.0
2021041204024464,PIC,34,42,10,1310.0,13100.0
2021041204024463,PIC,34,29,11,1310.0,14410.0
2021041204024462,PIC,34,45,10,1308.0,13080.0
2021041204024461,PIC,34,47,15,1306.0,19590.0
2021041204024460,PIC,34,58,13,1305.0,16965.0
2021041204024459,PIC,3,47,10,1306.0,13060.0
2021041204024559,PICL,3,4,230,892.0,205160.0
2021041204024558,PICL,1,4,200,892.0,178400.0
2021041204024557,PICL,48,4,50,893.0,44650.0
2021041204024556,PICL,3,4,500,893.0,446500.0
2021041204024555,PICL,25,4,42,893.0,37506.0
2021041204024554,PICL,56,4,273,893.0,243789.0
2021041204024162,PICL,56,10,100,895.0,89500.0
2021041204024547,PICL,56,4,345,895.0,308775.0
2021041204024546,PICL,35,4,200,896.0,179200.0
2021041204024524,PICL,56,6,100,900.0,90000.0
2021041204024523,PICL,56,42,484,900.0,435600.0
2021041204024522,PICL,56,10,40,900.0,36000.0
2021041204024325,PICL,22,10,10,900.0,9000.0
2021041204024553,PICL,33,4,200,894.0,178800.0
2021041204024552,PICL,39,4,80,894.0,71520.0
2021041204024551,PICL,17,4,80,894.0,71520.0
2021041204024550,PICL,56,4,400,894.0,357600.0
2021041204024549,PICL,1,4,100,894.0,89400.0
2021041204024548,PICL,44,4,300,895.0,268500.0
2021041204024520,PMHPL,45,6,10,191.0,1910.0
2021041204024210,PMHPL,6,14,10,189.0,1890.0
2021041204024360,PPCL,34,45,20,306.0,6120.0
2021041204024603,PRIN,52,58,10,985.0,9850.0
2021041204024602,PRIN,52,52,10,984.0,9840.0
2021041204024601,PRIN,52,52,40,984.0,39360.0
2021041204024521,PRIN,1,25,50,980.0,49000.0
2021041204024458,PRIN,52,52,10,984.0,9840.0
2021041204024386,PRIN,44,46,10,978.0,9780.0
2021041204024339,PRIN,34,50,500,980.0,490000.0
2021041204024338,PRIN,34,58,100,979.0,97900.0
2021041204024385,PRIN,8,46,100,978.0,97800.0
2021041204024384,PRIN,34,46,90,980.0,88200.0
2021041204024343,PRIN,34,22,200,980.0,196000.0
2021041204024342,PRIN,34,52,500,980.0,490000.0
2021041204024341,PRIN,34,6,100,980.0,98000.0
2021041204024340,PRIN,34,48,10,980.0,9800.0
2021041204024632,RADHI,44,49,10,474.0,4740.0
2021041204024624,RADHI,44,58,11,474.0,5214.0
2021041204024598,RADHI,34,28,25,475.0,11875.0
2021041204024515,RADHI,44,36,11,474.0,5214.0
2021041204024470,RADHI,42,28,50,475.0,23750.0
2021041204024351,RADHI,14,28,21,475.0,9975.0
2021041204024318,RADHI,41,28,20,475.0,9500.0
2021041204024260,RADHI,38,28,200,475.0,95000.0
2021041204024158,RADHI,44,34,12,474.0,5688.0
2021041204024638,RHPC,46,36,390,206.0,80340.0
2021041204024630,RHPC,46,45,133,206.0,27398.0
2021041204024629,RHPC,14,45,407,206.0,83842.0
2021041204024628,RHPC,22,45,460,207.0,95220.0
2021041204024411,RHPC,14,45,593,206.0,122158.0
2021041204024410,RHPC,55,45,20,206.0,4120.0
2021041204024348,RHPC,43,57,48,207.0,9936.0
2021041204024409,RHPC,14,45,50,206.0,10300.0
2021041204024408,RHPC,5,45,200,206.0,41200.0
2021041204024407,RHPC,50,45,50,206.0,10300.0
2021041204024406,RHPC,39,45,139,206.0,28634.0
2021041204024405,RHPC,6,45,948,207.0,196236.0
2021041204024349,RHPC,6,57,52,207.0,10764.0
2021041204024623,RHPL,40,58,50,488.0,24400.0
2021041204024580,RHPL,40,7,30,488.0,14640.0
2021041204024579,RHPL,40,7,640,488.0,312320.0
2021041204024451,RHPL,38,16,310,489.0,151590.0
2021041204024396,RHPL,45,16,80,489.0,39120.0
2021041204024395,RHPL,45,36,120,489.0,58680.0
2021041204024185,RHPL,40,25,10,488.0,4880.0
2021041204024174,RHPL,40,13,170,488.0,82960.0
2021041204024173,RHPL,26,13,330,488.0,161040.0
2021041204024153,RHPL,42,7,150,490.0,73500.0
2021041204024381,RHPL,40,26,70,488.0,34160.0
2021041204024347,RHPL,40,51,20,488.0,9760.0
2021041204024337,RHPL,38,36,20,489.0,9780.0
2021041204024269,RHPL,52,36,10,489.0,4890.0
2021041204024251,RHPL,40,35,80,488.0,39040.0
2021041204024250,RHPL,40,34,10,488.0,4880.0
2021041204024627,RRHP,39,46,10,378.0,3780.0
2021041204024220,SEF,43,42,"5,000",12.0,60000.0
2021041204024571,SGI,49,36,10,814.0,8140.0
2021041204024481,SGI,49,45,10,814.0,8140.0
2021041204024480,SGI,49,44,230,814.0,187220.0
2021041204024479,SGI,49,52,30,814.0,24420.0
2021041204024422,SGI,35,42,219,813.0,178047.0
2021041204024163,SGI,35,16,65,813.0,52845.0
2021041204024148,SGI,35,42,16,813.0,13008.0
2021041204024147,SGI,42,42,30,813.0,24390.0
2021041204024146,SGI,49,42,50,813.0,40650.0
2021041204024397,SHL,28,57,250,200.0,50000.0
2021041204024518,SHPC,58,45,150,370.0,55500.0
2021041204024584,SICL,54,32,90,1930.0,173700.0
2021041204024583,SICL,54,5,27,1930.0,52110.0
2021041204024582,SICL,54,58,83,1930.0,160190.0
2021041204024532,SICL,14,58,190,1930.0,366700.0
2021041204024531,SICL,14,34,300,1929.0,578700.0
2021041204024511,SICL,35,38,26,1922.0,49972.0
2021041204024206,SICL,51,51,20,1925.0,38500.0
2021041204024362,SICL,26,34,10,1927.0,19270.0
2021041204024361,SICL,21,34,20,1928.0,38560.0
2021041204024327,SICL,58,58,20,1930.0,38600.0
2021041204024217,SICL,48,38,35,1928.0,67480.0
2021041204024216,SICL,48,46,33,1928.0,63624.0
2021041204024207,SICL,13,51,20,1923.0,38460.0
2021041204024510,SICL,48,38,10,1922.0,19220.0
2021041204024509,SICL,45,38,10,1922.0,19220.0
2021041204024508,SICL,21,38,20,1924.0,38480.0
2021041204024507,SICL,35,38,200,1925.0,385000.0
2021041204024506,SICL,57,38,34,1925.0,65450.0
2021041204024427,SICL,57,34,16,1925.0,30800.0
2021041204024564,SIL,39,50,190,1260.0,239400.0
2021041204024563,SIL,39,4,100,1260.0,126000.0
2021041204024562,SIL,39,19,210,1260.0,264600.0
2021041204024413,SIL,48,19,200,1260.0,252000.0
2021041204024398,SIL,50,19,10,1260.0,12600.0
2021041204024259,SIL,26,39,34,1259.0,42806.0
2021041204024258,SIL,41,39,16,1259.0,20144.0
2021041204024240,SIL,41,19,100,1260.0,126000.0
2021041204024170,SIL,41,52,34,1259.0,42806.0
2021041204024169,SIL,26,52,70,1259.0,88130.0
2021041204024621,SJCL,41,49,13,453.0,5889.0
2021041204024620,SJCL,50,49,100,453.0,45300.0
2021041204024619,SJCL,1,49,25,453.0,11325.0
2021041204024618,SJCL,47,49,100,453.0,45300.0
2021041204024617,SJCL,45,49,100,453.0,45300.0
2021041204024616,SJCL,45,49,20,453.0,9060.0
2021041204024230,SJCL,52,34,10,454.0,4540.0
2021041204024229,SJCL,38,34,20,454.0,9080.0
2021041204024228,SJCL,45,34,98,454.0,44492.0
2021041204024202,SJCL,45,17,40,454.0,18160.0
2021041204024312,SJCL,45,34,10,453.0,4530.0
2021041204024306,SJCL,51,34,70,454.0,31780.0
2021041204024256,SJCL,26,34,10,454.0,4540.0
2021041204024253,SJCL,8,34,50,454.0,22700.0
2021041204024238,SJCL,45,34,30,454.0,13620.0
2021041204024231,SJCL,21,34,10,454.0,4540.0
2021041204024436,SJCL,46,34,10,454.0,4540.0
2021041204024430,SJCL,57,34,10,454.0,4540.0
2021041204024394,SJCL,45,22,200,453.0,90600.0
2021041204024380,SJCL,21,34,10,454.0,4540.0
2021041204024333,SJCL,45,26,40,453.0,18120.0
2021041204024332,SJCL,14,34,100,454.0,45400.0
2021041204024536,SJCL,45,51,10,453.0,4530.0
2021041204024535,SJCL,57,40,500,454.0,227000.0
2021041204024530,SJCL,52,40,132,454.0,59928.0
2021041204024447,SJCL,45,49,20,453.0,9060.0
2021041204024446,SJCL,45,58,30,453.0,13590.0
2021041204024437,SJCL,46,40,140,454.0,63560.0
2021041204024615,SJCL,50,49,100,453.0,45300.0
2021041204024614,SJCL,1,49,"1,000",453.0,453000.0
2021041204024613,SJCL,34,49,400,453.0,181200.0
2021041204024612,SJCL,38,49,50,453.0,22650.0
2021041204024611,SJCL,45,49,92,453.0,41676.0
2021041204024596,SJCL,14,40,70,454.0,31780.0
2021041204024504,SPDL,58,26,370,271.0,100270.0
2021041204024421,SPDL,57,26,500,271.0,135500.0
2021041204024297,SPDL,3,57,147,270.0,39690.0
2021041204024420,SSHL,19,20,200,236.0,47200.0
2021041204024350,SSHL,11,34,250,235.0,58750.0
2021041204024244,SSHL,11,25,250,235.0,58750.0
2021041204024201,SSHL,11,50,460,235.0,108100.0
2021041204024150,SSHL,39,50,40,235.0,9400.0
2021041204024149,SSHL,39,32,10,235.0,2350.0
2021041204024418,STC,58,32,10,11000.0,110000.0
2021041204024417,STC,6,32,10,11000.0,110000.0
2021041204024288,STC,57,33,10,11098.0,110980.0
2021041204024145,STC,29,7,10,11000.0,110000.0
2021041204024484,UIC,45,58,310,726.0,225060.0
2021041204024483,UIC,51,58,25,726.0,18150.0
2021041204024482,UIC,35,58,165,726.0,119790.0
2021041204024429,UIC,35,50,50,726.0,36300.0
2021041204024401,UIC,35,41,135,726.0,98010.0
2021041204024400,UIC,35,53,100,726.0,72600.0
2021041204024399,UIC,35,13,50,726.0,36300.0
2021041204024304,UIC,51,56,10,725.0,7250.0
2021041204024303,UIC,19,56,10,725.0,7250.0
2021041204024255,UIC,19,54,40,725.0,29000.0
2021041204024213,UIC,32,56,150,725.0,108750.0
2021041204024636,UMHL,14,35,262,185.0,48470.0
2021041204024635,UMHL,45,35,100,185.0,18500.0
2021041204024634,UMHL,52,35,638,185.0,118030.0
2021041204024587,UMHL,52,44,62,185.0,11470.0
2021041204024586,UMHL,48,44,138,185.0,25530.0
2021041204024363,UMHL,48,29,78,185.0,14430.0
2021041204024160,UMHL,48,58,10,185.0,1850.0
2021041204024606,UMRH,10,36,10,294.0,2940.0
2021041204024589,UMRH,3,48,10,296.0,2960.0
2021041204024305,UMRH,19,48,10,296.0,2960.0
2021041204024252,UMRH,19,58,10,296.0,2960.0
2021041204024358,UNHPL,55,42,180,132.0,23760.0
2021041204024172,UNHPL,55,1,215,132.0,28380.0
2021041204024171,UNHPL,34,1,785,132.0,103620.0
2021041204024607,UPCL,40,57,25,167.0,4175.0
2021041204024370,UPCL,35,52,10,168.0,1680.0
2021041204024369,UPCL,35,3,50,168.0,8400.0
2021041204024368,UPCL,35,58,161,168.0,27048.0
2021041204024503,UPCL,57,48,679,168.0,114072.0
2021041204024502,UPCL,57,14,50,168.0,8400.0
2021041204024501,UPCL,57,58,271,168.0,45528.0
2021041204024372,UPCL,35,58,29,168.0,4872.0
2021041204024371,UPCL,35,57,50,168.0,8400.0
2021041204024640,UPPER,41,48,100,879.0,87900.0
2021041204024631,UPPER,22,48,20,879.0,17580.0
2021041204024608,UPPER,33,48,50,879.0,43950.0
2021041204024605,UPPER,33,48,50,879.0,43950.0
2021041204024604,UPPER,41,48,137,879.0,120423.0
2021041204024591,UPPER,57,6,10,880.0,8800.0
2021041204024177,UPPER,6,45,78,879.0,68562.0
2021041204024176,UPPER,3,32,50,878.0,43900.0
2021041204024307,UPPER,55,38,50,880.0,44000.0
2021041204024280,UPPER,56,49,20,879.0,17580.0
2021041204024237,UPPER,3,55,290,878.0,254620.0
2021041204024236,UPPER,36,55,10,879.0,8790.0
2021041204024227,UPPER,6,33,22,879.0,19338.0
2021041204024416,UPPER,32,33,10,879.0,8790.0
2021041204024415,UPPER,55,33,90,879.0,79110.0
2021041204024379,UPPER,19,40,50,880.0,44000.0
2021041204024378,UPPER,19,38,50,880.0,44000.0
2021041204024377,UPPER,55,42,10,879.0,8790.0
2021041204024376,UPPER,56,42,30,879.0,26370.0
2021041204024494,UPPER,41,16,50,879.0,43950.0
2021041204024489,UPPER,47,40,10,880.0,8800.0
2021041204024478,UPPER,41,33,63,879.0,55377.0
2021041204024477,UPPER,3,33,30,879.0,26370.0
2021041204024476,UPPER,32,33,40,879.0,35160.0
2021041204024441,UPPER,8,40,34,880.0,29920.0
2021041204024590,UPPER,57,32,40,880.0,35200.0
2021041204024539,UPPER,7,32,10,880.0,8800.0
2021041204024538,UPPER,7,59,20,880.0,17600.0
2021041204024517,UPPER,58,59,20,880.0,17600.0
2021041204024516,UPPER,58,40,60,880.0,52800.0
2021041204024495,UPPER,33,40,50,880.0,44000.0
2021041204023904,AHPC,1,55,266,260.0,69160.0
2021041204023902,AHPC,6,55,100,260.0,26000.0
2021041204023858,AHPC,34,55,100,260.0,26000.0
2021041204023857,AHPC,6,55,34,260.0,8840.0
2021041204023833,AHPC,6,39,66,260.0,17160.0
2021041204023773,AHPC,43,39,50,260.0,13000.0
2021041204023680,AHPC,58,57,90,261.0,23490.0
2021041204023679,AHPC,58,39,10,260.0,2600.0
2021041204023768,AHPC,6,39,100,260.0,26000.0
2021041204023748,AHPC,6,39,100,260.0,26000.0
2021041204023733,AHPC,6,39,100,260.0,26000.0
2021041204023727,AHPC,40,39,130,260.0,33800.0
2021041204023714,AHPC,6,39,100,260.0,26000.0
2021041204023698,AHPC,43,39,100,260.0,26000.0
2021041204023980,AIL,49,16,20,914.0,18280.0
2021041204023828,AIL,5,21,55,912.0,50160.0
2021041204023777,AIL,14,4,10,911.0,9110.0
2021041204023737,AIL,14,21,10,912.0,9120.0
2021041204023736,AIL,14,57,10,912.0,9120.0
2021041204023732,AIL,14,57,30,912.0,27360.0
2021041204024067,AKPL,4,54,20,332.0,6640.0
2021041204024031,AKPL,4,44,400,332.0,132800.0
2021041204024030,AKPL,19,44,100,332.0,33200.0
2021041204024029,AKPL,14,44,50,332.0,16600.0
2021041204024028,AKPL,58,44,50,332.0,16600.0
2021041204024027,AKPL,39,44,"1,000",332.0,332000.0
2021041204023707,AKPL,44,38,290,332.0,96280.0
2021041204023706,AKPL,57,38,"1,000",332.0,332000.0
2021041204023705,AKPL,22,38,251,332.0,83332.0
2021041204024026,AKPL,35,44,400,332.0,132800.0
2021041204024025,AKPL,36,44,"1,000",332.0,332000.0
2021041204023819,AKPL,50,58,300,333.0,99900.0
2021041204023758,AKPL,35,58,100,332.0,33200.0
2021041204023717,AKPL,40,58,300,333.0,99900.0
2021041204023708,AKPL,44,38,450,332.0,149400.0
2021041204024114,API,34,54,61,329.0,20069.0
2021041204024092,API,34,52,139,329.0,45731.0
2021041204024091,API,44,52,492,329.0,161868.0
2021041204023917,API,44,25,"1,000",329.0,329000.0
2021041204023899,API,44,13,28,329.0,9212.0
2021041204023847,API,26,34,300,330.0,99000.0
2021041204023746,API,45,34,100,330.0,33000.0
2021041204023677,API,54,34,89,330.0,29370.0
2021041204023676,API,54,45,100,330.0,33000.0
2021041204023675,API,54,52,11,330.0,3630.0
2021041204023674,API,54,32,200,330.0,66000.0
2021041204023673,API,54,42,100,330.0,33000.0
2021041204023793,API,34,25,200,328.0,65600.0
2021041204023792,API,25,25,156,328.0,51168.0
2021041204023791,API,41,25,200,329.0,65800.0
2021041204023790,API,45,25,100,329.0,32900.0
2021041204023789,API,45,25,210,329.0,69090.0
2021041204023759,API,45,38,24,329.0,7896.0
2021041204023799,API,39,25,500,327.0,163500.0
2021041204023798,API,45,25,50,327.0,16350.0
2021041204023797,API,1,25,672,327.0,219744.0
2021041204023796,API,45,25,200,328.0,65600.0
2021041204023795,API,6,25,200,328.0,65600.0
2021041204023794,API,45,25,100,328.0,32800.0
2021041204023805,API,38,25,100,327.0,32700.0
2021041204023804,API,41,25,10,327.0,3270.0
2021041204023803,API,10,25,300,327.0,98100.0
2021041204023802,API,28,25,"1,000",327.0,327000.0
2021041204023801,API,16,25,10,327.0,3270.0
2021041204023800,API,6,25,200,327.0,65400.0
2021041204023811,API,34,25,192,327.0,62784.0
2021041204023810,API,56,25,100,327.0,32700.0
2021041204023809,API,45,25,200,327.0,65400.0
2021041204023808,API,38,25,50,327.0,16350.0
2021041204023807,API,34,25,150,327.0,49050.0
2021041204023806,API,7,25,100,327.0,32700.0
2021041204024003,BARUN,52,6,140,242.0,33880.0
2021041204023935,BARUN,5,38,20,243.0,4860.0
2021041204023729,BARUN,52,58,200,242.0,48400.0
2021041204023652,BARUN,52,49,50,242.0,12100.0
2021041204024137,BPCL,45,41,123,420.0,51660.0
2021041204024136,BPCL,45,56,377,420.0,158340.0
2021041204023978,BPCL,34,56,500,420.0,210000.0
2021041204023951,BPCL,41,56,30,420.0,12600.0
2021041204023950,BPCL,38,56,160,420.0,67200.0
2021041204023949,BPCL,57,56,50,420.0,21000.0
2021041204023846,BPCL,8,41,490,421.0,206290.0
2021041204023845,BPCL,58,41,10,422.0,4220.0
2021041204023772,BPCL,8,38,13,421.0,5473.0
2021041204023721,BPCL,8,51,176,421.0,74096.0
2021041204023720,BPCL,40,51,24,421.0,10104.0
2021041204023942,BPCL,59,56,147,420.0,61740.0
2021041204023941,BPCL,6,56,40,421.0,16840.0
2021041204023940,BPCL,8,56,"1,500",421.0,631500.0
2021041204023939,BPCL,8,56,821,421.0,345641.0
2021041204023948,BPCL,29,56,500,420.0,210000.0
2021041204023947,BPCL,51,56,50,420.0,21000.0
2021041204023946,BPCL,42,56,200,420.0,84000.0
2021041204023945,BPCL,57,56,100,420.0,42000.0
2021041204023944,BPCL,58,56,25,420.0,10500.0
2021041204023943,BPCL,34,56,500,420.0,210000.0
2021041204024045,CGH,49,59,15,2550.0,38250.0
2021041204024044,CGH,38,59,20,2550.0,51000.0
2021041204024035,CGH,51,34,40,2550.0,102000.0
2021041204024034,CGH,40,34,10,2551.0,25510.0
2021041204024033,CGH,42,34,28,2555.0,71540.0
2021041204024032,CGH,42,59,10,2555.0,25550.0
2021041204023731,CGH,22,1,10,2555.0,25550.0
2021041204023960,CGH,58,59,30,2556.0,76680.0
2021041204023925,CGH,44,10,15,2558.0,38370.0
2021041204023924,CGH,44,19,10,2555.0,25550.0
2021041204023923,CGH,44,25,75,2555.0,191625.0
2021041204023855,CGH,59,25,25,2555.0,63875.0
2021041204023760,CGH,38,10,20,2558.0,51160.0
2021041204024083,CHCL,1,33,376,649.0,244024.0
2021041204024082,CHCL,57,33,100,649.0,64900.0
2021041204024081,CHCL,58,33,124,650.0,80600.0
2021041204024072,CHCL,58,25,100,650.0,65000.0
2021041204024066,CHCL,45,1,5,650.0,3250.0
2021041204024039,CHCL,58,37,106,650.0,68900.0
2021041204023649,CHCL,8,35,400,650.0,260000.0
2021041204023648,CHCL,8,36,50,650.0,32500.0
2021041204023647,CHCL,8,33,60,650.0,39000.0
2021041204023831,CHCL,35,45,12,649.0,7788.0
2021041204023826,CHCL,34,1,230,650.0,149500.0
2021041204023821,CHCL,51,1,200,650.0,130000.0
2021041204023750,CHCL,19,1,20,650.0,13000.0
2021041204023749,CHCL,8,1,"1,290",650.0,838500.0
2021041204023650,CHCL,8,51,200,650.0,130000.0
2021041204023872,CHCL,8,45,10,648.0,6480.0
2021041204023871,CHCL,56,45,50,648.0,32400.0
2021041204023870,CHCL,38,45,186,648.0,120528.0
2021041204023869,CHCL,52,45,500,649.0,324500.0
2021041204023868,CHCL,43,45,200,649.0,129800.0
2021041204023867,CHCL,35,45,182,649.0,118118.0
2021041204023878,CHCL,56,45,50,648.0,32400.0
2021041204023877,CHCL,44,45,100,648.0,64800.0
2021041204023876,CHCL,44,45,500,648.0,324000.0
2021041204023875,CHCL,57,45,100,648.0,64800.0
2021041204023874,CHCL,58,45,100,648.0,64800.0
2021041204023873,CHCL,39,45,50,648.0,32400.0
2021041204023884,CHCL,21,45,100,647.0,64700.0
2021041204023883,CHCL,4,45,100,647.0,64700.0
2021041204023882,CHCL,26,45,200,647.0,129400.0
2021041204023881,CHCL,1,45,200,648.0,129600.0
2021041204023880,CHCL,16,45,500,648.0,324000.0
2021041204023879,CHCL,32,45,50,648.0,32400.0
2021041204024038,CHCL,58,1,10,650.0,6500.0
2021041204024037,CHCL,58,1,360,650.0,234000.0
2021041204023888,CHCL,59,45,722,646.0,466412.0
2021041204023887,CHCL,16,45,500,647.0,323500.0
2021041204023886,CHCL,51,45,500,647.0,323500.0
2021041204023885,CHCL,59,45,100,647.0,64700.0
2021041204023726,CHL,53,1,100,245.0,24500.0
2021041204023991,DHPL,49,3,200,123.0,24600.0
2021041204023990,DHPL,41,3,100,123.0,12300.0
2021041204023989,DHPL,19,3,40,123.0,4920.0
2021041204024097,EIC,36,50,300,782.0,234600.0
2021041204024096,EIC,36,21,72,782.0,56304.0
2021041204024095,EIC,36,47,50,782.0,39100.0
2021041204024094,EIC,36,45,50,782.0,39100.0
2021041204023931,EIC,36,11,10,781.0,7810.0
2021041204023930,EIC,36,20,300,781.0,234300.0
2021041204023787,EIC,50,20,50,781.0,39050.0
2021041204023767,EIC,39,20,30,781.0,23430.0
2021041204023763,EIC,58,20,10,781.0,7810.0
2021041204024127,GHL,57,45,200,163.0,32600.0
2021041204023927,GHL,58,45,50,163.0,8150.0
2021041204023854,GHL,52,45,30,163.0,4890.0
2021041204024134,GIC,18,50,10,750.0,7500.0
2021041204024133,GIC,18,45,40,750.0,30000.0
2021041204023671,GIC,49,34,26,752.0,19552.0
2021041204023864,GIC,58,57,20,750.0,15000.0
2021041204023863,GIC,35,57,50,750.0,37500.0
2021041204023862,GIC,16,57,100,750.0,75000.0
2021041204023861,GIC,45,57,40,750.0,30000.0
2021041204023860,GIC,57,57,112,750.0,84000.0
2021041204023859,GIC,11,57,39,751.0,29289.0
2021041204023922,GIC,16,1,12,752.0,9024.0
2021041204023921,GIC,16,34,74,752.0,55648.0
2021041204023920,GIC,16,57,414,750.0,310500.0
2021041204023910,GIC,50,38,10,747.0,7470.0
2021041204023908,GIC,19,57,100,750.0,75000.0
2021041204023865,GIC,58,57,200,750.0,150000.0
2021041204023936,GIC,42,1,60,752.0,45120.0
2021041204024103,GIC,50,57,455,747.0,339885.0
2021041204024102,GIC,58,57,50,750.0,37500.0
2021041204024098,GLH,25,32,10,400.0,4000.0
2021041204024069,GLH,25,36,10,400.0,4000.0
2021041204024040,GLH,25,42,10,400.0,4000.0
2021041204024036,GLH,25,34,10,400.0,4000.0
2021041204023979,GLH,25,45,10,400.0,4000.0
2021041204023926,GLH,25,58,10,400.0,4000.0
2021041204023814,GLH,25,58,10,400.0,4000.0
2021041204023812,GLH,25,59,10,400.0,4000.0
2021041204023762,GLH,25,36,10,400.0,4000.0
2021041204024132,HDHPC,46,39,120,146.0,17520.0
2021041204024086,HDHPC,32,39,20,146.0,2920.0
2021041204023897,HDHPC,45,36,944,145.0,136880.0
2021041204023896,HDHPC,45,36,56,145.0,8120.0
2021041204023853,HDHPC,38,44,225,146.0,32850.0
2021041204023852,HDHPC,38,5,100,146.0,14600.0
2021041204023851,HDHPC,38,58,550,146.0,80300.0
2021041204023850,HDHPC,38,4,500,146.0,73000.0
2021041204023849,HDHPC,38,45,100,146.0,14600.0
2021041204024090,HGI,17,42,18,783.0,14094.0
2021041204024089,HGI,47,42,30,783.0,23490.0
2021041204024088,HGI,58,42,54,784.0,42336.0
2021041204023981,HGI,45,16,100,785.0,78500.0
2021041204023919,HGI,57,50,165,789.0,130185.0
2021041204023918,HGI,4,50,90,789.0,71010.0
2021041204023723,HGI,4,25,50,785.0,39250.0
2021041204023722,HGI,4,21,60,784.0,47040.0
2021041204023894,HPPL,1,38,10,396.0,3960.0
2021041204024144,IGI,44,51,20,1256.0,25120.0
2021041204024143,IGI,44,50,480,1252.0,600960.0
2021041204024106,IGI,16,50,10,1252.0,12520.0
2021041204023692,IGI,11,20,43,1254.0,53922.0
2021041204023672,IGI,16,35,13,1255.0,16315.0
2021041204023696,IGI,29,20,34,1251.0,42534.0
2021041204023695,IGI,6,20,100,1251.0,125100.0
2021041204023694,IGI,21,20,100,1252.0,125200.0
2021041204023693,IGI,42,20,300,1253.0,375900.0
2021041204023719,IGI,58,48,20,1255.0,25100.0
2021041204023834,IGI,6,48,10,1255.0,12550.0
2021041204023841,IGI,48,25,35,1256.0,43960.0
2021041204023840,IGI,48,14,25,1255.0,31375.0
2021041204023839,IGI,48,5,100,1255.0,125500.0
2021041204023838,IGI,48,49,100,1255.0,125500.0
2021041204023837,IGI,48,26,240,1255.0,301200.0
2021041204023836,IGI,48,48,20,1255.0,25100.0
2021041204023901,IGI,29,45,266,1257.0,334362.0
2021041204023900,IGI,29,47,50,1257.0,62850.0
2021041204023844,IGI,48,6,50,1256.0,62800.0
2021041204023843,IGI,48,32,100,1256.0,125600.0
2021041204023842,IGI,48,32,100,1256.0,125600.0
2021041204023999,IGI,48,51,16,1256.0,20096.0
2021041204024043,IGI,49,50,10,1255.0,12550.0
2021041204023713,KPCL,44,35,245,281.0,68845.0
2021041204023891,LEC,53,51,10,299.0,2990.0
2021041204023664,LEC,36,39,10,300.0,3000.0
2021041204023827,LGIL,34,34,50,838.0,41900.0
2021041204023740,LGIL,34,34,90,838.0,75420.0
2021041204023739,LGIL,40,34,110,838.0,92180.0
2021041204023697,LGIL,38,42,10,839.0,8390.0
2021041204023786,NGPL,8,6,"8,134",245.0,1992830.0
2021041204023785,NGPL,58,6,10,245.0,2450.0
2021041204023784,NGPL,45,6,250,245.0,61250.0
2021041204023783,NGPL,19,6,"1,000",245.0,245000.0
2021041204023782,NGPL,14,6,10,246.0,2460.0
2021041204023781,NGPL,28,6,"1,000",246.0,246000.0
2021041204023780,NGPL,28,6,596,246.0,146616.0
2021041204024087,NHPC,45,58,20,171.0,3420.0
2021041204024001,NHPC,58,58,100,171.0,17100.0
2021041204023996,NHPC,28,48,315,170.0,53550.0
2021041204023995,NHPC,34,48,"1,685",170.0,286450.0
2021041204023957,NHPC,58,58,100,171.0,17100.0
2021041204023704,NHPC,1,58,500,171.0,85500.0
2021041204024050,NICGF,37,49,200,12.45,2490.0
2021041204024049,NICGF,37,49,"4,000",12.45,49800.0
2021041204023663,NICL,37,49,10,825.0,8250.0
2021041204023662,NICL,25,49,250,825.0,206250.0
2021041204023661,NICL,21,49,300,825.0,247500.0
2021041204023660,NICL,14,49,20,825.0,16500.0
2021041204023659,NICL,57,49,300,825.0,247500.0
2021041204023658,NICL,7,49,500,825.0,412500.0
2021041204023657,NICL,38,49,300,825.0,247500.0
2021041204023656,NICL,17,49,200,825.0,165000.0
2021041204023655,NICL,21,49,50,826.0,41300.0
2021041204023654,NICL,33,49,19,826.0,15694.0
2021041204023653,NICL,46,49,50,827.0,41350.0
2021041204023976,NIL,20,29,155,1666.0,258230.0
2021041204023975,NIL,20,29,250,1666.0,416500.0
2021041204023974,NIL,20,29,250,1666.0,416500.0
2021041204023973,NIL,51,29,55,1667.0,91685.0
2021041204023972,NIL,22,29,10,1667.0,16670.0
2021041204023971,NIL,14,29,200,1667.0,333400.0
2021041204023710,NIL,42,43,30,1668.0,50040.0
2021041204023709,NIL,50,43,50,1668.0,83400.0
2021041204023964,NIL,41,29,150,1669.0,250350.0
2021041204023963,NIL,40,29,150,1669.0,250350.0
2021041204023962,NIL,6,29,25,1669.0,41725.0
2021041204023889,NIL,6,39,125,1669.0,208625.0
2021041204023866,NIL,41,39,25,1669.0,41725.0
2021041204023745,NIL,42,58,50,1668.0,83400.0
2021041204023970,NIL,19,29,13,1667.0,21671.0
2021041204023969,NIL,44,29,10,1667.0,16670.0
2021041204023968,NIL,17,29,10,1668.0,16680.0
2021041204023967,NIL,42,29,52,1668.0,86736.0
2021041204023966,NIL,42,29,20,1668.0,33360.0
2021041204023965,NIL,14,29,150,1669.0,250350.0
2021041204023929,NLG,17,45,100,1175.0,117500.0
2021041204023856,NLG,16,50,100,1172.0,117200.0
2021041204023778,OHL,45,42,50,470.0,23500.0
2021041204024128,PIC,50,6,200,1307.0,261400.0
2021041204023788,PIC,33,6,200,1307.0,261400.0
2021041204023955,PICL,56,52,55,895.0,49225.0
2021041204023954,PICL,45,52,90,895.0,80550.0
2021041204023953,PICL,35,52,25,896.0,22400.0
2021041204023952,PICL,42,52,30,896.0,26880.0
2021041204023932,PICL,49,10,50,900.0,45000.0
2021041204024020,PPCL,33,13,60,307.0,18420.0
2021041204024019,PPCL,33,34,10,307.0,3070.0
2021041204024018,PPCL,33,43,100,307.0,30700.0
2021041204024017,PPCL,33,14,"1,000",307.0,307000.0
2021041204024016,PPCL,34,22,60,306.0,18360.0
2021041204024015,PPCL,34,32,100,306.0,30600.0
2021041204024014,PPCL,34,57,20,306.0,6120.0
2021041204024013,PPCL,34,50,70,306.0,21420.0
2021041204024012,PPCL,34,52,10,304.0,3040.0
2021041204023744,PPCL,53,16,30,302.0,9060.0
2021041204024080,PRIN,52,49,50,978.0,48900.0
2021041204024079,PRIN,52,43,20,977.0,19540.0
2021041204024078,PRIN,52,7,196,977.0,191492.0
2021041204024042,PRIN,57,6,50,976.0,48800.0
2021041204023977,PRIN,17,7,100,977.0,97700.0
2021041204023911,PRIN,57,6,50,976.0,48800.0
2021041204023893,PRIN,59,45,42,975.0,40950.0
2021041204023892,PRIN,45,45,168,975.0,163800.0
2021041204023645,PRIN,49,6,50,976.0,48800.0
2021041204024135,RHPC,43,45,14,207.0,2898.0
2021041204024101,RHPC,43,57,200,207.0,41400.0
2021041204024142,RHPL,26,36,170,488.0,82960.0
2021041204024141,RHPL,57,36,100,488.0,48800.0
2021041204024140,RHPL,56,36,200,488.0,97600.0
2021041204024139,RHPL,28,36,30,488.0,14640.0
2021041204023906,RHPL,28,32,70,488.0,34160.0
2021041204023766,RHPL,11,7,130,490.0,63700.0
2021041204023765,RHPL,11,45,70,489.0,34230.0
2021041204023756,RHPL,28,26,80,488.0,39040.0
2021041204023738,RHPL,28,56,10,488.0,4880.0
2021041204023670,RHPL,52,7,50,490.0,24500.0
2021041204023669,RHPL,52,3,200,490.0,98000.0
2021041204023903,RRHP,34,35,10,375.0,3750.0
2021041204024077,SGI,57,50,75,814.0,61050.0
2021041204024076,SGI,57,46,10,814.0,8140.0
2021041204024075,SGI,57,28,100,814.0,81400.0
2021041204024074,SGI,57,19,10,814.0,8140.0
2021041204024073,SGI,57,39,205,814.0,166870.0
2021041204023956,SGI,49,36,10,813.0,8130.0
2021041204023718,SGI,42,48,130,813.0,105690.0
2021041204023907,SGI,49,45,10,813.0,8130.0
2021041204023895,SGI,19,39,50,814.0,40700.0
2021041204023830,SGI,49,39,10,813.0,8130.0
2021041204023776,SGI,49,49,10,813.0,8130.0
2021041204023771,SGI,49,3,50,813.0,40650.0
2021041204023770,SGI,49,48,60,813.0,48780.0
2021041204024129,SHPC,58,45,10,370.0,3700.0
2021041204023959,SHPC,39,45,79,370.0,29230.0
2021041204023958,SHPC,39,28,121,370.0,44770.0
2021041204023747,SIC,42,32,200,1705.0,341000.0
2021041204023702,SIC,42,32,150,1703.0,255450.0
2021041204023701,SIC,33,32,20,1703.0,34060.0
2021041204023700,SIC,33,32,20,1704.0,34080.0
2021041204023699,SIC,17,32,10,1704.0,17040.0
2021041204024065,SICL,48,48,75,1927.0,144525.0
2021041204023725,SICL,28,48,25,1927.0,48175.0
2021041204023775,SIL,28,52,50,1260.0,63000.0
2021041204024126,SJCL,45,59,12,454.0,5448.0
2021041204024125,SJCL,40,59,300,454.0,136200.0
2021041204024124,SJCL,21,59,15,454.0,6810.0
2021041204024123,SJCL,34,59,123,454.0,55842.0
2021041204024122,SJCL,41,59,50,454.0,22700.0
2021041204024111,SJCL,52,17,125,455.0,56875.0
2021041204023754,SJCL,16,51,40,454.0,18160.0
2021041204023741,SJCL,16,32,40,454.0,18160.0
2021041204023651,SJCL,16,58,30,454.0,13620.0
2021041204023825,SJCL,59,55,130,454.0,59020.0
2021041204023824,SJCL,45,55,50,454.0,22700.0
2021041204023823,SJCL,58,55,100,454.0,45400.0
2021041204023822,SJCL,16,55,720,454.0,326880.0
2021041204023813,SJCL,16,17,10,454.0,4540.0
2021041204023774,SJCL,16,26,30,454.0,13620.0
2021041204023984,SJCL,16,29,200,454.0,90800.0
2021041204023983,SJCL,17,29,450,454.0,204300.0
2021041204023982,SJCL,59,29,155,454.0,70370.0
2021041204023909,SJCL,36,25,50,455.0,22750.0
2021041204023890,SJCL,59,46,15,454.0,6810.0
2021041204023829,SJCL,21,25,10,455.0,4550.0
2021041204024022,SJCL,34,45,17,454.0,7718.0
2021041204024021,SJCL,32,45,23,454.0,10442.0
2021041204023988,SJCL,32,29,27,454.0,12258.0
2021041204023987,SJCL,1,29,120,454.0,54480.0
2021041204023986,SJCL,52,29,200,454.0,90800.0
2021041204023985,SJCL,34,29,100,454.0,45400.0
2021041204024110,SJCL,52,52,40,455.0,18200.0
2021041204024109,SJCL,52,46,15,455.0,6825.0
2021041204024108,SJCL,52,29,100,455.0,45500.0
2021041204024107,SJCL,52,58,20,455.0,9100.0
2021041204024099,SJCL,34,35,40,454.0,18160.0
2021041204024041,SJCL,34,52,20,454.0,9080.0
2021041204024064,SPDL,3,38,15,270.0,4050.0
2021041204023998,SPDL,3,45,300,270.0,81000.0
2021041204023728,SPDL,3,49,119,270.0,32130.0
2021041204023678,SPDL,35,26,100,271.0,27100.0
2021041204023646,SPDL,3,8,15,270.0,4050.0
2021041204024062,SSHL,46,34,90,234.0,21060.0
2021041204024061,SSHL,16,34,300,234.0,70200.0
2021041204024060,SSHL,36,34,10,234.0,2340.0
2021041204024059,SSHL,36,34,100,234.0,23400.0
2021041204024058,SSHL,46,34,500,234.0,117000.0
2021041204023690,SSHL,46,34,70,234.0,16380.0
2021041204023683,SSHL,49,34,300,234.0,70200.0
2021041204023682,SSHL,51,34,300,234.0,70200.0
2021041204023681,SSHL,51,34,180,234.0,42120.0
2021041204023689,SSHL,17,34,250,234.0,58500.0
2021041204023688,SSHL,50,34,"1,000",234.0,234000.0
2021041204023687,SSHL,13,34,200,234.0,46800.0
2021041204023686,SSHL,22,34,100,234.0,23400.0
2021041204023685,SSHL,11,34,100,234.0,23400.0
2021041204023684,SSHL,1,34,500,234.0,117000.0
2021041204024113,STC,57,33,10,11098.0,110980.0
2021041204024112,STC,57,7,10,11050.0,110500.0
2021041204023928,STC,7,20,10,11010.0,110100.0
2021041204023835,STC,58,7,10,11050.0,110500.0
2021041204023755,STC,38,7,10,11020.0,110200.0
2021041204023753,STC,40,7,10,11050.0,110500.0
2021041204023743,STC,28,7,10,11050.0,110500.0
2021041204023730,STC,7,20,10,11040.0,110400.0
2021041204024138,TRH,10,17,490,321.0,157290.0
2021041204024105,UIC,32,34,47,725.0,34075.0
2021041204023898,UIC,49,34,103,725.0,74675.0
2021041204023769,UIC,21,34,40,725.0,29000.0
2021041204023752,UIC,28,34,10,725.0,7250.0
2021041204023751,UIC,28,38,30,725.0,21750.0
2021041204023994,UMHL,48,57,274,185.0,50690.0
2021041204023993,UMHL,54,57,636,185.0,117660.0
2021041204023992,UMHL,22,57,90,186.0,16740.0
2021041204023937,UMHL,22,3,10,186.0,1860.0
2021041204024063,UMRH,19,45,10,295.0,2950.0
2021041204023757,UMRH,58,46,200,296.0,59200.0
2021041204023668,UMRH,35,25,100,295.0,29500.0
2021041204023667,UMRH,3,25,100,295.0,29500.0
2021041204023666,UMRH,41,25,60,295.0,17700.0
2021041204023665,UMRH,25,25,90,295.0,26550.0
2021041204024056,UNHPL,34,22,215,132.0,28380.0
2021041204024055,UNHPL,53,22,100,132.0,13200.0
2021041204024054,UNHPL,21,22,40,132.0,5280.0
2021041204024053,UNHPL,56,22,500,132.0,66000.0
2021041204024052,UNHPL,7,22,100,132.0,13200.0
2021041204024051,UNHPL,49,22,45,132.0,5940.0
2021041204023703,UNHPL,49,56,20,132.0,2640.0
2021041204024121,UPCL,40,58,205,167.0,34235.0
2021041204024120,UPCL,17,58,500,167.0,83500.0
2021041204024119,UPCL,41,58,50,167.0,8350.0
2021041204024118,UPCL,52,58,10,167.0,1670.0
2021041204023691,UPCL,52,8,50,167.0,8350.0
2021041204024057,UPCL,39,34,500,167.0,83500.0
2021041204024048,UPCL,39,45,"1,496",167.0,249832.0
2021041204024047,UPCL,37,45,100,167.0,16700.0
2021041204024046,UPCL,52,45,252,167.0,42084.0
2021041204024002,UPCL,52,55,40,167.0,6680.0
2021041204024117,UPCL,45,58,55,167.0,9185.0
2021041204024116,UPCL,22,58,40,167.0,6680.0
2021041204024115,UPCL,36,58,140,167.0,23380.0
2021041204024104,UPCL,40,58,"1,000",168.0,168000.0
2021041204024131,UPPER,41,49,17,878.0,14926.0
2021041204024130,UPPER,41,33,63,878.0,55314.0
2021041204024100,UPPER,38,38,50,877.0,43850.0
2021041204023712,UPPER,16,58,50,879.0,43950.0
2021041204023711,UPPER,16,45,50,879.0,43950.0
2021041204023734,UPPER,50,16,48,879.0,42192.0
2021041204023724,UPPER,32,16,22,879.0,19338.0
2021041204023716,UPPER,35,58,40,878.0,35120.0
2021041204023715,UPPER,25,58,10,878.0,8780.0
2021041204023815,UPPER,22,45,50,879.0,43950.0
2021041204023779,UPPER,16,45,500,879.0,439500.0
2021041204023764,UPPER,35,45,40,878.0,35120.0
2021041204023761,UPPER,8,45,300,879.0,263700.0
2021041204023742,UPPER,6,45,45,879.0,39555.0
2021041204023735,UPPER,50,45,152,879.0,133608.0
2021041204023832,UPPER,38,10,25,878.0,21950.0
2021041204023820,UPPER,26,10,100,878.0,87800.0
2021041204023818,UPPER,58,10,60,878.0,52680.0
2021041204023817,UPPER,19,10,100,878.0,87800.0
2021041204023816,UPPER,35,10,170,878.0,149260.0
2021041204023848,UPPER,28,10,20,878.0,17560.0
2021041204023916,UPPER,36,57,93,877.0,81561.0
2021041204023915,UPPER,21,57,10,877.0,8770.0
2021041204023914,UPPER,1,57,100,877.0,87700.0
2021041204023913,UPPER,54,57,100,877.0,87700.0
2021041204023912,UPPER,52,57,50,877.0,43850.0
2021041204023905,UPPER,52,41,10,877.0,8770.0
2021041204023997,UPPER,40,10,30,878.0,26340.0
2021041204023961,UPPER,28,10,20,878.0,17560.0
2021041204023938,UPPER,21,10,10,878.0,8780.0
2021041204023934,UPPER,53,10,50,878.0,43900.0
2021041204023933,UPPER,8,10,200,878.0,175600.0
2021041204024008,UPPER,59,25,200,876.0,175200.0
2021041204024007,UPPER,40,25,500,877.0,438500.0
2021041204024006,UPPER,46,25,20,877.0,17540.0
2021041204024005,UPPER,35,25,100,877.0,87700.0
2021041204024004,UPPER,45,25,200,877.0,175400.0
2021041204024000,UPPER,51,10,40,878.0,35120.0
2021041204024024,UPPER,58,10,12,878.0,10536.0
2021041204024023,UPPER,28,10,20,878.0,17560.0
2021041204024011,UPPER,28,25,57,876.0,49932.0
2021041204024010,UPPER,32,25,100,876.0,87600.0
2021041204024009,UPPER,34,25,100,876.0,87600.0
2021041204024093,UPPER,38,57,40,877.0,35080.0
2021041204024085,UPPER,36,33,207,878.0,181746.0
2021041204024084,UPPER,36,10,93,878.0,81654.0
2021041204024071,UPPER,38,14,69,877.0,60513.0
2021041204024070,UPPER,26,14,50,877.0,43850.0
2021041204024068,UPPER,13,10,50,878.0,43900.0
2021041204023636,AHPC,34,39,10,260.0,2600.0
2021041204023635,AHPC,58,39,50,260.0,13000.0
2021041204023634,AHPC,25,39,100,260.0,26000.0
2021041204023633,AHPC,25,39,20,260.0,5200.0
2021041204023632,AHPC,14,39,450,260.0,117000.0
2021041204023631,AHPC,58,39,10,260.0,2600.0
2021041204023150,AHPC,26,39,27,259.0,6993.0
2021041204023630,AHPC,14,39,96,260.0,24960.0
2021041204023593,AHPC,14,46,20,260.0,5200.0
2021041204023353,AHPC,14,39,90,260.0,23400.0
2021041204023352,AHPC,14,59,371,260.0,96460.0
2021041204023282,AHPC,34,59,200,260.0,52000.0
2021041204023220,AHPC,14,39,423,259.0,109557.0
2021041204023626,AIL,16,57,460,912.0,419520.0
2021041204023625,AIL,16,50,40,912.0,36480.0
2021041204023598,AIL,34,58,100,910.0,91000.0
2021041204023570,AIL,58,50,10,912.0,9120.0
2021041204023539,AIL,34,4,50,910.0,45500.0
2021041204023538,AIL,45,4,60,910.0,54600.0
2021041204023268,AIL,32,44,100,910.0,91000.0
2021041204023259,AIL,49,56,10,909.0,9090.0
2021041204023242,AIL,38,22,100,910.0,91000.0
2021041204023198,AIL,14,22,50,910.0,45500.0
2021041204023187,AIL,44,4,40,909.0,36360.0
2021041204023414,AIL,45,56,10,910.0,9100.0
2021041204023406,AIL,45,42,60,910.0,54600.0
2021041204023325,AIL,45,32,260,910.0,236600.0
2021041204023295,AIL,32,32,40,910.0,36400.0
2021041204023285,AIL,34,45,50,911.0,45550.0
2021041204023279,AIL,32,50,50,910.0,45500.0
2021041204023530,AIL,45,46,90,910.0,81900.0
2021041204023529,AIL,34,46,10,911.0,9110.0
2021041204023482,AIL,34,33,100,911.0,91100.0
2021041204023481,AIL,34,45,15,911.0,13665.0
2021041204023448,AIL,45,26,20,910.0,18200.0
2021041204023421,AIL,19,45,10,911.0,9110.0
2021041204023580,AKPL,49,58,15,333.0,4995.0
2021041204023578,AKPL,42,58,10,333.0,3330.0
2021041204023577,AKPL,42,37,190,333.0,63270.0
2021041204023507,AKPL,22,8,13,332.0,4316.0
2021041204023429,AKPL,22,29,36,332.0,11952.0
2021041204023428,AKPL,33,29,14,332.0,4648.0
2021041204023309,AKPL,56,45,500,333.0,166500.0
2021041204023188,AKPL,26,45,100,333.0,33300.0
2021041204023624,API,45,58,100,329.0,32900.0
2021041204023586,API,45,45,16,329.0,5264.0
2021041204023585,API,45,49,100,329.0,32900.0
2021041204023551,API,38,16,10,329.0,3290.0
2021041204023464,API,25,40,10,328.0,3280.0
2021041204023447,API,25,25,134,328.0,43952.0
2021041204023199,API,47,34,82,327.0,26814.0
2021041204023192,API,25,3,250,328.0,82000.0
2021041204023191,API,25,54,400,328.0,131200.0
2021041204023190,API,25,40,18,328.0,5904.0
2021041204023189,API,25,32,276,328.0,90528.0
2021041204023294,API,16,56,98,328.0,32144.0
2021041204023273,API,41,56,152,328.0,49856.0
2021041204023272,API,41,52,48,328.0,15744.0
2021041204023250,API,1,40,10,327.0,3270.0
2021041204023236,API,1,25,300,327.0,98100.0
2021041204023200,API,1,34,18,327.0,5886.0
2021041204023446,API,16,25,330,328.0,108240.0
2021041204023445,API,34,25,100,328.0,32800.0
2021041204023444,API,16,25,364,328.0,119392.0
2021041204023410,API,25,25,92,329.0,30268.0
2021041204023316,API,16,40,18,328.0,5904.0
2021041204023303,API,16,50,20,328.0,6560.0
2021041204023256,BARUN,39,38,200,243.0,48600.0
2021041204023255,BARUN,14,38,990,243.0,240570.0
2021041204023579,BPCL,40,59,13,421.0,5473.0
2021041204023439,BPCL,36,33,150,422.0,63300.0
2021041204023438,BPCL,51,33,50,422.0,21100.0
2021041204023437,BPCL,17,33,50,422.0,21100.0
2021041204023436,BPCL,34,33,60,423.0,25380.0
2021041204023278,BPCL,25,42,106,423.0,44838.0
2021041204023277,BPCL,34,42,27,423.0,11421.0
2021041204023265,BPCL,34,41,50,423.0,21150.0
2021041204023435,BPCL,51,33,50,423.0,21150.0
2021041204023434,BPCL,25,33,14,423.0,5922.0
2021041204023622,CGH,19,58,20,2559.0,51180.0
2021041204023621,CGH,19,58,80,2555.0,204400.0
2021041204023548,CGH,58,58,20,2555.0,51100.0
2021041204023541,CGH,51,34,10,2550.0,25500.0
2021041204023456,CGH,22,34,10,2555.0,25550.0
2021041204023455,CGH,22,58,10,2555.0,25550.0
2021041204023222,CGH,22,45,10,2550.0,25500.0
2021041204023165,CGH,22,45,10,2550.0,25500.0
2021041204023156,CGH,3,58,10,2555.0,25550.0
2021041204023145,CGH,22,40,10,2550.0,25500.0
2021041204023324,CGH,34,21,10,2555.0,25550.0
2021041204023305,CGH,34,6,10,2555.0,25550.0
2021041204023241,CGH,54,26,40,2545.0,101800.0
2021041204023240,CGH,40,26,10,2546.0,25460.0
2021041204023239,CGH,45,26,10,2550.0,25500.0
2021041204023238,CGH,22,26,50,2550.0,127500.0
2021041204023454,CGH,22,59,10,2555.0,25550.0
2021041204023453,CGH,22,48,10,2550.0,25500.0
2021041204023452,CGH,22,52,10,2550.0,25500.0
2021041204023361,CGH,45,56,10,2550.0,25500.0
2021041204023355,CGH,14,19,10,2560.0,25600.0
2021041204023332,CGH,19,58,10,2560.0,25600.0
2021041204023616,CHCL,51,33,10,650.0,6500.0
2021041204023543,CHCL,35,42,50,649.0,32450.0
2021041204023497,CHCL,26,33,30,650.0,19500.0
2021041204023471,CHCL,35,22,100,649.0,64900.0
2021041204023356,CHCL,35,52,156,649.0,101244.0
2021041204023328,CHCL,4,25,500,649.0,324500.0
2021041204023281,CHCL,45,16,50,650.0,32500.0
2021041204023280,CHCL,45,34,445,650.0,289250.0
2021041204023269,CHCL,56,1,137,649.0,88913.0
2021041204023254,CHCL,56,41,63,649.0,40887.0
2021041204023253,CHCL,58,41,80,649.0,51920.0
2021041204023640,DHPL,8,33,680,122.0,82960.0
2021041204023639,DHPL,47,33,30,122.0,3660.0
2021041204023638,DHPL,54,33,290,123.0,35670.0
2021041204023508,DHPL,54,21,10,123.0,1230.0
2021041204023151,DHPL,41,28,100,124.0,12400.0
2021041204023641,EIC,45,20,50,781.0,39050.0
2021041204023610,EIC,10,45,10,780.0,7800.0
2021041204023573,EIC,10,45,80,780.0,62400.0
2021041204023401,EIC,50,20,100,781.0,78100.0
2021041204023349,EIC,54,20,50,781.0,39050.0
2021041204023251,GHL,14,45,10,163.0,1630.0
2021041204023595,GIC,56,39,10,751.0,7510.0
2021041204023432,GIC,41,56,50,751.0,37550.0
2021041204023431,GIC,41,21,10,751.0,7510.0
2021041204023430,GIC,41,11,50,751.0,37550.0
2021041204023146,GIC,38,11,100,751.0,75100.0
2021041204023193,GIC,41,11,50,751.0,37550.0
2021041204023186,GIC,16,11,100,751.0,75100.0
2021041204023185,GIC,57,7,260,750.0,195000.0
2021041204023184,GIC,56,7,200,750.0,150000.0
2021041204023183,GIC,45,7,40,750.0,30000.0
2021041204023149,GIC,45,48,10,750.0,7500.0
2021041204023346,GIC,57,26,288,750.0,216000.0
2021041204023260,GIC,57,34,330,750.0,247500.0
2021041204023237,GIC,57,39,10,750.0,7500.0
2021041204023596,GLH,25,6,10,400.0,4000.0
2021041204023545,GLH,25,1,200,400.0,80000.0
2021041204023526,GLH,25,33,10,400.0,4000.0
2021041204023505,GLH,58,29,10,403.0,4030.0
2021041204023504,GLH,58,57,10,403.0,4030.0
2021041204023503,GLH,58,13,10,401.0,4010.0
2021041204023206,GLH,17,16,10,401.0,4010.0
2021041204023205,GLH,17,13,10,401.0,4010.0
2021041204023204,GLH,17,16,10,401.0,4010.0
2021041204023203,GLH,17,16,10,401.0,4010.0
2021041204023148,GLH,20,51,10,400.0,4000.0
2021041204023247,GLH,20,34,50,400.0,20000.0
2021041204023211,GLH,17,25,20,401.0,8020.0
2021041204023210,GLH,17,16,10,401.0,4010.0
2021041204023209,GLH,17,51,10,401.0,4010.0
2021041204023208,GLH,17,16,10,401.0,4010.0
2021041204023207,GLH,17,16,10,401.0,4010.0
2021041204023289,GLH,14,6,50,400.0,20000.0
2021041204023288,GLH,51,6,25,400.0,10000.0
2021041204023287,GLH,19,6,40,400.0,16000.0
2021041204023286,GLH,20,6,30,400.0,12000.0
2021041204023271,GLH,20,28,180,400.0,72000.0
2021041204023252,GLH,20,22,10,400.0,4000.0
2021041204023302,GLH,25,38,10,400.0,4000.0
2021041204023297,GLH,56,34,10,400.0,4000.0
2021041204023293,GLH,56,6,20,400.0,8000.0
2021041204023292,GLH,58,6,25,400.0,10000.0
2021041204023291,GLH,29,6,20,400.0,8000.0
2021041204023290,GLH,50,6,10,400.0,4000.0
2021041204023480,GLH,25,1,10,400.0,4000.0
2021041204023422,GLH,25,38,10,400.0,4000.0
2021041204023415,GLH,25,14,10,400.0,4000.0
2021041204023411,GLH,25,59,10,400.0,4000.0
2021041204023367,GLH,25,45,40,400.0,16000.0
2021041204023365,GLH,13,25,80,401.0,32080.0
2021041204023535,HDHPC,58,20,150,146.0,21900.0
2021041204023493,HDHPC,45,34,144,145.0,20880.0
2021041204023492,HDHPC,59,34,50,145.0,7250.0
2021041204023491,HDHPC,52,34,"2,000",145.0,290000.0
2021041204023490,HDHPC,25,34,500,145.0,72500.0
2021041204023489,HDHPC,43,34,500,145.0,72500.0
2021041204023313,HDHPC,46,48,500,145.0,72500.0
2021041204023488,HDHPC,49,34,96,145.0,13920.0
2021041204023487,HDHPC,42,34,350,145.0,50750.0
2021041204023486,HDHPC,43,34,10,145.0,1450.0
2021041204023485,HDHPC,46,34,"1,350",145.0,195750.0
2021041204023440,HDHPC,46,7,50,145.0,7250.0
2021041204023413,HDHPC,46,56,100,145.0,14500.0
2021041204023576,HGI,37,50,63,784.0,49392.0
2021041204023575,HGI,49,50,50,784.0,39200.0
2021041204023574,HGI,13,50,62,784.0,48608.0
2021041204023537,HGI,13,38,38,784.0,29792.0
2021041204023536,HGI,57,38,37,784.0,29008.0
2021041204023506,HGI,3,25,50,785.0,39250.0
2021041204023348,HGI,34,25,100,785.0,78500.0
2021041204023347,HGI,45,25,50,785.0,39250.0
2021041204023416,HPPL,1,52,10,396.0,3960.0
2021041204023243,HPPL,56,48,20,395.0,7900.0
2021041204023152,HPPL,56,21,10,395.0,3950.0
2021041204023555,HURJA,22,42,126,330.0,41580.0
2021041204023554,HURJA,22,52,20,330.0,6600.0
2021041204023553,HURJA,22,57,10,330.0,3300.0
2021041204023540,HURJA,56,17,20,330.0,6600.0
2021041204023615,IGI,11,58,157,1254.0,196878.0
2021041204023614,IGI,4,58,30,1254.0,37620.0
2021041204023613,IGI,42,58,17,1254.0,21318.0
2021041204023612,IGI,45,58,200,1254.0,250800.0
2021041204023611,IGI,6,58,96,1254.0,120384.0
2021041204023167,IGI,6,50,300,1254.0,376200.0
2021041204023408,IGI,7,35,20,1255.0,25100.0
2021041204023363,IGI,37,35,150,1255.0,188250.0
2021041204023496,IGI,6,32,50,1254.0,62700.0
2021041204023559,IGI,6,28,10,1254.0,12540.0
2021041204023552,IGI,6,35,100,1255.0,125500.0
2021041204023501,JOSHI,58,34,460,137.0,63020.0
2021041204023500,JOSHI,58,58,20,137.0,2740.0
2021041204023499,JOSHI,58,45,20,137.0,2740.0
2021041204023407,KKHC,32,22,50,131.0,6550.0
2021041204023221,KKHC,36,45,50,130.0,6500.0
2021041204023216,KPCL,45,35,50,282.0,14100.0
2021041204023215,KPCL,38,35,100,282.0,28200.0
2021041204023214,KPCL,42,35,384,282.0,108288.0
2021041204023213,KPCL,20,35,90,282.0,25380.0
2021041204023212,KPCL,38,35,30,282.0,8460.0
2021041204023261,KPCL,41,48,10,281.0,2810.0
2021041204023360,KPCL,44,38,110,281.0,30910.0
2021041204023359,KPCL,41,38,390,281.0,109590.0
2021041204023591,LEC,19,45,250,300.0,75000.0
2021041204023590,LEC,19,45,250,300.0,75000.0
2021041204023589,LEC,41,45,"1,000",300.0,300000.0
2021041204023549,LEC,41,19,40,300.0,12000.0
2021041204023369,LEC,41,58,10,300.0,3000.0
2021041204023351,LEC,41,45,20,300.0,6000.0
2021041204023276,LEC,41,6,10,300.0,3000.0
2021041204023166,LEC,41,58,30,300.0,9000.0
2021041204023502,LEMF,17,49,"11,699",11.14,130326.86
2021041204023362,LGIL,40,42,90,838.0,75420.0
2021041204023644,MEN,39,6,10,753.0,7530.0
2021041204023457,MEN,39,58,10,753.0,7530.0
2021041204023358,MEN,39,59,10,753.0,7530.0
2021041204023533,NBF2,47,53,150,11.33,1699.5
2021041204023470,NBF2,47,13,"1,000",11.33,11330.0
2021041204023194,NGPL,28,49,12,246.0,2952.0
2021041204023542,NHPC,40,58,500,171.0,85500.0
2021041204023498,NHPC,34,13,400,170.0,68000.0
2021041204023412,NHPC,34,48,"1,000",170.0,170000.0
2021041204023405,NHPC,41,58,500,171.0,85500.0
2021041204023327,NHPC,41,58,500,171.0,85500.0
2021041204023468,NICL,33,6,81,826.0,66906.0
2021041204023467,NICL,42,6,15,827.0,12405.0
2021041204023466,NICL,39,6,104,827.0,86008.0
2021041204023364,NICL,39,13,20,827.0,16540.0
2021041204023620,NIL,48,39,50,1669.0,83450.0
2021041204023443,NIL,6,18,45,1669.0,75105.0
2021041204023174,NIL,50,38,20,1668.0,33360.0
2021041204023173,NIL,45,38,20,1668.0,33360.0
2021041204023153,NIL,54,50,50,1670.0,83500.0
2021041204023571,NLG,38,1,10,1171.0,11710.0
2021041204023420,NLG,38,20,390,1171.0,456690.0
2021041204023419,NLG,50,20,50,1172.0,58600.0
2021041204023418,NLG,32,20,60,1173.0,70380.0
2021041204023308,NLG,42,45,50,1175.0,58750.0
2021041204023494,NMB50,48,53,200,12.3,2460.0
2021041204023476,NMB50,54,48,"1,600",12.4,19840.0
2021041204023182,NMB50,29,48,700,12.4,8680.0
2021041204023181,NMB50,17,48,200,12.4,2480.0
2021041204023329,OHL,1,49,50,470.0,23500.0
2021041204023629,PIC,3,6,10,1308.0,13080.0
2021041204023628,PICL,45,45,10,895.0,8950.0
2021041204023409,PMHPL,6,48,10,189.0,1890.0
2021041204023319,PMHPL,36,41,10,191.0,1910.0
2021041204023318,PMHPL,36,53,10,190.0,1900.0
2021041204023317,PMHPL,36,21,10,190.0,1900.0
2021041204023525,PPCL,33,19,30,305.0,9150.0
2021041204023524,PPCL,33,25,30,305.0,9150.0
2021041204023523,PPCL,33,48,50,305.0,15250.0
2021041204023522,PPCL,33,42,10,305.0,3050.0
2021041204023521,PPCL,33,32,100,305.0,30500.0
2021041204023520,PPCL,33,14,"1,000",305.0,305000.0
2021041204023513,PPCL,33,53,30,304.0,9120.0
2021041204023512,PPCL,33,41,10,303.0,3030.0
2021041204023511,PPCL,33,58,30,303.0,9090.0
2021041204023441,PPCL,53,48,10,302.0,3020.0
2021041204023304,PPCL,53,43,100,302.0,30200.0
2021041204023224,PPCL,53,22,40,302.0,12080.0
2021041204023519,PPCL,33,38,30,305.0,9150.0
2021041204023518,PPCL,33,58,10,305.0,3050.0
2021041204023517,PPCL,33,29,30,305.0,9150.0
2021041204023516,PPCL,33,58,10,305.0,3050.0
2021041204023515,PPCL,33,45,20,304.0,6080.0
2021041204023514,PPCL,33,26,10,304.0,3040.0
2021041204023449,PRIN,42,54,100,976.0,97600.0
2021041204023550,RADHI,44,36,21,474.0,9954.0
2021041204023330,RHPC,22,6,50,208.0,10400.0
2021041204023623,RHPL,28,56,10,488.0,4880.0
2021041204023600,RHPL,38,6,46,490.0,22540.0
2021041204023599,RHPL,38,59,954,489.0,466506.0
2021041204023594,RHPL,38,59,50,489.0,24450.0
2021041204023557,RHPL,38,59,80,489.0,39120.0
2021041204023527,RHPL,51,51,500,490.0,245000.0
2021041204023245,RHPL,6,58,23,490.0,11270.0
2021041204023244,RHPL,6,52,30,489.0,14670.0
2021041204023172,RHPL,28,36,40,488.0,19520.0
2021041204023171,RHPL,53,36,20,488.0,9760.0
2021041204023170,RHPL,48,36,100,488.0,48800.0
2021041204023169,RHPL,19,36,40,488.0,19520.0
2021041204023344,RHPL,8,58,57,490.0,27930.0
2021041204023326,RHPL,1,48,150,489.0,73350.0
2021041204023314,RHPL,1,16,230,489.0,112470.0
2021041204023311,RHPL,44,16,120,489.0,58680.0
2021041204023310,RHPL,44,43,80,489.0,39120.0
2021041204023246,RHPL,28,59,10,488.0,4880.0
2021041204023495,RHPL,1,58,70,489.0,34230.0
2021041204023475,RHPL,45,58,80,490.0,39200.0
2021041204023474,RHPL,45,49,15,490.0,7350.0
2021041204023473,RHPL,45,45,357,490.0,174930.0
2021041204023451,RHPL,1,56,50,489.0,24450.0
2021041204023345,RHPL,8,45,143,490.0,70070.0
2021041204023284,SAEF,21,42,"1,000",14.16,14160.0
2021041204023627,SGI,7,40,10,812.0,8120.0
2021041204023592,SGI,7,1,10,812.0,8120.0
2021041204023558,SGI,7,58,10,812.0,8120.0
2021041204023479,SGI,7,58,10,812.0,8120.0
2021041204023469,SGI,7,56,10,812.0,8120.0
2021041204023404,SGI,52,48,10,813.0,8130.0
2021041204023357,SGI,49,43,200,811.0,162200.0
2021041204023354,SGI,49,58,10,811.0,8110.0
2021041204023321,SGI,49,59,25,811.0,20275.0
2021041204023262,SGI,49,40,10,811.0,8110.0
2021041204023147,SGI,49,38,10,811.0,8110.0
2021041204023225,SHL,39,50,100,201.0,20100.0
2021041204023218,SHPC,57,28,200,370.0,74000.0
2021041204023350,SHPC,51,17,47,368.0,17296.0
2021041204023398,SHPC,52,51,100,368.0,36800.0
2021041204023397,SHPC,57,51,500,368.0,184000.0
2021041204023396,SHPC,51,51,23,368.0,8464.0
2021041204023400,SHPC,32,51,177,368.0,65136.0
2021041204023399,SHPC,55,51,200,368.0,73600.0
2021041204023322,SIC,45,33,100,1704.0,170400.0
2021041204023546,SICL,40,16,10,1927.0,19270.0
2021041204023528,SICL,32,16,10,1927.0,19270.0
2021041204023323,SICL,25,16,30,1927.0,57810.0
2021041204023301,SICL,34,38,18,1920.0,34560.0
2021041204023300,SICL,58,38,10,1920.0,19200.0
2021041204023299,SICL,8,38,50,1920.0,96000.0
2021041204023298,SICL,45,38,22,1920.0,42240.0
2021041204023603,SJCL,16,48,130,454.0,59020.0
2021041204023602,SJCL,25,48,100,454.0,45400.0
2021041204023601,SJCL,17,48,20,454.0,9080.0
2021041204023597,SJCL,17,25,10,454.0,4540.0
2021041204023572,SJCL,22,25,100,455.0,45500.0
2021041204023484,SJCL,17,58,10,454.0,4540.0
2021041204023176,SJCL,42,17,50,455.0,22750.0
2021041204023175,SJCL,40,17,180,455.0,81900.0
2021041204023168,SJCL,40,33,40,455.0,18200.0
2021041204023158,SJCL,40,58,80,455.0,36400.0
2021041204023157,SJCL,8,58,20,455.0,9100.0
2021041204023197,SJCL,54,51,30,456.0,13680.0
2021041204023196,SJCL,54,38,10,456.0,4560.0
2021041204023180,SJCL,14,17,245,454.0,111230.0
2021041204023179,SJCL,45,17,20,454.0,9080.0
2021041204023178,SJCL,29,17,50,454.0,22700.0
2021041204023177,SJCL,45,17,55,454.0,24970.0
2021041204023307,SJCL,14,8,30,454.0,13620.0
2021041204023306,SJCL,34,8,10,455.0,4550.0
2021041204023283,SJCL,34,59,10,455.0,4550.0
2021041204023249,SJCL,14,25,235,454.0,106690.0
2021041204023248,SJCL,16,25,160,455.0,72800.0
2021041204023217,SJCL,16,21,40,455.0,18200.0
2021041204023483,SJCL,44,58,30,454.0,13620.0
2021041204023478,SJCL,44,33,20,454.0,9080.0
2021041204023477,SJCL,14,33,480,454.0,217920.0
2021041204023442,SJCL,32,25,30,455.0,13650.0
2021041204023403,SJCL,14,40,30,456.0,13680.0
2021041204023402,SJCL,14,51,70,456.0,31920.0
2021041204023465,SPDL,3,8,15,270.0,4050.0
2021041204023195,SPDL,3,8,15,270.0,4050.0
2021041204023312,SSHL,43,53,600,235.0,141000.0
2021041204023267,SSHL,51,16,120,234.0,28080.0
2021041204023266,SSHL,50,16,80,234.0,18720.0
2021041204023588,TRH,10,45,180,321.0,57780.0
2021041204023587,TRH,46,45,120,322.0,38640.0
2021041204023417,TRH,46,45,150,322.0,48300.0
2021041204023366,TRH,46,56,20,322.0,6440.0
2021041204023532,UIC,6,38,"1,000",725.0,725000.0
2021041204023531,UIC,6,38,160,725.0,116000.0
2021041204023472,UIC,6,50,200,725.0,145000.0
2021041204023433,UIC,6,33,500,725.0,362500.0
2021041204023424,UIC,6,45,140,725.0,101500.0
2021041204023423,UIC,42,45,10,725.0,7250.0
2021041204023155,UIC,42,58,100,725.0,72500.0
2021041204023154,UIC,6,58,396,725.0,287100.0
2021041204023643,UMHL,54,56,543,185.0,100455.0
2021041204023642,UMHL,58,56,57,186.0,10602.0
2021041204023619,UMHL,36,29,22,187.0,4114.0
2021041204023618,UMHL,36,45,14,186.0,2604.0
2021041204023617,UMHL,36,17,14,186.0,2604.0
2021041204023564,UMHL,54,7,321,185.0,59385.0
2021041204023374,UMHL,5,8,300,185.0,55500.0
2021041204023373,UMHL,33,8,100,185.0,18500.0
2021041204023372,UMHL,33,8,300,185.0,55500.0
2021041204023371,UMHL,14,8,22,185.0,4070.0
2021041204023370,UMHL,53,8,697,186.0,129642.0
2021041204023380,UMHL,37,8,300,185.0,55500.0
2021041204023379,UMHL,45,8,500,185.0,92500.0
2021041204023378,UMHL,6,8,"1,000",185.0,185000.0
2021041204023377,UMHL,38,8,100,185.0,18500.0
2021041204023376,UMHL,40,8,200,185.0,37000.0
2021041204023375,UMHL,57,8,500,185.0,92500.0
2021041204023386,UMHL,58,8,100,185.0,18500.0
2021041204023385,UMHL,11,8,10,185.0,1850.0
2021041204023384,UMHL,20,8,500,185.0,92500.0
2021041204023383,UMHL,39,8,300,185.0,55500.0
2021041204023382,UMHL,57,8,500,185.0,92500.0
2021041204023381,UMHL,38,8,200,185.0,37000.0
2021041204023392,UMHL,16,8,500,185.0,92500.0
2021041204023391,UMHL,6,8,150,185.0,27750.0
2021041204023390,UMHL,53,8,"1,000",185.0,185000.0
2021041204023389,UMHL,48,8,500,185.0,92500.0
2021041204023388,UMHL,7,8,"1,000",185.0,185000.0
2021041204023387,UMHL,6,8,100,185.0,18500.0
2021041204023395,UMHL,17,8,21,185.0,3885.0
2021041204023394,UMHL,50,8,"1,000",185.0,185000.0
2021041204023393,UMHL,51,8,100,185.0,18500.0
2021041204023563,UMHL,38,7,200,185.0,37000.0
2021041204023562,UMHL,40,7,300,185.0,55500.0
2021041204023561,UMHL,22,7,100,185.0,18500.0
2021041204023560,UMHL,17,7,79,185.0,14615.0
2021041204023450,UMRH,25,48,10,295.0,2950.0
2021041204023425,UMRH,6,17,10,295.0,2950.0
2021041204023547,UPCL,35,58,500,168.0,84000.0
2021041204023427,UPCL,43,58,500,168.0,84000.0
2021041204023320,UPCL,34,58,100,168.0,16800.0
2021041204023315,UPCL,54,58,200,168.0,33600.0
2021041204023223,UPCL,22,58,30,168.0,5040.0
2021041204023637,UPPER,40,34,82,879.0,72078.0
2021041204023161,UPPER,16,57,100,881.0,88100.0
2021041204023160,UPPER,16,52,10,881.0,8810.0
2021041204023159,UPPER,16,45,183,881.0,161223.0
2021041204023202,UPPER,34,57,147,881.0,129507.0
2021041204023201,UPPER,34,25,53,881.0,46693.0
2021041204023164,UPPER,16,25,47,881.0,41407.0
2021041204023163,UPPER,16,57,110,881.0,96910.0
2021041204023162,UPPER,16,58,50,881.0,44050.0
2021041204023219,UPPER,49,45,40,880.0,35200.0
2021041204023231,UPPER,50,19,50,880.0,44000.0
2021041204023230,UPPER,58,19,13,880.0,11440.0
2021041204023229,UPPER,45,19,30,880.0,26400.0
2021041204023228,UPPER,39,19,300,880.0,264000.0
2021041204023227,UPPER,57,19,50,880.0,44000.0
2021041204023226,UPPER,49,19,120,880.0,105600.0
2021041204023258,UPPER,59,25,250,880.0,220000.0
2021041204023257,UPPER,19,25,249,880.0,219120.0
2021041204023235,UPPER,19,19,51,880.0,44880.0
2021041204023234,UPPER,34,19,100,880.0,88000.0
2021041204023233,UPPER,45,19,100,880.0,88000.0
2021041204023232,UPPER,18,19,13,880.0,11440.0
2021041204023275,UPPER,58,14,100,880.0,88000.0
2021041204023274,UPPER,57,14,50,880.0,44000.0
2021041204023270,UPPER,10,25,100,880.0,88000.0
2021041204023264,UPPER,10,35,400,880.0,352000.0
2021041204023263,UPPER,22,35,100,880.0,88000.0
2021041204023336,UPPER,48,33,200,879.0,175800.0
2021041204023335,UPPER,35,33,265,879.0,232935.0
2021041204023334,UPPER,14,33,50,879.0,43950.0
2021041204023333,UPPER,35,33,20,879.0,17580.0
2021041204023331,UPPER,32,14,111,880.0,97680.0
2021041204023296,UPPER,26,14,100,880.0,88000.0
2021041204023342,UPPER,58,33,50,879.0,43950.0
2021041204023341,UPPER,22,33,200,879.0,175800.0
2021041204023340,UPPER,5,33,10,879.0,8790.0
2021041204023339,UPPER,19,33,30,879.0,26370.0
2021041204023338,UPPER,39,33,500,879.0,439500.0
2021041204023337,UPPER,21,33,100,879.0,87900.0
2021041204023368,UPPER,38,39,10,879.0,8790.0
2021041204023343,UPPER,58,14,350,880.0,308000.0
2021041204023462,UPPER,26,49,10,878.0,8780.0
2021041204023461,UPPER,14,49,50,878.0,43900.0
2021041204023460,UPPER,40,49,50,878.0,43900.0
2021041204023459,UPPER,57,49,30,878.0,26340.0
2021041204023458,UPPER,3,49,200,878.0,175600.0
2021041204023426,UPPER,58,39,150,879.0,131850.0
2021041204023544,UPPER,8,16,40,878.0,35120.0
2021041204023534,UPPER,58,39,20,879.0,17580.0
2021041204023510,UPPER,14,39,10,879.0,8790.0
2021041204023509,UPPER,8,21,10,878.0,8780.0
2021041204023463,UPPER,8,49,160,878.0,140480.0
2021041204023567,UPPER,17,33,30,878.0,26340.0
2021041204023566,UPPER,32,33,200,878.0,175600.0
2021041204023565,UPPER,8,33,90,878.0,79020.0
2021041204023556,UPPER,8,45,200,878.0,175600.0
2021041204023584,UPPER,32,34,216,879.0,189864.0
2021041204023583,UPPER,32,33,494,879.0,434226.0
2021041204023582,UPPER,32,39,80,879.0,70320.0
2021041204023581,UPPER,32,33,210,878.0,184380.0
2021041204023569,UPPER,49,33,30,878.0,26340.0
2021041204023568,UPPER,38,33,50,878.0,43900.0
2021041204023609,UPPER,52,45,120,877.0,105240.0
2021041204023608,UPPER,26,45,500,877.0,438500.0
2021041204023607,UPPER,32,45,100,877.0,87700.0
2021041204023606,UPPER,41,45,125,877.0,109625.0
2021041204023605,UPPER,51,45,500,877.0,438500.0
2021041204023604,UPPER,41,45,150,877.0,131550.0
2021041204023126,AHPC,41,39,50,259.0,12950.0
2021041204022919,AHPC,49,39,200,259.0,51800.0
2021041204022876,AHPC,36,39,100,259.0,25900.0
2021041204022875,AHPC,17,39,200,259.0,51800.0
2021041204022874,AHPC,16,39,100,259.0,25900.0
2021041204022873,AHPC,42,39,90,259.0,23310.0
2021041204022762,AHPC,58,59,600,260.0,156000.0
2021041204022666,AHPC,34,42,270,259.0,69930.0
2021041204022665,AHPC,50,42,730,259.0,189070.0
2021041204022866,AHPC,32,39,500,259.0,129500.0
2021041204022865,AHPC,42,39,300,259.0,77700.0
2021041204022862,AHPC,42,17,700,259.0,181300.0
2021041204022861,AHPC,55,17,70,259.0,18130.0
2021041204022860,AHPC,34,17,230,259.0,59570.0
2021041204022837,AHPC,4,59,200,260.0,52000.0
2021041204022872,AHPC,29,39,500,259.0,129500.0
2021041204022871,AHPC,5,39,100,259.0,25900.0
2021041204022870,AHPC,36,39,100,259.0,25900.0
2021041204022869,AHPC,40,39,50,259.0,12950.0
2021041204022868,AHPC,44,39,500,259.0,129500.0
2021041204022867,AHPC,16,39,"1,000",259.0,259000.0
2021041204023109,AIL,44,59,10,909.0,9090.0
2021041204023086,AIL,18,22,10,910.0,9100.0
2021041204023083,AIL,26,22,20,910.0,18200.0
2021041204022947,AIL,51,22,20,910.0,18200.0
2021041204022895,AIL,51,7,10,910.0,9100.0
2021041204022882,AIL,51,32,10,910.0,9100.0
2021041204022767,AIL,41,41,100,910.0,91000.0
2021041204022881,AIL,51,6,10,909.0,9090.0
2021041204022820,AIL,48,55,10,910.0,9100.0
2021041204022819,AIL,48,42,10,910.0,9100.0
2021041204022818,AIL,48,57,10,910.0,9100.0
2021041204022817,AIL,48,41,49,910.0,44590.0
2021041204022779,AIL,38,4,40,909.0,36360.0
2021041204023019,AKPL,33,34,86,332.0,28552.0
2021041204023018,AKPL,29,34,14,332.0,4648.0
2021041204022946,AKPL,29,1,13,332.0,4316.0
2021041204022794,AKPL,45,45,200,333.0,66600.0
2021041204022756,AKPL,29,45,11,332.0,3652.0
2021041204022656,AKPL,38,45,300,333.0,99900.0
2021041204023123,API,47,40,18,327.0,5886.0
2021041204023089,API,28,32,100,328.0,32800.0
2021041204023038,API,34,25,"2,000",328.0,656000.0
2021041204022939,API,49,32,24,328.0,7872.0
2021041204022922,API,25,25,"1,000",328.0,328000.0
2021041204022911,API,6,25,30,329.0,9870.0
2021041204022863,API,49,40,18,328.0,5904.0
2021041204022848,API,49,17,28,328.0,9184.0
2021041204022770,API,26,49,300,328.0,98400.0
2021041204022683,API,42,49,30,328.0,9840.0
2021041204022647,API,42,49,300,328.0,98400.0
2021041204022645,API,48,49,67,328.0,21976.0
2021041204022699,BARUN,14,17,10,243.0,2430.0
2021041204023042,BPCL,34,58,10,423.0,4230.0
2021041204022681,BPCL,38,35,100,426.0,42600.0
2021041204022680,BPCL,38,56,13,426.0,5538.0
2021041204022679,BPCL,38,7,133,426.0,56658.0
2021041204022736,BPCL,34,17,13,423.0,5499.0
2021041204022720,BPCL,36,44,51,427.0,21777.0
2021041204022719,BPCL,36,42,24,427.0,10248.0
2021041204022718,BPCL,36,53,25,427.0,10675.0
2021041204022682,BPCL,38,38,195,426.0,83070.0
2021041204023133,CGH,22,49,10,2550.0,25500.0
2021041204023125,CGH,22,42,10,2550.0,25500.0
2021041204023095,CGH,3,40,10,2555.0,25550.0
2021041204023085,CGH,58,58,10,2550.0,25500.0
2021041204023066,CGH,54,38,10,2545.0,25450.0
2021041204023040,CGH,3,42,10,2550.0,25500.0
2021041204022724,CGH,52,28,10,2550.0,25500.0
2021041204022723,CGH,52,36,10,2550.0,25500.0
2021041204022722,CGH,52,25,140,2550.0,357000.0
2021041204022669,CGH,29,25,10,2540.0,25400.0
2021041204022668,CGH,50,25,290,2540.0,736600.0
2021041204022667,CGH,40,25,10,2541.0,25410.0
2021041204022730,CGH,42,55,10,2550.0,25500.0
2021041204022729,CGH,42,45,10,2550.0,25500.0
2021041204022728,CGH,42,52,40,2550.0,102000.0
2021041204022727,CGH,52,3,200,2550.0,510000.0
2021041204022726,CGH,52,29,130,2550.0,331500.0
2021041204022725,CGH,52,36,10,2550.0,25500.0
2021041204022815,CGH,3,29,10,2552.0,25520.0
2021041204022790,CGH,42,6,10,2550.0,25500.0
2021041204022780,CGH,42,20,50,2550.0,127500.0
2021041204022738,CGH,42,21,10,2550.0,25500.0
2021041204022737,CGH,42,52,10,2550.0,25500.0
2021041204022731,CGH,42,6,10,2550.0,25500.0
2021041204022829,CGH,41,41,10,2560.0,25600.0
2021041204022828,CGH,41,52,10,2555.0,25550.0
2021041204022827,CGH,41,42,10,2555.0,25550.0
2021041204022826,CGH,41,8,10,2555.0,25550.0
2021041204022825,CGH,41,13,10,2552.0,25520.0
2021041204022823,CGH,42,21,10,2550.0,25500.0
2021041204022838,CGH,42,25,"1,340",2550.0,3417000.0
2021041204022834,CGH,41,53,10,2560.0,25600.0
2021041204022833,CGH,41,39,10,2560.0,25600.0
2021041204022832,CGH,41,41,10,2560.0,25600.0
2021041204022831,CGH,41,41,10,2560.0,25600.0
2021041204022830,CGH,41,41,10,2560.0,25600.0
2021041204022846,CGH,52,34,10,2570.0,25700.0
2021041204022845,CGH,52,58,10,2569.0,25690.0
2021041204022844,CGH,52,25,10,2564.0,25640.0
2021041204022843,CGH,52,38,10,2560.0,25600.0
2021041204022842,CGH,52,53,140,2560.0,358400.0
2021041204022841,CGH,52,25,20,2550.0,51000.0
2021041204022929,CGH,53,25,50,2570.0,128500.0
2021041204022928,CGH,53,58,10,2570.0,25700.0
2021041204022927,CGH,53,55,10,2570.0,25700.0
2021041204022926,CGH,53,45,10,2570.0,25700.0
2021041204022925,CGH,53,34,10,2570.0,25700.0
2021041204022924,CGH,53,57,10,2550.0,25500.0
2021041204023113,CHCL,14,34,100,650.0,65000.0
2021041204023017,CHCL,35,34,"1,000",650.0,650000.0
2021041204023007,CHCL,26,34,100,650.0,65000.0
2021041204022942,CHCL,38,56,14,648.0,9072.0
2021041204022941,CHCL,6,56,10,649.0,6490.0
2021041204022940,CHCL,25,56,26,649.0,16874.0
2021041204022702,CHCL,57,34,285,650.0,185250.0
2021041204022701,CHCL,5,34,20,651.0,13020.0
2021041204022688,CHCL,19,34,100,652.0,65200.0
2021041204022677,CHCL,52,1,50,651.0,32550.0
2021041204022912,CHCL,51,34,50,650.0,32500.0
2021041204022904,CHCL,58,59,100,649.0,64900.0
2021041204022903,CHCL,43,59,100,649.0,64900.0
2021041204022902,CHCL,41,59,200,649.0,129800.0
2021041204022901,CHCL,58,59,500,649.0,324500.0
2021041204022900,CHCL,45,59,100,649.0,64900.0
2021041204023120,CHL,50,42,10,245.0,2450.0
2021041204023119,CHL,14,42,50,245.0,12250.0
2021041204023118,CHL,50,42,10,245.0,2450.0
2021041204023117,CHL,21,42,200,245.0,49000.0
2021041204023116,CHL,14,42,10,245.0,2450.0
2021041204023115,CHL,57,42,17,245.0,4165.0
2021041204023014,CHL,57,58,60,245.0,14700.0
2021041204022840,CHL,57,17,10,245.0,2450.0
2021041204022795,CMF2,17,42,100,11.1,1110.0
2021041204023084,DHPL,50,34,570,123.0,70110.0
2021041204023114,EIC,49,20,125,781.0,97625.0
2021041204023104,EIC,40,20,12,781.0,9372.0
2021041204022918,EIC,33,20,273,781.0,213213.0
2021041204022917,EIC,33,57,27,781.0,21087.0
2021041204022694,EIC,10,51,10,780.0,7800.0
2021041204022693,EIC,10,39,10,780.0,7800.0
2021041204023091,GHL,56,45,60,163.0,9780.0
2021041204023006,GHL,14,45,20,163.0,3260.0
2021041204023005,GHL,58,45,995,163.0,162185.0
2021041204023140,GIC,58,43,190,750.0,142500.0
2021041204023064,GIC,58,6,10,750.0,7500.0
2021041204023003,GIC,38,49,24,750.0,18000.0
2021041204023002,GIC,38,49,50,750.0,37500.0
2021041204023001,GIC,34,49,26,750.0,19500.0
2021041204022945,GIC,34,57,160,750.0,120000.0
2021041204022742,GIC,51,42,10,750.0,7500.0
2021041204022741,GIC,58,42,46,750.0,34500.0
2021041204022691,GIC,6,28,50,752.0,37600.0
2021041204022690,GIC,6,16,10,751.0,7510.0
2021041204022685,GIC,58,42,934,750.0,700500.0
2021041204022684,GIC,45,42,66,751.0,49566.0
2021041204022748,GIC,34,42,44,750.0,33000.0
2021041204022747,GIC,41,42,50,750.0,37500.0
2021041204022746,GIC,38,42,100,750.0,75000.0
2021041204022745,GIC,41,42,200,750.0,150000.0
2021041204022744,GIC,51,42,10,750.0,7500.0
2021041204022743,GIC,49,42,40,750.0,30000.0
2021041204022816,GIC,34,57,30,750.0,22500.0
2021041204023139,GLH,20,42,10,400.0,4000.0
2021041204023074,GLH,42,16,10,401.0,4010.0
2021041204023071,GLH,20,11,10,400.0,4000.0
2021041204023067,GLH,14,22,10,400.0,4000.0
2021041204022896,GLH,14,45,10,400.0,4000.0
2021041204022836,GLH,14,36,10,400.0,4000.0
2021041204022700,GLH,29,16,10,401.0,4010.0
2021041204022675,GLH,29,16,10,401.0,4010.0
2021041204022773,GLH,14,26,10,400.0,4000.0
2021041204022759,GLH,42,59,10,401.0,4010.0
2021041204022753,GLH,14,58,240,400.0,96000.0
2021041204022752,GLH,14,58,10,401.0,4010.0
2021041204022751,GLH,58,58,10,401.0,4010.0
2021041204022740,GLH,29,16,10,401.0,4010.0
2021041204023143,HDHPC,58,20,10,146.0,1460.0
2021041204022913,HDHPC,46,33,280,145.0,40600.0
2021041204022824,HDHPC,22,29,10,144.0,1440.0
2021041204022750,HDHPC,52,33,20,145.0,2900.0
2021041204022749,HDHPC,52,58,80,145.0,11600.0
2021041204022658,HDHPC,10,58,140,145.0,20300.0
2021041204022657,HDHPC,41,58,300,145.0,43500.0
2021041204023112,HGI,39,43,938,790.0,741020.0
2021041204023036,HGI,39,49,94,790.0,74260.0
2021041204023035,HGI,39,58,80,790.0,63200.0
2021041204023034,HGI,39,57,100,790.0,79000.0
2021041204023033,HGI,39,29,150,790.0,118500.0
2021041204023032,HGI,39,8,100,790.0,79000.0
2021041204022909,HGI,57,58,50,784.0,39200.0
2021041204022857,HGI,47,21,70,783.0,54810.0
2021041204023025,HGI,39,33,50,786.0,39300.0
2021041204023024,HGI,39,13,12,786.0,9432.0
2021041204023023,HGI,39,17,100,786.0,78600.0
2021041204023022,HGI,39,34,100,786.0,78600.0
2021041204023021,HGI,39,43,756,786.0,594216.0
2021041204022910,HGI,57,42,13,784.0,10192.0
