Transact. No.,Symbol,Buyer,Seller,Quantity,Rate,Amount
2021041304021678,AHPC,56,57,50,260.0,13000.0
2021041304021745,AIL,1,20,45,900.0,40500.0
2021041304021631,AKPL,16,4,100,335.0,33500.0
2021041304021630,AKPL,18,4,800,335.0,268000.0
2021041304021629,AKPL,16,4,200,335.0,67000.0
2021041304021628,AKPL,55,4,300,335.0,100500.0
2021041304021627,AKPL,16,4,136,335.0,45560.0
2021041304021753,API,40,57,569,344.0,195736.0
2021041304021752,API,40,16,431,344.0,148264.0
2021041304021736,API,49,16,50,344.0,17200.0
2021041304021685,API,35,16,20,344.0,6880.0
2021041304021676,API,41,16,339,344.0,116616.0
2021041304021675,API,34,16,100,345.0,34500.0
2021041304021633,API,41,38,661,344.0,227384.0
2021041304021615,API,59,38,200,344.0,68800.0
2021041304021614,API,43,38,25,344.0,8600.0
2021041304021613,API,50,38,500,344.0,172000.0
2021041304021612,API,29,38,100,344.0,34400.0
2021041304021611,API,6,38,14,344.0,4816.0
2021041304021639,API,52,42,100,345.0,34500.0
2021041304021638,API,52,57,200,345.0,69000.0
2021041304021637,API,52,21,50,345.0,17250.0
2021041304021636,API,52,54,400,345.0,138000.0
2021041304021635,API,52,21,10,345.0,3450.0
2021041304021634,API,52,49,102,345.0,35190.0
2021041304021674,API,52,16,60,345.0,20700.0
2021041304021654,API,52,21,50,345.0,17250.0
2021041304021643,API,52,52,100,345.0,34500.0
2021041304021642,API,52,49,50,345.0,17250.0
2021041304021641,API,52,19,100,345.0,34500.0
2021041304021640,API,52,6,"3,000",345.0,1035000.0
2021041304021739,CGH,51,26,10,2485.0,24850.0
2021041304021738,CGH,4,26,20,2485.0,49700.0
2021041304021734,CGH,4,21,10,2485.0,24850.0
2021041304021723,CGH,54,56,10,2485.0,24850.0
2021041304021722,CGH,25,1,80,2488.0,199040.0
2021041304021721,CGH,25,56,50,2487.0,124350.0
2021041304021679,CGH,7,18,15,2485.0,37275.0
2021041304021619,CGH,7,44,25,2485.0,62125.0
2021041304021686,CGH,55,18,250,2485.0,621250.0
2021041304021684,CGH,53,18,50,2485.0,124250.0
2021041304021683,CGH,53,18,20,2485.0,49700.0
2021041304021682,CGH,45,18,10,2485.0,24850.0
2021041304021681,CGH,16,18,50,2485.0,124250.0
2021041304021680,CGH,45,18,100,2485.0,248500.0
2021041304021746,CHCL,34,45,30,655.0,19650.0
2021041304021646,CHCL,21,35,96,656.0,62976.0
2021041304021645,CHCL,25,35,10,656.0,6560.0
2021041304021730,DHPL,22,45,160,122.0,19520.0
2021041304021726,DHPL,52,38,500,123.0,61500.0
2021041304021655,DHPL,22,38,"1,268",123.0,155964.0
2021041304021624,DHPL,38,38,200,123.0,24600.0
2021041304021754,EIC,45,45,20,774.0,15480.0
2021041304021735,GHL,49,10,20,165.0,3300.0
2021041304021733,GHL,1,10,39,165.0,6435.0
2021041304021713,GHL,1,1,330,165.0,54450.0
2021041304021751,GIC,55,56,100,741.0,74100.0
2021041304021677,GLH,39,59,10,397.0,3970.0
2021041304021660,GLH,39,50,10,397.0,3970.0
2021041304021632,GLH,39,17,20,397.0,7940.0
2021041304021623,HDHPC,57,38,15,147.0,2205.0
2021041304021622,HDHPC,58,38,100,148.0,14800.0
2021041304021621,HDHPC,33,38,10,148.0,1480.0
2021041304021620,HDHPC,45,38,75,148.0,11100.0
2021041304021706,HGI,48,20,90,775.0,69750.0
2021041304021705,HGI,34,20,70,775.0,54250.0
2021041304021704,HGI,6,20,100,775.0,77500.0
2021041304021703,HGI,6,20,10,775.0,7750.0
2021041304021693,HGI,6,58,90,775.0,69750.0
2021041304021692,HGI,57,58,10,777.0,7770.0
2021041304021658,HGI,57,41,140,777.0,108780.0
2021041304021657,HGI,57,38,50,777.0,38850.0
2021041304021731,HPPL,50,25,100,398.0,39800.0
2021041304021737,IGI,4,44,18,1257.0,22626.0
2021041304021696,IGI,54,51,10,1255.0,12550.0
2021041305000348,JLI,25,21,10,514.0,5140.0
2021041305000346,JLI,25,38,10,514.0,5140.0
2021041305000344,JLI,38,14,1,507.0,507.0
2021041305000327,JLI,25,48,10,514.0,5140.0
2021041305000302,JLI,25,4,10,514.0,5140.0
2021041305000278,JLI,25,58,10,514.0,5140.0
2021041305000040,JLI,38,3,3,492.0,1476.0
2021041305000035,JLI,54,4,10,495.0,4950.0
2021041305000021,JLI,35,4,10,486.0,4860.0
2021041305000020,JLI,35,4,10,486.0,4860.0
2021041305000015,JLI,38,3,7,474.0,3318.0
2021041305000014,JLI,41,38,10,477.0,4770.0
2021041305000076,JLI,38,58,4,513.0,2052.0
2021041305000064,JLI,25,22,10,514.0,5140.0
2021041305000061,JLI,25,56,10,514.0,5140.0
2021041305000048,JLI,25,52,10,514.0,5140.0
2021041305000044,JLI,25,49,10,514.0,5140.0
2021041305000041,JLI,25,29,10,504.0,5040.0
2021041305000114,JLI,50,58,9,514.0,4626.0
2021041305000108,JLI,38,58,1,511.0,511.0
2021041305000092,JLI,38,21,1,505.0,505.0
2021041305000085,JLI,25,57,10,514.0,5140.0
2021041305000084,JLI,38,58,3,512.0,1536.0
2021041305000082,JLI,38,58,3,513.0,1539.0
2021041305000141,JLI,25,58,10,514.0,5140.0
2021041305000136,JLI,38,58,1,514.0,514.0
2021041305000134,JLI,38,58,9,513.0,4617.0
2021041305000131,JLI,38,58,1,514.0,514.0
2021041305000130,JLI,38,58,9,513.0,4617.0
2021041305000120,JLI,25,1,10,514.0,5140.0
2021041305000213,JLI,25,53,10,514.0,5140.0
2021041305000209,JLI,25,38,10,514.0,5140.0
2021041305000205,JLI,25,19,10,514.0,5140.0
2021041305000165,JLI,25,38,10,514.0,5140.0
2021041305000159,JLI,25,6,10,514.0,5140.0
2021041305000149,JLI,25,41,10,514.0,5140.0
2021041305000276,JLI,25,58,10,514.0,5140.0
2021041305000246,JLI,25,58,10,514.0,5140.0
2021041305000235,JLI,25,38,10,514.0,5140.0
2021041305000233,JLI,25,47,10,514.0,5140.0
2021041305000227,JLI,25,42,10,514.0,5140.0
2021041305000222,JLI,25,42,10,514.0,5140.0
2021041304021728,KKHC,34,35,66,132.0,8712.0
2021041304021701,LEC,1,53,430,303.0,130290.0
2021041304021700,LEC,1,49,30,303.0,9090.0
2021041304021699,LEC,1,45,40,303.0,12120.0
2021041304021653,LGIL,39,56,60,832.0,49920.0
2021041304021625,MEN,19,32,10,833.0,8330.0
2021041305000345,MLBSL,11,51,10,1099.0,10990.0
2021041305000168,MLBSL,33,45,10,1078.0,10780.0
2021041305000155,MLBSL,33,34,10,1078.0,10780.0
2021041305000128,MLBSL,47,22,10,1057.0,10570.0
2021041305000004,MLBSL,50,34,10,1037.0,10370.0
2021041304021729,NHPC,47,34,200,166.0,33200.0
2021041305000353,NICLBSL,17,50,20,1699.0,33980.0
2021041305000352,NICLBSL,17,29,10,1699.0,16990.0
2021041305000351,NICLBSL,17,38,10,1699.0,16990.0
2021041305000350,NICLBSL,17,22,10,1699.0,16990.0
2021041305000349,NICLBSL,1,21,5,1666.0,8330.0
2021041305000347,NICLBSL,17,49,10,1699.0,16990.0
2021041305000007,NICLBSL,41,28,10,1699.0,16990.0
2021041305000006,NICLBSL,41,36,10,1699.0,16990.0
2021041305000005,NICLBSL,41,14,21,1699.0,35679.0
2021041305000003,NICLBSL,46,40,10,1687.0,16870.0
2021041305000002,NICLBSL,22,36,10,1654.0,16540.0
2021041305000001,NICLBSL,49,33,10,1622.0,16220.0
2021041305000013,NICLBSL,41,43,20,1699.0,33980.0
2021041305000012,NICLBSL,41,4,10,1699.0,16990.0
2021041305000011,NICLBSL,41,45,10,1699.0,16990.0
2021041305000010,NICLBSL,41,5,10,1699.0,16990.0
2021041305000009,NICLBSL,41,29,10,1699.0,16990.0
2021041305000008,NICLBSL,41,45,10,1699.0,16990.0
2021041305000023,NICLBSL,41,41,20,1699.0,33980.0
2021041305000022,NICLBSL,41,4,10,1699.0,16990.0
2021041305000019,NICLBSL,41,42,10,1699.0,16990.0
2021041305000018,NICLBSL,41,4,10,1699.0,16990.0
2021041305000017,NICLBSL,41,38,50,1699.0,84950.0
2021041305000016,NICLBSL,41,10,10,1699.0,16990.0
2021041305000029,NICLBSL,41,56,10,1699.0,16990.0
2021041305000028,NICLBSL,41,42,10,1699.0,16990.0
2021041305000027,NICLBSL,41,56,10,1699.0,16990.0
2021041305000026,NICLBSL,41,56,10,1699.0,16990.0
2021041305000025,NICLBSL,41,4,20,1699.0,33980.0
2021041305000024,NICLBSL,41,58,10,1699.0,16990.0
2021041305000036,NICLBSL,41,42,10,1699.0,16990.0
2021041305000034,NICLBSL,41,52,10,1699.0,16990.0
2021041305000033,NICLBSL,41,39,20,1699.0,33980.0
2021041305000032,NICLBSL,41,57,10,1699.0,16990.0
2021041305000031,NICLBSL,41,33,10,1699.0,16990.0
2021041305000030,NICLBSL,41,39,10,1699.0,16990.0
2021041305000045,NICLBSL,41,42,10,1699.0,16990.0
2021041305000043,NICLBSL,41,39,10,1699.0,16990.0
2021041305000042,NICLBSL,41,45,10,1699.0,16990.0
2021041305000039,NICLBSL,41,56,10,1699.0,16990.0
2021041305000038,NICLBSL,41,52,10,1699.0,16990.0
2021041305000037,NICLBSL,41,4,10,1699.0,16990.0
2021041305000052,NICLBSL,41,39,20,1699.0,33980.0
2021041305000051,NICLBSL,41,39,10,1699.0,16990.0
2021041305000050,NICLBSL,41,39,10,1699.0,16990.0
2021041305000049,NICLBSL,41,14,440,1699.0,747560.0
2021041305000047,NICLBSL,41,11,10,1699.0,16990.0
2021041305000046,NICLBSL,41,42,10,1699.0,16990.0
2021041305000058,NICLBSL,41,39,10,1699.0,16990.0
2021041305000057,NICLBSL,41,1,10,1699.0,16990.0
2021041305000056,NICLBSL,41,57,10,1699.0,16990.0
2021041305000055,NICLBSL,41,39,10,1699.0,16990.0
2021041305000054,NICLBSL,41,26,10,1699.0,16990.0
2021041305000053,NICLBSL,41,39,10,1699.0,16990.0
2021041305000066,NICLBSL,41,45,10,1699.0,16990.0
2021041305000065,NICLBSL,41,45,10,1699.0,16990.0
2021041305000063,NICLBSL,41,39,10,1699.0,16990.0
2021041305000062,NICLBSL,41,22,10,1699.0,16990.0
2021041305000060,NICLBSL,41,39,20,1699.0,33980.0
2021041305000059,NICLBSL,41,45,10,1699.0,16990.0
2021041305000072,NICLBSL,41,42,51,1699.0,86649.0
2021041305000071,NICLBSL,41,46,10,1699.0,16990.0
2021041305000070,NICLBSL,41,13,10,1699.0,16990.0
2021041305000069,NICLBSL,41,45,10,1699.0,16990.0
2021041305000068,NICLBSL,41,39,10,1699.0,16990.0
2021041305000067,NICLBSL,41,45,10,1699.0,16990.0
2021041305000079,NICLBSL,41,46,20,1699.0,33980.0
2021041305000078,NICLBSL,41,46,20,1699.0,33980.0
2021041305000077,NICLBSL,52,45,1,1699.0,1699.0
2021041305000075,NICLBSL,41,39,10,1699.0,16990.0
2021041305000074,NICLBSL,50,45,9,1699.0,15291.0
2021041305000073,NICLBSL,41,39,10,1699.0,16990.0
2021041305000088,NICLBSL,58,14,465,1699.0,790035.0
2021041305000087,NICLBSL,58,36,10,1699.0,16990.0
2021041305000086,NICLBSL,58,36,10,1699.0,16990.0
2021041305000083,NICLBSL,58,36,10,1699.0,16990.0
2021041305000081,NICLBSL,41,22,10,1699.0,16990.0
2021041305000080,NICLBSL,41,28,10,1699.0,16990.0
2021041305000095,NICLBSL,58,49,10,1699.0,16990.0
2021041305000094,NICLBSL,58,48,20,1699.0,33980.0
2021041305000093,NICLBSL,58,51,10,1699.0,16990.0
2021041305000091,NICLBSL,58,42,10,1699.0,16990.0
2021041305000090,NICLBSL,58,17,10,1699.0,16990.0
2021041305000089,NICLBSL,58,36,10,1699.0,16990.0
2021041305000101,NICLBSL,58,28,10,1699.0,16990.0
2021041305000100,NICLBSL,58,57,10,1699.0,16990.0
2021041305000099,NICLBSL,58,28,10,1699.0,16990.0
2021041305000098,NICLBSL,58,25,10,1699.0,16990.0
2021041305000097,NICLBSL,58,32,10,1699.0,16990.0
2021041305000096,NICLBSL,58,49,10,1699.0,16990.0
2021041305000107,NICLBSL,58,45,10,1699.0,16990.0
2021041305000106,NICLBSL,58,49,10,1699.0,16990.0
2021041305000105,NICLBSL,58,56,10,1699.0,16990.0
2021041305000104,NICLBSL,58,56,10,1699.0,16990.0
2021041305000103,NICLBSL,58,48,10,1699.0,16990.0
2021041305000102,NICLBSL,58,4,20,1699.0,33980.0
2021041305000115,NICLBSL,58,49,10,1699.0,16990.0
2021041305000113,NICLBSL,58,50,40,1699.0,67960.0
2021041305000112,NICLBSL,58,50,60,1699.0,101940.0
2021041305000111,NICLBSL,58,45,10,1699.0,16990.0
2021041305000110,NICLBSL,58,25,10,1699.0,16990.0
2021041305000109,NICLBSL,58,56,20,1699.0,33980.0
2021041305000122,NICLBSL,58,55,20,1699.0,33980.0
2021041305000121,NICLBSL,58,22,10,1699.0,16990.0
2021041305000119,NICLBSL,58,39,10,1699.0,16990.0
2021041305000118,NICLBSL,58,58,20,1699.0,33980.0
2021041305000117,NICLBSL,58,52,20,1699.0,33980.0
2021041305000116,NICLBSL,58,48,10,1699.0,16990.0
2021041305000129,NICLBSL,58,14,10,1699.0,16990.0
2021041305000127,NICLBSL,58,45,10,1699.0,16990.0
2021041305000126,NICLBSL,58,51,10,1699.0,16990.0
2021041305000125,NICLBSL,58,51,10,1699.0,16990.0
2021041305000124,NICLBSL,58,13,20,1699.0,33980.0
2021041305000123,NICLBSL,58,57,10,1699.0,16990.0
2021041305000139,NICLBSL,58,38,10,1699.0,16990.0
2021041305000138,NICLBSL,58,42,10,1699.0,16990.0
2021041305000137,NICLBSL,58,45,10,1699.0,16990.0
2021041305000135,NICLBSL,58,37,130,1699.0,220870.0
2021041305000133,NICLBSL,58,35,10,1699.0,16990.0
2021041305000132,NICLBSL,58,39,10,1699.0,16990.0
2021041305000146,NICLBSL,58,28,10,1699.0,16990.0
2021041305000145,NICLBSL,58,28,10,1699.0,16990.0
2021041305000144,NICLBSL,58,49,10,1699.0,16990.0
2021041305000143,NICLBSL,58,28,10,1699.0,16990.0
2021041305000142,NICLBSL,58,1,260,1699.0,441740.0
2021041305000140,NICLBSL,58,35,10,1699.0,16990.0
2021041305000153,NICLBSL,58,46,10,1699.0,16990.0
2021041305000152,NICLBSL,58,41,20,1699.0,33980.0
2021041305000151,NICLBSL,58,46,10,1699.0,16990.0
2021041305000150,NICLBSL,58,46,10,1699.0,16990.0
2021041305000148,NICLBSL,58,28,10,1699.0,16990.0
2021041305000147,NICLBSL,58,19,10,1699.0,16990.0
2021041305000161,NICLBSL,58,7,10,1699.0,16990.0
2021041305000160,NICLBSL,58,21,22,1699.0,37378.0
2021041305000158,NICLBSL,58,10,10,1699.0,16990.0
2021041305000157,NICLBSL,58,22,10,1699.0,16990.0
2021041305000156,NICLBSL,58,58,10,1699.0,16990.0
2021041305000154,NICLBSL,58,43,10,1699.0,16990.0
2021041305000169,NICLBSL,7,45,10,1699.0,16990.0
2021041305000167,NICLBSL,7,18,12,1699.0,20388.0
2021041305000166,NICLBSL,7,45,10,1699.0,16990.0
2021041305000164,NICLBSL,58,11,20,1699.0,33980.0
2021041305000163,NICLBSL,58,39,10,1699.0,16990.0
2021041305000162,NICLBSL,58,48,10,1699.0,16990.0
2021041305000175,NICLBSL,7,10,10,1699.0,16990.0
2021041305000174,NICLBSL,7,16,10,1699.0,16990.0
2021041305000173,NICLBSL,7,11,10,1699.0,16990.0
2021041305000172,NICLBSL,7,39,10,1699.0,16990.0
2021041305000171,NICLBSL,7,11,10,1699.0,16990.0
2021041305000170,NICLBSL,7,13,10,1699.0,16990.0
2021041305000181,NICLBSL,7,26,10,1699.0,16990.0
2021041305000180,NICLBSL,7,3,10,1699.0,16990.0
2021041305000179,NICLBSL,7,26,10,1699.0,16990.0
2021041305000178,NICLBSL,7,26,10,1699.0,16990.0
2021041305000177,NICLBSL,7,58,10,1699.0,16990.0
2021041305000176,NICLBSL,7,10,10,1699.0,16990.0
2021041305000187,NICLBSL,7,32,10,1699.0,16990.0
2021041305000186,NICLBSL,7,10,10,1699.0,16990.0
2021041305000185,NICLBSL,7,41,10,1699.0,16990.0
2021041305000184,NICLBSL,7,26,10,1699.0,16990.0
2021041305000183,NICLBSL,7,20,10,1699.0,16990.0
2021041305000182,NICLBSL,7,10,10,1699.0,16990.0
2021041305000193,NICLBSL,7,1,10,1699.0,16990.0
2021041305000192,NICLBSL,7,1,10,1699.0,16990.0
2021041305000191,NICLBSL,7,1,10,1699.0,16990.0
2021041305000190,NICLBSL,7,20,10,1699.0,16990.0
2021041305000189,NICLBSL,7,41,10,1699.0,16990.0
2021041305000188,NICLBSL,7,20,10,1699.0,16990.0
2021041305000199,NICLBSL,7,1,10,1699.0,16990.0
2021041305000198,NICLBSL,7,1,20,1699.0,33980.0
2021041305000197,NICLBSL,7,20,10,1699.0,16990.0
2021041305000196,NICLBSL,7,1,10,1699.0,16990.0
2021041305000195,NICLBSL,7,1,10,1699.0,16990.0
2021041305000194,NICLBSL,7,20,10,1699.0,16990.0
2021041305000206,NICLBSL,7,20,10,1699.0,16990.0
2021041305000204,NICLBSL,7,20,10,1699.0,16990.0
2021041305000203,NICLBSL,7,20,10,1699.0,16990.0
2021041305000202,NICLBSL,7,1,10,1699.0,16990.0
2021041305000201,NICLBSL,7,36,10,1699.0,16990.0
2021041305000200,NICLBSL,7,20,10,1699.0,16990.0
2021041305000214,NICLBSL,7,28,10,1699.0,16990.0
2021041305000212,NICLBSL,7,42,10,1699.0,16990.0
2021041305000211,NICLBSL,7,45,10,1699.0,16990.0
2021041305000210,NICLBSL,7,49,20,1699.0,33980.0
2021041305000208,NICLBSL,7,3,10,1699.0,16990.0
2021041305000207,NICLBSL,7,20,10,1699.0,16990.0
2021041305000220,NICLBSL,7,10,10,1699.0,16990.0
2021041305000219,NICLBSL,7,16,10,1699.0,16990.0
2021041305000218,NICLBSL,7,42,10,1699.0,16990.0
2021041305000217,NICLBSL,7,48,10,1699.0,16990.0
2021041305000216,NICLBSL,7,47,10,1699.0,16990.0
2021041305000215,NICLBSL,7,58,10,1699.0,16990.0
2021041305000228,NICLBSL,47,38,10,1699.0,16990.0
2021041305000226,NICLBSL,47,19,10,1699.0,16990.0
2021041305000225,NICLBSL,47,49,10,1699.0,16990.0
2021041305000224,NICLBSL,47,45,10,1699.0,16990.0
2021041305000223,NICLBSL,47,38,10,1699.0,16990.0
2021041305000221,NICLBSL,7,48,10,1699.0,16990.0
2021041305000236,NICLBSL,47,21,10,1699.0,16990.0
2021041305000234,NICLBSL,47,58,40,1699.0,67960.0
2021041305000232,NICLBSL,47,47,10,1699.0,16990.0
2021041305000231,NICLBSL,47,8,10,1699.0,16990.0
2021041305000230,NICLBSL,47,8,10,1699.0,16990.0
2021041305000229,NICLBSL,47,38,10,1699.0,16990.0
2021041305000242,NICLBSL,47,58,10,1699.0,16990.0
2021041305000241,NICLBSL,47,1,20,1699.0,33980.0
2021041305000240,NICLBSL,47,21,10,1699.0,16990.0
2021041305000239,NICLBSL,47,32,10,1699.0,16990.0
2021041305000238,NICLBSL,47,59,10,1699.0,16990.0
2021041305000237,NICLBSL,47,38,10,1699.0,16990.0
2021041305000249,NICLBSL,47,1,10,1699.0,16990.0
2021041305000248,NICLBSL,47,44,10,1699.0,16990.0
2021041305000247,NICLBSL,47,45,10,1699.0,16990.0
2021041305000245,NICLBSL,47,10,20,1699.0,33980.0
2021041305000244,NICLBSL,47,1,20,1699.0,33980.0
2021041305000243,NICLBSL,47,58,10,1699.0,16990.0
2021041305000255,NICLBSL,47,47,20,1699.0,33980.0
2021041305000254,NICLBSL,47,47,20,1699.0,33980.0
2021041305000253,NICLBSL,47,47,20,1699.0,33980.0
2021041305000252,NICLBSL,47,47,10,1699.0,16990.0
2021041305000251,NICLBSL,47,34,10,1699.0,16990.0
2021041305000250,NICLBSL,47,38,20,1699.0,33980.0
2021041305000261,NICLBSL,47,56,10,1699.0,16990.0
2021041305000260,NICLBSL,47,47,10,1699.0,16990.0
2021041305000259,NICLBSL,47,47,10,1699.0,16990.0
2021041305000258,NICLBSL,47,47,10,1699.0,16990.0
2021041305000257,NICLBSL,47,47,10,1699.0,16990.0
2021041305000256,NICLBSL,47,48,10,1699.0,16990.0
2021041305000267,NICLBSL,47,47,20,1699.0,33980.0
2021041305000266,NICLBSL,47,47,10,1699.0,16990.0
2021041305000265,NICLBSL,47,47,10,1699.0,16990.0
2021041305000264,NICLBSL,47,47,20,1699.0,33980.0
2021041305000263,NICLBSL,47,35,10,1699.0,16990.0
2021041305000262,NICLBSL,47,47,10,1699.0,16990.0
2021041305000273,NICLBSL,47,21,10,1699.0,16990.0
2021041305000272,NICLBSL,47,38,10,1699.0,16990.0
2021041305000271,NICLBSL,47,47,10,1699.0,16990.0
2021041305000270,NICLBSL,47,56,10,1699.0,16990.0
2021041305000269,NICLBSL,47,47,10,1699.0,16990.0
2021041305000268,NICLBSL,47,47,10,1699.0,16990.0
2021041305000281,NICLBSL,47,44,10,1699.0,16990.0
2021041305000280,NICLBSL,47,49,10,1699.0,16990.0
2021041305000279,NICLBSL,47,58,10,1699.0,16990.0
2021041305000277,NICLBSL,47,55,10,1699.0,16990.0
2021041305000275,NICLBSL,47,55,10,1699.0,16990.0
2021041305000274,NICLBSL,47,38,10,1699.0,16990.0
2021041305000287,NICLBSL,47,49,10,1699.0,16990.0
2021041305000286,NICLBSL,47,55,10,1699.0,16990.0
2021041305000285,NICLBSL,47,55,10,1699.0,16990.0
2021041305000284,NICLBSL,47,55,10,1699.0,16990.0
2021041305000283,NICLBSL,47,58,10,1699.0,16990.0
2021041305000282,NICLBSL,47,58,10,1699.0,16990.0
2021041305000293,NICLBSL,47,56,10,1699.0,16990.0
2021041305000292,NICLBSL,47,55,10,1699.0,16990.0
2021041305000291,NICLBSL,47,55,10,1699.0,16990.0
2021041305000290,NICLBSL,47,55,10,1699.0,16990.0
2021041305000289,NICLBSL,47,55,10,1699.0,16990.0
2021041305000288,NICLBSL,47,48,10,1699.0,16990.0
2021041305000299,NICLBSL,47,55,10,1699.0,16990.0
2021041305000298,NICLBSL,47,19,10,1699.0,16990.0
2021041305000297,NICLBSL,47,55,10,1699.0,16990.0
2021041305000296,NICLBSL,47,55,10,1699.0,16990.0
2021041305000295,NICLBSL,47,55,10,1699.0,16990.0
2021041305000294,NICLBSL,47,41,10,1699.0,16990.0
2021041305000306,NICLBSL,47,55,10,1699.0,16990.0
2021041305000305,NICLBSL,47,55,10,1699.0,16990.0
2021041305000304,NICLBSL,47,55,10,1699.0,16990.0
2021041305000303,NICLBSL,47,22,10,1699.0,16990.0
2021041305000301,NICLBSL,47,8,10,1699.0,16990.0
2021041305000300,NICLBSL,47,8,10,1699.0,16990.0
2021041305000312,NICLBSL,47,14,10,1699.0,16990.0
2021041305000311,NICLBSL,47,55,10,1699.0,16990.0
2021041305000310,NICLBSL,47,55,10,1699.0,16990.0
2021041305000309,NICLBSL,47,55,10,1699.0,16990.0
2021041305000308,NICLBSL,47,55,10,1699.0,16990.0
2021041305000307,NICLBSL,47,55,10,1699.0,16990.0
2021041305000318,NICLBSL,47,55,10,1699.0,16990.0
2021041305000317,NICLBSL,47,55,10,1699.0,16990.0
2021041305000316,NICLBSL,47,59,10,1699.0,16990.0
2021041305000315,NICLBSL,47,55,10,1699.0,16990.0
2021041305000314,NICLBSL,47,11,10,1699.0,16990.0
2021041305000313,NICLBSL,47,59,10,1699.0,16990.0
2021041305000324,NICLBSL,47,13,10,1699.0,16990.0
2021041305000323,NICLBSL,47,13,10,1699.0,16990.0
2021041305000322,NICLBSL,47,13,10,1699.0,16990.0
2021041305000321,NICLBSL,47,41,10,1699.0,16990.0
2021041305000320,NICLBSL,47,14,10,1699.0,16990.0
2021041305000319,NICLBSL,47,22,10,1699.0,16990.0
2021041305000331,NICLBSL,47,34,"3,870",1699.0,6575130.0
2021041305000330,NICLBSL,47,4,10,1699.0,16990.0
2021041305000329,NICLBSL,47,38,20,1699.0,33980.0
2021041305000328,NICLBSL,47,22,10,1699.0,16990.0
2021041305000326,NICLBSL,47,35,10,1699.0,16990.0
2021041305000325,NICLBSL,47,33,10,1699.0,16990.0
2021041305000337,NICLBSL,49,34,280,1699.0,475720.0
2021041305000336,NICLBSL,49,34,280,1699.0,475720.0
2021041305000335,NICLBSL,49,34,280,1699.0,475720.0
2021041305000334,NICLBSL,49,34,200,1699.0,339800.0
2021041305000333,NICLBSL,59,34,50,1699.0,84950.0
2021041305000332,NICLBSL,47,34,100,1699.0,169900.0
2021041305000343,NICLBSL,17,22,10,1699.0,16990.0
2021041305000342,NICLBSL,17,1,10,1699.0,16990.0
2021041305000341,NICLBSL,17,29,10,1699.0,16990.0
2021041305000340,NICLBSL,17,35,10,1699.0,16990.0
2021041305000339,NICLBSL,17,34,360,1699.0,611640.0
2021041305000338,NICLBSL,49,34,280,1699.0,475720.0
2021041304021690,NIL,52,57,10,1665.0,16650.0
2021041304021689,NIL,52,59,10,1665.0,16650.0
2021041304021673,NIL,45,59,10,1665.0,16650.0
2021041304021698,NLG,1,49,100,1163.0,116300.0
2021041304021672,PIC,33,4,270,1287.0,347490.0
2021041304021671,PIC,21,4,10,1287.0,12870.0
2021041304021670,PIC,22,4,10,1288.0,12880.0
2021041304021669,PIC,13,4,50,1288.0,64400.0
2021041304021668,PIC,33,4,100,1288.0,128800.0
2021041304021667,PIC,34,4,100,1289.0,128900.0
2021041304021666,PIC,20,4,250,1290.0,322500.0
2021041304021665,PIC,51,4,20,1296.0,25920.0
2021041304021664,PIC,1,4,100,1297.0,129700.0
2021041304021663,PIC,33,4,50,1298.0,64900.0
2021041304021662,PIC,4,4,40,1298.0,51920.0
2021041304021661,PIC,34,22,50,1300.0,65000.0
2021041304021727,PICL,48,38,45,893.0,40185.0
2021041304021719,PICL,58,40,28,896.0,25088.0
2021041304021718,PICL,58,42,40,894.0,35760.0
2021041304021717,PICL,58,53,100,894.0,89400.0
2021041304021716,PICL,58,41,32,894.0,28608.0
2021041304021715,PICL,58,49,600,894.0,536400.0
2021041304021691,PPCL,40,42,20,301.0,6020.0
2021041304021724,PRIN,8,42,30,969.0,29070.0
2021041304021688,PRIN,14,6,18,968.0,17424.0
2021041304021743,RHPC,40,36,292,212.0,61904.0
2021041304021750,RHPL,32,45,50,495.0,24750.0
2021041304021749,RHPL,59,45,80,495.0,39600.0
2021041304021748,RHPL,59,22,220,495.0,108900.0
2021041304021618,RHPL,36,22,100,495.0,49500.0
2021041304021617,RHPL,55,22,50,495.0,24750.0
2021041304021616,RHPL,22,22,130,495.0,64350.0
2021041304021744,SAEF,22,34,"5,000",14.39,71950.0
2021041304021714,SAEF,58,34,"2,500",14.39,35975.0
2021041304021652,SAEF,7,34,500,14.39,7195.0
2021041304021644,SGI,45,38,100,797.0,79700.0
2021041304021720,SHL,42,25,200,200.0,40000.0
2021041304021697,SHPC,26,56,300,374.0,112200.0
2021041304021747,SIL,33,25,50,1260.0,63000.0
2021041304021740,SJCL,58,38,15,467.0,7005.0
2021041304021702,SJCL,58,1,50,465.0,23250.0
2021041304021656,SJCL,58,45,40,465.0,18600.0
2021041304021695,STC,21,42,10,11200.0,112000.0
2021041304021694,STC,21,56,10,11199.0,111990.0
2021041304021725,UIC,48,45,190,717.0,136230.0
2021041304021626,UIC,25,36,100,716.0,71600.0
2021041304021741,UMHL,34,39,"1,000",186.0,186000.0
2021041304021711,UMHL,47,34,260,187.0,48620.0
2021041304021710,UMHL,38,34,"1,004",187.0,187748.0
2021041304021659,UMHL,34,35,200,186.0,37200.0
2021041304021757,UMRH,37,59,40,297.0,11880.0
2021041304021756,UMRH,35,59,50,297.0,14850.0
2021041304021755,UMRH,37,59,20,297.0,5940.0
2021041304021732,UNHPL,17,59,100,131.0,13100.0
2021041304021712,UPCL,41,40,50,167.0,8350.0
2021041304021708,UPCL,57,50,80,168.0,13440.0
2021041304021707,UPCL,54,50,80,168.0,13440.0
2021041304021742,UPPER,49,48,27,882.0,23814.0
2021041304021709,UPPER,49,45,30,882.0,26460.0
2021041304021687,UPPER,56,45,20,882.0,17640.0
2021041304021651,UPPER,16,29,10,885.0,8850.0
2021041304021650,UPPER,1,55,340,881.0,299540.0
2021041304021649,UPPER,38,55,50,881.0,44050.0
2021041304021648,UPPER,16,55,10,882.0,8820.0
2021041304021647,UPPER,26,55,100,884.0,88400.0
2021041304021600,AHPC,21,57,20,260.0,5200.0
2021041304021361,AHPC,32,57,300,260.0,78000.0
2021041304021284,AHPC,16,57,150,260.0,39000.0
2021041304021283,AHPC,16,36,90,259.0,23310.0
2021041304021223,AHPC,56,36,100,259.0,25900.0
2021041304021192,AHPC,52,36,50,259.0,12950.0
2021041304021158,AHPC,22,36,20,259.0,5180.0
2021041304021532,AIL,1,25,45,900.0,40500.0
2021041304021531,AIL,54,25,20,900.0,18000.0
2021041304021530,AIL,36,25,100,900.0,90000.0
2021041304021529,AIL,56,25,35,900.0,31500.0
2021041304021499,AIL,56,49,10,900.0,9000.0
2021041304021434,AIL,56,48,55,900.0,49500.0
2021041304021433,AIL,48,48,45,901.0,40545.0
2021041304021365,AIL,48,29,10,901.0,9010.0
2021041304021582,AKJCL,50,36,250,153.0,38250.0
2021041304021581,AKJCL,42,36,130,153.0,19890.0
2021041304021435,AKJCL,42,14,530,154.0,81620.0
2021041304021191,AKJCL,52,14,20,154.0,3080.0
2021041304021408,AKPL,26,37,100,336.0,33600.0
2021041304021602,API,6,1,200,344.0,68800.0
2021041304021597,API,6,41,160,344.0,55040.0
2021041304021590,API,52,49,10,345.0,3450.0
2021041304021541,API,6,46,50,344.0,17200.0
2021041304021540,API,42,46,100,344.0,34400.0
2021041304021533,API,25,1,250,345.0,86250.0
2021041304021151,API,42,34,100,343.0,34300.0
2021041304021150,API,45,34,300,343.0,102900.0
2021041304021149,API,44,34,500,343.0,171500.0
2021041304021457,API,28,8,210,344.0,72240.0
2021041304021406,API,28,34,200,344.0,68800.0
2021041304021349,API,28,21,50,344.0,17200.0
2021041304021293,API,28,22,"1,000",344.0,344000.0
2021041304021221,API,28,22,100,344.0,34400.0
2021041304021152,API,46,34,100,343.0,34300.0
2021041304021525,API,6,21,76,344.0,26144.0
2021041304021524,API,48,21,20,344.0,6880.0
2021041304021523,API,28,21,404,344.0,138976.0
2021041304021500,API,57,1,10,345.0,3450.0
2021041304021485,API,28,45,20,344.0,6880.0
2021041304021467,API,28,57,16,344.0,5504.0
2021041304021281,BARUN,41,48,10,248.0,2480.0
2021041304021280,BARUN,41,52,50,248.0,12400.0
2021041304021227,BARUN,58,29,295,247.0,72865.0
2021041304021226,BARUN,52,29,350,247.0,86450.0
2021041304021225,BARUN,40,29,355,247.0,87685.0
2021041304021604,BPCL,57,26,50,425.0,21250.0
2021041304021324,BPCL,28,50,12,425.0,5100.0
2021041304021323,BPCL,28,42,13,425.0,5525.0
2021041304021322,BPCL,28,19,75,425.0,31875.0
2021041304021598,CGH,1,49,100,2485.0,248500.0
2021041304021566,CGH,42,32,15,2490.0,37350.0
2021041304021482,CGH,1,6,100,2485.0,248500.0
2021041304021481,CGH,53,6,100,2485.0,248500.0
2021041304021464,CGH,39,32,100,2490.0,249000.0
2021041304021437,CGH,46,32,200,2490.0,498000.0
2021041304021172,CGH,22,52,90,2491.0,224190.0
2021041304021171,CGH,17,3,40,2494.0,99760.0
2021041304021170,CGH,17,41,10,2494.0,24940.0
2021041304021130,CGH,22,45,50,2491.0,124550.0
2021041304021129,CGH,22,7,360,2491.0,896760.0
2021041304021211,CGH,6,52,10,2490.0,24900.0
2021041304021190,CGH,41,16,90,2490.0,224100.0
2021041304021189,CGH,22,16,200,2491.0,498200.0
2021041304021188,CGH,52,16,10,2495.0,24950.0
2021041304021174,CGH,52,3,10,2494.0,24940.0
2021041304021173,CGH,41,52,10,2490.0,24900.0
2021041304021268,CGH,6,6,40,2490.0,99600.0
2021041304021267,CGH,29,6,200,2490.0,498000.0
2021041304021266,CGH,35,6,30,2491.0,74730.0
2021041304021265,CGH,53,6,80,2491.0,199280.0
2021041304021224,CGH,53,52,10,2491.0,24910.0
2021041304021216,CGH,53,39,10,2491.0,24910.0
2021041304021326,CGH,40,6,100,2491.0,249100.0
2021041304021273,CGH,14,6,20,2490.0,49800.0
2021041304021272,CGH,52,6,10,2490.0,24900.0
2021041304021271,CGH,13,6,10,2490.0,24900.0
2021041304021270,CGH,54,6,100,2490.0,249000.0
2021041304021269,CGH,5,6,10,2490.0,24900.0
2021041304021332,CGH,38,6,10,2490.0,24900.0
2021041304021331,CGH,58,6,10,2490.0,24900.0
2021041304021330,CGH,54,6,50,2490.0,124500.0
2021041304021329,CGH,54,6,50,2490.0,124500.0
2021041304021328,CGH,32,6,100,2490.0,249000.0
2021041304021327,CGH,14,6,10,2490.0,24900.0
2021041304021373,CGH,32,6,20,2490.0,49800.0
2021041304021372,CGH,38,6,20,2495.0,49900.0
2021041304021346,CGH,38,45,10,2491.0,24910.0
2021041304021335,CGH,32,6,10,2490.0,24900.0
2021041304021334,CGH,49,6,10,2490.0,24900.0
2021041304021333,CGH,57,6,50,2490.0,124500.0
2021041304021379,CGH,56,6,20,2490.0,49800.0
2021041304021378,CGH,38,6,10,2490.0,24900.0
2021041304021377,CGH,35,6,10,2490.0,24900.0
2021041304021376,CGH,57,6,20,2490.0,49800.0
2021041304021375,CGH,49,6,25,2490.0,62250.0
2021041304021374,CGH,51,6,25,2490.0,62250.0
2021041304021422,CGH,35,32,10,2490.0,24900.0
2021041304021409,CGH,50,32,50,2490.0,124500.0
2021041304021404,CGH,20,32,30,2490.0,74700.0
2021041304021402,CGH,6,32,10,2490.0,24900.0
2021041304021401,CGH,33,32,40,2490.0,99600.0
2021041304021380,CGH,33,6,60,2490.0,149400.0
2021041304021534,CHCL,25,41,10,657.0,6570.0
2021041304021285,CHCL,34,26,25,655.0,16375.0
2021041304021202,CMF2,8,7,360,11.14,4010.4
2021041304021178,DHPL,22,28,"1,732",122.0,211304.0
2021041304021177,DHPL,25,28,"1,000",122.0,122000.0
2021041304021176,DHPL,49,28,200,122.0,24400.0
2021041304021175,DHPL,49,28,68,122.0,8296.0
2021041304021133,DHPL,45,38,100,123.0,12300.0
2021041304021503,EIC,21,45,20,774.0,15480.0
2021041304021403,EIC,38,45,100,774.0,77400.0
2021041304021294,EIC,49,57,70,773.0,54110.0
2021041304021197,EIC,49,29,121,772.0,93412.0
2021041304021196,EIC,58,29,100,772.0,77200.0
2021041304021195,EIC,36,29,50,772.0,38600.0
2021041304021194,EIC,59,29,50,772.0,38600.0
2021041304021466,GHL,1,57,631,165.0,104115.0
2021041304021465,GHL,42,57,269,165.0,44385.0
2021041304021601,GIC,45,56,350,741.0,259350.0
2021041304021484,GIC,57,56,75,741.0,55575.0
2021041304021407,GIC,49,56,20,741.0,14820.0
2021041304021347,GIC,43,42,10,740.0,7400.0
2021041304021212,GIC,38,56,15,741.0,11115.0
2021041304021588,GIMES1,41,58,"1,000",16.07,16070.0
2021041304021368,GIMES1,7,58,500,16.07,8035.0
2021041304021567,GLH,6,51,40,397.0,15880.0
2021041304021452,GLH,20,54,10,396.0,3960.0
2021041304021421,GLH,21,51,10,397.0,3970.0
2021041304021348,GLH,20,21,30,396.0,11880.0
2021041304021345,GLH,20,32,10,396.0,3960.0
2021041304021319,GLH,20,44,100,396.0,39600.0
2021041304021559,HDHPC,45,21,200,148.0,29600.0
2021041304021558,HDHPC,45,55,25,148.0,3700.0
2021041304021557,HDHPC,45,56,200,148.0,29600.0
2021041304021556,HDHPC,45,33,500,148.0,74000.0
2021041304021555,HDHPC,45,35,"1,000",148.0,148000.0
2021041304021490,HDHPC,57,55,260,147.0,38220.0
2021041304021468,HDHPC,57,56,150,147.0,22050.0
2021041304021336,HDHPC,57,35,"1,000",147.0,147000.0
2021041304021279,HDHPC,57,33,110,147.0,16170.0
2021041304021278,HDHPC,56,33,300,147.0,44100.0
2021041304021277,HDHPC,50,33,340,147.0,49980.0
2021041304021187,HDHPC,50,58,21,147.0,3087.0
2021041304021360,HGI,6,25,100,775.0,77500.0
2021041304021317,HGI,17,14,100,773.0,77300.0
2021041304021218,HGI,58,25,100,775.0,77500.0
2021041304021217,HGI,58,13,200,775.0,155000.0
2021041304021169,HGI,17,32,54,773.0,41742.0
2021041304021168,HGI,50,32,50,773.0,38650.0
2021041304021167,HGI,34,32,20,773.0,15460.0
2021041304021166,HGI,22,32,731,773.0,565063.0
2021041304021165,HGI,29,32,90,774.0,69660.0
2021041304021492,HPPL,42,32,80,400.0,32000.0
2021041304021491,HPPL,42,25,20,400.0,8000.0
2021041304021451,HPPL,58,25,80,400.0,32000.0
2021041304021450,HPPL,58,41,210,400.0,84000.0
2021041304021449,HPPL,58,59,10,399.0,3990.0
2021041304021569,HURJA,38,17,100,330.0,33000.0
2021041304021568,HURJA,38,25,80,330.0,26400.0
2021041304021609,IGI,1,34,10,1258.0,12580.0
2021041304021608,IGI,1,8,90,1258.0,113220.0
2021041304021575,IGI,49,8,10,1258.0,12580.0
2021041304021574,IGI,49,48,100,1258.0,125800.0
2021041304021157,IGI,42,17,45,1258.0,56610.0
2021041304021228,IGI,58,38,250,1258.0,314500.0
2021041304021213,IGI,49,42,100,1257.0,125700.0
2021041304021229,IGI,49,38,130,1257.0,163410.0
2021041304021371,IGI,49,34,100,1257.0,125700.0
2021041304021369,IGI,43,17,10,1258.0,12580.0
2021041304021405,IGI,49,26,50,1257.0,62850.0
2021041304021446,IGI,49,45,10,1257.0,12570.0
2021041304021474,IGI,58,42,100,1257.0,125700.0
2021041304021473,IGI,55,42,30,1257.0,37710.0
2021041304021472,IGI,47,42,15,1257.0,18855.0
2021041304021471,IGI,49,42,110,1257.0,138270.0
2021041304021480,IGI,38,42,35,1255.0,43925.0
2021041304021479,IGI,34,42,100,1255.0,125500.0
2021041304021478,IGI,52,42,130,1256.0,163280.0
2021041304021477,IGI,22,42,30,1256.0,37680.0
2021041304021476,IGI,21,42,100,1256.0,125600.0
2021041304021475,IGI,52,42,40,1256.0,50240.0
2021041304021489,IGI,48,17,35,1258.0,44030.0
2021041304021561,IGI,38,32,33,1255.0,41415.0
2021041304021560,IGI,34,32,300,1255.0,376500.0
2021041304021539,IGI,48,40,5,1255.0,6275.0
2021041304021538,IGI,34,40,105,1255.0,131775.0
2021041304021537,IGI,21,40,20,1256.0,25120.0
2021041304021536,IGI,17,40,20,1257.0,25140.0
2021041304021573,IGI,49,17,90,1258.0,113220.0
2021041304021571,IGI,48,47,200,1257.0,251400.0
2021041304021563,IGI,54,32,24,1255.0,30120.0
2021041304021562,IGI,53,32,10,1255.0,12550.0
2021041304021429,KKHC,34,44,100,132.0,13200.0
2021041304021127,KKHC,45,56,927,133.0,123291.0
2021041304021206,KPCL,56,3,10,285.0,2850.0
2021041304021205,KPCL,56,7,10,285.0,2850.0
2021041304021204,KPCL,56,51,10,285.0,2850.0
2021041304021572,KPCL,56,7,10,285.0,2850.0
2021041304021455,LEC,1,26,100,302.0,30200.0
2021041304021497,LGIL,39,40,40,831.0,33240.0
2021041304021436,LGIL,51,40,50,831.0,41550.0
2021041304021351,LGIL,34,19,200,831.0,166200.0
2021041304021589,MEN,19,35,10,833.0,8330.0
2021041304021535,MEN,19,25,10,833.0,8330.0
2021041304021506,MEN,19,14,10,833.0,8330.0
2021041304021311,MEN,19,29,10,833.0,8330.0
2021041304021428,MHNL,35,45,40,258.0,10320.0
2021041304021156,MHNL,29,56,460,259.0,119140.0
2021041304021155,MHNL,29,19,40,259.0,10360.0
2021041304021350,NBF2,5,13,100,11.42,1142.0
2021041304021469,NGPL,36,35,134,248.0,33232.0
2021041304021427,NGPL,34,35,500,249.0,124500.0
2021041304021302,NGPL,36,22,11,248.0,2728.0
2021041304021300,NGPL,36,35,355,248.0,88040.0
2021041304021299,NGPL,57,35,200,248.0,49600.0
2021041304021298,NGPL,56,35,100,248.0,24800.0
2021041304021219,NGPL,56,49,100,248.0,24800.0
2021041304021161,NHDL,48,50,50,325.0,16250.0
2021041304021160,NHDL,41,50,50,325.0,16250.0
2021041304021607,NHPC,51,34,100,166.0,16600.0
2021041304021606,NHPC,34,34,100,167.0,16700.0
2021041304021554,NHPC,52,13,197,165.0,32505.0
2021041304021553,NHPC,57,13,100,165.0,16500.0
2021041304021552,NHPC,44,13,500,165.0,82500.0
2021041304021551,NHPC,41,13,150,165.0,24750.0
2021041304021138,NHPC,6,16,"1,000",167.0,167000.0
2021041304021137,NHPC,6,57,50,167.0,8350.0
2021041304021136,NHPC,6,38,190,167.0,31730.0
2021041304021411,NHPC,41,50,"4,510",166.0,748660.0
2021041304021410,NHPC,21,50,500,167.0,83500.0
2021041304021142,NHPC,6,52,460,168.0,77280.0
2021041304021141,NHPC,6,33,100,168.0,16800.0
2021041304021140,NHPC,6,33,100,168.0,16800.0
2021041304021139,NHPC,6,33,100,168.0,16800.0
2021041304021417,NHPC,13,50,50,165.0,8250.0
2021041304021416,NHPC,50,50,328,165.0,54120.0
2021041304021415,NHPC,17,50,400,166.0,66400.0
2021041304021414,NHPC,17,50,"1,000",166.0,166000.0
2021041304021413,NHPC,48,50,300,166.0,49800.0
2021041304021412,NHPC,57,50,50,166.0,8300.0
2021041304021544,NHPC,49,13,"5,000",165.0,825000.0
2021041304021543,NHPC,44,13,300,166.0,49800.0
2021041304021542,NHPC,45,13,50,166.0,8300.0
2021041304021507,NHPC,28,52,10,168.0,1680.0
2021041304021419,NHPC,16,50,"1,937",165.0,319605.0
2021041304021418,NHPC,32,50,500,165.0,82500.0
2021041304021550,NHPC,59,13,600,165.0,99000.0
2021041304021549,NHPC,11,13,100,165.0,16500.0
2021041304021548,NHPC,22,13,840,165.0,138600.0
2021041304021547,NHPC,50,13,100,165.0,16500.0
2021041304021546,NHPC,39,13,"2,000",165.0,330000.0
2021041304021545,NHPC,16,13,63,165.0,10395.0
2021041304021587,NIBSF1,48,50,"7,000",13.46,94220.0
2021041304021312,NIBSF1,48,19,"15,000",13.42,201300.0
2021041304021296,NICL,26,25,200,839.0,167800.0
2021041304021295,NICL,41,25,50,839.0,41950.0
2021041304021586,NIL,3,45,64,1664.0,106496.0
2021041304021585,NIL,33,45,36,1664.0,59904.0
2021041304021448,NIL,33,58,50,1664.0,83200.0
2021041304021222,NIL,6,50,39,1663.0,64857.0
2021041304021214,NIL,41,50,25,1663.0,41575.0
2021041304021207,NIL,58,50,36,1663.0,59868.0
2021041304021180,NIL,41,50,50,1663.0,83150.0
2021041304021179,NIL,41,34,20,1663.0,33260.0
2021041304021126,NIL,13,34,120,1663.0,199560.0
2021041304021198,NLG,33,19,50,1160.0,58000.0
2021041304021496,PIC,4,22,50,1300.0,65000.0
2021041304021183,PIC,4,17,10,1298.0,12980.0
2021041304021182,PIC,4,56,150,1298.0,194700.0
2021041304021148,PIC,26,57,100,1298.0,129800.0
2021041304021425,PICL,57,17,50,893.0,44650.0
2021041304021392,PMHPL,35,3,10,193.0,1930.0
2021041304021391,PMHPL,35,38,30,192.0,5760.0
2021041304021215,PMHPL,35,38,10,192.0,1920.0
2021041304021200,PMHPL,57,38,460,192.0,88320.0
2021041304021154,PMHPL,35,59,10,193.0,1930.0
2021041304021505,PPCL,38,25,40,302.0,12080.0
2021041304021504,PPCL,38,41,10,302.0,3020.0
2021041304021367,PRIN,14,4,100,968.0,96800.0
2021041304021209,PRIN,50,42,10,969.0,9690.0
2021041304021186,PRIN,14,39,150,968.0,145200.0
2021041304021185,PRIN,59,39,500,968.0,484000.0
2021041304021164,RADHI,51,44,50,492.0,24600.0
2021041304021163,RADHI,51,59,300,492.0,147600.0
2021041304021162,RADHI,51,56,12,492.0,5904.0
2021041304021565,RHPC,58,36,15,212.0,3180.0
2021041304021389,RHPC,42,45,137,211.0,28907.0
2021041304021388,RHPC,38,45,500,211.0,105500.0
2021041304021387,RHPC,34,45,200,211.0,42200.0
2021041304021386,RHPC,3,45,100,211.0,21100.0
2021041304021385,RHPC,59,45,"1,000",211.0,211000.0
2021041304021384,RHPC,59,45,500,211.0,105500.0
2021041304021383,RHPC,45,45,50,211.0,10550.0
2021041304021382,RHPC,21,45,100,211.0,21100.0
2021041304021381,RHPC,16,45,250,211.0,52750.0
2021041304021282,RHPC,51,36,20,212.0,4240.0
2021041304021153,RHPC,16,35,200,211.0,42200.0
2021041304021577,RHPL,8,55,230,496.0,114080.0
2021041304021576,RHPL,8,6,70,496.0,34720.0
2021041304021527,RHPL,22,59,10,495.0,4950.0
2021041304021526,RHPL,22,18,60,495.0,29700.0
2021041304021487,RHPL,59,35,10,494.0,4940.0
2021041304021486,RHPL,58,35,10,494.0,4940.0
2021041304021199,RHPL,58,54,10,494.0,4940.0
2021041304021193,RHPL,55,58,"1,000",495.0,495000.0
2021041304021400,RHPL,59,18,280,495.0,138600.0
2021041304021399,RHPL,59,59,720,495.0,356400.0
2021041304021363,RHPL,58,36,40,494.0,19760.0
2021041304021354,RHPL,28,59,280,495.0,138600.0
2021041304021310,RHPL,28,14,50,495.0,24750.0
2021041304021309,RHPL,28,8,70,495.0,34650.0
2021041304021521,SFMF,4,13,100,12.91,1291.0
2021041304021338,SGI,45,57,10,797.0,7970.0
2021041304021320,SGI,45,18,100,797.0,79700.0
2021041304021135,SGI,34,45,50,800.0,40000.0
2021041304021111,SGI,45,41,10,797.0,7970.0
2021041304021147,SHL,59,25,"2,000",200.0,400000.0
2021041304021146,SHL,26,25,250,200.0,50000.0
2021041304021145,SHL,10,25,500,200.0,100000.0
2021041304021144,SHL,36,25,100,200.0,20000.0
2021041304021143,SHL,14,25,"1,037",200.0,207400.0
2021041304021463,SHPC,29,56,140,374.0,52360.0
2021041304021462,SHPC,29,47,200,374.0,74800.0
2021041304021461,SHPC,29,59,160,374.0,59840.0
2021041304021460,SHPC,29,16,500,374.0,187000.0
2021041304021318,SHPC,44,59,124,374.0,46376.0
2021041304021580,SIC,6,52,120,1720.0,206400.0
2021041304021579,SIC,6,6,50,1719.0,85950.0
2021041304021528,SIC,58,6,30,1719.0,51570.0
2021041304021502,SIC,6,6,20,1719.0,34380.0
2021041304021220,SIC,41,52,250,1720.0,430000.0
2021041304021599,SICL,16,49,60,1920.0,115200.0
2021041304021578,SICL,28,34,20,1920.0,38400.0
2021041304021447,SICL,45,34,20,1920.0,38400.0
2021041304021438,SICL,50,34,10,1920.0,19200.0
2021041304021362,SICL,58,34,15,1920.0,28800.0
2021041304021325,SICL,16,34,70,1920.0,134400.0
2021041304021286,SICL,7,34,30,1921.0,57630.0
2021041304021210,SICL,21,18,10,1922.0,19220.0
2021041304021184,SICL,48,18,40,1922.0,76880.0
2021041304021321,SICL,53,34,30,1920.0,57600.0
2021041304021291,SICL,21,34,10,1920.0,19200.0
2021041304021290,SICL,57,34,10,1920.0,19200.0
2021041304021289,SICL,41,34,20,1920.0,38400.0
2021041304021288,SICL,41,34,100,1920.0,192000.0
2021041304021287,SICL,33,34,60,1920.0,115200.0
2021041304021424,SIL,40,58,100,1259.0,125900.0
2021041304021398,SIL,3,46,26,1258.0,32708.0
2021041304021397,SIL,7,46,30,1258.0,37740.0
2021041304021396,SIL,39,46,20,1258.0,25160.0
2021041304021395,SIL,45,46,24,1258.0,30192.0
2021041304021132,SIL,52,48,200,1258.0,251600.0
2021041304021595,SJCL,3,38,25,467.0,11675.0
2021041304021594,SJCL,3,53,100,467.0,46700.0
2021041304021593,SJCL,3,25,40,467.0,18680.0
2021041304021592,SJCL,3,40,15,467.0,7005.0
2021041304021591,SJCL,3,41,20,466.0,9320.0
2021041304021584,SJCL,58,45,100,465.0,46500.0
2021041304021342,SJCL,41,56,50,465.0,23250.0
2021041304021341,SJCL,33,56,10,465.0,4650.0
2021041304021340,SJCL,43,56,100,465.0,46500.0
2021041304021339,SJCL,58,56,155,465.0,72075.0
2021041304021292,SJCL,21,35,20,465.0,9300.0
2021041304021522,SJCL,58,35,20,465.0,9300.0
2021041304021432,SJCL,58,29,349,465.0,162285.0
2021041304021431,SJCL,41,29,500,465.0,232500.0
2021041304021353,SJCL,58,16,30,465.0,13950.0
2021041304021344,SJCL,58,56,89,465.0,41385.0
2021041304021343,SJCL,3,56,100,465.0,46500.0
2021041304021470,SPDL,16,36,500,274.0,137000.0
2021041304021393,SPDL,41,57,200,274.0,54800.0
2021041304021456,SSHL,57,57,421,235.0,98935.0
2021041304021264,SSHL,59,57,100,235.0,23500.0
2021041304021263,SSHL,49,57,200,235.0,47000.0
2021041304021262,SSHL,8,57,370,235.0,86950.0
2021041304021261,SSHL,13,57,50,235.0,11750.0
2021041304021260,SSHL,55,57,50,235.0,11750.0
2021041304021159,SSHL,42,33,200,236.0,47200.0
2021041304021235,SSHL,19,57,100,236.0,23600.0
2021041304021234,SSHL,55,57,50,236.0,11800.0
2021041304021233,SSHL,55,57,50,236.0,11800.0
2021041304021232,SSHL,16,57,200,236.0,47200.0
2021041304021231,SSHL,36,57,400,236.0,94400.0
2021041304021230,SSHL,42,57,610,236.0,143960.0
2021041304021241,SSHL,7,57,500,235.0,117500.0
2021041304021240,SSHL,50,57,500,235.0,117500.0
2021041304021239,SSHL,16,57,50,235.0,11750.0
2021041304021238,SSHL,1,57,500,235.0,117500.0
2021041304021237,SSHL,26,57,175,235.0,41125.0
2021041304021236,SSHL,22,57,200,236.0,47200.0
2021041304021247,SSHL,26,57,50,235.0,11750.0
2021041304021246,SSHL,16,57,300,235.0,70500.0
2021041304021245,SSHL,49,57,500,235.0,117500.0
2021041304021244,SSHL,52,57,20,235.0,4700.0
2021041304021243,SSHL,21,57,211,235.0,49585.0
2021041304021242,SSHL,4,57,500,235.0,117500.0
2021041304021253,SSHL,45,57,100,235.0,23500.0
2021041304021252,SSHL,35,57,100,235.0,23500.0
2021041304021251,SSHL,49,57,200,235.0,47000.0
2021041304021250,SSHL,58,57,300,235.0,70500.0
2021041304021249,SSHL,42,57,50,235.0,11750.0
2021041304021248,SSHL,16,57,200,235.0,47000.0
2021041304021259,SSHL,39,57,10,235.0,2350.0
2021041304021258,SSHL,42,57,300,235.0,70500.0
2021041304021257,SSHL,36,57,500,235.0,117500.0
2021041304021256,SSHL,59,57,200,235.0,47000.0
2021041304021255,SSHL,1,57,20,235.0,4700.0
2021041304021254,SSHL,42,57,500,235.0,117500.0
2021041304021610,STC,6,44,10,11011.0,110110.0
2021041304021430,STC,37,56,10,11199.0,111990.0
2021041304021483,TRH,57,26,300,320.0,96000.0
2021041304021364,TRH,38,26,60,320.0,19200.0
2021041304021605,UIC,17,45,600,717.0,430200.0
2021041304021501,UIC,26,45,75,717.0,53775.0
2021041304021359,UIC,35,3,23,716.0,16468.0
2021041304021358,UIC,25,3,320,716.0,229120.0
2021041304021357,UIC,48,3,500,716.0,358000.0
2021041304021337,UIC,25,29,50,716.0,35800.0
2021041304021297,UIC,25,26,50,716.0,35800.0
2021041304021274,UIC,44,45,100,717.0,71700.0
2021041304021498,UMHL,49,34,200,187.0,37400.0
2021041304021459,UMHL,38,34,"3,358",187.0,627946.0
2021041304021458,UMHL,38,34,680,187.0,127160.0
2021041304021420,UMHL,21,34,10,187.0,1870.0
2021041304021301,UMHL,58,34,20,187.0,3740.0
2021041304021134,UMHL,34,45,360,186.0,66960.0
2021041304021603,UNHPL,22,59,50,131.0,6550.0
2021041304021370,UNHPL,22,43,50,131.0,6550.0
2021041304021203,UNHPL,13,42,500,132.0,66000.0
2021041304021128,UNHPL,21,42,50,132.0,6600.0
2021041304021570,UPCL,38,50,100,168.0,16800.0
2021041304021426,UPCL,41,50,250,168.0,42000.0
2021041304021366,UPCL,54,49,20,168.0,3360.0
2021041304021208,UPCL,49,41,100,168.0,16800.0
2021041304021131,UPCL,46,41,94,168.0,15792.0
2021041304021596,UPPER,16,45,100,882.0,88200.0
2021041304021583,UPPER,16,52,10,884.0,8840.0
2021041304021115,UPPER,56,48,200,881.0,176200.0
2021041304021114,UPPER,56,48,100,881.0,88100.0
2021041304021113,UPPER,16,48,100,881.0,88100.0
2021041304021112,UPPER,32,48,50,881.0,44050.0
2021041304021121,UPPER,58,48,50,880.0,44000.0
2021041304021120,UPPER,32,48,20,880.0,17600.0
2021041304021119,UPPER,17,48,113,881.0,99553.0
2021041304021118,UPPER,56,48,100,881.0,88100.0
2021041304021117,UPPER,50,48,50,881.0,44050.0
2021041304021116,UPPER,38,48,75,881.0,66075.0
2021041304021181,UPPER,41,45,20,881.0,17620.0
2021041304021125,UPPER,57,48,82,880.0,72160.0
2021041304021124,UPPER,45,48,50,880.0,44000.0
2021041304021123,UPPER,41,48,160,880.0,140800.0
2021041304021122,UPPER,40,48,50,880.0,44000.0
2021041304021201,UPPER,47,45,200,881.0,176200.0
2021041304021305,UPPER,41,41,40,882.0,35280.0
2021041304021304,UPPER,41,57,225,882.0,198450.0
2021041304021303,UPPER,41,49,401,881.0,353281.0
2021041304021276,UPPER,49,49,180,881.0,158580.0
2021041304021275,UPPER,49,45,20,881.0,17620.0
2021041304021315,UPPER,57,50,18,880.0,15840.0
2021041304021314,UPPER,56,50,10,881.0,8810.0
2021041304021313,UPPER,41,50,250,882.0,220500.0
2021041304021308,UPPER,16,49,24,883.0,21192.0
2021041304021307,UPPER,41,29,40,882.0,35280.0
2021041304021306,UPPER,41,49,44,882.0,38808.0
2021041304021356,UPPER,56,38,25,880.0,22000.0
2021041304021355,UPPER,16,38,25,882.0,22050.0
2021041304021352,UPPER,16,49,75,881.0,66075.0
2021041304021316,UPPER,56,50,222,880.0,195360.0
2021041304021440,UPPER,35,45,235,881.0,207035.0
2021041304021439,UPPER,4,45,143,881.0,125983.0
2021041304021423,UPPER,4,25,30,881.0,26430.0
2021041304021394,UPPER,34,47,100,882.0,88200.0
2021041304021390,UPPER,16,25,20,881.0,17620.0
2021041304021445,UPPER,34,45,178,880.0,156640.0
2021041304021444,UPPER,37,45,41,880.0,36080.0
2021041304021443,UPPER,4,45,200,880.0,176000.0
2021041304021442,UPPER,56,45,153,880.0,134640.0
2021041304021441,UPPER,59,45,50,881.0,44050.0
2021041304021454,UPPER,49,49,28,880.0,24640.0
2021041304021453,UPPER,34,49,72,880.0,63360.0
2021041304021508,UPPER,40,56,20,881.0,17620.0
2021041304021495,UPPER,16,52,40,884.0,35360.0
2021041304021494,UPPER,16,40,50,882.0,44100.0
2021041304021493,UPPER,16,3,10,882.0,8820.0
2021041304021488,UPPER,40,22,40,881.0,35240.0
2021041304021514,UPPER,45,56,30,880.0,26400.0
2021041304021513,UPPER,52,56,100,880.0,88000.0
2021041304021512,UPPER,58,56,50,880.0,44000.0
2021041304021511,UPPER,49,56,172,880.0,151360.0
2021041304021510,UPPER,16,56,50,881.0,44050.0
2021041304021509,UPPER,57,56,200,881.0,176200.0
2021041304021520,UPPER,25,56,28,880.0,24640.0
2021041304021519,UPPER,57,56,50,880.0,44000.0
2021041304021518,UPPER,22,56,100,880.0,88000.0
2021041304021517,UPPER,45,56,50,880.0,44000.0
2021041304021516,UPPER,34,56,50,880.0,44000.0
2021041304021515,UPPER,36,56,100,880.0,88000.0
2021041304021564,UPPER,38,58,119,882.0,104958.0
2021041304021053,AHPC,29,36,240,259.0,62160.0
2021041304021052,AHPC,29,37,60,259.0,15540.0
2021041304020939,AHPC,55,37,150,259.0,38850.0
2021041304020938,AHPC,55,55,900,259.0,233100.0
2021041304020937,AHPC,55,18,"1,950",259.0,505050.0
2021041304020936,AHPC,25,18,50,259.0,12950.0
2021041304020722,AHPC,34,56,45,259.0,11655.0
2021041304020708,AHPC,39,56,25,259.0,6475.0
2021041304020659,AHPC,42,56,30,259.0,7770.0
2021041304020639,AHPC,29,56,500,259.0,129500.0
2021041304020616,AHPC,29,56,200,259.0,51800.0
2021041304020935,AHPC,25,19,420,259.0,108780.0
2021041304020871,AHPC,54,19,80,259.0,20720.0
2021041304020870,AHPC,54,26,300,259.0,77700.0
2021041304020841,AHPC,29,26,900,259.0,233100.0
2021041304020793,AHPC,57,26,300,259.0,77700.0
2021041304020792,AHPC,57,3,500,259.0,129500.0
2021041304021064,AIL,56,39,15,900.0,13500.0
2021041304021063,AIL,4,39,15,901.0,13515.0
2021041304020862,AIL,56,39,28,900.0,25200.0
2021041304020861,AIL,45,39,20,900.0,18000.0
2021041304020860,AIL,19,39,100,900.0,90000.0
2021041304020859,AIL,28,39,12,900.0,10800.0
2021041304020845,AIL,51,8,30,901.0,27030.0
2021041304020844,AIL,51,50,30,901.0,27030.0
2021041304020826,AIL,28,53,100,900.0,90000.0
2021041304020785,AIL,21,50,20,901.0,18020.0
2021041304020743,AIL,18,50,50,901.0,45050.0
2021041304021085,AKJCL,42,49,20,153.0,3060.0
2021041304020662,AKJCL,42,3,10,153.0,1530.0
2021041304020968,AKPL,16,35,64,335.0,21440.0
2021041304020967,AKPL,43,35,500,335.0,167500.0
2021041304020823,AKPL,6,35,73,335.0,24455.0
2021041304020822,AKPL,6,36,927,335.0,310545.0
2021041304020789,AKPL,28,36,73,335.0,24455.0
2021041304020788,AKPL,28,26,85,335.0,28475.0
2021041304020787,AKPL,28,16,842,335.0,282070.0
2021041304020626,AKPL,51,10,57,334.0,19038.0
2021041304021099,API,45,1,24,345.0,8280.0
2021041304021098,API,45,58,176,344.0,60544.0
2021041304021083,API,59,58,74,344.0,25456.0
2021041304021067,API,59,26,46,344.0,15824.0
2021041304021061,API,58,1,10,345.0,3450.0
2021041304020943,API,34,1,100,345.0,34500.0
2021041304020738,API,40,45,"1,000",346.0,346000.0
2021041304020734,API,6,58,103,345.0,35535.0
2021041304020721,API,52,45,200,346.0,69200.0
2021041304020630,API,6,58,180,345.0,62100.0
2021041304020753,API,40,42,200,346.0,69200.0
2021041304020752,API,40,16,200,346.0,69200.0
2021041304020751,API,40,45,260,346.0,89960.0
2021041304020741,API,14,45,200,346.0,69200.0
2021041304020740,API,58,51,28,345.0,9660.0
2021041304020739,API,36,51,50,345.0,17250.0
2021041304020800,API,59,49,660,346.0,228360.0
2021041304020784,API,42,55,78,345.0,26910.0
2021041304020783,API,48,55,22,345.0,7590.0
2021041304020782,API,48,26,78,345.0,26910.0
2021041304020781,API,58,26,22,345.0,7590.0
2021041304020754,API,40,49,340,346.0,117640.0
2021041304020834,API,34,7,10,345.0,3450.0
2021041304020833,API,22,7,930,345.0,320850.0
2021041304020804,API,22,48,70,345.0,24150.0
2021041304020803,API,47,48,150,345.0,51750.0
2021041304020802,API,42,48,22,345.0,7590.0
2021041304020801,API,59,33,340,346.0,117640.0
2021041304020904,API,36,42,500,344.0,172000.0
2021041304020903,API,44,42,500,344.0,172000.0
2021041304020846,API,35,1,102,345.0,35190.0
2021041304020837,API,35,7,110,345.0,37950.0
2021041304020836,API,22,7,100,345.0,34500.0
2021041304020835,API,56,7,50,345.0,17250.0
2021041304020910,API,59,42,880,344.0,302720.0
2021041304020909,API,33,42,100,344.0,34400.0
2021041304020908,API,29,42,40,344.0,13760.0
2021041304020907,API,17,42,100,344.0,34400.0
2021041304020906,API,29,42,60,344.0,20640.0
2021041304020905,API,25,42,100,344.0,34400.0
2021041304021029,BARUN,50,48,40,249.0,9960.0
2021041304021028,BARUN,50,44,10,249.0,2490.0
2021041304021027,BARUN,50,45,10,248.0,2480.0
2021041304020777,BARUN,50,58,21,248.0,5208.0
2021041304020776,BARUN,50,21,42,248.0,10416.0
2021041304020775,BARUN,50,14,50,248.0,12400.0
2021041304020774,BARUN,50,52,90,248.0,22320.0
2021041304020668,BPCL,1,19,100,425.0,42500.0
2021041304020667,BPCL,44,19,100,425.0,42500.0
2021041304020666,BPCL,45,19,100,425.0,42500.0
2021041304020665,BPCL,42,19,10,425.0,4250.0
2021041304020664,BPCL,53,19,20,425.0,8500.0
2021041304020663,BPCL,57,19,95,425.0,40375.0
2021041304021102,CGH,28,7,10,2491.0,24910.0
2021041304021065,CGH,56,7,20,2491.0,49820.0
2021041304021056,CGH,38,7,20,2491.0,49820.0
2021041304021055,CGH,28,7,90,2491.0,224190.0
2021041304021031,CGH,26,34,10,2494.0,24940.0
2021041304021030,CGH,26,48,30,2494.0,74820.0
2021041304020628,CGH,39,42,10,2500.0,25000.0
2021041304020627,CGH,39,39,155,2500.0,387500.0
2021041304020611,CGH,39,18,155,2495.0,386725.0
2021041304020815,CGH,26,45,10,2494.0,24940.0
2021041304020814,CGH,35,45,10,2495.0,24950.0
2021041304020813,CGH,39,45,70,2495.0,174650.0
2021041304020812,CGH,13,45,40,2496.0,99840.0
2021041304020811,CGH,56,45,40,2497.0,99880.0
2021041304020769,CGH,13,58,10,2496.0,24960.0
2021041304020828,CGH,45,43,10,2500.0,25000.0
2021041304020827,CGH,45,38,10,2500.0,25000.0
2021041304020819,CGH,35,6,10,2500.0,25000.0
2021041304020818,CGH,35,49,10,2500.0,25000.0
2021041304020817,CGH,35,13,10,2496.0,24960.0
2021041304020816,CGH,38,45,30,2494.0,74820.0
2021041304020993,CGH,33,52,50,2492.0,124600.0
2021041304020992,CGH,38,52,10,2493.0,24930.0
2021041304020975,CGH,53,58,10,2493.0,24930.0
2021041304020965,CGH,50,48,50,2494.0,124700.0
2021041304020920,CGH,38,48,20,2494.0,49880.0
2021041304020874,CGH,44,52,10,2497.0,24970.0
2021041304020999,CGH,28,52,10,2491.0,24910.0
2021041304020998,CGH,28,52,190,2491.0,473290.0
2021041304020997,CGH,14,52,10,2492.0,24920.0
2021041304020996,CGH,35,52,10,2492.0,24920.0
2021041304020995,CGH,39,52,40,2492.0,99680.0
2021041304020994,CGH,39,52,20,2492.0,49840.0
2021041304020847,CHCL,34,1,20,655.0,13100.0
2021041304020805,CHCL,25,41,10,657.0,6570.0
2021041304020944,CHL,58,36,5,269.0,1345.0
2021041304020613,CHL,45,39,22,269.0,5918.0
2021041304020612,CHL,34,39,478,269.0,128582.0
2021041304020969,CMF1,48,33,"12,400",10.81,134044.0
2021041304020680,CMF1,48,33,"2,800",10.81,30268.0
2021041304020831,DHPL,38,38,50,123.0,6150.0
2021041304020651,DHPL,49,45,100,122.0,12200.0
2021041304020642,DHPL,49,40,11,122.0,1342.0
2021041304020641,DHPL,49,58,21,122.0,2562.0
2021041304020981,EIC,42,57,100,773.0,77300.0
2021041304020928,EIC,59,57,50,772.0,38600.0
2021041304020927,EIC,43,57,20,772.0,15440.0
2021041304020926,EIC,3,57,10,772.0,7720.0
2021041304020925,EIC,6,57,50,772.0,38600.0
2021041304020824,EIC,42,57,100,773.0,77300.0
2021041304020729,EIC,39,57,20,774.0,15480.0
2021041304020728,EIC,6,57,115,774.0,89010.0
2021041304020727,EIC,21,57,10,774.0,7740.0
2021041304020726,EIC,46,57,200,774.0,154800.0
2021041304020725,EIC,26,57,150,774.0,116100.0
2021041304020619,EIC,26,49,50,774.0,38700.0
2021041304020810,EIC,25,57,100,773.0,77300.0
2021041304020809,EIC,45,57,20,773.0,15460.0
2021041304020808,EIC,58,57,100,773.0,77300.0
2021041304020807,EIC,38,57,10,773.0,7730.0
2021041304020768,EIC,49,57,50,774.0,38700.0
2021041304020767,EIC,21,57,50,774.0,38700.0
2021041304021106,GHL,21,58,71,166.0,11786.0
2021041304021105,GHL,21,3,57,166.0,9462.0
2021041304020770,GHL,42,8,910,165.0,150150.0
2021041304020730,GHL,42,10,104,165.0,17160.0
2021041304021087,GIC,43,57,10,740.0,7400.0
2021041304020982,GIC,46,56,20,741.0,14820.0
2021041304020661,GIC,51,38,10,743.0,7430.0
2021041304020633,GIC,51,57,10,743.0,7430.0
2021041304020632,GIC,51,35,10,743.0,7430.0
2021041304020766,GIC,51,56,77,743.0,57211.0
2021041304020755,GIC,51,59,50,743.0,37150.0
2021041304020917,GIC,1,56,20,741.0,14820.0
2021041304020916,GIC,1,56,30,741.0,22230.0
2021041304020915,GIC,25,56,60,741.0,44460.0
2021041304020914,GIC,54,56,50,741.0,37050.0
2021041304020913,GIC,17,56,20,741.0,14820.0
2021041304020912,GIC,39,56,50,741.0,37050.0
2021041304020932,GIC,26,56,100,741.0,74100.0
2021041304020931,GIC,39,56,100,741.0,74100.0
2021041304020930,GIC,42,56,80,741.0,59280.0
2021041304020929,GIC,1,56,192,741.0,142272.0
2021041304020919,GIC,1,56,108,741.0,80028.0
2021041304020918,GIC,1,56,300,741.0,222300.0
2021041304020877,GIMES1,7,8,"1,000",16.0,16000.0
2021041304020945,GLH,20,57,10,396.0,3960.0
2021041304020878,GLH,20,13,10,396.0,3960.0
2021041304020778,GLH,51,17,10,398.0,3980.0
2021041304020720,GLH,20,13,10,396.0,3960.0
2021041304020673,GLH,20,14,10,396.0,3960.0
2021041304020614,GLH,20,38,10,396.0,3960.0
2021041304021020,HDHPC,16,55,300,148.0,44400.0
2021041304020806,HDHPC,16,55,300,148.0,44400.0
2021041304020978,HGI,29,59,10,774.0,7740.0
2021041304020842,HGI,22,36,269,772.0,207668.0
2021041304020839,HGI,58,36,731,772.0,564332.0
2021041304020825,HGI,58,48,100,772.0,77200.0
2021041304020759,HGI,58,26,169,772.0,130468.0
2021041304020758,HGI,34,26,100,772.0,77200.0
2021041304020757,HGI,25,26,100,772.0,77200.0
2021041304020756,HGI,21,26,31,772.0,23932.0
2021041304020706,HGI,21,39,19,772.0,14668.0
2021041304020705,HGI,34,39,100,773.0,77300.0
2021041304020704,HGI,25,39,31,773.0,23963.0
2021041304020657,HPPL,45,41,290,400.0,116000.0
2021041304020656,HPPL,45,36,20,400.0,8000.0
2021041304020655,HPPL,45,11,60,400.0,24000.0
2021041304020654,HPPL,45,36,10,400.0,4000.0
2021041304020653,HPPL,45,45,320,400.0,128000.0
2021041304021084,IGI,32,17,20,1258.0,25160.0
2021041304021079,IGI,32,45,70,1258.0,88060.0
2021041304021078,IGI,32,45,10,1258.0,12580.0
2021041304021077,IGI,13,45,20,1258.0,25160.0
2021041304020719,IGI,20,35,35,1259.0,44065.0
2021041304020735,IGI,37,28,100,1259.0,125900.0
2021041304020731,IGI,41,28,25,1259.0,31475.0
2021041304020896,IGI,40,6,100,1259.0,125900.0
2021041304020895,IGI,40,28,375,1259.0,472125.0
2021041304020893,IGI,17,17,50,1258.0,62900.0
2021041304020890,IGI,17,51,100,1258.0,125800.0
2021041304020899,IGI,17,48,100,1258.0,125800.0
2021041304020898,IGI,40,32,594,1259.0,747846.0
2021041304020897,IGI,40,16,100,1259.0,125900.0
2021041304021050,IGI,50,32,39,1259.0,49101.0
2021041304021072,IGI,13,48,50,1258.0,62900.0
2021041304021071,IGI,26,48,100,1258.0,125800.0
2021041304021070,IGI,17,48,50,1258.0,62900.0
2021041304021101,JOSHI,38,1,20,137.0,2740.0
2021041304020869,KKHC,45,16,500,133.0,66500.0
2021041304020868,KKHC,45,50,40,133.0,5320.0
2021041304021039,LEC,1,20,30,302.0,9060.0
2021041304020921,LEC,45,38,50,302.0,15100.0
2021041304021086,LEMF,29,22,"2,850",11.23,32005.5
2021041304021026,LGIL,36,26,645,835.0,538575.0
2021041304021025,LGIL,36,37,262,833.0,218246.0
2021041304021024,LGIL,36,26,143,833.0,119119.0
2021041304021023,LGIL,36,32,950,832.0,790400.0
2021041304020962,LGIL,21,41,100,832.0,83200.0
2021041304020644,LGIL,6,26,22,833.0,18326.0
2021041304020643,LGIL,6,10,78,832.0,64896.0
2021041304020980,MEN,19,42,10,833.0,8330.0
2021041304020946,MEN,19,56,10,833.0,8330.0
2021041304020688,MEN,19,36,10,833.0,8330.0
2021041304020851,MHNL,35,42,280,258.0,72240.0
2021041304020820,MHNL,34,42,150,258.0,38700.0
2021041304020716,NBF2,5,59,300,11.42,3426.0
2021041304020838,NGPL,41,35,500,249.0,124500.0
2021041304020742,NHDL,57,36,300,325.0,97500.0
2021041304021097,NHPC,50,50,172,165.0,28380.0
2021041304021096,NHPC,51,50,"1,000",165.0,165000.0
2021041304021095,NHPC,57,50,20,165.0,3300.0
2021041304021094,NHPC,1,50,500,165.0,82500.0
2021041304021093,NHPC,41,50,500,165.0,82500.0
2021041304021092,NHPC,58,50,250,165.0,41250.0
2021041304020696,NHPC,3,35,"1,000",166.0,166000.0
2021041304020695,NHPC,34,35,"1,000",166.0,166000.0
2021041304020694,NHPC,45,35,30,166.0,4980.0
2021041304020693,NHPC,21,35,42,166.0,6972.0
2021041304020692,NHPC,32,35,98,166.0,16268.0
2021041304020702,NHPC,50,35,380,166.0,63080.0
2021041304020701,NHPC,19,35,50,166.0,8300.0
2021041304020700,NHPC,50,35,300,166.0,49800.0
2021041304020699,NHPC,44,35,500,166.0,83000.0
2021041304020698,NHPC,49,35,100,166.0,16600.0
2021041304020697,NHPC,21,35,500,166.0,83000.0
2021041304021091,NHPC,22,50,30,165.0,4950.0
2021041304021090,NHPC,10,50,270,165.0,44550.0
2021041304021089,NHPC,4,50,100,166.0,16600.0
2021041304021088,NHPC,54,50,50,166.0,8300.0
2021041304020867,NHPC,40,50,"1,000",166.0,166000.0
2021041304020866,NHPC,38,50,500,166.0,83000.0
2021041304021081,NIBSF1,48,20,"1,889",13.39,25293.71
2021041304021080,NIBSF1,48,53,"1,500",13.39,20085.0
2021041304020832,NIBSF1,48,49,"1,000",13.3,13300.0
2021041304020786,NIBSF1,17,45,"2,500",13.2,33000.0
2021041304021109,NICL,38,59,92,839.0,77188.0
2021041304021108,NICL,38,25,13,839.0,10907.0
2021041304021107,NICL,38,42,95,836.0,79420.0
2021041304021038,NICL,43,42,10,836.0,8360.0
2021041304021037,NICL,8,42,200,836.0,167200.0
2021041304021036,NICL,43,42,300,836.0,250800.0
2021041304021035,NICL,34,42,10,838.0,8380.0
2021041304021034,NICL,51,42,200,838.0,167600.0
2021041304021033,NICL,52,42,100,838.0,83800.0
2021041304021032,NICL,51,42,85,838.0,71230.0
2021041304020873,NICL,51,49,200,838.0,167600.0
2021041304020797,NICL,51,40,200,838.0,167600.0
2021041304021059,NIL,21,39,25,1664.0,41600.0
2021041304021058,NIL,21,48,25,1664.0,41600.0
2021041304020891,NIL,42,48,100,1664.0,166400.0
2021041304020773,NIL,18,48,40,1664.0,66560.0
2021041304020772,NIL,16,48,30,1664.0,49920.0
2021041304020771,NIL,42,48,200,1664.0,332800.0
2021041304020638,NIL,42,59,50,1665.0,83250.0
2021041304020637,NIL,56,59,50,1665.0,83250.0
2021041304020636,NIL,17,59,80,1665.0,133200.0
2021041304020924,NLG,58,42,50,1158.0,57900.0
2021041304020923,NLG,58,47,107,1158.0,123906.0
2021041304020709,NLG,58,47,12,1158.0,13896.0
2021041304020648,NLG,25,47,30,1158.0,34740.0
2021041304020660,NMB50,39,35,500,12.42,6210.0
2021041304021047,PIC,33,4,100,1290.0,129000.0
2021041304021019,PIC,51,4,20,1290.0,25800.0
2021041304021010,PIC,1,4,50,1290.0,64500.0
2021041304021009,PIC,33,4,100,1290.0,129000.0
2021041304021008,PIC,14,4,20,1290.0,25800.0
2021041304021007,PIC,39,4,100,1290.0,129000.0
2021041304020830,PIC,47,36,20,1298.0,25960.0
2021041304020829,PIC,4,36,16,1299.0,20784.0
2021041304020647,PIC,47,34,10,1298.0,12980.0
2021041304020646,PIC,44,34,20,1298.0,25960.0
2021041304020645,PIC,19,34,20,1298.0,25960.0
2021041304020615,PIC,19,34,60,1298.0,77880.0
2021041304021000,PIC,33,4,86,1297.0,111542.0
2021041304020956,PIC,38,56,50,1298.0,64900.0
2021041304020949,PIC,33,36,114,1297.0,147858.0
2021041304020948,PIC,47,36,50,1297.0,64850.0
2021041304020947,PIC,41,36,100,1297.0,129700.0
2021041304020876,PIC,20,34,50,1297.0,64850.0
2021041304021006,PIC,44,4,20,1291.0,25820.0
2021041304021005,PIC,22,4,100,1291.0,129100.0
2021041304021004,PIC,20,4,75,1291.0,96825.0
2021041304021003,PIC,22,4,20,1295.0,25900.0
2021041304021002,PIC,33,4,200,1295.0,259000.0
2021041304021001,PIC,43,4,100,1296.0,129600.0
2021041304020750,PICL,6,49,100,894.0,89400.0
2021041304021100,PMHPL,57,51,500,192.0,96000.0
2021041304020674,PMHPL,57,16,10,192.0,1920.0
2021041304020629,PPCL,57,25,90,302.0,27180.0
2021041304020955,PRIN,57,39,200,969.0,193800.0
2021041304020934,PRIN,14,6,214,968.0,207152.0
2021041304020933,PRIN,36,6,86,968.0,83248.0
2021041304020712,PRIN,28,39,50,970.0,48500.0
2021041304020652,PRIN,55,39,100,970.0,97000.0
2021041304020624,RADHI,29,58,100,491.0,49100.0
2021041304020900,RHPC,34,36,163,212.0,34556.0
2021041304020865,RHPC,56,36,10,212.0,2120.0
2021041304020690,RHPC,34,52,163,212.0,34556.0
2021041304020669,RHPC,16,56,50,211.0,10550.0
2021041304021082,RHPL,58,48,40,494.0,19760.0
2021041304021051,RHPL,58,53,70,494.0,34580.0
2021041304021046,RHPL,43,53,30,494.0,14820.0
2021041304021045,RHPL,43,42,70,494.0,34580.0
2021041304020957,RHPL,1,38,40,493.0,19720.0
2021041304020875,RHPL,1,41,40,493.0,19720.0
2021041304020718,RHPL,1,43,100,493.0,49300.0
2021041304020621,RHPL,1,25,50,493.0,24650.0
2021041304020691,RRHP,58,56,15,376.0,5640.0
2021041304020618,RRHP,51,56,55,376.0,20680.0
2021041304020617,RRHP,51,38,145,376.0,54520.0
2021041304021017,SEF,17,17,"5,000",12.24,61200.0
2021041304021016,SEF,17,47,500,12.24,6120.0
2021041304020942,SEF,17,47,"23,500",12.24,287640.0
2021041304020941,SEF,17,36,"1,000",12.24,12240.0
2021041304020940,SEF,17,36,500,12.23,6115.0
2021041304021110,SGI,48,41,40,798.0,31920.0
2021041304021060,SGI,45,1,10,797.0,7970.0
2021041304021018,SGI,45,57,10,797.0,7970.0
2021041304020961,SGI,45,29,193,797.0,153821.0
2021041304020960,SGI,19,29,100,797.0,79700.0
2021041304020959,SGI,11,29,197,797.0,157009.0
2021041304020958,SGI,49,29,10,798.0,7980.0
2021041304020749,SGI,11,56,10,797.0,7970.0
2021041304020745,SGI,11,13,10,797.0,7970.0
2021041304020733,SGI,11,21,10,797.0,7970.0
2021041304020620,SGI,11,13,10,797.0,7970.0
2021041304021075,SHL,14,58,500,200.0,100000.0
2021041304021054,SHL,14,53,200,200.0,40000.0
2021041304021044,SHPC,44,29,376,373.0,140248.0
2021041304021043,SHPC,57,29,200,373.0,74600.0
2021041304021042,SHPC,59,29,200,373.0,74600.0
2021041304021041,SHPC,42,29,30,373.0,11190.0
2021041304021040,SHPC,44,29,30,373.0,11190.0
2021041304020974,SIC,54,14,20,1720.0,34400.0
2021041304020973,SIC,59,14,50,1720.0,86000.0
2021041304020972,SIC,35,14,70,1720.0,120400.0
2021041304020971,SIC,6,14,10,1721.0,17210.0
2021041304020970,SIC,36,14,30,1722.0,51660.0
2021041304020892,SIC,36,29,50,1722.0,86100.0
2021041304020683,SIC,28,32,58,1720.0,99760.0
2021041304020682,SIC,22,32,280,1720.0,481600.0
2021041304020681,SIC,49,32,22,1720.0,37840.0
2021041304020886,SIC,6,29,30,1722.0,51660.0
2021041304020799,SIC,6,10,20,1721.0,34420.0
2021041304020687,SIC,35,32,30,1720.0,51600.0
2021041304020686,SIC,34,32,10,1720.0,17200.0
2021041304020685,SIC,39,32,50,1720.0,86000.0
2021041304020684,SIC,49,32,50,1720.0,86000.0
2021041304020864,SICL,33,20,40,1920.0,76800.0
2021041304020863,SICL,56,20,10,1920.0,19200.0
2021041304020744,SICL,57,48,4,1920.0,7680.0
2021041304020717,SICL,56,1,10,1920.0,19200.0
2021041304020679,SICL,57,55,46,1920.0,88320.0
2021041304020678,SICL,45,55,10,1920.0,19200.0
2021041304020677,SICL,45,55,115,1920.0,220800.0
2021041304020676,SICL,25,55,50,1920.0,96000.0
2021041304020675,SICL,32,55,99,1920.0,190080.0
2021041304020650,SICL,50,45,50,1924.0,96200.0
2021041304020631,SICL,32,49,20,1920.0,38400.0
2021041304020623,SICL,52,55,20,1921.0,38420.0
2021041304020635,SIL,45,58,176,1258.0,221408.0
2021041304020634,SIL,7,58,24,1258.0,30192.0
2021041304021076,SJCL,21,59,300,465.0,139500.0
2021041304020922,SJCL,21,45,10,465.0,4650.0
2021041304020843,SJCL,21,38,40,465.0,18600.0
2021041304020795,SJCL,21,22,130,465.0,60450.0
2021041304020794,SJCL,38,22,70,467.0,32690.0
2021041304020791,SJCL,38,51,20,467.0,9340.0
2021041304020790,SJCL,38,38,10,466.0,4660.0
2021041304020732,SJCL,58,38,10,466.0,4660.0
2021041304020723,SJCL,58,33,10,466.0,4660.0
2021041304021022,SPDL,13,42,335,275.0,92125.0
2021041304021021,SPDL,13,42,165,275.0,45375.0
2021041304020964,SPDL,35,36,50,274.0,13700.0
2021041304020963,SPDL,33,36,300,274.0,82200.0
2021041304020889,SPDL,1,42,10,275.0,2750.0
2021041304020840,SPDL,33,34,200,274.0,54800.0
2021041304020670,SPDL,44,25,"1,410",273.0,384930.0
2021041304021103,SSHL,42,57,500,237.0,118500.0
2021041304020901,SSHL,42,45,100,236.0,23600.0
2021041304020821,SSHL,14,57,100,237.0,23700.0
2021041304020765,SSHL,42,1,90,236.0,21240.0
2021041304020764,SSHL,49,1,100,236.0,23600.0
2021041304020763,SSHL,16,1,200,236.0,47200.0
2021041304020762,SSHL,7,1,210,236.0,49560.0
2021041304020761,SSHL,7,1,200,236.0,47200.0
2021041304020760,SSHL,7,1,400,236.0,94400.0
2021041304020737,SSHL,41,57,500,237.0,118500.0
2021041304020736,SSHL,41,21,500,237.0,118500.0
2021041304020951,STC,57,39,10,11150.0,111500.0
2021041304020780,STC,34,45,10,11002.0,110020.0
2021041304020991,UIC,25,35,80,716.0,57280.0
2021041304020990,UIC,25,35,50,716.0,35800.0
2021041304020989,UIC,49,35,100,716.0,71600.0
2021041304020988,UIC,21,35,100,716.0,71600.0
2021041304020987,UIC,53,35,100,717.0,71700.0
2021041304020986,UIC,48,35,10,717.0,7170.0
2021041304020714,UIC,26,18,30,719.0,21570.0
2021041304020625,UIC,38,48,100,717.0,71700.0
2021041304020985,UIC,22,35,20,717.0,14340.0
2021041304020984,UIC,26,35,100,717.0,71700.0
2021041304020983,UIC,38,35,70,717.0,50190.0
2021041304020853,UIC,48,35,100,718.0,71800.0
2021041304020852,UIC,51,35,100,718.0,71800.0
2021041304020715,UIC,26,35,470,719.0,337930.0
2021041304021066,UMHL,10,45,100,186.0,18600.0
2021041304021062,UMHL,58,45,10,186.0,1860.0
2021041304021048,UMHL,45,45,30,186.0,5580.0
2021041304020689,UMHL,42,34,250,187.0,46750.0
2021041304021011,UMHL,50,45,"1,000",186.0,186000.0
2021041304020850,UMHL,42,36,148,186.0,27528.0
2021041304020849,UMHL,38,36,842,186.0,156612.0
2021041304020848,UMHL,58,36,10,187.0,1870.0
2021041304020711,UMHL,38,35,158,186.0,29388.0
2021041304020710,UMHL,56,35,842,186.0,156612.0
2021041304021015,UMHL,21,45,100,186.0,18600.0
2021041304021014,UMHL,46,45,500,186.0,93000.0
2021041304021013,UMHL,26,45,400,186.0,74400.0
2021041304021012,UMHL,14,45,500,186.0,93000.0
2021041304020798,UMRH,38,14,150,298.0,44700.0
2021041304020672,UMRH,42,14,100,299.0,29900.0
2021041304020671,UMRH,42,48,10,299.0,2990.0
2021041304020622,UMRH,42,38,100,298.0,29800.0
2021041304020977,UPCL,46,19,46,168.0,7728.0
2021041304020976,UPCL,36,19,454,168.0,76272.0
2021041304020953,UPCL,36,36,20,168.0,3360.0
2021041304020952,UPCL,36,50,326,168.0,54768.0
2021041304020713,UPCL,38,58,40,168.0,6720.0
2021041304020703,UPCL,41,22,150,167.0,25050.0
2021041304020658,UPCL,42,58,274,168.0,46032.0
2021041304020881,UPCL,42,34,50,168.0,8400.0
2021041304020880,UPCL,42,3,50,168.0,8400.0
2021041304020879,UPCL,42,58,547,168.0,91896.0
2021041304020724,UPCL,33,58,50,168.0,8400.0
2021041304020888,UPCL,48,50,174,168.0,29232.0
2021041304020887,UPCL,48,58,"1,026",168.0,172368.0
2021041304020885,UPCL,42,58,204,168.0,34272.0
2021041304020884,UPCL,42,36,50,168.0,8400.0
2021041304020883,UPCL,42,51,50,168.0,8400.0
2021041304020882,UPCL,42,4,50,168.0,8400.0
2021041304021104,UPPER,32,58,50,881.0,44050.0
2021041304021074,UPPER,44,42,30,881.0,26430.0
2021041304020707,UPPER,16,57,10,884.0,8840.0
2021041304020649,UPPER,55,46,243,883.0,214569.0
2021041304020640,UPPER,26,46,30,883.0,26490.0
2021041304020779,UPPER,46,57,50,884.0,44200.0
2021041304020748,UPPER,46,56,20,883.0,17660.0
2021041304020747,UPPER,57,56,22,883.0,19426.0
2021041304020746,UPPER,55,56,257,883.0,226931.0
2021041304020858,UPPER,21,57,56,882.0,49392.0
2021041304020857,UPPER,58,57,10,882.0,8820.0
2021041304020856,UPPER,41,49,30,882.0,26460.0
2021041304020855,UPPER,1,49,10,882.0,8820.0
2021041304020854,UPPER,40,49,100,882.0,88200.0
2021041304020796,UPPER,16,49,10,883.0,8830.0
2021041304020894,UPPER,35,49,45,883.0,39735.0
2021041304020872,UPPER,57,49,200,883.0,176600.0
2021041304020950,UPPER,44,57,10,882.0,8820.0
2021041304020911,UPPER,17,57,100,882.0,88200.0
2021041304020902,UPPER,21,46,44,882.0,38808.0
2021041304021057,UPPER,56,57,60,882.0,52920.0
2021041304021049,UPPER,54,57,10,882.0,8820.0
2021041304020979,UPPER,21,57,35,882.0,30870.0
2021041304020966,UPPER,38,57,50,882.0,44100.0
2021041304020954,UPPER,28,57,10,882.0,8820.0
2021041304021073,UPPER,59,42,10,881.0,8810.0
2021041304021069,UPPER,59,57,20,881.0,17620.0
2021041304021068,UPPER,58,57,30,881.0,26430.0
2021041304020597,AHPC,44,56,100,259.0,25900.0
2021041304020590,AHPC,21,56,100,259.0,25900.0
2021041304020561,AHPC,58,40,51,258.0,13158.0
2021041304020461,AHPC,55,53,250,259.0,64750.0
2021041304020460,AHPC,55,1,975,259.0,252525.0
2021041304020394,AHPC,49,1,25,259.0,6475.0
2021041304020148,AHPC,48,21,20,259.0,5180.0
2021041304020147,AHPC,55,21,"4,335",259.0,1122765.0
2021041304020154,AHPC,46,21,"1,000",259.0,259000.0
2021041304020153,AHPC,13,21,99,259.0,25641.0
2021041304020152,AHPC,29,21,300,259.0,77700.0
2021041304020151,AHPC,48,21,250,259.0,64750.0
2021041304020150,AHPC,45,21,500,259.0,129500.0
2021041304020149,AHPC,51,21,500,259.0,129500.0
2021041304020329,AHPC,57,21,"1,200",259.0,310800.0
2021041304020198,AHPC,58,21,20,259.0,5180.0
2021041304020163,AHPC,26,21,150,259.0,38850.0
2021041304020157,AHPC,41,21,500,259.0,129500.0
2021041304020156,AHPC,1,21,500,259.0,129500.0
2021041304020155,AHPC,52,21,260,259.0,67340.0
2021041304020511,AIL,28,42,10,900.0,9000.0
2021041304020384,AIL,36,35,20,902.0,18040.0
2021041304020383,AIL,36,14,80,901.0,72080.0
2021041304020377,AIL,39,14,50,901.0,45050.0
2021041304020247,AIL,28,22,10,900.0,9000.0
2021041304020182,AIL,28,7,10,900.0,9000.0
2021041304020181,AIL,28,40,10,900.0,9000.0
2021041304020191,AKJCL,42,3,20,153.0,3060.0
2021041304020190,AKJCL,42,49,20,153.0,3060.0
2021041304020485,AKPL,51,49,21,334.0,7014.0
2021041304020382,AKPL,51,49,361,334.0,120574.0
2021041304020381,AKPL,51,49,39,334.0,13026.0
2021041304020380,AKPL,36,49,100,334.0,33400.0
2021041304020304,AKPL,57,16,158,335.0,52930.0
2021041304020303,AKPL,57,57,42,335.0,14070.0
2021041304020204,AKPL,16,57,458,335.0,153430.0
2021041304020203,AKPL,16,16,542,335.0,181570.0
2021041304020594,API,58,45,100,346.0,34600.0
2021041304020556,API,6,43,300,345.0,103500.0
2021041304020530,API,6,21,100,345.0,34500.0
2021041304020509,API,46,45,80,346.0,27680.0
2021041304020430,API,19,45,300,346.0,103800.0
2021041304020337,API,6,34,100,345.0,34500.0
2021041304020193,API,11,45,109,345.0,37605.0
2021041304020179,API,42,45,50,346.0,17300.0
2021041304020178,API,42,8,10,346.0,3460.0
2021041304020177,API,40,8,20,346.0,6920.0
2021041304020328,API,6,42,16,345.0,5520.0
2021041304020323,API,6,48,201,345.0,69345.0
2021041304020322,API,17,48,99,345.0,34155.0
2021041304020288,API,55,45,15,346.0,5190.0
2021041304020287,API,17,21,10,345.0,3450.0
2021041304020194,API,17,45,391,345.0,134895.0
2021041304020464,BARUN,40,32,200,247.0,49400.0
2021041304020462,BARUN,32,52,200,248.0,49600.0
2021041304020375,BARUN,35,52,200,248.0,49600.0
2021041304020600,CGH,57,18,30,2495.0,74850.0
2021041304020599,CGH,14,18,40,2495.0,99800.0
2021041304020576,CGH,20,18,30,2495.0,74850.0
2021041304020555,CGH,35,18,10,2495.0,24950.0
2021041304020550,CGH,49,18,100,2495.0,249500.0
2021041304020549,CGH,20,18,30,2495.0,74850.0
2021041304020262,CGH,40,28,15,2502.0,37530.0
2021041304020261,CGH,19,28,20,2503.0,50060.0
2021041304020188,CGH,40,57,10,2502.0,25020.0
2021041304020358,CGH,59,28,20,2500.0,50000.0
2021041304020291,CGH,26,26,20,2504.0,50080.0
2021041304020266,CGH,52,28,10,2500.0,25000.0
2021041304020265,CGH,56,28,20,2500.0,50000.0
2021041304020264,CGH,39,28,20,2500.0,50000.0
2021041304020263,CGH,42,28,50,2500.0,125000.0
2021041304020398,CGH,38,39,10,2500.0,25000.0
2021041304020397,CGH,42,39,35,2500.0,87500.0
2021041304020396,CGH,10,39,20,2500.0,50000.0
2021041304020362,CGH,13,59,30,2502.0,75060.0
2021041304020360,CGH,51,28,99,2500.0,247500.0
2021041304020359,CGH,36,28,30,2500.0,75000.0
2021041304020542,CGH,8,18,90,2497.0,224730.0
2021041304020541,CGH,38,18,10,2498.0,24980.0
2021041304020503,CGH,42,39,35,2500.0,87500.0
2021041304020458,CGH,8,56,10,2497.0,24970.0
2021041304020456,CGH,47,39,50,2500.0,125000.0
2021041304020437,CGH,42,39,35,2500.0,87500.0
2021041304020548,CGH,16,18,10,2495.0,24950.0
2021041304020547,CGH,54,18,10,2495.0,24950.0
2021041304020546,CGH,51,18,30,2495.0,74850.0
2021041304020545,CGH,11,18,35,2495.0,87325.0
2021041304020544,CGH,1,18,20,2496.0,49920.0
2021041304020543,CGH,53,18,100,2496.0,249600.0
2021041304020586,CHCL,54,49,69,651.0,44919.0
2021041304020585,CHCL,6,49,500,651.0,325500.0
2021041304020584,CHCL,52,49,50,652.0,32600.0
2021041304020583,CHCL,39,49,500,652.0,326000.0
2021041304020582,CHCL,14,49,100,652.0,65200.0
2021041304020581,CHCL,48,49,200,653.0,130600.0
2021041304020506,CHCL,50,59,20,656.0,13120.0
2021041304020505,CHCL,56,59,39,656.0,25584.0
2021041304020494,CHCL,56,40,51,656.0,33456.0
2021041304020475,CHCL,56,50,10,656.0,6560.0
2021041304020141,CHCL,38,32,52,655.0,34060.0
2021041304020580,CHCL,34,49,200,653.0,130600.0
2021041304020579,CHCL,56,49,300,653.0,195900.0
2021041304020578,CHCL,57,49,100,655.0,65500.0
2021041304020577,CHCL,28,49,"1,981",655.0,1297555.0
2021041304020508,CHCL,28,59,393,655.0,257415.0
2021041304020507,CHCL,38,59,48,655.0,31440.0
2021041304020522,CHL,58,13,5,269.0,1345.0
2021041304020484,CMF1,48,25,"1,000",10.8,10800.0
2021041304020483,CMF1,48,49,100,10.8,1080.0
2021041304020482,CMF1,48,54,100,10.8,1080.0
2021041304020481,CMF1,48,58,500,10.8,5400.0
2021041304020480,CMF1,48,49,"5,000",10.8,54000.0
2021041304020387,CMF1,48,49,"4,000",10.79,43160.0
2021041304020386,CMF1,48,58,"5,000",10.79,53950.0
2021041304020528,CMF2,8,59,200,11.14,2228.0
2021041304020374,CMF2,8,8,"1,000",11.14,11140.0
2021041304020610,GHL,17,3,10,166.0,1660.0
2021041304020465,GHL,59,3,100,166.0,16600.0
2021041304020368,GHL,38,3,33,166.0,5478.0
2021041304020367,GHL,38,3,50,166.0,8300.0
2021041304020366,GHL,38,52,30,166.0,4980.0
2021041304020365,GHL,38,7,25,166.0,4150.0
2021041304020364,GHL,38,28,162,166.0,26892.0
2021041304020356,GHL,58,28,10,166.0,1660.0
2021041304020286,GHL,17,28,10,166.0,1660.0
2021041304020159,GHL,42,49,30,165.0,4950.0
2021041304020111,GHL,36,28,318,166.0,52788.0
2021041304020609,GIC,51,17,10,743.0,7430.0
2021041304020454,GIC,51,57,10,743.0,7430.0
2021041304020438,GIC,51,4,125,743.0,92875.0
2021041304020416,GIC,51,33,100,743.0,74300.0
2021041304020123,GIC,51,38,10,743.0,7430.0
2021041304020115,GIC,51,38,10,743.0,7430.0
2021041304020221,GIC,51,52,10,743.0,7430.0
2021041304020192,GIC,51,51,68,743.0,50524.0
2021041304020164,GIC,38,56,10,744.0,7440.0
2021041304020334,GIC,51,49,100,743.0,74300.0
2021041304020540,GLH,20,21,110,396.0,43560.0
2021041304020539,GLH,1,21,180,397.0,71460.0
2021041304020520,GLH,1,56,10,397.0,3970.0
2021041304020518,GLH,1,35,10,397.0,3970.0
2021041304020473,GLH,20,19,10,396.0,3960.0
2021041304020470,GLH,20,41,10,396.0,3960.0
2021041304020241,GLH,35,52,10,397.0,3970.0
2021041304020240,GLH,35,21,120,397.0,47640.0
2021041304020175,GLH,45,21,10,397.0,3970.0
2021041304020427,GLH,43,56,110,397.0,43670.0
2021041304020311,GLH,55,56,80,397.0,31760.0
2021041304020306,GLH,20,26,10,396.0,3960.0
2021041304020244,GLH,20,52,10,396.0,3960.0
2021041304020243,GLH,35,35,10,397.0,3970.0
2021041304020242,GLH,35,35,10,397.0,3970.0
2021041304020560,HDHPC,36,55,90,148.0,13320.0
2021041304020448,HDHPC,42,55,"1,050",148.0,155400.0
2021041304020447,HDHPC,42,50,200,148.0,29600.0
2021041304020446,HDHPC,42,35,750,148.0,111000.0
2021041304020409,HDHPC,50,16,30,147.0,4410.0
2021041304020305,HDHPC,50,38,20,147.0,2940.0
2021041304020197,HDHPC,50,35,589,147.0,86583.0
2021041304020196,HDHPC,14,35,411,147.0,60417.0
2021041304020173,HDHPC,14,37,700,147.0,102900.0
2021041304020172,HDHPC,28,37,"2,300",147.0,338100.0
2021041304020472,HGI,25,6,165,773.0,127545.0
2021041304020471,HGI,26,6,35,773.0,27055.0
2021041304020469,HGI,26,43,65,773.0,50245.0
2021041304020468,HGI,57,43,10,773.0,7730.0
2021041304020467,HGI,57,43,425,773.0,328525.0
2021041304020466,HGI,48,43,500,774.0,387000.0
2021041304020453,HGI,40,59,100,775.0,77500.0
2021041304020452,HGI,20,59,10,775.0,7750.0
2021041304020238,HGI,58,22,100,774.0,77400.0
2021041304020237,HGI,58,43,377,774.0,291798.0
2021041304020236,HGI,57,45,50,773.0,38650.0
2021041304020531,HURJA,41,25,100,330.0,33000.0
2021041304020324,HURJA,40,25,70,330.0,23100.0
2021041304020169,HURJA,38,34,20,329.0,6580.0
2021041304020603,IGI,39,52,75,1258.0,94350.0
2021041304020589,IGI,39,32,130,1258.0,163540.0
2021041304020562,IGI,13,32,35,1258.0,44030.0
2021041304020523,IGI,34,32,35,1258.0,44030.0
2021041304020162,IGI,47,1,200,1259.0,251800.0
2021041304020233,IGI,58,35,115,1259.0,144785.0
2021041304020232,IGI,47,35,50,1259.0,62950.0
2021041304020285,IGI,26,35,200,1259.0,251800.0
2021041304020355,IGI,36,35,100,1259.0,125900.0
2021041304020426,IGI,7,57,250,1258.0,314500.0
2021041304020425,IGI,7,16,16,1258.0,20128.0
2021041304020424,IGI,29,16,184,1258.0,231472.0
2021041304020477,IGI,49,40,100,1258.0,125800.0
2021041304020440,IGI,49,6,400,1258.0,503200.0
2021041304020439,IGI,29,6,200,1258.0,251600.0
2021041304020514,IGI,22,32,200,1258.0,251600.0
2021041304020478,IGI,28,40,100,1258.0,125800.0
2021041304020559,JOSHI,38,42,10,137.0,1370.0
2021041304020534,JOSHI,38,47,60,137.0,8220.0
2021041304020533,JOSHI,49,47,100,137.0,13700.0
2021041304020532,JOSHI,21,47,140,137.0,19180.0
2021041304020210,JOSHI,21,34,20,137.0,2740.0
2021041304020122,JOSHI,21,45,20,137.0,2740.0
2021041304020392,KKHC,34,50,50,132.0,6600.0
2021041304020124,KKHC,34,44,16,132.0,2112.0
2021041304020144,KPCL,57,45,10,285.0,2850.0
2021041304020246,KPCL,57,42,10,285.0,2850.0
2021041304020231,KPCL,57,7,10,285.0,2850.0
2021041304020343,KPCL,34,4,770,284.0,218680.0
2021041304020342,KPCL,11,4,300,285.0,85500.0
2021041304020341,KPCL,48,4,50,285.0,14250.0
2021041304020340,KPCL,57,4,140,285.0,39900.0
2021041304020349,KPCL,5,4,300,282.0,84600.0
2021041304020348,KPCL,53,4,"1,000",283.0,283000.0
2021041304020347,KPCL,13,4,20,283.0,5660.0
2021041304020346,KPCL,19,4,970,283.0,274510.0
2021041304020345,KPCL,25,4,50,284.0,14200.0
2021041304020344,KPCL,51,4,70,284.0,19880.0
2021041304020353,KPCL,55,4,34,282.0,9588.0
2021041304020352,KPCL,44,4,20,282.0,5640.0
2021041304020351,KPCL,51,4,200,282.0,56400.0
2021041304020350,KPCL,39,4,500,282.0,141000.0
2021041304020519,KPCL,55,56,10,282.0,2820.0
2021041304020510,KPCL,55,16,10,282.0,2820.0
2021041304020575,LEC,51,16,10,301.0,3010.0
2021041304020527,LEC,21,45,200,302.0,60400.0
2021041304020526,LEC,22,45,80,302.0,24160.0
2021041304020525,LEC,14,45,980,302.0,295960.0
2021041304020331,LEC,14,38,20,302.0,6040.0
2021041304020330,LEC,38,38,10,302.0,3020.0
2021041304020245,LEC,32,45,60,303.0,18180.0
2021041304020176,LEC,32,45,10,303.0,3030.0
2021041304020588,LEMF,45,8,500,11.2,5600.0
2021041304020354,LEMF,45,38,500,11.2,5600.0
2021041304020294,LGIL,48,26,35,833.0,29155.0
2021041304020293,LGIL,48,42,184,833.0,153272.0
2021041304020292,LGIL,48,19,81,832.0,67392.0
2021041304020605,MEN,19,59,10,833.0,8330.0
2021041304020604,MEN,17,59,10,833.0,8330.0
2021041304020474,MEN,17,58,10,833.0,8330.0
2021041304020429,MEN,17,26,10,833.0,8330.0
2021041304020418,MEN,17,6,10,833.0,8330.0
2021041304020312,MEN,17,38,50,833.0,41650.0
2021041304020112,MEN,17,35,10,833.0,8330.0
2021041304020538,NBF2,45,56,"10,000",11.5,115000.0
2021041304020434,NEF,45,10,"1,239",12.4,15363.6
2021041304020184,NEF,45,10,"1,979",12.4,24539.6
2021041304020183,NEF,41,10,837,12.45,10420.65
2021041304020524,NHDL,58,36,200,326.0,65200.0
2021041304020479,NHDL,58,58,20,326.0,6520.0
2021041304020608,NHPC,21,38,110,167.0,18370.0
2021041304020607,NHPC,21,50,40,167.0,6680.0
2021041304020517,NHPC,32,41,102,166.0,16932.0
2021041304020516,NHPC,58,41,40,166.0,6640.0
2021041304020515,NHPC,56,41,58,166.0,9628.0
2021041304020449,NHPC,32,50,200,167.0,33400.0
2021041304020211,NHPC,10,50,300,165.0,49500.0
2021041304020170,NHPC,14,50,17,166.0,2822.0
2021041304020113,NHPC,58,50,125,166.0,20750.0
2021041304020217,NHPC,26,50,500,165.0,82500.0
2021041304020216,NHPC,49,50,"3,000",165.0,495000.0
2021041304020215,NHPC,46,50,"2,500",165.0,412500.0
2021041304020214,NHPC,22,50,"1,000",165.0,165000.0
2021041304020213,NHPC,58,50,"1,000",165.0,165000.0
2021041304020212,NHPC,59,50,20,165.0,3300.0
2021041304020268,NHPC,56,50,42,166.0,6972.0
2021041304020253,NHPC,10,45,230,165.0,37950.0
2021041304020252,NHPC,29,45,120,165.0,19800.0
2021041304020220,NHPC,29,50,380,165.0,62700.0
2021041304020219,NHPC,32,50,"1,000",165.0,165000.0
2021041304020218,NHPC,28,50,300,165.0,49500.0
2021041304020557,NIBLPF,17,19,101,12.57,1269.57
2021041304020595,NICL,51,40,15,838.0,12570.0
2021041304020574,NICL,8,51,15,838.0,12570.0
2021041304020463,NICL,48,40,200,838.0,167600.0
2021041304020225,NICL,25,19,40,839.0,33560.0
2021041304020224,NICL,25,33,60,839.0,50340.0
2021041304020433,NIL,35,33,100,1664.0,166400.0
2021041304020258,NIL,44,33,100,1664.0,166400.0
2021041304020146,NIL,57,55,61,1661.0,101321.0
2021041304020209,NLG,57,47,11,1158.0,12738.0
2021041304020207,NLG,57,39,200,1158.0,231600.0
2021041304020174,NLG,57,32,120,1158.0,138960.0
2021041304020143,NLG,57,32,169,1158.0,195702.0
2021041304020142,NLG,39,32,351,1158.0,406458.0
2021041304020125,NLG,39,56,69,1158.0,79902.0
2021041304020573,PIC,19,17,20,1298.0,25960.0
2021041304020572,PIC,44,17,50,1298.0,64900.0
2021041304020378,PIC,44,42,20,1299.0,25980.0
2021041304020587,PICL,50,47,25,893.0,22325.0
2021041304020553,PICL,50,46,20,893.0,17860.0
2021041304020195,PICL,29,39,30,887.0,26610.0
2021041304020602,PPCL,57,35,10,302.0,3020.0
2021041304020601,PPCL,34,35,10,302.0,3020.0
2021041304020445,PRIN,36,16,14,968.0,13552.0
2021041304020444,PRIN,42,16,120,968.0,116160.0
2021041304020443,PRIN,16,16,20,968.0,19360.0
2021041304020442,PRIN,45,16,100,969.0,96900.0
2021041304020441,PRIN,38,16,146,969.0,141474.0
2021041304020284,PRIN,38,6,54,969.0,52326.0
2021041304020283,PRIN,1,6,50,969.0,48450.0
2021041304020282,PRIN,45,6,200,970.0,194000.0
2021041304020281,PRIN,42,6,100,970.0,97000.0
2021041304020280,PRIN,38,6,71,970.0,68870.0
2021041304020279,PRIN,38,6,25,971.0,24275.0
2021041304020205,PRIN,59,41,100,970.0,97000.0
2021041304020413,RADHI,55,44,12,490.0,5880.0
2021041304020412,RADHI,55,18,100,490.0,49000.0
2021041304020121,RADHI,29,35,100,489.0,48900.0
2021041304020120,RADHI,29,48,12,489.0,5868.0
2021041304020119,RADHI,29,42,11,489.0,5379.0
2021041304020598,RBCL,45,42,10,18010.0,180100.0
2021041304020455,RBCL,3,14,10,18010.0,180100.0
2021041304020411,RBCL,55,14,30,18002.0,540060.0
2021041304020410,RBCL,16,14,30,18010.0,540300.0
2021041304020571,RHPC,6,52,772,212.0,163664.0
2021041304020552,RHPC,6,57,100,212.0,21200.0
2021041304020502,RHPC,6,52,128,212.0,27136.0
2021041304020501,RHPC,52,52,100,212.0,21200.0
2021041304020500,RHPC,50,52,100,212.0,21200.0
2021041304020499,RHPC,25,52,500,212.0,106000.0
2021041304020325,RHPC,56,45,45,213.0,9585.0
2021041304020274,RHPC,50,52,950,212.0,201400.0
2021041304020273,RHPC,21,52,50,212.0,10600.0
2021041304020402,RHPC,52,52,250,212.0,53000.0
2021041304020401,RHPC,50,52,50,212.0,10600.0
2021041304020376,RHPC,35,45,92,213.0,19596.0
2021041304020335,RHPC,21,45,20,213.0,4260.0
2021041304020327,RHPC,56,45,51,213.0,10863.0
2021041304020326,RHPC,56,57,204,213.0,43452.0
2021041304020498,RHPC,34,52,172,212.0,36464.0
2021041304020407,RHPC,34,52,328,212.0,69536.0
2021041304020406,RHPC,29,52,100,212.0,21200.0
2021041304020405,RHPC,56,52,100,212.0,21200.0
2021041304020404,RHPC,51,52,150,212.0,31800.0
2021041304020403,RHPC,16,52,22,212.0,4664.0
2021041304020567,RHPL,58,41,80,495.0,39600.0
2021041304020566,RHPL,58,10,10,495.0,4950.0
2021041304020565,RHPL,58,37,100,495.0,49500.0
2021041304020564,RHPL,58,45,260,495.0,128700.0
2021041304020563,RHPL,58,49,"1,405",495.0,695475.0
2021041304020537,RHPL,59,45,170,492.0,83640.0
2021041304020226,RHPL,28,22,50,493.0,24650.0
2021041304020168,RHPL,10,34,40,493.0,19720.0
2021041304020167,RHPL,10,56,90,493.0,44370.0
2021041304020140,RHPL,58,56,10,493.0,4930.0
2021041304020451,RHPL,59,49,10,492.0,4920.0
2021041304020450,RHPL,58,49,60,492.0,29520.0
2021041304020408,RHPL,10,10,140,493.0,69020.0
2021041304020391,RHPL,58,10,100,493.0,49300.0
2021041304020390,RHPL,6,10,30,493.0,14790.0
2021041304020389,RHPL,28,10,20,493.0,9860.0
2021041304020536,RHPL,3,45,500,493.0,246500.0
2021041304020492,RHPL,58,7,40,494.0,19760.0
2021041304020491,RHPL,58,56,30,494.0,14820.0
2021041304020490,RHPL,58,13,70,494.0,34580.0
2021041304020489,RHPL,58,42,10,493.0,4930.0
2021041304020488,RHPL,58,10,210,493.0,103530.0
2021041304020417,RRHP,57,38,10,376.0,3760.0
2021041304020202,RRHP,33,38,10,376.0,3760.0
2021041304020201,RRHP,56,38,500,376.0,188000.0
2021041304020200,RRHP,51,38,60,376.0,22560.0
2021041304020199,RRHP,56,38,100,376.0,37600.0
2021041304020336,SAEF,7,58,500,14.3,7150.0
2021041304020504,SGI,11,22,10,797.0,7970.0
2021041304020423,SGI,42,25,10,798.0,7980.0
2021041304020399,SGI,11,38,10,797.0,7970.0
2021041304020363,SGI,11,52,10,797.0,7970.0
2021041304020357,SGI,11,1,133,797.0,106001.0
2021041304020165,SGI,11,39,10,797.0,7970.0
2021041304020521,SHL,14,21,109,200.0,21800.0
2021041304020302,SHL,14,42,100,200.0,20000.0
2021041304020301,SHL,14,58,"1,000",200.0,200000.0
2021041304020300,SHL,14,57,100,200.0,20000.0
2021041304020299,SHL,14,25,"1,000",200.0,200000.0
2021041304020298,SHL,14,40,400,200.0,80000.0
2021041304020297,SHL,14,51,154,200.0,30800.0
2021041304020296,SHL,14,39,400,200.0,80000.0
2021041304020187,SHL,25,6,150,199.0,29850.0
2021041304020551,SHPC,34,59,400,374.0,149600.0
2021041304020309,SHPC,45,59,50,374.0,18700.0
2021041304020308,SHPC,19,59,100,374.0,37400.0
2021041304020307,SHPC,40,59,166,374.0,62084.0
2021041304020278,SHPC,40,13,15,374.0,5610.0
2021041304020277,SHPC,58,13,56,374.0,20944.0
2021041304020276,SHPC,34,13,69,374.0,25806.0
2021041304020592,SIC,49,57,28,1720.0,48160.0
2021041304020591,SIC,41,57,197,1720.0,338840.0
2021041304020570,SICL,52,50,30,1921.0,57630.0
2021041304020569,SICL,53,50,10,1924.0,19240.0
2021041304020568,SICL,48,50,10,1924.0,19240.0
2021041304020385,SICL,48,4,90,1924.0,173160.0
2021041304020189,SICL,59,4,20,1924.0,38480.0
2021041304020180,SICL,21,4,20,1924.0,38480.0
2021041304020161,SICL,13,4,20,1924.0,38480.0
2021041304020497,SIL,7,14,26,1258.0,32708.0
2021041304020496,SIL,20,14,84,1258.0,105672.0
2021041304020495,SIL,22,14,20,1258.0,25160.0
2021041304020493,SJCL,16,40,25,467.0,11675.0
2021041304020476,SJCL,58,42,10,466.0,4660.0
2021041304020361,SJCL,1,16,50,468.0,23400.0
2021041304020295,SJCL,16,1,100,466.0,46600.0
2021041304020267,SJCL,16,34,100,466.0,46600.0
2021041304020257,SJCL,16,59,330,466.0,153780.0
2021041304020118,SJCL,49,48,10,467.0,4670.0
2021041304020256,SJCL,41,59,60,466.0,27960.0
2021041304020255,SJCL,16,59,550,466.0,256300.0
2021041304020254,SJCL,38,59,60,467.0,28020.0
2021041304020208,SJCL,38,42,30,467.0,14010.0
2021041304020185,SJCL,38,48,10,467.0,4670.0
2021041304020158,SJCL,16,34,20,466.0,9320.0
2021041304020373,SPDL,48,36,100,274.0,27400.0
2021041304020372,SPDL,26,36,100,274.0,27400.0
2021041304020371,SPDL,25,36,200,274.0,54800.0
2021041304020370,SPDL,29,36,753,274.0,206322.0
2021041304020369,SPDL,14,36,500,274.0,137000.0
2021041304020260,SPDL,29,21,247,274.0,67678.0
2021041304020259,SPDL,41,21,243,274.0,66582.0
2021041304020250,SPDL,41,50,42,274.0,11508.0
2021041304020234,SPDL,41,45,15,274.0,4110.0
2021041304020186,SPDL,41,46,250,274.0,68500.0
2021041304020554,SSHL,45,16,16,237.0,3792.0
2021041304020314,SSHL,59,16,284,237.0,67308.0
2021041304020272,SSHL,59,56,396,237.0,93852.0
2021041304020271,SSHL,35,56,300,237.0,71100.0
2021041304020270,SSHL,4,56,157,237.0,37209.0
2021041304020269,SSHL,49,56,67,237.0,15879.0
2021041304020235,SSHL,49,49,300,237.0,71100.0
2021041304020596,STC,38,45,41,11000.0,451000.0
2021041304020529,STC,38,36,20,11000.0,220000.0
2021041304020513,STC,59,40,39,11150.0,434850.0
2021041304020512,STC,59,7,61,11000.0,671000.0
2021041304020333,STC,38,42,20,11000.0,220000.0
2021041304020332,STC,38,40,30,11000.0,330000.0
2021041304020275,TRH,46,51,200,319.0,63800.0
2021041304020593,UIC,38,4,30,717.0,21510.0
2021041304020248,UIC,48,18,20,719.0,14380.0
2021041304020166,UIC,48,49,80,716.0,57280.0
2021041304020160,UIC,58,49,20,716.0,14320.0
2021041304020139,UIC,32,49,500,716.0,358000.0
2021041304020138,UIC,51,49,200,716.0,143200.0
2021041304020117,UIC,45,45,20,720.0,14400.0
2021041304020131,UIC,21,49,100,717.0,71700.0
2021041304020130,UIC,49,49,100,718.0,71800.0
2021041304020129,UIC,47,49,500,718.0,359000.0
2021041304020128,UIC,5,49,300,718.0,215400.0
2021041304020127,UIC,44,49,100,719.0,71900.0
2021041304020126,UIC,48,49,200,719.0,143800.0
2021041304020137,UIC,25,49,80,716.0,57280.0
2021041304020136,UIC,3,49,300,717.0,215100.0
2021041304020135,UIC,33,49,200,717.0,143400.0
2021041304020134,UIC,21,49,500,717.0,358500.0
2021041304020133,UIC,50,49,100,717.0,71700.0
2021041304020132,UIC,13,49,"1,000",717.0,717000.0
2021041304020428,UMHL,38,34,30,187.0,5610.0
2021041304020422,UMHL,56,36,158,186.0,29388.0
2021041304020421,UMHL,53,36,500,186.0,93000.0
2021041304020420,UMHL,14,36,160,186.0,29760.0
2021041304020419,UMHL,56,36,182,186.0,33852.0
2021041304020171,UMHL,13,34,10,187.0,1870.0
2021041304020230,UMRH,42,51,10,298.0,2980.0
2021041304020229,UMRH,42,44,50,298.0,14900.0
2021041304020228,UMRH,42,52,10,298.0,2980.0
2021041304020227,UMRH,42,35,20,298.0,5960.0
2021041304020206,UMRH,37,38,10,297.0,2970.0
2021041304020558,UPCL,7,58,200,168.0,33600.0
2021041304020459,UPCL,20,58,100,168.0,16800.0
2021041304020251,UPCL,37,40,200,167.0,33400.0
2021041304020249,UPCL,37,45,50,167.0,8350.0
2021041304020145,UPCL,55,58,600,168.0,100800.0
2021041304020415,UPCL,41,50,40,167.0,6680.0
2021041304020414,UPCL,37,50,110,167.0,18370.0
2021041304020400,UPCL,34,58,350,168.0,58800.0
2021041304020393,UPCL,28,58,415,168.0,69720.0
2021041304020379,UPCL,37,58,500,167.0,83500.0
2021041304020606,UPPER,38,46,100,883.0,88300.0
2021041304020535,UPPER,16,46,10,883.0,8830.0
2021041304020222,UPPER,47,50,10,884.0,8840.0
2021041304020116,UPPER,45,50,100,884.0,88400.0
2021041304020114,UPPER,10,22,50,883.0,44150.0
2021041304020239,UPPER,10,17,40,883.0,35320.0
2021041304020223,UPPER,45,50,100,884.0,88400.0
2021041304020315,UPPER,19,36,25,882.0,22050.0
2021041304020313,UPPER,47,17,50,882.0,44100.0
2021041304020310,UPPER,16,50,10,884.0,8840.0
2021041304020290,UPPER,1,57,20,883.0,17660.0
2021041304020289,UPPER,10,57,10,883.0,8830.0
2021041304020321,UPPER,36,36,75,881.0,66075.0
2021041304020320,UPPER,25,36,50,881.0,44050.0
2021041304020319,UPPER,35,36,20,881.0,17620.0
2021041304020318,UPPER,39,36,40,881.0,35240.0
2021041304020317,UPPER,19,36,20,882.0,17640.0
2021041304020316,UPPER,34,36,20,882.0,17640.0
2021041304020339,UPPER,40,50,134,884.0,118456.0
2021041304020338,UPPER,40,45,166,883.0,146578.0
2021041304020388,UPPER,36,17,50,881.0,44050.0
2021041304020432,UPPER,40,57,57,884.0,50388.0
2021041304020431,UPPER,40,47,85,883.0,75055.0
2021041304020395,UPPER,36,6,100,881.0,88100.0
2021041304020457,UPPER,16,57,20,884.0,17680.0
2021041304020436,UPPER,52,29,118,881.0,103958.0
2021041304020435,UPPER,36,29,75,881.0,66075.0
2021041304020487,UPPER,58,28,20,881.0,17620.0
2021041304020486,UPPER,10,28,30,881.0,26430.0
2021041304020059,AHPC,26,57,20,260.0,5200.0
2021041304020052,AHPC,55,38,"4,116",259.0,1066044.0
2021041304019946,AHPC,20,57,100,260.0,26000.0
2021041304019928,AHPC,55,38,192,259.0,49728.0
2021041304019848,AHPC,8,57,200,260.0,52000.0
2021041304019756,AHPC,26,57,100,260.0,26000.0
2021041304019729,AHPC,11,57,100,260.0,26000.0
2021041304019726,AHPC,55,21,30,259.0,7770.0
2021041304019627,AHPC,8,57,200,260.0,52000.0
2021041304019623,AHPC,55,46,20,259.0,5180.0
2021041304019617,AHPC,38,57,50,260.0,13000.0
2021041304020061,AIL,28,55,10,900.0,9000.0
2021041304019973,AIL,28,48,20,900.0,18000.0
2021041304019972,AIL,28,41,10,900.0,9000.0
2021041304019971,AIL,28,32,50,900.0,45000.0
2021041304019970,AIL,28,39,10,900.0,9000.0
2021041304019969,AIL,28,48,30,900.0,27000.0
2021041304019743,AIL,51,38,100,899.0,89900.0
2021041304019697,AIL,51,28,10,899.0,8990.0
2021041304019887,AIL,52,40,10,898.0,8980.0
2021041304019818,AIL,34,37,60,899.0,53940.0
2021041304019817,AIL,34,34,10,899.0,8990.0
2021041304019763,AIL,34,28,10,899.0,8990.0
2021041304019761,AIL,34,25,20,899.0,17980.0
2021041304019760,AIL,51,25,40,899.0,35960.0
2021041304019968,AIL,28,1,100,900.0,90000.0
2021041304019967,AIL,28,55,10,900.0,9000.0
2021041304019966,AIL,28,32,10,900.0,9000.0
2021041304019965,AIL,28,41,78,900.0,70200.0
2021041304019900,AIL,45,17,180,898.0,161640.0
2021041304019899,AIL,22,17,20,898.0,17960.0
2021041304020064,AKPL,51,45,13,334.0,4342.0
2021041304019895,AKPL,34,16,458,335.0,153430.0
2021041304019894,AKPL,34,34,120,335.0,40200.0
2021041304019893,AKPL,34,32,109,335.0,36515.0
2021041304019892,AKPL,34,53,"1,313",335.0,439855.0
2021041304019876,AKPL,51,34,31,334.0,10354.0
2021041304019850,AKPL,16,53,200,335.0,67000.0
2021041304019830,AKPL,51,26,17,334.0,5678.0
2021041304019829,AKPL,40,26,30,334.0,10020.0
2021041304019828,AKPL,36,26,100,334.0,33400.0
2021041304019827,AKPL,53,26,69,334.0,23046.0
2021041304019752,AKPL,16,53,100,335.0,33500.0
2021041304020108,API,40,26,500,346.0,173000.0
2021041304020107,API,40,57,250,346.0,86500.0
2021041304020106,API,40,29,150,346.0,51900.0
2021041304020105,API,40,7,28,346.0,9688.0
2021041304020104,API,40,51,102,346.0,35292.0
2021041304020103,API,40,42,400,346.0,138400.0
2021041304019739,API,40,36,100,346.0,34600.0
2021041304019738,API,40,54,650,346.0,224900.0
2021041304019737,API,40,16,500,346.0,173000.0
2021041304019704,API,58,16,500,346.0,173000.0
2021041304019694,API,11,32,33,345.0,11385.0
2021041304019656,API,11,52,200,345.0,69000.0
2021041304019825,API,42,54,165,346.0,57090.0
2021041304019816,API,42,16,500,346.0,173000.0
2021041304019771,API,42,46,328,346.0,113488.0
2021041304019770,API,40,46,72,346.0,24912.0
2021041304019759,API,40,16,500,346.0,173000.0
2021041304019740,API,40,50,178,346.0,61588.0
2021041304019934,API,40,13,"1,000",346.0,346000.0
2021041304019901,API,39,13,300,346.0,103800.0
2021041304019868,API,11,1,18,345.0,6210.0
2021041304019867,API,58,13,200,346.0,69200.0
2021041304019866,API,42,13,76,346.0,26296.0
2021041304019851,API,42,8,50,346.0,17300.0
2021041304020102,API,40,13,179,346.0,61934.0
2021041304020098,API,11,26,28,345.0,9660.0
2021041304020097,API,38,13,20,346.0,6920.0
2021041304020089,API,11,18,25,345.0,8625.0
2021041304020029,API,34,13,20,346.0,6920.0
2021041304019943,API,25,13,100,346.0,34600.0
2021041304020074,BARUN,40,54,320,247.0,79040.0
2021041304019801,BARUN,40,53,100,247.0,24700.0
2021041304019676,BARUN,40,45,10,247.0,2470.0
2021041304020032,BPCL,52,58,337,427.0,143899.0
2021041304020031,BPCL,52,45,13,426.0,5538.0
2021041304019889,BPCL,35,58,87,427.0,37149.0
2021041304019843,BPCL,35,45,13,427.0,5551.0
2021041304019842,BPCL,41,45,87,427.0,37149.0
2021041304019696,BPCL,42,34,50,428.0,21400.0
2021041304020101,CGH,37,26,30,2504.0,75120.0
2021041304020100,CGH,37,38,10,2504.0,25040.0
2021041304020099,CGH,37,41,10,2502.0,25020.0
2021041304020066,CGH,42,44,10,2500.0,25000.0
2021041304019947,CGH,56,28,20,2502.0,50040.0
2021041304019885,CGH,52,26,75,2503.0,187725.0
2021041304019661,CGH,52,36,10,2500.0,25000.0
2021041304019660,CGH,52,25,10,2500.0,25000.0
2021041304019631,CGH,11,50,65,2495.0,162175.0
2021041304019630,CGH,41,50,50,2495.0,124750.0
2021041304019629,CGH,35,50,10,2495.0,24950.0
2021041304019703,CGH,52,25,10,2496.0,24960.0
2021041304019666,CGH,52,34,10,2500.0,25000.0
2021041304019665,CGH,52,49,10,2500.0,25000.0
2021041304019664,CGH,52,41,40,2500.0,100000.0
2021041304019663,CGH,52,41,10,2500.0,25000.0
2021041304019662,CGH,52,45,10,2500.0,25000.0
2021041304019741,CGH,21,38,10,2500.0,25000.0
2021041304019718,CGH,21,44,10,2500.0,25000.0
2021041304019717,CGH,21,52,10,2500.0,25000.0
2021041304019716,CGH,21,56,10,2500.0,25000.0
2021041304019715,CGH,21,58,10,2500.0,25000.0
2021041304019714,CGH,21,58,10,2500.0,25000.0
2021041304019884,CGH,52,59,20,2502.0,50040.0
2021041304019877,CGH,42,25,10,2500.0,25000.0
2021041304019847,CGH,42,32,10,2500.0,25000.0
2021041304019839,CGH,42,36,20,2500.0,50000.0
2021041304019838,CGH,21,36,30,2500.0,75000.0
2021041304019824,CGH,21,25,10,2500.0,25000.0
2021041304020077,CHCL,49,41,200,659.0,131800.0
2021041304020069,CHCL,25,41,10,659.0,6590.0
2021041304020068,CHCL,25,1,100,658.0,65800.0
2021041304020024,CHCL,49,1,200,658.0,131600.0
2021041304019952,CHCL,49,1,200,658.0,131600.0
2021041304019929,CHCL,49,1,500,658.0,329000.0
2021041304020085,CHL,34,41,522,269.0,140418.0
2021041304020084,CHL,46,41,"1,000",269.0,269000.0
2021041304020083,CHL,35,41,100,269.0,26900.0
2021041304020082,CHL,34,41,100,269.0,26900.0
2021041304020081,CHL,54,41,100,269.0,26900.0
2021041304020080,CHL,37,41,50,269.0,13450.0
2021041304020079,CHL,38,41,128,269.0,34432.0
2021041304019823,CHL,38,14,100,269.0,26900.0
2021041304019732,CMF1,5,58,"30,000",10.79,323700.0
2021041304019707,CMF1,39,51,"4,000",10.78,43120.0
2021041304019705,CMF1,48,49,500,10.77,5385.0
2021041304020072,DHPL,17,34,11,121.0,1331.0
2021041304020065,DHPL,17,57,321,121.0,38841.0
2021041304019944,DHPL,45,58,10,122.0,1220.0
2021041304020073,EIC,34,47,200,774.0,154800.0
2021041304019948,EIC,49,35,50,775.0,38750.0
2021041304019916,EIC,58,35,500,775.0,387500.0
2021041304019915,EIC,34,35,100,775.0,77500.0
2021041304019914,EIC,48,35,30,775.0,23250.0
2021041304019913,EIC,34,35,500,775.0,387500.0
2021041304019841,EIC,6,19,60,778.0,46680.0
2021041304019731,EIC,6,36,40,778.0,31120.0
2021041304019912,EIC,6,35,50,775.0,38750.0
2021041304019911,EIC,33,35,100,775.0,77500.0
2021041304019910,EIC,21,35,100,775.0,77500.0
2021041304019909,EIC,17,35,100,775.0,77500.0
2021041304019908,EIC,46,35,80,775.0,62000.0
2021041304019907,EIC,3,35,59,775.0,45725.0
2021041304020110,GHL,36,43,37,166.0,6142.0
2021041304020078,GHL,42,45,30,165.0,4950.0
2021041304019951,GHL,57,43,20,166.0,3320.0
2021041304019642,GHL,54,43,20,166.0,3320.0
2021041304019644,GIC,26,34,10,743.0,7430.0
2021041304019628,GIC,26,34,10,743.0,7430.0
2021041304020109,GLH,20,6,10,396.0,3960.0
2021041304020055,GLH,6,21,100,397.0,39700.0
2021041304020054,GLH,43,21,100,397.0,39700.0
2021041304020053,GLH,55,21,50,397.0,19850.0
2021041304019979,GLH,55,35,10,397.0,3970.0
2021041304019964,GLH,55,34,120,397.0,47640.0
2021041304019871,GLH,52,25,10,397.0,3970.0
2021041304019702,GLH,45,57,10,397.0,3970.0
2021041304019677,GLH,45,13,10,397.0,3970.0
2021041304019917,GLH,55,35,10,397.0,3970.0
2021041304019906,GLH,55,21,10,397.0,3970.0
2021041304019905,GLH,42,21,20,397.0,7940.0
2021041304019904,GLH,8,21,40,397.0,15880.0
2021041304019903,GLH,52,21,40,397.0,15880.0
2021041304019890,GLH,55,57,30,398.0,11940.0
2021041304020051,HDHPC,28,28,"1,000",147.0,147000.0
2021041304019849,HDHPC,28,47,200,147.0,29400.0
2021041304019821,HDHPC,59,35,100,148.0,14800.0
2021041304019685,HDHPC,28,55,"1,000",147.0,147000.0
2021041304020058,HGI,57,47,25,773.0,19325.0
2021041304019962,HGI,22,43,200,774.0,154800.0
2021041304019961,HGI,17,43,100,774.0,77400.0
2021041304019960,HGI,13,43,20,774.0,15480.0
2021041304019959,HGI,16,43,50,774.0,38700.0
2021041304019701,HGI,34,43,500,775.0,387500.0
2021041304019700,HGI,34,43,242,775.0,187550.0
2021041304019699,HGI,48,43,"1,000",775.0,775000.0
2021041304019643,HGI,34,50,180,775.0,139500.0
2021041304019615,HGI,34,35,78,775.0,60450.0
2021041304019614,HGI,32,35,22,775.0,17050.0
2021041304019755,HPPL,10,45,90,400.0,36000.0
2021041304019754,HPPL,10,42,10,399.0,3990.0
