Transact. No.,Symbol,Buyer,Seller,Quantity,Rate,Amount
2021041905005256,JLI,49,38,10,683.0,6830.0
2021041905005153,JLI,49,20,10,683.0,6830.0
2021041905005144,JLI,49,40,10,683.0,6830.0
2021041905005142,JLI,49,22,10,683.0,6830.0
2021041905005121,JLI,49,22,10,683.0,6830.0
2021041905005086,JLI,49,56,10,683.0,6830.0
2021041905005066,JLI,49,20,10,683.0,6830.0
2021041905004984,JLI,49,54,10,683.0,6830.0
2021041905004973,JLI,49,20,10,683.0,6830.0
2021041905004955,JLI,49,20,10,683.0,6830.0
2021041905004931,JLI,49,5,10,683.0,6830.0
2021041905004879,JLI,49,54,10,683.0,6830.0
2021041905004891,MLBSL,59,21,10,1460.0,14600.0
2021041905005259,NICLBSL,42,57,31,1849.0,57319.0
2021041905005258,NICLBSL,42,49,10,1849.0,18490.0
2021041905005257,NICLBSL,42,39,10,1849.0,18490.0
2021041905005255,NICLBSL,45,57,60,1850.0,111000.0
2021041905005254,NICLBSL,45,38,120,1850.0,222000.0
2021041905005253,NICLBSL,45,13,20,1850.0,37000.0
2021041905004760,NICLBSL,39,21,10,1846.0,18460.0
2021041905004766,NICLBSL,39,21,10,1846.0,18460.0
2021041905004765,NICLBSL,39,21,10,1846.0,18460.0
2021041905004764,NICLBSL,25,25,6,1846.0,11076.0
2021041905004763,NICLBSL,39,3,20,1846.0,36920.0
2021041905004762,NICLBSL,39,21,10,1846.0,18460.0
2021041905004761,NICLBSL,39,38,10,1846.0,18460.0
2021041905004772,NICLBSL,33,33,40,1846.0,73840.0
2021041905004771,NICLBSL,38,33,10,1846.0,18460.0
2021041905004770,NICLBSL,47,33,10,1846.0,18460.0
2021041905004769,NICLBSL,34,33,10,1846.0,18460.0
2021041905004768,NICLBSL,39,33,110,1846.0,203060.0
2021041905004767,NICLBSL,50,50,10,1847.0,18470.0
2021041905004778,NICLBSL,40,20,10,1845.0,18450.0
2021041905004777,NICLBSL,40,21,10,1845.0,18450.0
2021041905004776,NICLBSL,42,33,28,1846.0,51688.0
2021041905004775,NICLBSL,44,33,20,1846.0,36920.0
2021041905004774,NICLBSL,17,33,15,1846.0,27690.0
2021041905004773,NICLBSL,33,33,60,1846.0,110760.0
2021041905004784,NICLBSL,3,43,10,1846.0,18460.0
2021041905004783,NICLBSL,21,21,10,1845.0,18450.0
2021041905004782,NICLBSL,40,28,10,1845.0,18450.0
2021041905004781,NICLBSL,40,21,10,1845.0,18450.0
2021041905004780,NICLBSL,1,33,30,1846.0,55380.0
2021041905004779,NICLBSL,40,10,10,1845.0,18450.0
2021041905004790,NICLBSL,3,33,7,1846.0,12922.0
2021041905004789,NICLBSL,3,52,10,1846.0,18460.0
2021041905004788,NICLBSL,3,21,10,1846.0,18460.0
2021041905004787,NICLBSL,3,7,10,1846.0,18460.0
2021041905004786,NICLBSL,3,21,10,1846.0,18460.0
2021041905004785,NICLBSL,3,56,10,1846.0,18460.0
2021041905004796,NICLBSL,25,55,10,1845.0,18450.0
2021041905004795,NICLBSL,58,55,10,1845.0,18450.0
2021041905004794,NICLBSL,7,55,10,1845.0,18450.0
2021041905004793,NICLBSL,21,55,10,1845.0,18450.0
2021041905004792,NICLBSL,21,22,20,1845.0,36900.0
2021041905004791,NICLBSL,21,34,10,1845.0,18450.0
2021041905004802,NICLBSL,21,56,10,1845.0,18450.0
2021041905004801,NICLBSL,21,17,20,1845.0,36900.0
2021041905004800,NICLBSL,42,49,12,1846.0,22152.0
2021041905004799,NICLBSL,42,17,10,1846.0,18460.0
2021041905004798,NICLBSL,21,13,10,1845.0,18450.0
2021041905004797,NICLBSL,17,55,10,1845.0,18450.0
2021041905004808,NICLBSL,21,20,10,1845.0,18450.0
2021041905004807,NICLBSL,28,11,10,1846.0,18460.0
2021041905004806,NICLBSL,28,41,10,1846.0,18460.0
2021041905004805,NICLBSL,21,55,10,1845.0,18450.0
2021041905004804,NICLBSL,21,54,10,1845.0,18450.0
2021041905004803,NICLBSL,21,49,10,1845.0,18450.0
2021041905004814,NICLBSL,34,48,10,1846.0,18460.0
2021041905004813,NICLBSL,34,58,10,1846.0,18460.0
2021041905004812,NICLBSL,34,49,10,1846.0,18460.0
2021041905004811,NICLBSL,34,21,10,1846.0,18460.0
2021041905004810,NICLBSL,34,56,10,1846.0,18460.0
2021041905004809,NICLBSL,34,39,10,1846.0,18460.0
2021041905004820,NICLBSL,34,42,10,1846.0,18460.0
2021041905004819,NICLBSL,34,16,10,1846.0,18460.0
2021041905004818,NICLBSL,34,55,10,1846.0,18460.0
2021041905004817,NICLBSL,34,58,10,1846.0,18460.0
2021041905004816,NICLBSL,34,17,10,1846.0,18460.0
2021041905004815,NICLBSL,34,35,10,1846.0,18460.0
2021041905004826,NICLBSL,34,42,10,1846.0,18460.0
2021041905004825,NICLBSL,34,58,10,1846.0,18460.0
2021041905004824,NICLBSL,11,39,10,1847.0,18470.0
2021041905004823,NICLBSL,34,25,10,1846.0,18460.0
2021041905004822,NICLBSL,34,42,10,1846.0,18460.0
2021041905004821,NICLBSL,34,52,10,1846.0,18460.0
2021041905004832,NICLBSL,34,1,20,1847.0,36940.0
2021041905004831,NICLBSL,34,56,10,1846.0,18460.0
2021041905004830,NICLBSL,34,17,10,1846.0,18460.0
2021041905004829,NICLBSL,34,55,10,1846.0,18460.0
2021041905004828,NICLBSL,34,21,10,1846.0,18460.0
2021041905004827,NICLBSL,34,1,20,1846.0,36920.0
2021041905004838,NICLBSL,34,7,10,1846.0,18460.0
2021041905004837,NICLBSL,34,21,10,1846.0,18460.0
2021041905004836,NICLBSL,34,10,10,1846.0,18460.0
2021041905004835,NICLBSL,34,41,10,1846.0,18460.0
2021041905004834,NICLBSL,49,33,30,1848.0,55440.0
2021041905004833,NICLBSL,34,1,30,1846.0,55380.0
2021041905004844,NICLBSL,55,10,10,1847.0,18470.0
2021041905004843,NICLBSL,55,7,10,1847.0,18470.0
2021041905004842,NICLBSL,55,26,20,1847.0,36940.0
2021041905004841,NICLBSL,55,21,10,1847.0,18470.0
2021041905004840,NICLBSL,57,53,10,1848.0,18480.0
2021041905004839,NICLBSL,57,33,37,1848.0,68376.0
2021041905004850,NICLBSL,38,38,10,1846.0,18460.0
2021041905004849,NICLBSL,11,38,20,1846.0,36920.0
2021041905004848,NICLBSL,34,38,300,1846.0,553800.0
2021041905004847,NICLBSL,34,38,20,1847.0,36940.0
2021041905004846,NICLBSL,45,38,216,1847.0,398952.0
2021041905004845,NICLBSL,55,38,50,1847.0,92350.0
2021041905004856,NICLBSL,41,38,100,1845.0,184500.0
2021041905004855,NICLBSL,35,38,100,1845.0,184500.0
2021041905004854,NICLBSL,58,38,30,1845.0,55350.0
2021041905004853,NICLBSL,21,38,20,1845.0,36900.0
2021041905004852,NICLBSL,44,38,52,1846.0,95992.0
2021041905004851,NICLBSL,22,38,15,1846.0,27690.0
2021041905004862,NICLBSL,6,38,50,1845.0,92250.0
2021041905004861,NICLBSL,58,38,20,1845.0,36900.0
2021041905004860,NICLBSL,29,38,100,1845.0,184500.0
2021041905004859,NICLBSL,57,38,10,1845.0,18450.0
2021041905004858,NICLBSL,33,38,50,1845.0,92250.0
2021041905004857,NICLBSL,38,38,100,1845.0,184500.0
2021041905004868,NICLBSL,34,21,10,1844.0,18440.0
2021041905004867,NICLBSL,34,45,10,1844.0,18440.0
2021041905004866,NICLBSL,41,38,20,1845.0,36900.0
2021041905004865,NICLBSL,49,21,10,1844.0,18440.0
2021041905004864,NICLBSL,34,38,20,1845.0,36900.0
2021041905004863,NICLBSL,21,38,100,1845.0,184500.0
2021041905004874,NICLBSL,34,17,10,1844.0,18440.0
2021041905004873,NICLBSL,34,17,20,1844.0,36880.0
2021041905004872,NICLBSL,34,43,10,1844.0,18440.0
2021041905004871,NICLBSL,33,38,10,1845.0,18450.0
2021041905004870,NICLBSL,44,38,54,1845.0,99630.0
2021041905004869,NICLBSL,11,38,20,1845.0,36900.0
2021041905004881,NICLBSL,57,55,10,1845.0,18450.0
2021041905004880,NICLBSL,57,5,20,1845.0,36900.0
2021041905004878,NICLBSL,57,38,13,1845.0,23985.0
2021041905004877,NICLBSL,34,21,10,1844.0,18440.0
2021041905004876,NICLBSL,34,56,10,1844.0,18440.0
2021041905004875,NICLBSL,34,21,10,1844.0,18440.0
2021041905004887,NICLBSL,57,49,10,1845.0,18450.0
2021041905004886,NICLBSL,29,57,60,1847.0,110820.0
2021041905004885,NICLBSL,29,7,10,1847.0,18470.0
2021041905004884,NICLBSL,29,17,10,1847.0,18470.0
2021041905004883,NICLBSL,29,57,10,1846.0,18460.0
2021041905004882,NICLBSL,29,41,10,1846.0,18460.0
2021041905004894,NICLBSL,34,21,10,1845.0,18450.0
2021041905004893,NICLBSL,34,37,20,1845.0,36900.0
2021041905004892,NICLBSL,34,8,10,1845.0,18450.0
2021041905004890,NICLBSL,57,22,15,1845.0,27675.0
2021041905004889,NICLBSL,57,28,20,1845.0,36900.0
2021041905004888,NICLBSL,57,48,10,1845.0,18450.0
2021041905004900,NICLBSL,34,58,10,1845.0,18450.0
2021041905004899,NICLBSL,34,55,10,1845.0,18450.0
2021041905004898,NICLBSL,58,38,10,1846.0,18460.0
2021041905004897,NICLBSL,34,48,10,1845.0,18450.0
2021041905004896,NICLBSL,34,41,20,1845.0,36900.0
2021041905004895,NICLBSL,34,22,10,1845.0,18450.0
2021041905004906,NICLBSL,58,39,10,1845.0,18450.0
2021041905004905,NICLBSL,58,45,10,1845.0,18450.0
2021041905004904,NICLBSL,58,45,10,1845.0,18450.0
2021041905004903,NICLBSL,58,21,10,1845.0,18450.0
2021041905004902,NICLBSL,17,16,10,1846.0,18460.0
2021041905004901,NICLBSL,17,38,10,1846.0,18460.0
2021041905004912,NICLBSL,3,38,13,1845.0,23985.0
2021041905004911,NICLBSL,34,45,10,1844.0,18440.0
2021041905004910,NICLBSL,58,38,100,1845.0,184500.0
2021041905004909,NICLBSL,25,38,13,1845.0,23985.0
2021041905004908,NICLBSL,3,38,13,1845.0,23985.0
2021041905004907,NICLBSL,58,21,10,1845.0,18450.0
2021041905004918,NICLBSL,17,49,20,1844.0,36880.0
2021041905004917,NICLBSL,16,49,150,1844.0,276600.0
2021041905004916,NICLBSL,1,49,50,1844.0,92200.0
2021041905004915,NICLBSL,58,49,50,1844.0,92200.0
2021041905004914,NICLBSL,34,49,50,1844.0,92200.0
2021041905004913,NICLBSL,5,49,10,1844.0,18440.0
2021041905004924,NICLBSL,49,39,10,1843.0,18430.0
2021041905004923,NICLBSL,6,28,10,1843.0,18430.0
2021041905004922,NICLBSL,6,20,20,1843.0,36860.0
2021041905004921,NICLBSL,6,58,10,1843.0,18430.0
2021041905004920,NICLBSL,57,49,70,1844.0,129080.0
2021041905004919,NICLBSL,6,21,10,1843.0,18430.0
2021041905004930,NICLBSL,49,1,30,1843.0,55290.0
2021041905004929,NICLBSL,37,49,50,1844.0,92200.0
2021041905004928,NICLBSL,49,58,10,1843.0,18430.0
2021041905004927,NICLBSL,49,21,20,1843.0,36860.0
2021041905004926,NICLBSL,49,7,20,1843.0,36860.0
2021041905004925,NICLBSL,49,21,10,1843.0,18430.0
2021041905004937,NICLBSL,21,58,10,1843.0,18430.0
2021041905004936,NICLBSL,21,28,10,1843.0,18430.0
2021041905004935,NICLBSL,21,39,10,1843.0,18430.0
2021041905004934,NICLBSL,21,33,10,1843.0,18430.0
2021041905004933,NICLBSL,21,33,10,1843.0,18430.0
2021041905004932,NICLBSL,35,52,10,1843.0,18430.0
2021041905004943,NICLBSL,11,49,150,1844.0,276600.0
2021041905004942,NICLBSL,38,14,10,1843.0,18430.0
2021041905004941,NICLBSL,21,13,10,1843.0,18430.0
2021041905004940,NICLBSL,21,4,10,1843.0,18430.0
2021041905004939,NICLBSL,21,21,10,1843.0,18430.0
2021041905004938,NICLBSL,21,20,20,1843.0,36860.0
2021041905004949,NICLBSL,38,58,10,1843.0,18430.0
2021041905004948,NICLBSL,1,41,100,1843.0,184300.0
2021041905004947,NICLBSL,38,5,10,1843.0,18430.0
2021041905004946,NICLBSL,3,57,74,1844.0,136456.0
2021041905004945,NICLBSL,11,57,10,1844.0,18440.0
2021041905004944,NICLBSL,11,29,10,1844.0,18440.0
2021041905004956,NICLBSL,49,43,10,1843.0,18430.0
2021041905004954,NICLBSL,57,57,12,1844.0,22128.0
2021041905004953,NICLBSL,38,32,17,1843.0,31331.0
2021041905004952,NICLBSL,38,14,43,1843.0,79249.0
2021041905004951,NICLBSL,14,57,50,1844.0,92200.0
2021041905004950,NICLBSL,38,21,10,1843.0,18430.0
2021041905004962,NICLBSL,40,21,10,1843.0,18430.0
2021041905004961,NICLBSL,40,35,10,1843.0,18430.0
2021041905004960,NICLBSL,40,49,10,1843.0,18430.0
2021041905004959,NICLBSL,35,20,10,1843.0,18430.0
2021041905004958,NICLBSL,35,21,10,1843.0,18430.0
2021041905004957,NICLBSL,49,58,10,1843.0,18430.0
2021041905004968,NICLBSL,38,38,30,1843.0,55290.0
2021041905004967,NICLBSL,22,38,10,1843.0,18430.0
2021041905004966,NICLBSL,1,38,"1,100",1843.0,2027300.0
2021041905004965,NICLBSL,40,38,20,1843.0,36860.0
2021041905004964,NICLBSL,39,18,10,1844.0,18440.0
2021041905004963,NICLBSL,39,42,10,1844.0,18440.0
2021041905004975,NICLBSL,4,45,10,1843.0,18430.0
2021041905004974,NICLBSL,4,38,260,1843.0,479180.0
2021041905004972,NICLBSL,45,38,30,1843.0,55290.0
2021041905004971,NICLBSL,34,38,50,1843.0,92150.0
2021041905004970,NICLBSL,25,40,10,1842.0,18420.0
2021041905004969,NICLBSL,49,20,20,1842.0,36840.0
2021041905004981,NICLBSL,4,58,54,1843.0,99522.0
2021041905004980,NICLBSL,4,10,10,1843.0,18430.0
2021041905004979,NICLBSL,4,4,10,1843.0,18430.0
2021041905004978,NICLBSL,4,42,26,1843.0,47918.0
2021041905004977,NICLBSL,4,35,10,1843.0,18430.0
2021041905004976,NICLBSL,4,39,20,1843.0,36860.0
2021041905004988,NICLBSL,35,52,10,1843.0,18430.0
2021041905004987,NICLBSL,35,39,10,1843.0,18430.0
2021041905004986,NICLBSL,38,58,20,1842.0,36840.0
2021041905004985,NICLBSL,38,58,34,1842.0,62628.0
2021041905004983,NICLBSL,47,22,10,1841.0,18410.0
2021041905004982,NICLBSL,29,58,100,1842.0,184200.0
2021041905004994,NICLBSL,7,1,10,1844.0,18440.0
2021041905004993,NICLBSL,38,14,10,1842.0,18420.0
2021041905004992,NICLBSL,38,13,10,1842.0,18420.0
2021041905004991,NICLBSL,38,38,361,1840.0,664240.0
2021041905004990,NICLBSL,38,49,10,1842.0,18420.0
2021041905004989,NICLBSL,35,1,20,1844.0,36880.0
2021041905005000,NICLBSL,7,45,10,1845.0,18450.0
2021041905004999,NICLBSL,7,52,26,1845.0,47970.0
2021041905004998,NICLBSL,7,21,10,1845.0,18450.0
2021041905004997,NICLBSL,7,17,20,1845.0,36900.0
2021041905004996,NICLBSL,7,56,70,1844.0,129080.0
2021041905004995,NICLBSL,7,25,46,1844.0,84824.0
2021041905005006,NICLBSL,7,41,10,1845.0,18450.0
2021041905005005,NICLBSL,7,16,20,1845.0,36900.0
2021041905005004,NICLBSL,7,39,10,1845.0,18450.0
2021041905005003,NICLBSL,7,45,10,1845.0,18450.0
2021041905005002,NICLBSL,7,39,10,1845.0,18450.0
2021041905005001,NICLBSL,7,16,10,1845.0,18450.0
2021041905005012,NICLBSL,34,45,10,1842.0,18420.0
2021041905005011,NICLBSL,34,38,50,1843.0,92150.0
2021041905005010,NICLBSL,38,58,10,1842.0,18420.0
2021041905005009,NICLBSL,7,39,10,1845.0,18450.0
2021041905005008,NICLBSL,7,42,10,1845.0,18450.0
2021041905005007,NICLBSL,7,58,10,1845.0,18450.0
2021041905005018,NICLBSL,58,38,10,1843.0,18430.0
2021041905005017,NICLBSL,33,29,10,1842.0,18420.0
2021041905005016,NICLBSL,33,57,130,1842.0,239460.0
2021041905005015,NICLBSL,34,57,70,1842.0,128940.0
2021041905005014,NICLBSL,34,13,10,1842.0,18420.0
2021041905005013,NICLBSL,34,58,10,1842.0,18420.0
2021041905005024,NICLBSL,33,57,20,1842.0,36840.0
2021041905005023,NICLBSL,40,38,210,1843.0,387030.0
2021041905005022,NICLBSL,35,38,25,1843.0,46075.0
2021041905005021,NICLBSL,33,20,20,1842.0,36840.0
2021041905005020,NICLBSL,33,22,10,1842.0,18420.0
2021041905005019,NICLBSL,33,45,10,1842.0,18420.0
2021041905005030,NICLBSL,11,17,10,1841.0,18410.0
2021041905005029,NICLBSL,41,39,20,1842.0,36840.0
2021041905005028,NICLBSL,41,57,10,1842.0,18420.0
2021041905005027,NICLBSL,44,57,20,1842.0,36840.0
2021041905005026,NICLBSL,42,57,20,1842.0,36840.0
2021041905005025,NICLBSL,38,57,30,1842.0,55260.0
2021041905005036,NICLBSL,3,38,20,1842.0,36840.0
2021041905005035,NICLBSL,3,38,10,1842.0,18420.0
2021041905005034,NICLBSL,37,33,10,1841.0,18410.0
2021041905005033,NICLBSL,37,58,10,1841.0,18410.0
2021041905005032,NICLBSL,25,17,10,1842.0,18420.0
2021041905005031,NICLBSL,25,19,10,1842.0,18420.0
2021041905005042,NICLBSL,1,45,15,1842.0,27630.0
2021041905005041,NICLBSL,1,50,10,1842.0,18420.0
2021041905005040,NICLBSL,1,29,10,1842.0,18420.0
2021041905005039,NICLBSL,1,38,15,1842.0,27630.0
2021041905005038,NICLBSL,34,38,25,1842.0,46050.0
2021041905005037,NICLBSL,42,38,20,1842.0,36840.0
2021041905005048,NICLBSL,40,45,100,1841.0,184100.0
2021041905005047,NICLBSL,21,45,20,1841.0,36820.0
2021041905005046,NICLBSL,42,45,20,1841.0,36820.0
2021041905005045,NICLBSL,1,45,10,1841.0,18410.0
2021041905005044,NICLBSL,48,45,40,1841.0,73640.0
2021041905005043,NICLBSL,37,45,80,1841.0,147280.0
2021041905005054,NICLBSL,38,38,10,1843.0,18430.0
2021041905005053,NICLBSL,25,28,20,1842.0,36840.0
2021041905005052,NICLBSL,38,38,10,1841.0,18410.0
2021041905005051,NICLBSL,28,48,10,1842.0,18420.0
2021041905005050,NICLBSL,41,32,3,1843.0,5529.0
2021041905005049,NICLBSL,45,45,15,1841.0,27615.0
2021041905005060,NICLBSL,57,20,20,1842.0,36840.0
2021041905005059,NICLBSL,57,13,10,1842.0,18420.0
2021041905005058,NICLBSL,57,17,10,1842.0,18420.0
2021041905005057,NICLBSL,25,38,10,1842.0,18420.0
2021041905005056,NICLBSL,25,29,10,1842.0,18420.0
2021041905005055,NICLBSL,25,39,10,1842.0,18420.0
2021041905005067,NICLBSL,22,35,10,1842.0,18420.0
2021041905005065,NICLBSL,35,22,20,1843.0,36860.0
2021041905005064,NICLBSL,35,38,82,1843.0,151126.0
2021041905005063,NICLBSL,22,45,20,1842.0,36840.0
2021041905005062,NICLBSL,22,39,10,1842.0,18420.0
2021041905005061,NICLBSL,57,39,10,1842.0,18420.0
2021041905005073,NICLBSL,22,38,26,1842.0,47892.0
2021041905005072,NICLBSL,22,10,10,1842.0,18420.0
2021041905005071,NICLBSL,22,34,10,1842.0,18420.0
2021041905005070,NICLBSL,22,34,10,1842.0,18420.0
2021041905005069,NICLBSL,22,21,10,1842.0,18420.0
2021041905005068,NICLBSL,22,38,20,1842.0,36840.0
2021041905005079,NICLBSL,22,20,10,1842.0,18420.0
2021041905005078,NICLBSL,22,10,10,1842.0,18420.0
2021041905005077,NICLBSL,22,58,10,1842.0,18420.0
2021041905005076,NICLBSL,22,44,10,1842.0,18420.0
2021041905005075,NICLBSL,22,17,10,1842.0,18420.0
2021041905005074,NICLBSL,22,50,20,1842.0,36840.0
2021041905005085,NICLBSL,41,45,10,1842.0,18420.0
2021041905005084,NICLBSL,46,14,10,1842.0,18420.0
2021041905005083,NICLBSL,46,50,10,1842.0,18420.0
2021041905005082,NICLBSL,45,48,36,1842.0,66312.0
2021041905005081,NICLBSL,45,13,10,1842.0,18420.0
2021041905005080,NICLBSL,49,13,10,1842.0,18420.0
2021041905005092,NICLBSL,37,10,10,1842.0,18420.0
2021041905005091,NICLBSL,37,22,10,1842.0,18420.0
2021041905005090,NICLBSL,14,45,10,1842.0,18420.0
2021041905005089,NICLBSL,14,34,20,1842.0,36840.0
2021041905005088,NICLBSL,41,20,10,1842.0,18420.0
2021041905005087,NICLBSL,41,38,10,1842.0,18420.0
2021041905005098,NICLBSL,37,58,10,1842.0,18420.0
2021041905005097,NICLBSL,42,20,10,1843.0,18430.0
2021041905005096,NICLBSL,42,58,10,1843.0,18430.0
2021041905005095,NICLBSL,42,29,10,1843.0,18430.0
2021041905005094,NICLBSL,42,42,10,1843.0,18430.0
2021041905005093,NICLBSL,42,7,10,1843.0,18430.0
2021041905005104,NICLBSL,57,20,10,1842.0,18420.0
2021041905005103,NICLBSL,57,51,10,1842.0,18420.0
2021041905005102,NICLBSL,55,29,10,1843.0,18430.0
2021041905005101,NICLBSL,57,59,10,1842.0,18420.0
2021041905005100,NICLBSL,37,59,10,1842.0,18420.0
2021041905005099,NICLBSL,37,45,10,1842.0,18420.0
2021041905005110,NICLBSL,1,29,10,1844.0,18440.0
2021041905005109,NICLBSL,1,45,10,1844.0,18440.0
2021041905005108,NICLBSL,1,16,10,1844.0,18440.0
2021041905005107,NICLBSL,1,17,10,1843.0,18430.0
2021041905005106,NICLBSL,57,43,10,1842.0,18420.0
2021041905005105,NICLBSL,57,34,10,1842.0,18420.0
2021041905005116,NICLBSL,18,45,10,1843.0,18430.0
2021041905005115,NICLBSL,1,49,10,1844.0,18440.0
2021041905005114,NICLBSL,1,59,10,1844.0,18440.0
2021041905005113,NICLBSL,1,16,20,1844.0,36880.0
2021041905005112,NICLBSL,1,17,10,1844.0,18440.0
2021041905005111,NICLBSL,1,13,10,1844.0,18440.0
2021041905005123,NICLBSL,39,29,10,1844.0,18440.0
2021041905005122,NICLBSL,39,16,10,1844.0,18440.0
2021041905005120,NICLBSL,19,16,10,1844.0,18440.0
2021041905005119,NICLBSL,18,49,10,1843.0,18430.0
2021041905005118,NICLBSL,17,29,10,1844.0,18440.0
2021041905005117,NICLBSL,18,29,10,1843.0,18430.0
2021041905005129,NICLBSL,18,47,70,1843.0,129010.0
2021041905005128,NICLBSL,10,47,50,1843.0,92150.0
2021041905005127,NICLBSL,53,47,10,1844.0,18440.0
2021041905005126,NICLBSL,22,47,50,1844.0,92200.0
2021041905005125,NICLBSL,4,37,40,1845.0,73800.0
2021041905005124,NICLBSL,4,39,10,1845.0,18450.0
2021041905005135,NICLBSL,38,29,10,1843.0,18430.0
2021041905005134,NICLBSL,14,59,20,1843.0,36860.0
2021041905005133,NICLBSL,38,47,10,1843.0,18430.0
2021041905005132,NICLBSL,17,47,10,1843.0,18430.0
2021041905005131,NICLBSL,38,47,10,1843.0,18430.0
2021041905005130,NICLBSL,52,47,10,1843.0,18430.0
2021041905005141,NICLBSL,35,39,10,1845.0,18450.0
2021041905005140,NICLBSL,35,50,10,1845.0,18450.0
2021041905005139,NICLBSL,35,55,10,1844.0,18440.0
2021041905005138,NICLBSL,38,10,10,1843.0,18430.0
2021041905005137,NICLBSL,14,37,10,1845.0,18450.0
2021041905005136,NICLBSL,38,45,10,1843.0,18430.0
2021041905005149,NICLBSL,58,29,10,1845.0,18450.0
2021041905005148,NICLBSL,37,28,20,1845.0,36900.0
2021041905005147,NICLBSL,37,6,20,1845.0,36900.0
2021041905005146,NICLBSL,37,10,10,1845.0,18450.0
2021041905005145,NICLBSL,29,58,20,1844.0,36880.0
2021041905005143,NICLBSL,29,29,10,1844.0,18440.0
2021041905005156,NICLBSL,21,17,20,1847.0,36940.0
2021041905005155,NICLBSL,58,29,10,1845.0,18450.0
2021041905005154,NICLBSL,58,45,10,1845.0,18450.0
2021041905005152,NICLBSL,46,17,20,1847.0,36940.0
2021041905005151,NICLBSL,46,17,10,1847.0,18470.0
2021041905005150,NICLBSL,58,17,10,1845.0,18450.0
2021041905005162,NICLBSL,32,28,10,1846.0,18460.0
2021041905005161,NICLBSL,32,29,10,1846.0,18460.0
2021041905005160,NICLBSL,45,41,10,1845.0,18450.0
2021041905005159,NICLBSL,45,8,20,1845.0,36900.0
2021041905005158,NICLBSL,58,36,10,1845.0,18450.0
2021041905005157,NICLBSL,46,20,10,1846.0,18460.0
2021041905005168,NICLBSL,58,36,10,1849.0,18490.0
2021041905005167,NICLBSL,58,36,10,1849.0,18490.0
2021041905005166,NICLBSL,58,33,25,1848.0,46200.0
2021041905005165,NICLBSL,45,33,50,1848.0,92400.0
2021041905005164,NICLBSL,35,33,24,1848.0,44352.0
2021041905005163,NICLBSL,35,21,76,1848.0,140448.0
2021041905005174,NICLBSL,56,56,10,1848.0,18480.0
2021041905005173,NICLBSL,56,21,50,1848.0,92400.0
2021041905005172,NICLBSL,58,56,25,1849.0,46225.0
2021041905005171,NICLBSL,58,52,10,1849.0,18490.0
2021041905005170,NICLBSL,58,36,10,1849.0,18490.0
2021041905005169,NICLBSL,58,36,10,1849.0,18490.0
2021041905005180,NICLBSL,6,56,20,1849.0,36980.0
2021041905005179,NICLBSL,56,22,10,1848.0,18480.0
2021041905005178,NICLBSL,56,57,10,1848.0,18480.0
2021041905005177,NICLBSL,56,42,30,1848.0,55440.0
2021041905005176,NICLBSL,56,57,10,1848.0,18480.0
2021041905005175,NICLBSL,56,34,10,1848.0,18480.0
2021041905005186,NICLBSL,50,52,10,1850.0,18500.0
2021041905005185,NICLBSL,50,53,10,1850.0,18500.0
2021041905005184,NICLBSL,50,38,10,1849.0,18490.0
2021041905005183,NICLBSL,50,17,10,1849.0,18490.0
2021041905005182,NICLBSL,48,56,5,1849.0,9245.0
2021041905005181,NICLBSL,17,56,10,1849.0,18490.0
2021041905005192,NICLBSL,56,59,10,1850.0,18500.0
2021041905005191,NICLBSL,56,58,20,1850.0,37000.0
2021041905005190,NICLBSL,56,13,20,1850.0,37000.0
2021041905005189,NICLBSL,56,53,10,1850.0,18500.0
2021041905005188,NICLBSL,29,38,100,1849.0,184900.0
2021041905005187,NICLBSL,50,53,10,1850.0,18500.0
2021041905005198,NICLBSL,56,48,45,1848.0,83160.0
2021041905005197,NICLBSL,51,48,15,1849.0,27735.0
2021041905005196,NICLBSL,56,35,10,1850.0,18500.0
2021041905005195,NICLBSL,56,41,10,1850.0,18500.0
2021041905005194,NICLBSL,56,34,10,1850.0,18500.0
2021041905005193,NICLBSL,56,39,10,1850.0,18500.0
2021041905005204,NICLBSL,32,35,30,1846.0,55380.0
2021041905005203,NICLBSL,57,35,100,1847.0,184700.0
2021041905005202,NICLBSL,38,35,20,1847.0,36940.0
2021041905005201,NICLBSL,58,35,30,1848.0,55440.0
2021041905005200,NICLBSL,58,48,20,1848.0,36960.0
2021041905005199,NICLBSL,53,48,20,1848.0,36960.0
2021041905005210,NICLBSL,44,35,50,1845.0,92250.0
2021041905005209,NICLBSL,56,35,200,1845.0,369000.0
2021041905005208,NICLBSL,58,35,18,1845.0,33210.0
2021041905005207,NICLBSL,49,35,30,1845.0,55350.0
2021041905005206,NICLBSL,53,35,50,1846.0,92300.0
2021041905005205,NICLBSL,6,35,20,1846.0,36920.0
2021041905005216,NICLBSL,6,35,20,1845.0,36900.0
2021041905005215,NICLBSL,41,35,10,1845.0,18450.0
2021041905005214,NICLBSL,28,35,10,1845.0,18450.0
2021041905005213,NICLBSL,58,35,10,1845.0,18450.0
2021041905005212,NICLBSL,53,35,10,1845.0,18450.0
2021041905005211,NICLBSL,14,35,105,1845.0,193725.0
2021041905005222,NICLBSL,16,35,200,1844.0,368800.0
2021041905005221,NICLBSL,42,35,50,1844.0,92200.0
2021041905005220,NICLBSL,43,35,20,1844.0,36880.0
2021041905005219,NICLBSL,47,35,50,1844.0,92200.0
2021041905005218,NICLBSL,49,35,50,1844.0,92200.0
2021041905005217,NICLBSL,29,35,70,1844.0,129080.0
2021041905005228,NICLBSL,52,35,60,1843.0,110580.0
2021041905005227,NICLBSL,38,35,10,1843.0,18430.0
2021041905005226,NICLBSL,42,35,100,1843.0,184300.0
2021041905005225,NICLBSL,38,35,20,1843.0,36860.0
2021041905005224,NICLBSL,42,35,100,1843.0,184300.0
2021041905005223,NICLBSL,38,35,20,1843.0,36860.0
2021041905005234,NICLBSL,29,39,10,1848.0,18480.0
2021041905005233,NICLBSL,29,43,10,1848.0,18480.0
2021041905005232,NICLBSL,29,58,10,1848.0,18480.0
2021041905005231,NICLBSL,29,35,18,1843.0,33174.0
2021041905005230,NICLBSL,56,35,100,1843.0,184300.0
2021041905005229,NICLBSL,52,35,39,1843.0,71877.0
2021041905005240,NICLBSL,45,56,10,1849.0,18490.0
2021041905005239,NICLBSL,45,47,10,1849.0,18490.0
2021041905005238,NICLBSL,45,21,10,1849.0,18490.0
2021041905005237,NICLBSL,45,58,10,1845.0,18450.0
2021041905005236,NICLBSL,57,56,10,1842.0,18420.0
2021041905005235,NICLBSL,29,52,10,1849.0,18490.0
2021041905005246,NICLBSL,45,29,20,1850.0,37000.0
2021041905005245,NICLBSL,45,38,10,1850.0,18500.0
2021041905005244,NICLBSL,45,29,10,1850.0,18500.0
2021041905005243,NICLBSL,45,52,10,1850.0,18500.0
2021041905005242,NICLBSL,45,52,10,1849.0,18490.0
2021041905005241,NICLBSL,45,25,30,1849.0,55470.0
2021041905005252,NICLBSL,45,45,10,1850.0,18500.0
2021041905005251,NICLBSL,45,41,10,1850.0,18500.0
2021041905005250,NICLBSL,45,45,10,1850.0,18500.0
2021041905005249,NICLBSL,45,45,10,1850.0,18500.0
2021041905005248,NICLBSL,45,56,10,1850.0,18500.0
2021041905005247,NICLBSL,45,52,20,1850.0,37000.0
2021041905004453,JLI,49,21,10,683.0,6830.0
2021041905004363,JLI,49,32,10,683.0,6830.0
2021041905004359,JLI,49,57,10,683.0,6830.0
2021041905004271,JLI,49,17,10,683.0,6830.0
2021041905004727,MLBSL,59,20,10,1460.0,14600.0
2021041905004759,NICLBSL,34,33,20,1848.0,36960.0
2021041905004758,NICLBSL,39,48,110,1846.0,203060.0
2021041905004757,NICLBSL,33,21,10,1847.0,18470.0
2021041905004756,NICLBSL,33,20,10,1847.0,18470.0
2021041905004755,NICLBSL,33,58,10,1847.0,18470.0
2021041905004754,NICLBSL,33,21,40,1847.0,73880.0
2021041905004262,NICLBSL,41,57,100,1867.0,186700.0
2021041905004261,NICLBSL,57,57,10,1866.0,18660.0
2021041905004260,NICLBSL,58,57,20,1866.0,37320.0
2021041905004268,NICLBSL,19,29,10,1864.0,18640.0
2021041905004267,NICLBSL,19,36,10,1864.0,18640.0
2021041905004266,NICLBSL,19,20,100,1865.0,186500.0
2021041905004265,NICLBSL,4,20,10,1865.0,18650.0
2021041905004264,NICLBSL,39,20,100,1865.0,186500.0
2021041905004263,NICLBSL,57,20,90,1866.0,167940.0
2021041905004275,NICLBSL,21,54,20,1864.0,37280.0
2021041905004274,NICLBSL,21,39,10,1864.0,18640.0
2021041905004273,NICLBSL,21,21,10,1864.0,18640.0
2021041905004272,NICLBSL,8,42,10,1864.0,18640.0
2021041905004270,NICLBSL,4,20,100,1865.0,186500.0
2021041905004269,NICLBSL,8,37,10,1864.0,18640.0
2021041905004281,NICLBSL,51,51,12,1864.0,22368.0
2021041905004280,NICLBSL,19,51,70,1864.0,130480.0
2021041905004279,NICLBSL,19,50,20,1864.0,37280.0
2021041905004278,NICLBSL,19,25,10,1864.0,18640.0
2021041905004277,NICLBSL,28,50,10,1865.0,18650.0
2021041905004276,NICLBSL,21,21,10,1864.0,18640.0
2021041905004287,NICLBSL,38,59,100,1865.0,186500.0
2021041905004286,NICLBSL,38,43,10,1865.0,18650.0
2021041905004285,NICLBSL,38,13,15,1865.0,27975.0
2021041905004284,NICLBSL,38,16,100,1865.0,186500.0
2021041905004283,NICLBSL,51,6,10,1864.0,18640.0
2021041905004282,NICLBSL,51,39,10,1864.0,18640.0
2021041905004293,NICLBSL,38,42,20,1865.0,37300.0
2021041905004292,NICLBSL,38,39,10,1865.0,18650.0
2021041905004291,NICLBSL,38,26,10,1865.0,18650.0
2021041905004290,NICLBSL,38,13,10,1865.0,18650.0
2021041905004289,NICLBSL,38,19,10,1865.0,18650.0
2021041905004288,NICLBSL,38,19,10,1865.0,18650.0
2021041905004299,NICLBSL,17,32,10,1864.0,18640.0
2021041905004298,NICLBSL,11,32,10,1864.0,18640.0
2021041905004297,NICLBSL,51,32,68,1864.0,126752.0
2021041905004296,NICLBSL,58,32,30,1865.0,55950.0
2021041905004295,NICLBSL,38,32,225,1865.0,419625.0
2021041905004294,NICLBSL,38,58,10,1865.0,18650.0
2021041905004305,NICLBSL,17,32,20,1863.0,37260.0
2021041905004304,NICLBSL,53,32,45,1863.0,83835.0
2021041905004303,NICLBSL,17,32,50,1863.0,93150.0
2021041905004302,NICLBSL,57,32,50,1863.0,93150.0
2021041905004301,NICLBSL,3,32,10,1863.0,18630.0
2021041905004300,NICLBSL,21,32,50,1864.0,93200.0
2021041905004311,NICLBSL,19,17,20,1866.0,37320.0
2021041905004310,NICLBSL,19,58,20,1865.0,37300.0
2021041905004309,NICLBSL,16,32,162,1862.0,301644.0
2021041905004308,NICLBSL,57,32,20,1862.0,37240.0
2021041905004307,NICLBSL,21,32,200,1862.0,372400.0
2021041905004306,NICLBSL,17,32,50,1863.0,93150.0
2021041905004317,NICLBSL,40,21,10,1864.0,18640.0
2021041905004316,NICLBSL,40,39,10,1864.0,18640.0
2021041905004315,NICLBSL,40,36,10,1864.0,18640.0
2021041905004314,NICLBSL,19,38,13,1866.0,24258.0
2021041905004313,NICLBSL,19,6,10,1866.0,18660.0
2021041905004312,NICLBSL,19,1,10,1866.0,18660.0
2021041905004323,NICLBSL,57,39,10,1864.0,18640.0
2021041905004322,NICLBSL,16,39,10,1862.0,18620.0
2021041905004321,NICLBSL,13,38,10,1864.0,18640.0
2021041905004320,NICLBSL,40,22,10,1864.0,18640.0
2021041905004319,NICLBSL,40,42,100,1864.0,186400.0
2021041905004318,NICLBSL,40,17,10,1864.0,18640.0
2021041905004329,NICLBSL,41,29,10,1864.0,18640.0
2021041905004328,NICLBSL,41,52,10,1864.0,18640.0
2021041905004327,NICLBSL,57,52,10,1864.0,18640.0
2021041905004326,NICLBSL,45,58,20,1865.0,37300.0
2021041905004325,NICLBSL,45,3,10,1865.0,18650.0
2021041905004324,NICLBSL,57,36,10,1864.0,18640.0
2021041905004335,NICLBSL,11,29,10,1862.0,18620.0
2021041905004334,NICLBSL,13,29,20,1862.0,37240.0
2021041905004333,NICLBSL,16,29,28,1862.0,52136.0
2021041905004332,NICLBSL,41,29,14,1864.0,26096.0
2021041905004331,NICLBSL,42,16,10,1865.0,18650.0
2021041905004330,NICLBSL,42,42,10,1865.0,18650.0
2021041905004341,NICLBSL,38,1,10,1864.0,18640.0
2021041905004340,NICLBSL,38,17,10,1864.0,18640.0
2021041905004339,NICLBSL,44,58,10,1862.0,18620.0
2021041905004338,NICLBSL,49,21,10,1862.0,18620.0
2021041905004337,NICLBSL,49,48,10,1862.0,18620.0
2021041905004336,NICLBSL,49,29,28,1862.0,52136.0
2021041905004347,NICLBSL,55,21,10,1862.0,18620.0
2021041905004346,NICLBSL,42,39,20,1862.0,37240.0
2021041905004345,NICLBSL,42,19,10,1862.0,18620.0
2021041905004344,NICLBSL,44,21,10,1862.0,18620.0
2021041905004343,NICLBSL,38,58,20,1865.0,37300.0
2021041905004342,NICLBSL,38,22,10,1864.0,18640.0
2021041905004353,NICLBSL,34,29,15,1861.0,27915.0
2021041905004352,NICLBSL,34,21,10,1861.0,18610.0
2021041905004351,NICLBSL,57,57,10,1862.0,18620.0
2021041905004350,NICLBSL,28,58,10,1861.0,18610.0
2021041905004349,NICLBSL,55,57,70,1862.0,130340.0
2021041905004348,NICLBSL,55,1,20,1862.0,37240.0
2021041905004360,NICLBSL,28,6,10,1861.0,18610.0
2021041905004358,NICLBSL,28,21,10,1861.0,18610.0
2021041905004357,NICLBSL,28,39,10,1861.0,18610.0
2021041905004356,NICLBSL,28,42,10,1861.0,18610.0
2021041905004355,NICLBSL,28,45,10,1861.0,18610.0
2021041905004354,NICLBSL,34,29,5,1861.0,9305.0
2021041905004367,NICLBSL,26,21,10,1860.0,18600.0
2021041905004366,NICLBSL,29,45,10,1861.0,18610.0
2021041905004365,NICLBSL,50,45,180,1861.0,334980.0
2021041905004364,NICLBSL,50,36,10,1861.0,18610.0
2021041905004362,NICLBSL,50,19,10,1861.0,18610.0
2021041905004361,NICLBSL,29,58,10,1861.0,18610.0
2021041905004373,NICLBSL,19,32,50,1860.0,93000.0
2021041905004372,NICLBSL,34,32,50,1860.0,93000.0
2021041905004371,NICLBSL,40,32,20,1860.0,37200.0
2021041905004370,NICLBSL,5,32,20,1860.0,37200.0
2021041905004369,NICLBSL,5,21,10,1860.0,18600.0
2021041905004368,NICLBSL,26,41,10,1860.0,18600.0
2021041905004379,NICLBSL,29,32,50,1860.0,93000.0
2021041905004378,NICLBSL,41,32,20,1860.0,37200.0
2021041905004377,NICLBSL,52,32,10,1860.0,18600.0
2021041905004376,NICLBSL,38,32,50,1860.0,93000.0
2021041905004375,NICLBSL,45,32,20,1860.0,37200.0
2021041905004374,NICLBSL,48,32,100,1860.0,186000.0
2021041905004385,NICLBSL,35,45,60,1861.0,111660.0
2021041905004384,NICLBSL,49,32,770,1860.0,1432200.0
2021041905004383,NICLBSL,20,32,200,1860.0,372000.0
2021041905004382,NICLBSL,29,32,50,1860.0,93000.0
2021041905004381,NICLBSL,26,32,40,1860.0,74400.0
2021041905004380,NICLBSL,45,32,60,1860.0,111600.0
2021041905004391,NICLBSL,57,38,10,1860.0,18600.0
2021041905004390,NICLBSL,49,38,200,1860.0,372000.0
2021041905004389,NICLBSL,49,21,10,1860.0,18600.0
2021041905004388,NICLBSL,49,39,10,1860.0,18600.0
2021041905004387,NICLBSL,49,21,10,1860.0,18600.0
2021041905004386,NICLBSL,1,58,10,1861.0,18610.0
2021041905004397,NICLBSL,39,21,10,1860.0,18600.0
2021041905004396,NICLBSL,39,41,10,1860.0,18600.0
2021041905004395,NICLBSL,39,48,10,1860.0,18600.0
2021041905004394,NICLBSL,39,6,36,1860.0,66960.0
2021041905004393,NICLBSL,39,38,67,1860.0,124620.0
2021041905004392,NICLBSL,47,38,10,1860.0,18600.0
2021041905004403,NICLBSL,44,42,10,1860.0,18600.0
2021041905004402,NICLBSL,21,42,100,1860.0,186000.0
2021041905004401,NICLBSL,6,42,20,1860.0,37200.0
2021041905004400,NICLBSL,52,42,200,1860.0,372000.0
2021041905004399,NICLBSL,39,42,67,1860.0,124620.0
2021041905004398,NICLBSL,21,42,267,1860.0,496620.0
2021041905004409,NICLBSL,57,42,100,1860.0,186000.0
2021041905004408,NICLBSL,6,42,100,1860.0,186000.0
2021041905004407,NICLBSL,34,42,50,1860.0,93000.0
2021041905004406,NICLBSL,36,42,100,1860.0,186000.0
2021041905004405,NICLBSL,45,42,25,1860.0,46500.0
2021041905004404,NICLBSL,17,42,10,1860.0,18600.0
2021041905004415,NICLBSL,39,6,10,1861.0,18610.0
2021041905004414,NICLBSL,42,50,16,1861.0,29776.0
2021041905004413,NICLBSL,42,58,10,1861.0,18610.0
2021041905004412,NICLBSL,19,42,71,1860.0,132060.0
2021041905004411,NICLBSL,44,42,50,1860.0,93000.0
2021041905004410,NICLBSL,48,42,30,1860.0,55800.0
2021041905004421,NICLBSL,29,35,20,1860.0,37200.0
2021041905004420,NICLBSL,58,35,15,1860.0,27900.0
2021041905004419,NICLBSL,58,35,10,1860.0,18600.0
2021041905004418,NICLBSL,5,35,10,1860.0,18600.0
2021041905004417,NICLBSL,19,35,429,1860.0,797940.0
2021041905004416,NICLBSL,39,35,90,1861.0,167490.0
2021041905004427,NICLBSL,50,21,10,1859.0,18590.0
2021041905004426,NICLBSL,42,35,40,1860.0,74400.0
2021041905004425,NICLBSL,50,21,10,1859.0,18590.0
2021041905004424,NICLBSL,41,35,100,1860.0,186000.0
2021041905004423,NICLBSL,36,35,29,1860.0,53940.0
2021041905004422,NICLBSL,42,35,25,1860.0,46500.0
2021041905004433,NICLBSL,50,17,250,1859.0,464750.0
2021041905004432,NICLBSL,50,33,10,1859.0,18590.0
2021041905004431,NICLBSL,50,45,200,1859.0,371800.0
2021041905004430,NICLBSL,58,35,15,1860.0,27900.0
2021041905004429,NICLBSL,50,41,10,1859.0,18590.0
2021041905004428,NICLBSL,50,58,10,1859.0,18590.0
2021041905004439,NICLBSL,55,57,10,1856.0,18560.0
2021041905004438,NICLBSL,21,57,50,1857.0,92850.0
2021041905004437,NICLBSL,7,57,10,1857.0,18570.0
2021041905004436,NICLBSL,32,57,100,1857.0,185700.0
2021041905004435,NICLBSL,55,17,100,1858.0,185800.0
2021041905004434,NICLBSL,45,17,10,1858.0,18580.0
2021041905004445,NICLBSL,40,57,100,1855.0,185500.0
2021041905004444,NICLBSL,17,57,20,1855.0,37100.0
2021041905004443,NICLBSL,33,57,100,1855.0,185500.0
2021041905004442,NICLBSL,43,57,30,1855.0,55650.0
2021041905004441,NICLBSL,34,57,80,1855.0,148400.0
2021041905004440,NICLBSL,25,57,100,1855.0,185500.0
2021041905004451,NICLBSL,32,17,80,1858.0,148640.0
2021041905004450,NICLBSL,32,36,10,1857.0,18570.0
2021041905004449,NICLBSL,32,38,10,1857.0,18570.0
2021041905004448,NICLBSL,57,57,30,1855.0,55650.0
2021041905004447,NICLBSL,38,57,20,1855.0,37100.0
2021041905004446,NICLBSL,38,57,50,1855.0,92750.0
2021041905004458,NICLBSL,57,26,10,1855.0,18550.0
2021041905004457,NICLBSL,21,39,200,1856.0,371200.0
2021041905004456,NICLBSL,57,29,10,1855.0,18550.0
2021041905004455,NICLBSL,45,49,10,1858.0,18580.0
2021041905004454,NICLBSL,45,17,50,1858.0,92900.0
2021041905004452,NICLBSL,34,17,10,1858.0,18580.0
2021041905004464,NICLBSL,35,41,10,1859.0,18590.0
2021041905004463,NICLBSL,35,3,10,1859.0,18590.0
2021041905004462,NICLBSL,35,17,20,1859.0,37180.0
2021041905004461,NICLBSL,3,17,10,1858.0,18580.0
2021041905004460,NICLBSL,3,29,10,1858.0,18580.0
2021041905004459,NICLBSL,3,34,10,1857.0,18570.0
2021041905004470,NICLBSL,6,19,10,1855.0,18550.0
2021041905004469,NICLBSL,11,21,10,1856.0,18560.0
2021041905004468,NICLBSL,3,39,110,1858.0,204380.0
2021041905004467,NICLBSL,35,4,10,1859.0,18590.0
2021041905004466,NICLBSL,35,51,41,1859.0,76219.0
2021041905004465,NICLBSL,35,33,100,1859.0,185900.0
2021041905004476,NICLBSL,38,21,10,1853.0,18530.0
2021041905004475,NICLBSL,58,39,10,1854.0,18540.0
2021041905004474,NICLBSL,38,39,100,1854.0,185400.0
2021041905004473,NICLBSL,4,39,20,1855.0,37100.0
2021041905004472,NICLBSL,16,39,50,1855.0,92750.0
2021041905004471,NICLBSL,6,39,40,1855.0,74200.0
2021041905004482,NICLBSL,45,52,50,1853.0,92650.0
2021041905004481,NICLBSL,38,52,10,1853.0,18530.0
2021041905004480,NICLBSL,38,59,10,1853.0,18530.0
2021041905004479,NICLBSL,50,20,10,1857.0,18570.0
2021041905004478,NICLBSL,48,19,10,1855.0,18550.0
2021041905004477,NICLBSL,48,39,10,1854.0,18540.0
2021041905004488,NICLBSL,29,52,10,1852.0,18520.0
2021041905004487,NICLBSL,45,52,50,1852.0,92600.0
2021041905004486,NICLBSL,56,52,20,1853.0,37060.0
2021041905004485,NICLBSL,7,52,30,1853.0,55590.0
2021041905004484,NICLBSL,13,52,10,1853.0,18530.0
2021041905004483,NICLBSL,43,52,40,1853.0,74120.0
2021041905004494,NICLBSL,39,39,10,1852.0,18520.0
2021041905004493,NICLBSL,39,21,10,1852.0,18520.0
2021041905004492,NICLBSL,39,20,10,1852.0,18520.0
2021041905004491,NICLBSL,17,54,10,1853.0,18530.0
2021041905004490,NICLBSL,38,48,10,1858.0,18580.0
2021041905004489,NICLBSL,39,52,40,1852.0,74080.0
2021041905004500,NICLBSL,39,20,10,1852.0,18520.0
2021041905004499,NICLBSL,3,53,10,1853.0,18530.0
2021041905004498,NICLBSL,3,59,10,1853.0,18530.0
2021041905004497,NICLBSL,39,11,10,1852.0,18520.0
2021041905004496,NICLBSL,39,44,10,1852.0,18520.0
2021041905004495,NICLBSL,39,21,10,1852.0,18520.0
2021041905004506,NICLBSL,5,34,50,1851.0,92550.0
2021041905004505,NICLBSL,39,45,70,1852.0,129640.0
2021041905004504,NICLBSL,42,19,10,1855.0,18550.0
2021041905004503,NICLBSL,42,32,10,1855.0,18550.0
2021041905004502,NICLBSL,39,21,10,1852.0,18520.0
2021041905004501,NICLBSL,39,8,10,1852.0,18520.0
2021041905004512,NICLBSL,50,21,10,1851.0,18510.0
2021041905004511,NICLBSL,49,45,10,1852.0,18520.0
2021041905004510,NICLBSL,50,34,20,1851.0,37020.0
2021041905004509,NICLBSL,6,34,10,1851.0,18510.0
2021041905004508,NICLBSL,17,34,20,1851.0,37020.0
2021041905004507,NICLBSL,38,34,100,1851.0,185100.0
2021041905004518,NICLBSL,3,21,10,1850.0,18500.0
2021041905004517,NICLBSL,8,52,10,1851.0,18510.0
2021041905004516,NICLBSL,8,20,10,1851.0,18510.0
2021041905004515,NICLBSL,50,21,10,1851.0,18510.0
2021041905004514,NICLBSL,50,58,10,1851.0,18510.0
2021041905004513,NICLBSL,35,45,10,1852.0,18520.0
2021041905004524,NICLBSL,34,13,20,1850.0,37000.0
2021041905004523,NICLBSL,38,13,10,1850.0,18500.0
2021041905004522,NICLBSL,40,13,50,1850.0,92500.0
2021041905004521,NICLBSL,3,13,10,1850.0,18500.0
2021041905004520,NICLBSL,42,50,25,1851.0,46275.0
2021041905004519,NICLBSL,3,50,10,1851.0,18510.0
2021041905004530,NICLBSL,19,13,40,1850.0,74000.0
2021041905004529,NICLBSL,10,13,100,1850.0,185000.0
2021041905004528,NICLBSL,42,13,50,1850.0,92500.0
2021041905004527,NICLBSL,57,13,50,1850.0,92500.0
2021041905004526,NICLBSL,46,13,20,1850.0,37000.0
2021041905004525,NICLBSL,58,13,50,1850.0,92500.0
2021041905004536,NICLBSL,45,25,11,1851.0,20361.0
2021041905004535,NICLBSL,45,36,10,1851.0,18510.0
2021041905004534,NICLBSL,45,50,79,1851.0,146229.0
2021041905004533,NICLBSL,19,21,10,1850.0,18500.0
2021041905004532,NICLBSL,19,52,10,1850.0,18500.0
2021041905004531,NICLBSL,42,45,6,1852.0,11112.0
2021041905004542,NICLBSL,5,39,100,1850.0,185000.0
2021041905004541,NICLBSL,55,39,50,1850.0,92500.0
2021041905004540,NICLBSL,19,39,120,1850.0,222000.0
2021041905004539,NICLBSL,19,44,10,1850.0,18500.0
2021041905004538,NICLBSL,19,21,10,1850.0,18500.0
2021041905004537,NICLBSL,51,25,10,1851.0,18510.0
2021041905004548,NICLBSL,17,39,10,1850.0,18500.0
2021041905004547,NICLBSL,57,39,10,1850.0,18500.0
2021041905004546,NICLBSL,55,39,40,1850.0,74000.0
2021041905004545,NICLBSL,55,39,50,1850.0,92500.0
2021041905004544,NICLBSL,35,39,50,1850.0,92500.0
2021041905004543,NICLBSL,48,39,20,1850.0,37000.0
2021041905004554,NICLBSL,40,39,200,1850.0,370000.0
2021041905004553,NICLBSL,46,39,300,1850.0,555000.0
2021041905004552,NICLBSL,36,39,55,1850.0,101750.0
2021041905004551,NICLBSL,56,39,50,1850.0,92500.0
2021041905004550,NICLBSL,32,39,50,1850.0,92500.0
2021041905004549,NICLBSL,48,39,20,1850.0,37000.0
2021041905004560,NICLBSL,34,39,50,1850.0,92500.0
2021041905004559,NICLBSL,58,39,20,1850.0,37000.0
2021041905004558,NICLBSL,45,39,150,1850.0,277500.0
2021041905004557,NICLBSL,21,39,20,1850.0,37000.0
2021041905004556,NICLBSL,35,39,10,1850.0,18500.0
2021041905004555,NICLBSL,45,39,10,1850.0,18500.0
2021041905004566,NICLBSL,14,39,50,1850.0,92500.0
2021041905004565,NICLBSL,29,39,50,1850.0,92500.0
2021041905004564,NICLBSL,26,39,200,1850.0,370000.0
2021041905004563,NICLBSL,39,39,20,1850.0,37000.0
2021041905004562,NICLBSL,55,39,20,1850.0,37000.0
2021041905004561,NICLBSL,4,39,20,1850.0,37000.0
2021041905004572,NICLBSL,13,39,30,1850.0,55500.0
2021041905004571,NICLBSL,36,39,20,1850.0,37000.0
2021041905004570,NICLBSL,7,39,10,1850.0,18500.0
2021041905004569,NICLBSL,45,39,50,1850.0,92500.0
2021041905004568,NICLBSL,47,39,100,1850.0,185000.0
2021041905004567,NICLBSL,8,39,100,1850.0,185000.0
2021041905004578,NICLBSL,40,39,20,1850.0,37000.0
2021041905004577,NICLBSL,57,39,50,1850.0,92500.0
2021041905004576,NICLBSL,48,39,50,1850.0,92500.0
2021041905004575,NICLBSL,37,39,50,1850.0,92500.0
2021041905004574,NICLBSL,45,39,20,1850.0,37000.0
2021041905004573,NICLBSL,58,39,200,1850.0,370000.0
2021041905004584,NICLBSL,35,39,130,1850.0,240500.0
2021041905004583,NICLBSL,7,39,10,1850.0,18500.0
2021041905004582,NICLBSL,41,39,30,1850.0,55500.0
2021041905004581,NICLBSL,22,39,20,1850.0,37000.0
2021041905004580,NICLBSL,22,39,200,1850.0,370000.0
2021041905004579,NICLBSL,57,39,50,1850.0,92500.0
2021041905004590,NICLBSL,17,28,30,1850.0,55500.0
2021041905004589,NICLBSL,37,21,10,1849.0,18490.0
2021041905004588,NICLBSL,21,28,100,1850.0,185000.0
2021041905004587,NICLBSL,18,21,10,1849.0,18490.0
2021041905004586,NICLBSL,18,25,29,1849.0,53621.0
2021041905004585,NICLBSL,18,21,10,1849.0,18490.0
2021041905004596,NICLBSL,45,36,10,1849.0,18490.0
2021041905004595,NICLBSL,49,28,20,1850.0,37000.0
2021041905004594,NICLBSL,45,21,10,1849.0,18490.0
2021041905004593,NICLBSL,45,52,10,1849.0,18490.0
2021041905004592,NICLBSL,45,50,10,1849.0,18490.0
2021041905004591,NICLBSL,45,21,10,1849.0,18490.0
2021041905004602,NICLBSL,44,38,20,1849.0,36980.0
2021041905004601,NICLBSL,44,33,10,1849.0,18490.0
2021041905004600,NICLBSL,3,38,10,1849.0,18490.0
2021041905004599,NICLBSL,49,8,20,1849.0,36980.0
2021041905004598,NICLBSL,48,49,10,1849.0,18490.0
2021041905004597,NICLBSL,48,21,10,1849.0,18490.0
2021041905004608,NICLBSL,36,21,10,1849.0,18490.0
2021041905004607,NICLBSL,36,42,70,1849.0,129430.0
2021041905004606,NICLBSL,29,58,10,1849.0,18490.0
2021041905004605,NICLBSL,58,28,10,1850.0,18500.0
2021041905004604,NICLBSL,29,21,10,1849.0,18490.0
2021041905004603,NICLBSL,44,3,20,1849.0,36980.0
2021041905004614,NICLBSL,38,21,10,1848.0,18480.0
2021041905004613,NICLBSL,25,44,10,1849.0,18490.0
2021041905004612,NICLBSL,36,44,150,1849.0,277350.0
2021041905004611,NICLBSL,36,44,10,1849.0,18490.0
2021041905004610,NICLBSL,36,59,10,1849.0,18490.0
2021041905004609,NICLBSL,35,28,100,1850.0,185000.0
2021041905004620,NICLBSL,58,58,10,1848.0,18480.0
2021041905004619,NICLBSL,3,44,70,1849.0,129430.0
2021041905004618,NICLBSL,57,44,50,1849.0,92450.0
2021041905004617,NICLBSL,34,20,10,1848.0,18480.0
2021041905004616,NICLBSL,25,44,200,1849.0,369800.0
2021041905004615,NICLBSL,34,21,10,1848.0,18480.0
2021041905004626,NICLBSL,48,34,10,1848.0,18480.0
2021041905004625,NICLBSL,59,44,20,1849.0,36980.0
2021041905004624,NICLBSL,48,18,10,1848.0,18480.0
2021041905004623,NICLBSL,58,18,10,1848.0,18480.0
2021041905004622,NICLBSL,58,58,10,1848.0,18480.0
2021041905004621,NICLBSL,58,59,20,1848.0,36960.0
2021041905004632,NICLBSL,8,40,10,1848.0,18480.0
2021041905004631,NICLBSL,8,41,10,1848.0,18480.0
2021041905004630,NICLBSL,57,44,10,1849.0,18490.0
2021041905004629,NICLBSL,8,38,20,1848.0,36960.0
2021041905004628,NICLBSL,11,38,10,1848.0,18480.0
2021041905004627,NICLBSL,58,38,10,1848.0,18480.0
2021041905004638,NICLBSL,7,45,10,1848.0,18480.0
2021041905004637,NICLBSL,7,58,20,1848.0,36960.0
2021041905004636,NICLBSL,7,38,10,1848.0,18480.0
2021041905004635,NICLBSL,26,44,50,1849.0,92450.0
2021041905004634,NICLBSL,7,35,10,1848.0,18480.0
2021041905004633,NICLBSL,8,48,10,1848.0,18480.0
2021041905004644,NICLBSL,28,58,10,1846.0,18460.0
2021041905004643,NICLBSL,58,45,50,1847.0,92350.0
2021041905004642,NICLBSL,49,45,10,1847.0,18470.0
2021041905004641,NICLBSL,58,45,50,1847.0,92350.0
2021041905004640,NICLBSL,11,45,10,1847.0,18470.0
2021041905004639,NICLBSL,43,45,50,1847.0,92350.0
2021041905004650,NICLBSL,28,21,10,1846.0,18460.0
2021041905004649,NICLBSL,53,45,20,1847.0,36940.0
2021041905004648,NICLBSL,28,49,106,1846.0,195676.0
2021041905004647,NICLBSL,28,3,10,1846.0,18460.0
2021041905004646,NICLBSL,28,3,20,1846.0,36920.0
2021041905004645,NICLBSL,28,36,10,1846.0,18460.0
2021041905004656,NICLBSL,8,59,10,1847.0,18470.0
2021041905004655,NICLBSL,8,21,10,1847.0,18470.0
2021041905004654,NICLBSL,8,41,10,1847.0,18470.0
2021041905004653,NICLBSL,8,41,10,1847.0,18470.0
2021041905004652,NICLBSL,8,38,10,1847.0,18470.0
2021041905004651,NICLBSL,28,57,10,1846.0,18460.0
2021041905004662,NICLBSL,28,21,10,1846.0,18460.0
2021041905004661,NICLBSL,11,44,20,1847.0,36940.0
2021041905004660,NICLBSL,35,44,90,1847.0,166230.0
2021041905004659,NICLBSL,35,48,10,1847.0,18470.0
2021041905004658,NICLBSL,35,34,10,1847.0,18470.0
2021041905004657,NICLBSL,28,21,10,1846.0,18460.0
2021041905004668,NICLBSL,28,34,20,1846.0,36920.0
2021041905004667,NICLBSL,28,52,20,1846.0,36920.0
2021041905004666,NICLBSL,28,21,10,1846.0,18460.0
2021041905004665,NICLBSL,28,47,20,1846.0,36920.0
2021041905004664,NICLBSL,28,8,10,1846.0,18460.0
2021041905004663,NICLBSL,28,4,10,1846.0,18460.0
2021041905004674,NICLBSL,28,14,50,1846.0,92300.0
2021041905004673,NICLBSL,28,38,10,1846.0,18460.0
2021041905004672,NICLBSL,28,47,10,1846.0,18460.0
2021041905004671,NICLBSL,28,21,10,1846.0,18460.0
2021041905004670,NICLBSL,28,20,10,1846.0,18460.0
2021041905004669,NICLBSL,28,6,20,1846.0,36920.0
2021041905004680,NICLBSL,28,21,10,1846.0,18460.0
2021041905004679,NICLBSL,28,21,10,1846.0,18460.0
2021041905004678,NICLBSL,28,16,10,1846.0,18460.0
2021041905004677,NICLBSL,28,52,10,1846.0,18460.0
2021041905004676,NICLBSL,28,21,10,1846.0,18460.0
2021041905004675,NICLBSL,28,40,10,1846.0,18460.0
2021041905004686,NICLBSL,44,57,10,1846.0,18460.0
2021041905004685,NICLBSL,44,47,20,1846.0,36920.0
2021041905004684,NICLBSL,44,28,76,1846.0,140296.0
2021041905004683,NICLBSL,58,28,20,1846.0,36920.0
2021041905004682,NICLBSL,16,28,100,1846.0,184600.0
2021041905004681,NICLBSL,28,28,44,1846.0,81224.0
2021041905004692,NICLBSL,44,47,10,1846.0,18460.0
2021041905004691,NICLBSL,44,32,10,1846.0,18460.0
2021041905004690,NICLBSL,44,21,10,1846.0,18460.0
2021041905004689,NICLBSL,44,13,10,1846.0,18460.0
2021041905004688,NICLBSL,44,17,10,1846.0,18460.0
2021041905004687,NICLBSL,44,6,12,1846.0,22152.0
2021041905004698,NICLBSL,34,58,10,1847.0,18470.0
2021041905004697,NICLBSL,34,44,240,1847.0,443280.0
2021041905004696,NICLBSL,38,34,10,1846.0,18460.0
2021041905004695,NICLBSL,44,58,10,1846.0,18460.0
2021041905004694,NICLBSL,44,21,10,1846.0,18460.0
2021041905004693,NICLBSL,44,21,10,1846.0,18460.0
2021041905004704,NICLBSL,34,58,10,1848.0,18480.0
2021041905004703,NICLBSL,34,48,10,1848.0,18480.0
2021041905004702,NICLBSL,34,8,57,1847.0,105279.0
2021041905004701,NICLBSL,34,7,120,1847.0,221640.0
2021041905004700,NICLBSL,34,19,10,1847.0,18470.0
2021041905004699,NICLBSL,34,58,10,1847.0,18470.0
2021041905004710,NICLBSL,38,29,10,1846.0,18460.0
2021041905004709,NICLBSL,38,47,10,1846.0,18460.0
2021041905004708,NICLBSL,38,21,20,1846.0,36920.0
2021041905004707,NICLBSL,38,21,10,1846.0,18460.0
2021041905004706,NICLBSL,34,33,13,1848.0,24024.0
2021041905004705,NICLBSL,34,8,20,1848.0,36960.0
2021041905004716,NICLBSL,57,38,10,1846.0,18460.0
2021041905004715,NICLBSL,57,58,10,1846.0,18460.0
2021041905004714,NICLBSL,57,41,400,1846.0,738400.0
2021041905004713,NICLBSL,57,41,100,1846.0,184600.0
2021041905004712,NICLBSL,52,21,10,1845.0,18450.0
2021041905004711,NICLBSL,38,21,10,1846.0,18460.0
2021041905004722,NICLBSL,57,21,10,1847.0,18470.0
2021041905004721,NICLBSL,57,58,10,1847.0,18470.0
2021041905004720,NICLBSL,57,47,10,1847.0,18470.0
2021041905004719,NICLBSL,57,49,10,1847.0,18470.0
2021041905004718,NICLBSL,57,58,10,1847.0,18470.0
2021041905004717,NICLBSL,57,53,10,1847.0,18470.0
2021041905004729,NICLBSL,51,21,10,1845.0,18450.0
2021041905004728,NICLBSL,53,38,50,1846.0,92300.0
2021041905004726,NICLBSL,51,21,10,1845.0,18450.0
2021041905004725,NICLBSL,52,21,10,1845.0,18450.0
2021041905004724,NICLBSL,57,14,10,1847.0,18470.0
2021041905004723,NICLBSL,57,41,10,1847.0,18470.0
2021041905004735,NICLBSL,34,14,10,1846.0,18460.0
2021041905004734,NICLBSL,21,21,10,1846.0,18460.0
2021041905004733,NICLBSL,21,38,10,1846.0,18460.0
2021041905004732,NICLBSL,40,4,50,1845.0,92250.0
2021041905004731,NICLBSL,37,4,200,1845.0,369000.0
2021041905004730,NICLBSL,34,4,100,1845.0,184500.0
2021041905004741,NICLBSL,34,50,40,1846.0,73840.0
2021041905004740,NICLBSL,34,21,10,1846.0,18460.0
2021041905004739,NICLBSL,34,38,10,1846.0,18460.0
2021041905004738,NICLBSL,34,21,10,1846.0,18460.0
2021041905004737,NICLBSL,34,42,10,1846.0,18460.0
2021041905004736,NICLBSL,34,21,10,1846.0,18460.0
2021041905004747,NICLBSL,45,50,50,1845.0,92250.0
2021041905004746,NICLBSL,49,50,50,1845.0,92250.0
2021041905004745,NICLBSL,29,50,10,1845.0,18450.0
2021041905004744,NICLBSL,7,50,100,1845.0,184500.0
2021041905004743,NICLBSL,26,50,10,1845.0,18450.0
2021041905004742,NICLBSL,40,50,50,1845.0,92250.0
2021041905004753,NICLBSL,33,21,10,1847.0,18470.0
2021041905004752,NICLBSL,33,13,10,1847.0,18470.0
2021041905004751,NICLBSL,33,34,10,1847.0,18470.0
2021041905004750,NICLBSL,39,28,10,1846.0,18460.0
2021041905004749,NICLBSL,3,6,10,1845.0,18450.0
2021041905004748,NICLBSL,3,50,10,1845.0,18450.0
2021041905004201,JLI,49,17,10,683.0,6830.0
2021041905004138,JLI,49,57,10,683.0,6830.0
2021041905004129,JLI,49,49,10,683.0,6830.0
2021041905004121,JLI,49,57,10,683.0,6830.0
2021041905004072,JLI,49,56,10,683.0,6830.0
2021041905004068,JLI,49,43,10,683.0,6830.0
2021041905003949,JLI,49,56,10,683.0,6830.0
2021041905003936,JLI,49,40,10,683.0,6830.0
2021041905003876,JLI,49,40,10,683.0,6830.0
2021041905003847,JLI,49,42,10,683.0,6830.0
2021041905003829,JLI,49,56,10,683.0,6830.0
2021041905003809,JLI,49,42,10,683.0,6830.0
2021041905004259,NICLBSL,57,21,10,1865.0,18650.0
2021041905004258,NICLBSL,57,50,10,1865.0,18650.0
2021041905004257,NICLBSL,11,57,10,1866.0,18660.0
2021041905004256,NICLBSL,11,7,10,1866.0,18660.0
2021041905004255,NICLBSL,19,6,20,1866.0,37320.0
2021041905004254,NICLBSL,11,38,10,1866.0,18660.0
2021041905003761,NICLBSL,20,59,10,1868.0,18680.0
2021041905003760,NICLBSL,21,17,10,1867.0,18670.0
2021041905003767,NICLBSL,52,25,110,1870.0,205700.0
2021041905003766,NICLBSL,35,25,100,1870.0,187000.0
2021041905003765,NICLBSL,49,42,10,1869.0,18690.0
2021041905003764,NICLBSL,49,59,20,1869.0,37380.0
2021041905003763,NICLBSL,21,21,10,1867.0,18670.0
2021041905003762,NICLBSL,20,25,40,1870.0,74800.0
2021041905003773,NICLBSL,45,25,10,1870.0,18700.0
2021041905003772,NICLBSL,45,45,10,1869.0,18690.0
2021041905003771,NICLBSL,45,39,10,1869.0,18690.0
2021041905003770,NICLBSL,21,34,10,1867.0,18670.0
2021041905003769,NICLBSL,48,59,10,1869.0,18690.0
2021041905003768,NICLBSL,49,26,20,1869.0,37380.0
2021041905003779,NICLBSL,18,38,18,1867.0,33606.0
2021041905003778,NICLBSL,56,21,10,1866.0,18660.0
2021041905003777,NICLBSL,56,21,10,1866.0,18660.0
2021041905003776,NICLBSL,17,17,10,1866.0,18660.0
2021041905003775,NICLBSL,14,58,10,1867.0,18670.0
2021041905003774,NICLBSL,21,17,10,1867.0,18670.0
2021041905003785,NICLBSL,58,49,10,1868.0,18680.0
2021041905003784,NICLBSL,56,17,10,1866.0,18660.0
2021041905003783,NICLBSL,58,42,10,1867.0,18670.0
2021041905003782,NICLBSL,58,38,10,1867.0,18670.0
2021041905003781,NICLBSL,58,57,10,1867.0,18670.0
2021041905003780,NICLBSL,58,39,20,1867.0,37340.0
2021041905003791,NICLBSL,57,39,20,1866.0,37320.0
2021041905003790,NICLBSL,35,14,104,1869.0,194376.0
2021041905003789,NICLBSL,35,52,10,1867.0,18670.0
2021041905003788,NICLBSL,58,52,10,1868.0,18680.0
2021041905003787,NICLBSL,58,34,20,1868.0,37360.0
2021041905003786,NICLBSL,58,21,10,1868.0,18680.0
2021041905003797,NICLBSL,1,52,10,1866.0,18660.0
2021041905003796,NICLBSL,3,52,50,1866.0,93300.0
2021041905003795,NICLBSL,57,52,22,1866.0,41052.0
2021041905003794,NICLBSL,57,4,10,1866.0,18660.0
2021041905003793,NICLBSL,57,54,10,1866.0,18660.0
2021041905003792,NICLBSL,34,41,10,1867.0,18670.0
2021041905003803,NICLBSL,40,7,10,1867.0,18670.0
2021041905003802,NICLBSL,21,38,10,1866.0,18660.0
2021041905003801,NICLBSL,21,17,10,1866.0,18660.0
2021041905003800,NICLBSL,21,21,10,1866.0,18660.0
2021041905003799,NICLBSL,52,49,10,1866.0,18660.0
2021041905003798,NICLBSL,52,21,10,1866.0,18660.0
2021041905003810,NICLBSL,3,52,10,1868.0,18680.0
2021041905003808,NICLBSL,44,33,10,1869.0,18690.0
2021041905003807,NICLBSL,44,14,31,1869.0,57939.0
2021041905003806,NICLBSL,53,34,10,1868.0,18680.0
2021041905003805,NICLBSL,21,36,10,1866.0,18660.0
2021041905003804,NICLBSL,21,56,10,1866.0,18660.0
2021041905003816,NICLBSL,21,46,10,1866.0,18660.0
2021041905003815,NICLBSL,51,36,10,1867.0,18670.0
2021041905003814,NICLBSL,37,49,10,1867.0,18670.0
2021041905003813,NICLBSL,37,34,10,1867.0,18670.0
2021041905003812,NICLBSL,37,46,10,1867.0,18670.0
2021041905003811,NICLBSL,38,17,10,1869.0,18690.0
2021041905003822,NICLBSL,21,59,10,1866.0,18660.0
2021041905003821,NICLBSL,21,58,10,1867.0,18670.0
2021041905003820,NICLBSL,21,21,10,1867.0,18670.0
2021041905003819,NICLBSL,21,58,10,1867.0,18670.0
2021041905003818,NICLBSL,21,58,10,1867.0,18670.0
2021041905003817,NICLBSL,21,40,10,1867.0,18670.0
2021041905003828,NICLBSL,44,46,10,1866.0,18660.0
2021041905003827,NICLBSL,57,58,10,1866.0,18660.0
2021041905003826,NICLBSL,21,8,20,1866.0,37320.0
2021041905003825,NICLBSL,21,39,10,1866.0,18660.0
2021041905003824,NICLBSL,3,4,20,1869.0,37380.0
2021041905003823,NICLBSL,3,36,10,1867.0,18670.0
2021041905003835,NICLBSL,13,8,10,1867.0,18670.0
2021041905003834,NICLBSL,13,17,10,1867.0,18670.0
2021041905003833,NICLBSL,13,58,10,1867.0,18670.0
2021041905003832,NICLBSL,13,35,10,1867.0,18670.0
2021041905003831,NICLBSL,13,58,10,1867.0,18670.0
2021041905003830,NICLBSL,44,59,10,1866.0,18660.0
2021041905003841,NICLBSL,44,32,10,1866.0,18660.0
2021041905003840,NICLBSL,44,58,10,1866.0,18660.0
2021041905003839,NICLBSL,48,57,10,1869.0,18690.0
2021041905003838,NICLBSL,48,59,10,1867.0,18670.0
2021041905003837,NICLBSL,48,47,10,1867.0,18670.0
2021041905003836,NICLBSL,13,21,10,1867.0,18670.0
2021041905003848,NICLBSL,44,59,10,1866.0,18660.0
2021041905003846,NICLBSL,44,45,10,1866.0,18660.0
2021041905003845,NICLBSL,44,52,10,1866.0,18660.0
2021041905003844,NICLBSL,44,8,10,1866.0,18660.0
2021041905003843,NICLBSL,44,59,10,1866.0,18660.0
2021041905003842,NICLBSL,44,19,10,1866.0,18660.0
2021041905003854,NICLBSL,41,21,10,1866.0,18660.0
2021041905003853,NICLBSL,41,45,10,1866.0,18660.0
2021041905003852,NICLBSL,41,16,10,1866.0,18660.0
2021041905003851,NICLBSL,41,39,20,1866.0,37320.0
2021041905003850,NICLBSL,58,34,10,1867.0,18670.0
2021041905003849,NICLBSL,41,42,10,1866.0,18660.0
2021041905003860,NICLBSL,35,8,10,1866.0,18660.0
2021041905003859,NICLBSL,35,45,10,1866.0,18660.0
2021041905003858,NICLBSL,41,42,10,1866.0,18660.0
2021041905003857,NICLBSL,41,59,10,1866.0,18660.0
2021041905003856,NICLBSL,41,58,10,1866.0,18660.0
2021041905003855,NICLBSL,41,21,10,1866.0,18660.0
2021041905003866,NICLBSL,35,34,10,1867.0,18670.0
2021041905003865,NICLBSL,35,56,60,1866.0,111960.0
2021041905003864,NICLBSL,35,37,10,1866.0,18660.0
2021041905003863,NICLBSL,35,29,31,1866.0,57846.0
2021041905003862,NICLBSL,35,49,10,1866.0,18660.0
2021041905003861,NICLBSL,35,58,10,1866.0,18660.0
2021041905003872,NICLBSL,35,37,10,1866.0,18660.0
2021041905003871,NICLBSL,35,17,10,1866.0,18660.0
2021041905003870,NICLBSL,35,39,10,1866.0,18660.0
2021041905003869,NICLBSL,35,26,10,1866.0,18660.0
2021041905003868,NICLBSL,35,20,10,1867.0,18670.0
2021041905003867,NICLBSL,35,52,10,1867.0,18670.0
2021041905003879,NICLBSL,54,37,10,1866.0,18660.0
2021041905003878,NICLBSL,54,34,30,1866.0,55980.0
2021041905003877,NICLBSL,58,52,10,1867.0,18670.0
2021041905003875,NICLBSL,54,20,10,1866.0,18660.0
2021041905003874,NICLBSL,54,58,10,1866.0,18660.0
2021041905003873,NICLBSL,35,33,10,1866.0,18660.0
2021041905003885,NICLBSL,49,52,35,1866.0,65310.0
2021041905003884,NICLBSL,37,52,20,1866.0,37320.0
2021041905003883,NICLBSL,11,52,10,1866.0,18660.0
2021041905003882,NICLBSL,44,52,200,1866.0,373200.0
2021041905003881,NICLBSL,54,52,30,1866.0,55980.0
2021041905003880,NICLBSL,54,20,10,1866.0,18660.0
2021041905003891,NICLBSL,59,52,10,1865.0,18650.0
2021041905003890,NICLBSL,49,52,50,1866.0,93300.0
2021041905003889,NICLBSL,32,52,50,1866.0,93300.0
2021041905003888,NICLBSL,58,52,100,1866.0,186600.0
2021041905003887,NICLBSL,8,52,200,1866.0,373200.0
2021041905003886,NICLBSL,11,52,10,1866.0,18660.0
2021041905003897,NICLBSL,35,52,90,1865.0,167850.0
2021041905003896,NICLBSL,56,52,50,1865.0,93250.0
2021041905003895,NICLBSL,33,52,100,1865.0,186500.0
2021041905003894,NICLBSL,38,52,20,1865.0,37300.0
2021041905003893,NICLBSL,58,52,20,1865.0,37300.0
2021041905003892,NICLBSL,34,52,70,1865.0,130550.0
2021041905003903,NICLBSL,44,52,10,1865.0,18650.0
2021041905003902,NICLBSL,38,52,20,1865.0,37300.0
2021041905003901,NICLBSL,51,52,10,1865.0,18650.0
2021041905003900,NICLBSL,3,52,10,1865.0,18650.0
2021041905003899,NICLBSL,26,52,30,1865.0,55950.0
2021041905003898,NICLBSL,25,52,155,1865.0,289075.0
2021041905003909,NICLBSL,58,52,50,1865.0,93250.0
2021041905003908,NICLBSL,40,52,200,1865.0,373000.0
2021041905003907,NICLBSL,34,52,100,1865.0,186500.0
2021041905003906,NICLBSL,1,52,20,1865.0,37300.0
2021041905003905,NICLBSL,37,52,50,1865.0,93250.0
2021041905003904,NICLBSL,4,52,20,1865.0,37300.0
2021041905003915,NICLBSL,51,49,10,1865.0,18650.0
2021041905003914,NICLBSL,51,52,27,1865.0,50355.0
2021041905003913,NICLBSL,58,52,50,1865.0,93250.0
2021041905003912,NICLBSL,21,52,53,1865.0,98845.0
2021041905003911,NICLBSL,16,52,100,1865.0,186500.0
2021041905003910,NICLBSL,21,52,30,1865.0,55950.0
2021041905003921,NICLBSL,5,51,20,1866.0,37320.0
2021041905003920,NICLBSL,35,21,10,1866.0,18660.0
2021041905003919,NICLBSL,35,39,10,1866.0,18660.0
2021041905003918,NICLBSL,39,58,10,1865.0,18650.0
2021041905003917,NICLBSL,39,37,10,1865.0,18650.0
2021041905003916,NICLBSL,51,40,10,1865.0,18650.0
2021041905003927,NICLBSL,7,45,50,1865.0,93250.0
2021041905003926,NICLBSL,39,45,20,1865.0,37300.0
2021041905003925,NICLBSL,39,58,10,1865.0,18650.0
2021041905003924,NICLBSL,5,20,10,1866.0,18660.0
2021041905003923,NICLBSL,5,7,10,1866.0,18660.0
2021041905003922,NICLBSL,5,54,10,1866.0,18660.0
2021041905003933,NICLBSL,50,45,67,1865.0,124955.0
2021041905003932,NICLBSL,21,45,200,1865.0,373000.0
2021041905003931,NICLBSL,56,45,20,1865.0,37300.0
2021041905003930,NICLBSL,14,45,100,1865.0,186500.0
2021041905003929,NICLBSL,7,45,25,1865.0,46625.0
2021041905003928,NICLBSL,58,45,18,1865.0,33570.0
2021041905003940,NICLBSL,50,49,10,1865.0,18650.0
2021041905003939,NICLBSL,50,20,10,1865.0,18650.0
2021041905003938,NICLBSL,50,37,10,1865.0,18650.0
2021041905003937,NICLBSL,50,58,10,1865.0,18650.0
2021041905003935,NICLBSL,50,13,100,1865.0,186500.0
2021041905003934,NICLBSL,50,58,10,1865.0,18650.0
2021041905003946,NICLBSL,34,38,10,1865.0,18650.0
2021041905003945,NICLBSL,34,37,10,1865.0,18650.0
2021041905003944,NICLBSL,21,58,10,1865.0,18650.0
2021041905003943,NICLBSL,21,17,10,1865.0,18650.0
2021041905003942,NICLBSL,50,40,10,1865.0,18650.0
2021041905003941,NICLBSL,50,42,20,1865.0,37300.0
2021041905003953,NICLBSL,34,58,20,1865.0,37300.0
2021041905003952,NICLBSL,34,35,10,1865.0,18650.0
2021041905003951,NICLBSL,34,21,10,1865.0,18650.0
2021041905003950,NICLBSL,34,56,20,1865.0,37300.0
2021041905003948,NICLBSL,34,58,10,1865.0,18650.0
2021041905003947,NICLBSL,34,58,10,1865.0,18650.0
2021041905003959,NICLBSL,57,25,10,1865.0,18650.0
2021041905003958,NICLBSL,57,39,20,1865.0,37300.0
2021041905003957,NICLBSL,57,37,10,1865.0,18650.0
2021041905003956,NICLBSL,57,7,10,1865.0,18650.0
2021041905003955,NICLBSL,57,58,10,1865.0,18650.0
2021041905003954,NICLBSL,57,58,20,1865.0,37300.0
2021041905003965,NICLBSL,57,21,10,1865.0,18650.0
2021041905003964,NICLBSL,6,20,10,1866.0,18660.0
2021041905003963,NICLBSL,6,52,10,1866.0,18660.0
2021041905003962,NICLBSL,57,38,10,1865.0,18650.0
2021041905003961,NICLBSL,32,58,10,1866.0,18660.0
2021041905003960,NICLBSL,32,32,10,1866.0,18660.0
2021041905003971,NICLBSL,7,39,10,1865.0,18650.0
2021041905003970,NICLBSL,7,7,10,1865.0,18650.0
2021041905003969,NICLBSL,32,39,10,1866.0,18660.0
2021041905003968,NICLBSL,32,58,10,1866.0,18660.0
2021041905003967,NICLBSL,7,44,10,1865.0,18650.0
2021041905003966,NICLBSL,17,37,10,1865.0,18650.0
2021041905003977,NICLBSL,8,58,10,1866.0,18660.0
2021041905003976,NICLBSL,8,58,10,1866.0,18660.0
2021041905003975,NICLBSL,13,40,10,1865.0,18650.0
2021041905003974,NICLBSL,13,40,10,1865.0,18650.0
2021041905003973,NICLBSL,7,40,10,1865.0,18650.0
2021041905003972,NICLBSL,7,21,10,1865.0,18650.0
2021041905003983,NICLBSL,47,49,10,1866.0,18660.0
2021041905003982,NICLBSL,47,50,100,1866.0,186600.0
2021041905003981,NICLBSL,13,39,10,1865.0,18650.0
2021041905003980,NICLBSL,8,56,10,1866.0,18660.0
2021041905003979,NICLBSL,8,57,10,1866.0,18660.0
2021041905003978,NICLBSL,8,36,10,1866.0,18660.0
2021041905003989,NICLBSL,47,7,10,1866.0,18660.0
2021041905003988,NICLBSL,47,38,10,1866.0,18660.0
2021041905003987,NICLBSL,47,55,10,1866.0,18660.0
2021041905003986,NICLBSL,47,50,10,1866.0,18660.0
2021041905003985,NICLBSL,47,38,10,1866.0,18660.0
2021041905003984,NICLBSL,47,50,10,1866.0,18660.0
2021041905003995,NICLBSL,47,52,10,1866.0,18660.0
2021041905003994,NICLBSL,47,25,10,1866.0,18660.0
2021041905003993,NICLBSL,47,44,10,1866.0,18660.0
2021041905003992,NICLBSL,47,58,10,1866.0,18660.0
2021041905003991,NICLBSL,47,56,10,1866.0,18660.0
2021041905003990,NICLBSL,47,33,100,1866.0,186600.0
2021041905004001,NICLBSL,47,7,10,1866.0,18660.0
2021041905004000,NICLBSL,47,36,10,1866.0,18660.0
2021041905003999,NICLBSL,47,17,10,1866.0,18660.0
2021041905003998,NICLBSL,47,21,10,1866.0,18660.0
2021041905003997,NICLBSL,47,38,10,1866.0,18660.0
2021041905003996,NICLBSL,47,58,10,1866.0,18660.0
2021041905004007,NICLBSL,57,41,10,1867.0,18670.0
2021041905004006,NICLBSL,57,8,10,1867.0,18670.0
2021041905004005,NICLBSL,57,50,10,1867.0,18670.0
2021041905004004,NICLBSL,57,52,10,1867.0,18670.0
2021041905004003,NICLBSL,57,29,17,1867.0,31739.0
2021041905004002,NICLBSL,57,52,10,1867.0,18670.0
2021041905004013,NICLBSL,45,45,100,1866.0,186600.0
2021041905004012,NICLBSL,8,25,30,1865.0,55950.0
2021041905004011,NICLBSL,51,25,30,1866.0,55980.0
2021041905004010,NICLBSL,32,25,80,1866.0,149280.0
2021041905004009,NICLBSL,47,25,120,1866.0,223920.0
2021041905004008,NICLBSL,57,25,30,1867.0,56010.0
2021041905004019,NICLBSL,6,42,10,1866.0,18660.0
2021041905004018,NICLBSL,6,21,10,1866.0,18660.0
2021041905004017,NICLBSL,6,13,30,1866.0,55980.0
2021041905004016,NICLBSL,6,45,26,1866.0,48516.0
2021041905004015,NICLBSL,37,45,10,1866.0,18660.0
2021041905004014,NICLBSL,8,7,10,1865.0,18650.0
2021041905004025,NICLBSL,3,21,10,1865.0,18650.0
2021041905004024,NICLBSL,3,7,69,1865.0,128685.0
2021041905004023,NICLBSL,8,7,160,1865.0,298400.0
2021041905004022,NICLBSL,42,7,50,1866.0,93300.0
2021041905004021,NICLBSL,6,36,10,1866.0,18660.0
2021041905004020,NICLBSL,6,58,10,1866.0,18660.0
2021041905004031,NICLBSL,35,29,30,1865.0,55950.0
2021041905004030,NICLBSL,35,55,100,1865.0,186500.0
2021041905004029,NICLBSL,33,17,10,1865.0,18650.0
2021041905004028,NICLBSL,3,1,10,1865.0,18650.0
2021041905004027,NICLBSL,3,17,10,1865.0,18650.0
2021041905004026,NICLBSL,34,17,10,1866.0,18660.0
2021041905004037,NICLBSL,49,58,10,1866.0,18660.0
2021041905004036,NICLBSL,49,25,10,1866.0,18660.0
2021041905004035,NICLBSL,49,37,10,1866.0,18660.0
2021041905004034,NICLBSL,49,39,10,1866.0,18660.0
2021041905004033,NICLBSL,49,49,10,1866.0,18660.0
2021041905004032,NICLBSL,49,49,10,1866.0,18660.0
2021041905004043,NICLBSL,49,42,10,1866.0,18660.0
2021041905004042,NICLBSL,49,39,10,1866.0,18660.0
2021041905004041,NICLBSL,49,58,10,1866.0,18660.0
2021041905004040,NICLBSL,49,21,10,1866.0,18660.0
2021041905004039,NICLBSL,49,52,10,1866.0,18660.0
2021041905004038,NICLBSL,49,56,10,1866.0,18660.0
2021041905004049,NICLBSL,49,25,10,1866.0,18660.0
2021041905004048,NICLBSL,49,28,10,1866.0,18660.0
2021041905004047,NICLBSL,49,37,10,1866.0,18660.0
2021041905004046,NICLBSL,49,58,10,1866.0,18660.0
2021041905004045,NICLBSL,49,5,10,1866.0,18660.0
2021041905004044,NICLBSL,49,49,10,1866.0,18660.0
2021041905004055,NICLBSL,35,36,10,1865.0,18650.0
2021041905004054,NICLBSL,35,32,10,1865.0,18650.0
2021041905004053,NICLBSL,35,39,10,1865.0,18650.0
2021041905004052,NICLBSL,35,41,10,1865.0,18650.0
2021041905004051,NICLBSL,49,28,10,1866.0,18660.0
2021041905004050,NICLBSL,49,36,10,1866.0,18660.0
2021041905004061,NICLBSL,38,6,10,1866.0,18660.0
2021041905004060,NICLBSL,38,28,10,1866.0,18660.0
2021041905004059,NICLBSL,38,26,10,1866.0,18660.0
2021041905004058,NICLBSL,38,16,10,1866.0,18660.0
2021041905004057,NICLBSL,35,58,10,1865.0,18650.0
2021041905004056,NICLBSL,35,8,10,1865.0,18650.0
2021041905004067,NICLBSL,3,58,10,1866.0,18660.0
2021041905004066,NICLBSL,47,41,26,1865.0,48490.0
2021041905004065,NICLBSL,3,25,10,1866.0,18660.0
2021041905004064,NICLBSL,38,57,10,1866.0,18660.0
2021041905004063,NICLBSL,38,28,10,1866.0,18660.0
2021041905004062,NICLBSL,38,42,10,1866.0,18660.0
2021041905004075,NICLBSL,47,3,10,1866.0,18660.0
2021041905004074,NICLBSL,47,41,26,1866.0,48516.0
2021041905004073,NICLBSL,47,39,10,1866.0,18660.0
2021041905004071,NICLBSL,47,17,20,1866.0,37320.0
2021041905004070,NICLBSL,47,21,10,1866.0,18660.0
2021041905004069,NICLBSL,3,3,10,1866.0,18660.0
2021041905004081,NICLBSL,55,20,10,1867.0,18670.0
2021041905004080,NICLBSL,55,52,10,1867.0,18670.0
2021041905004079,NICLBSL,55,58,10,1867.0,18670.0
2021041905004078,NICLBSL,55,58,10,1867.0,18670.0
2021041905004077,NICLBSL,55,40,50,1867.0,93350.0
2021041905004076,NICLBSL,47,26,50,1866.0,93300.0
2021041905004087,NICLBSL,55,25,10,1867.0,18670.0
2021041905004086,NICLBSL,55,3,10,1867.0,18670.0
2021041905004085,NICLBSL,55,41,26,1867.0,48542.0
2021041905004084,NICLBSL,55,11,20,1867.0,37340.0
2021041905004083,NICLBSL,55,11,10,1867.0,18670.0
2021041905004082,NICLBSL,55,47,80,1867.0,149360.0
2021041905004093,NICLBSL,55,17,10,1867.0,18670.0
2021041905004092,NICLBSL,55,3,10,1867.0,18670.0
2021041905004091,NICLBSL,55,42,10,1867.0,18670.0
2021041905004090,NICLBSL,55,58,10,1867.0,18670.0
2021041905004089,NICLBSL,55,38,10,1867.0,18670.0
2021041905004088,NICLBSL,55,58,10,1867.0,18670.0
2021041905004099,NICLBSL,55,3,20,1867.0,37340.0
2021041905004098,NICLBSL,55,39,10,1867.0,18670.0
2021041905004097,NICLBSL,55,45,10,1867.0,18670.0
2021041905004096,NICLBSL,55,1,20,1867.0,37340.0
2021041905004095,NICLBSL,55,48,10,1867.0,18670.0
2021041905004094,NICLBSL,55,21,10,1867.0,18670.0
2021041905004105,NICLBSL,55,57,10,1867.0,18670.0
2021041905004104,NICLBSL,55,43,10,1867.0,18670.0
2021041905004103,NICLBSL,55,58,10,1867.0,18670.0
2021041905004102,NICLBSL,55,21,10,1867.0,18670.0
2021041905004101,NICLBSL,55,17,10,1867.0,18670.0
2021041905004100,NICLBSL,55,49,10,1867.0,18670.0
2021041905004111,NICLBSL,57,19,10,1867.0,18670.0
2021041905004110,NICLBSL,57,39,10,1867.0,18670.0
2021041905004109,NICLBSL,55,37,10,1867.0,18670.0
2021041905004108,NICLBSL,55,3,22,1867.0,41074.0
2021041905004107,NICLBSL,55,49,10,1867.0,18670.0
2021041905004106,NICLBSL,55,8,10,1867.0,18670.0
2021041905004117,NICLBSL,57,37,10,1867.0,18670.0
2021041905004116,NICLBSL,57,19,10,1867.0,18670.0
2021041905004115,NICLBSL,57,49,10,1867.0,18670.0
2021041905004114,NICLBSL,57,3,10,1867.0,18670.0
2021041905004113,NICLBSL,16,44,20,1868.0,37360.0
2021041905004112,NICLBSL,57,58,10,1867.0,18670.0
2021041905004124,NICLBSL,35,41,60,1867.0,112020.0
2021041905004123,NICLBSL,25,44,20,1868.0,37360.0
2021041905004122,NICLBSL,47,20,10,1866.0,18660.0
2021041905004120,NICLBSL,47,3,10,1866.0,18660.0
2021041905004119,NICLBSL,57,42,10,1867.0,18670.0
2021041905004118,NICLBSL,57,58,20,1867.0,37340.0
2021041905004131,NICLBSL,35,37,10,1867.0,18670.0
2021041905004130,NICLBSL,35,38,10,1867.0,18670.0
2021041905004128,NICLBSL,35,20,10,1867.0,18670.0
2021041905004127,NICLBSL,35,58,10,1867.0,18670.0
2021041905004126,NICLBSL,35,19,10,1867.0,18670.0
2021041905004125,NICLBSL,35,37,20,1867.0,37340.0
2021041905004137,NICLBSL,35,59,10,1867.0,18670.0
2021041905004136,NICLBSL,35,20,10,1867.0,18670.0
2021041905004135,NICLBSL,35,8,20,1867.0,37340.0
2021041905004134,NICLBSL,35,5,10,1867.0,18670.0
2021041905004133,NICLBSL,35,3,10,1867.0,18670.0
2021041905004132,NICLBSL,35,19,10,1867.0,18670.0
2021041905004144,NICLBSL,47,3,20,1866.0,37320.0
2021041905004143,NICLBSL,28,17,10,1868.0,18680.0
2021041905004142,NICLBSL,28,45,10,1868.0,18680.0
2021041905004141,NICLBSL,28,28,10,1868.0,18680.0
2021041905004140,NICLBSL,28,33,10,1868.0,18680.0
2021041905004139,NICLBSL,28,44,10,1868.0,18680.0
2021041905004150,NICLBSL,6,6,20,1866.0,37320.0
2021041905004149,NICLBSL,47,52,8,1866.0,14928.0
2021041905004148,NICLBSL,47,3,10,1866.0,18660.0
2021041905004147,NICLBSL,47,39,10,1866.0,18660.0
2021041905004146,NICLBSL,47,7,300,1866.0,559800.0
2021041905004145,NICLBSL,47,36,10,1866.0,18660.0
2021041905004156,NICLBSL,13,38,10,1866.0,18660.0
2021041905004155,NICLBSL,13,41,14,1866.0,26124.0
2021041905004154,NICLBSL,13,3,10,1866.0,18660.0
2021041905004153,NICLBSL,13,58,10,1866.0,18660.0
2021041905004152,NICLBSL,13,3,10,1866.0,18660.0
2021041905004151,NICLBSL,13,49,10,1866.0,18660.0
2021041905004162,NICLBSL,39,38,10,1866.0,18660.0
2021041905004161,NICLBSL,39,58,10,1866.0,18660.0
2021041905004160,NICLBSL,39,49,10,1866.0,18660.0
2021041905004159,NICLBSL,13,3,10,1866.0,18660.0
2021041905004158,NICLBSL,13,20,10,1866.0,18660.0
2021041905004157,NICLBSL,13,42,10,1866.0,18660.0
2021041905004168,NICLBSL,35,42,20,1865.0,37300.0
2021041905004167,NICLBSL,45,58,10,1867.0,18670.0
2021041905004166,NICLBSL,45,35,10,1867.0,18670.0
2021041905004165,NICLBSL,35,8,20,1865.0,37300.0
2021041905004164,NICLBSL,35,58,10,1865.0,18650.0
2021041905004163,NICLBSL,7,3,10,1866.0,18660.0
2021041905004174,NICLBSL,17,41,10,1868.0,18680.0
2021041905004173,NICLBSL,17,43,10,1866.0,18660.0
2021041905004172,NICLBSL,35,28,20,1865.0,37300.0
2021041905004171,NICLBSL,35,37,10,1865.0,18650.0
2021041905004170,NICLBSL,53,43,10,1866.0,18660.0
2021041905004169,NICLBSL,35,3,20,1865.0,37300.0
2021041905004180,NICLBSL,57,55,10,1865.0,18650.0
2021041905004179,NICLBSL,57,6,10,1865.0,18650.0
2021041905004178,NICLBSL,35,21,10,1865.0,18650.0
2021041905004177,NICLBSL,17,54,10,1869.0,18690.0
2021041905004176,NICLBSL,17,33,10,1869.0,18690.0
2021041905004175,NICLBSL,17,45,10,1868.0,18680.0
2021041905004186,NICLBSL,21,58,10,1866.0,18660.0
2021041905004185,NICLBSL,37,3,10,1865.0,18650.0
2021041905004184,NICLBSL,17,6,10,1866.0,18660.0
2021041905004183,NICLBSL,37,8,10,1865.0,18650.0
2021041905004182,NICLBSL,57,58,10,1865.0,18650.0
2021041905004181,NICLBSL,57,3,10,1865.0,18650.0
2021041905004192,NICLBSL,21,45,20,1866.0,37320.0
2021041905004191,NICLBSL,21,47,10,1866.0,18660.0
2021041905004190,NICLBSL,21,58,20,1866.0,37320.0
2021041905004189,NICLBSL,21,3,10,1866.0,18660.0
2021041905004188,NICLBSL,21,26,10,1866.0,18660.0
2021041905004187,NICLBSL,21,42,10,1866.0,18660.0
2021041905004198,NICLBSL,38,58,20,1865.0,37300.0
2021041905004197,NICLBSL,38,21,10,1865.0,18650.0
2021041905004196,NICLBSL,38,37,10,1865.0,18650.0
2021041905004195,NICLBSL,38,58,10,1865.0,18650.0
2021041905004194,NICLBSL,37,3,10,1865.0,18650.0
2021041905004193,NICLBSL,21,17,10,1866.0,18660.0
2021041905004205,NICLBSL,36,47,10,1866.0,18660.0
2021041905004204,NICLBSL,38,3,10,1865.0,18650.0
2021041905004203,NICLBSL,38,38,10,1865.0,18650.0
2021041905004202,NICLBSL,38,3,10,1865.0,18650.0
2021041905004200,NICLBSL,38,3,10,1865.0,18650.0
2021041905004199,NICLBSL,38,29,10,1865.0,18650.0
2021041905004211,NICLBSL,50,35,10,1865.0,18650.0
2021041905004210,NICLBSL,36,58,10,1866.0,18660.0
2021041905004209,NICLBSL,36,6,10,1866.0,18660.0
2021041905004208,NICLBSL,36,6,20,1866.0,37320.0
2021041905004207,NICLBSL,36,38,14,1866.0,26124.0
2021041905004206,NICLBSL,36,29,10,1866.0,18660.0
2021041905004217,NICLBSL,50,18,10,1865.0,18650.0
2021041905004216,NICLBSL,50,3,10,1865.0,18650.0
2021041905004215,NICLBSL,50,37,10,1865.0,18650.0
2021041905004214,NICLBSL,50,42,10,1865.0,18650.0
2021041905004213,NICLBSL,50,3,10,1865.0,18650.0
2021041905004212,NICLBSL,50,58,10,1865.0,18650.0
2021041905004223,NICLBSL,28,42,10,1866.0,18660.0
2021041905004222,NICLBSL,28,42,10,1866.0,18660.0
2021041905004221,NICLBSL,28,6,10,1866.0,18660.0
2021041905004220,NICLBSL,28,32,10,1866.0,18660.0
2021041905004219,NICLBSL,28,58,10,1866.0,18660.0
2021041905004218,NICLBSL,28,32,10,1866.0,18660.0
2021041905004229,NICLBSL,50,18,10,1865.0,18650.0
2021041905004228,NICLBSL,50,21,10,1865.0,18650.0
2021041905004227,NICLBSL,50,3,10,1865.0,18650.0
2021041905004226,NICLBSL,50,3,10,1865.0,18650.0
2021041905004225,NICLBSL,58,18,20,1867.0,37340.0
2021041905004224,NICLBSL,28,3,10,1866.0,18660.0
2021041905004235,NICLBSL,44,49,10,1866.0,18660.0
2021041905004234,NICLBSL,50,17,10,1865.0,18650.0
2021041905004233,NICLBSL,50,38,10,1865.0,18650.0
2021041905004232,NICLBSL,50,58,10,1865.0,18650.0
2021041905004231,NICLBSL,50,38,10,1865.0,18650.0
2021041905004230,NICLBSL,50,3,10,1865.0,18650.0
2021041905004241,NICLBSL,49,21,10,1865.0,18650.0
2021041905004240,NICLBSL,49,3,10,1865.0,18650.0
2021041905004239,NICLBSL,50,3,10,1865.0,18650.0
2021041905004238,NICLBSL,50,42,10,1865.0,18650.0
2021041905004237,NICLBSL,50,45,10,1865.0,18650.0
2021041905004236,NICLBSL,50,49,10,1865.0,18650.0
2021041905004247,NICLBSL,21,26,36,1865.0,67140.0
2021041905004246,NICLBSL,21,58,10,1865.0,18650.0
2021041905004245,NICLBSL,21,13,20,1865.0,37300.0
2021041905004244,NICLBSL,21,45,10,1865.0,18650.0
2021041905004243,NICLBSL,21,41,14,1865.0,26110.0
2021041905004242,NICLBSL,21,26,10,1865.0,18650.0
2021041905004253,NICLBSL,57,51,10,1865.0,18650.0
2021041905004252,NICLBSL,58,50,10,1865.0,18650.0
2021041905004251,NICLBSL,38,19,10,1866.0,18660.0
2021041905004250,NICLBSL,38,6,10,1866.0,18660.0
2021041905004249,NICLBSL,58,8,20,1865.0,37300.0
2021041905004248,NICLBSL,58,26,20,1865.0,37300.0
2021041905003758,JLI,49,42,10,683.0,6830.0
2021041905003594,JLI,49,58,10,683.0,6830.0
2021041905003555,JLI,49,45,10,683.0,6830.0
2021041905003520,JLI,49,58,10,683.0,6830.0
2021041905003481,JLI,49,7,10,683.0,6830.0
2021041905003437,JLI,49,41,10,683.0,6830.0
2021041905003346,JLI,49,41,10,683.0,6830.0
2021041905003324,JLI,49,44,10,683.0,6830.0
2021041905003306,JLI,49,39,10,683.0,6830.0
2021041905003676,MLBSL,59,34,10,1460.0,14600.0
2021041905003315,MLBSL,59,21,10,1460.0,14600.0
2021041905003759,NICLBSL,21,42,10,1867.0,18670.0
2021041905003757,NICLBSL,38,26,10,1867.0,18670.0
2021041905003756,NICLBSL,35,34,10,1867.0,18670.0
2021041905003755,NICLBSL,35,59,10,1867.0,18670.0
2021041905003754,NICLBSL,22,38,50,1867.0,93350.0
2021041905003753,NICLBSL,22,4,10,1867.0,18670.0
2021041905003262,NICLBSL,40,38,10,1871.0,18710.0
2021041905003261,NICLBSL,45,1,10,1874.0,18740.0
2021041905003260,NICLBSL,45,55,10,1873.0,18730.0
2021041905003268,NICLBSL,38,42,10,1875.0,18750.0
2021041905003267,NICLBSL,38,1,10,1874.0,18740.0
2021041905003266,NICLBSL,48,36,10,1873.0,18730.0
2021041905003265,NICLBSL,45,14,10,1871.0,18710.0
2021041905003264,NICLBSL,5,39,10,1871.0,18710.0
2021041905003263,NICLBSL,34,20,4,1870.0,7480.0
2021041905003274,NICLBSL,47,38,10,1871.0,18710.0
2021041905003273,NICLBSL,38,58,10,1875.0,18750.0
2021041905003272,NICLBSL,38,33,10,1875.0,18750.0
2021041905003271,NICLBSL,38,58,10,1875.0,18750.0
2021041905003270,NICLBSL,38,42,35,1875.0,65625.0
2021041905003269,NICLBSL,38,13,10,1875.0,18750.0
2021041905003280,NICLBSL,1,58,10,1871.0,18710.0
2021041905003279,NICLBSL,1,39,10,1871.0,18710.0
2021041905003278,NICLBSL,1,49,10,1871.0,18710.0
2021041905003277,NICLBSL,1,58,10,1871.0,18710.0
2021041905003276,NICLBSL,1,39,10,1871.0,18710.0
2021041905003275,NICLBSL,45,38,10,1872.0,18720.0
2021041905003286,NICLBSL,36,56,10,1871.0,18710.0
2021041905003285,NICLBSL,36,56,10,1871.0,18710.0
2021041905003284,NICLBSL,40,56,10,1871.0,18710.0
2021041905003283,NICLBSL,40,59,10,1871.0,18710.0
2021041905003282,NICLBSL,40,21,20,1871.0,37420.0
2021041905003281,NICLBSL,40,58,10,1871.0,18710.0
2021041905003292,NICLBSL,53,47,20,1874.0,37480.0
2021041905003291,NICLBSL,36,29,10,1871.0,18710.0
2021041905003290,NICLBSL,36,58,10,1871.0,18710.0
2021041905003289,NICLBSL,36,3,11,1871.0,20581.0
2021041905003288,NICLBSL,36,42,10,1871.0,18710.0
2021041905003287,NICLBSL,36,39,10,1871.0,18710.0
2021041905003298,NICLBSL,53,7,10,1875.0,18750.0
2021041905003297,NICLBSL,53,42,10,1875.0,18750.0
2021041905003296,NICLBSL,53,41,10,1875.0,18750.0
2021041905003295,NICLBSL,53,40,10,1875.0,18750.0
2021041905003294,NICLBSL,53,19,10,1875.0,18750.0
2021041905003293,NICLBSL,53,50,10,1875.0,18750.0
2021041905003304,NICLBSL,53,39,10,1878.0,18780.0
2021041905003303,NICLBSL,53,38,10,1877.0,18770.0
2021041905003302,NICLBSL,53,16,10,1877.0,18770.0
2021041905003301,NICLBSL,53,49,10,1877.0,18770.0
2021041905003300,NICLBSL,53,41,10,1877.0,18770.0
2021041905003299,NICLBSL,53,49,22,1875.0,41250.0
2021041905003311,NICLBSL,59,28,10,1871.0,18710.0
2021041905003310,NICLBSL,59,58,10,1871.0,18710.0
2021041905003309,NICLBSL,36,42,10,1871.0,18710.0
2021041905003308,NICLBSL,59,56,10,1878.0,18780.0
2021041905003307,NICLBSL,14,28,10,1872.0,18720.0
2021041905003305,NICLBSL,36,29,10,1871.0,18710.0
2021041905003318,NICLBSL,45,39,10,1874.0,18740.0
2021041905003317,NICLBSL,14,58,10,1871.0,18710.0
2021041905003316,NICLBSL,59,21,10,1871.0,18710.0
2021041905003314,NICLBSL,45,36,20,1873.0,37460.0
2021041905003313,NICLBSL,59,34,10,1871.0,18710.0
2021041905003312,NICLBSL,59,36,10,1871.0,18710.0
2021041905003325,NICLBSL,53,11,10,1874.0,18740.0
2021041905003323,NICLBSL,14,39,20,1871.0,37420.0
2021041905003322,NICLBSL,53,26,20,1878.0,37560.0
2021041905003321,NICLBSL,53,39,10,1878.0,18780.0
2021041905003320,NICLBSL,53,17,10,1878.0,18780.0
2021041905003319,NICLBSL,53,1,10,1878.0,18780.0
2021041905003331,NICLBSL,14,35,30,1874.0,56220.0
2021041905003330,NICLBSL,14,49,10,1874.0,18740.0
2021041905003329,NICLBSL,14,21,10,1874.0,18740.0
2021041905003328,NICLBSL,53,7,20,1874.0,37480.0
2021041905003327,NICLBSL,53,29,10,1874.0,18740.0
2021041905003326,NICLBSL,53,7,10,1874.0,18740.0
2021041905003337,NICLBSL,48,7,40,1873.0,74920.0
2021041905003336,NICLBSL,48,7,70,1873.0,131110.0
2021041905003335,NICLBSL,48,52,10,1873.0,18730.0
2021041905003334,NICLBSL,45,48,10,1874.0,18740.0
2021041905003333,NICLBSL,45,38,10,1875.0,18750.0
2021041905003332,NICLBSL,45,32,10,1874.0,18740.0
2021041905003343,NICLBSL,42,51,10,1872.0,18720.0
2021041905003342,NICLBSL,45,39,10,1874.0,18740.0
2021041905003341,NICLBSL,45,48,10,1874.0,18740.0
2021041905003340,NICLBSL,21,21,10,1872.0,18720.0
2021041905003339,NICLBSL,45,7,20,1874.0,37480.0
2021041905003338,NICLBSL,45,7,10,1873.0,18730.0
2021041905003350,NICLBSL,14,39,10,1871.0,18710.0
2021041905003349,NICLBSL,14,21,10,1871.0,18710.0
2021041905003348,NICLBSL,14,41,10,1871.0,18710.0
2021041905003347,NICLBSL,14,20,10,1871.0,18710.0
2021041905003345,NICLBSL,14,21,10,1871.0,18710.0
2021041905003344,NICLBSL,14,14,10,1871.0,18710.0
2021041905003356,NICLBSL,45,7,20,1871.0,37420.0
2021041905003355,NICLBSL,45,8,10,1871.0,18710.0
2021041905003354,NICLBSL,45,50,20,1871.0,37420.0
2021041905003353,NICLBSL,45,52,10,1872.0,18720.0
2021041905003352,NICLBSL,45,52,10,1872.0,18720.0
2021041905003351,NICLBSL,14,7,10,1871.0,18710.0
2021041905003362,NICLBSL,14,41,10,1870.0,18700.0
2021041905003361,NICLBSL,14,22,10,1870.0,18700.0
2021041905003360,NICLBSL,14,54,10,1870.0,18700.0
2021041905003359,NICLBSL,45,8,10,1871.0,18710.0
2021041905003358,NICLBSL,42,50,10,1870.0,18700.0
2021041905003357,NICLBSL,42,34,10,1870.0,18700.0
2021041905003368,NICLBSL,45,21,10,1870.0,18700.0
2021041905003367,NICLBSL,14,52,10,1870.0,18700.0
2021041905003366,NICLBSL,14,8,10,1870.0,18700.0
2021041905003365,NICLBSL,14,20,10,1870.0,18700.0
2021041905003364,NICLBSL,45,7,10,1871.0,18710.0
2021041905003363,NICLBSL,45,8,10,1871.0,18710.0
2021041905003374,NICLBSL,17,41,10,1871.0,18710.0
2021041905003373,NICLBSL,17,55,10,1871.0,18710.0
2021041905003372,NICLBSL,17,34,20,1871.0,37420.0
2021041905003371,NICLBSL,17,7,10,1871.0,18710.0
2021041905003370,NICLBSL,45,8,10,1870.0,18700.0
2021041905003369,NICLBSL,45,6,10,1870.0,18700.0
2021041905003380,NICLBSL,17,13,10,1871.0,18710.0
2021041905003379,NICLBSL,17,22,10,1871.0,18710.0
2021041905003378,NICLBSL,56,39,10,1872.0,18720.0
2021041905003377,NICLBSL,17,58,10,1871.0,18710.0
2021041905003376,NICLBSL,17,4,10,1871.0,18710.0
2021041905003375,NICLBSL,45,17,20,1872.0,37440.0
2021041905003386,NICLBSL,14,34,10,1871.0,18710.0
2021041905003385,NICLBSL,14,43,10,1871.0,18710.0
2021041905003384,NICLBSL,14,50,10,1871.0,18710.0
2021041905003383,NICLBSL,14,26,10,1871.0,18710.0
2021041905003382,NICLBSL,45,41,10,1871.0,18710.0
2021041905003381,NICLBSL,17,51,10,1871.0,18710.0
2021041905003392,NICLBSL,14,47,10,1871.0,18710.0
2021041905003391,NICLBSL,14,26,10,1871.0,18710.0
2021041905003390,NICLBSL,38,26,10,1872.0,18720.0
2021041905003389,NICLBSL,14,36,10,1871.0,18710.0
2021041905003388,NICLBSL,14,41,10,1871.0,18710.0
2021041905003387,NICLBSL,14,7,10,1871.0,18710.0
2021041905003398,NICLBSL,22,47,10,1873.0,18730.0
2021041905003397,NICLBSL,22,36,10,1873.0,18730.0
2021041905003396,NICLBSL,22,33,20,1873.0,37460.0
2021041905003395,NICLBSL,22,43,10,1873.0,18730.0
2021041905003394,NICLBSL,14,41,10,1871.0,18710.0
2021041905003393,NICLBSL,14,49,10,1871.0,18710.0
2021041905003404,NICLBSL,14,47,10,1871.0,18710.0
2021041905003403,NICLBSL,14,22,10,1871.0,18710.0
2021041905003402,NICLBSL,14,47,10,1871.0,18710.0
2021041905003401,NICLBSL,14,36,10,1871.0,18710.0
2021041905003400,NICLBSL,14,33,10,1871.0,18710.0
2021041905003399,NICLBSL,22,19,10,1873.0,18730.0
2021041905003410,NICLBSL,32,47,10,1871.0,18710.0
2021041905003409,NICLBSL,32,6,10,1871.0,18710.0
2021041905003408,NICLBSL,32,55,10,1871.0,18710.0
2021041905003407,NICLBSL,14,47,10,1871.0,18710.0
2021041905003406,NICLBSL,14,21,10,1871.0,18710.0
2021041905003405,NICLBSL,14,45,20,1871.0,37420.0
2021041905003416,NICLBSL,41,38,10,1873.0,18730.0
2021041905003415,NICLBSL,41,47,10,1873.0,18730.0
2021041905003414,NICLBSL,41,16,10,1873.0,18730.0
2021041905003413,NICLBSL,41,38,10,1873.0,18730.0
2021041905003412,NICLBSL,41,48,10,1873.0,18730.0
2021041905003411,NICLBSL,32,33,10,1871.0,18710.0
2021041905003422,NICLBSL,32,39,10,1871.0,18710.0
2021041905003421,NICLBSL,32,33,10,1871.0,18710.0
2021041905003420,NICLBSL,32,7,10,1871.0,18710.0
2021041905003419,NICLBSL,32,36,10,1871.0,18710.0
2021041905003418,NICLBSL,32,58,10,1871.0,18710.0
2021041905003417,NICLBSL,32,33,10,1871.0,18710.0
2021041905003428,NICLBSL,22,36,10,1871.0,18710.0
2021041905003427,NICLBSL,45,41,10,1873.0,18730.0
2021041905003426,NICLBSL,45,38,10,1873.0,18730.0
2021041905003425,NICLBSL,22,21,10,1871.0,18710.0
2021041905003424,NICLBSL,22,38,10,1871.0,18710.0
2021041905003423,NICLBSL,49,6,10,1871.0,18710.0
2021041905003434,NICLBSL,42,35,55,1874.0,103070.0
2021041905003433,NICLBSL,16,38,10,1873.0,18730.0
2021041905003432,NICLBSL,16,39,10,1873.0,18730.0
2021041905003431,NICLBSL,16,43,10,1873.0,18730.0
2021041905003430,NICLBSL,22,55,10,1871.0,18710.0
2021041905003429,NICLBSL,22,47,10,1871.0,18710.0
2021041905003441,NICLBSL,47,50,10,1875.0,18750.0
2021041905003440,NICLBSL,47,52,20,1874.0,37480.0
2021041905003439,NICLBSL,47,35,35,1874.0,65590.0
2021041905003438,NICLBSL,16,55,10,1873.0,18730.0
2021041905003436,NICLBSL,16,38,10,1873.0,18730.0
2021041905003435,NICLBSL,16,55,10,1873.0,18730.0
2021041905003447,NICLBSL,16,47,10,1873.0,18730.0
2021041905003446,NICLBSL,16,42,10,1873.0,18730.0
2021041905003445,NICLBSL,16,39,10,1873.0,18730.0
2021041905003444,NICLBSL,16,14,10,1873.0,18730.0
2021041905003443,NICLBSL,47,41,65,1875.0,121875.0
2021041905003442,NICLBSL,47,45,70,1875.0,131250.0
2021041905003453,NICLBSL,11,59,10,1873.0,18730.0
2021041905003452,NICLBSL,19,20,10,1871.0,18710.0
2021041905003451,NICLBSL,19,6,10,1871.0,18710.0
2021041905003450,NICLBSL,11,38,10,1871.0,18710.0
2021041905003449,NICLBSL,26,59,40,1873.0,74920.0
2021041905003448,NICLBSL,45,34,10,1873.0,18730.0
2021041905003459,NICLBSL,14,38,10,1872.0,18720.0
2021041905003458,NICLBSL,19,39,20,1871.0,37420.0
2021041905003457,NICLBSL,19,38,20,1871.0,37420.0
2021041905003456,NICLBSL,19,47,10,1871.0,18710.0
2021041905003455,NICLBSL,19,38,10,1871.0,18710.0
2021041905003454,NICLBSL,11,57,10,1874.0,18740.0
2021041905003465,NICLBSL,45,34,10,1873.0,18730.0
2021041905003464,NICLBSL,26,56,10,1873.0,18730.0
2021041905003463,NICLBSL,19,6,10,1871.0,18710.0
2021041905003462,NICLBSL,3,47,10,1872.0,18720.0
2021041905003461,NICLBSL,45,7,10,1873.0,18730.0
2021041905003460,NICLBSL,3,29,10,1872.0,18720.0
2021041905003471,NICLBSL,52,34,10,1873.0,18730.0
2021041905003470,NICLBSL,35,34,10,1872.0,18720.0
2021041905003469,NICLBSL,35,34,10,1872.0,18720.0
2021041905003468,NICLBSL,19,21,10,1871.0,18710.0
2021041905003467,NICLBSL,19,43,10,1871.0,18710.0
2021041905003466,NICLBSL,45,19,10,1873.0,18730.0
2021041905003477,NICLBSL,19,22,10,1871.0,18710.0
2021041905003476,NICLBSL,19,34,10,1871.0,18710.0
2021041905003475,NICLBSL,52,41,250,1874.0,468500.0
2021041905003474,NICLBSL,52,41,220,1874.0,412280.0
2021041905003473,NICLBSL,52,58,10,1874.0,18740.0
2021041905003472,NICLBSL,52,1,10,1874.0,18740.0
2021041905003484,NICLBSL,19,56,10,1871.0,18710.0
2021041905003483,NICLBSL,19,4,10,1871.0,18710.0
2021041905003482,NICLBSL,19,42,10,1871.0,18710.0
2021041905003480,NICLBSL,19,17,10,1871.0,18710.0
2021041905003479,NICLBSL,17,17,10,1873.0,18730.0
2021041905003478,NICLBSL,19,4,10,1871.0,18710.0
2021041905003490,NICLBSL,34,25,100,1870.0,187000.0
2021041905003489,NICLBSL,45,25,20,1870.0,37400.0
2021041905003488,NICLBSL,58,25,40,1871.0,74840.0
2021041905003487,NICLBSL,35,34,10,1871.0,18710.0
2021041905003486,NICLBSL,19,21,10,1871.0,18710.0
2021041905003485,NICLBSL,19,56,10,1871.0,18710.0
2021041905003496,NICLBSL,14,25,50,1870.0,93500.0
2021041905003495,NICLBSL,48,25,100,1870.0,187000.0
2021041905003494,NICLBSL,21,25,20,1870.0,37400.0
2021041905003493,NICLBSL,32,25,100,1870.0,187000.0
2021041905003492,NICLBSL,8,25,300,1870.0,561000.0
2021041905003491,NICLBSL,21,25,100,1870.0,187000.0
2021041905003502,NICLBSL,34,25,100,1870.0,187000.0
2021041905003501,NICLBSL,21,25,100,1870.0,187000.0
2021041905003500,NICLBSL,13,25,106,1870.0,198220.0
2021041905003499,NICLBSL,41,25,100,1870.0,187000.0
2021041905003498,NICLBSL,6,25,25,1870.0,46750.0
2021041905003497,NICLBSL,32,25,103,1870.0,192610.0
2021041905003508,NICLBSL,56,25,10,1870.0,18700.0
2021041905003507,NICLBSL,45,25,50,1870.0,93500.0
2021041905003506,NICLBSL,38,25,20,1870.0,37400.0
2021041905003505,NICLBSL,46,25,50,1870.0,93500.0
2021041905003504,NICLBSL,21,25,100,1870.0,187000.0
2021041905003503,NICLBSL,50,25,250,1870.0,467500.0
2021041905003514,NICLBSL,34,26,20,1869.0,37380.0
2021041905003513,NICLBSL,34,43,10,1869.0,18690.0
2021041905003512,NICLBSL,19,17,10,1871.0,18710.0
2021041905003511,NICLBSL,57,25,100,1870.0,187000.0
2021041905003510,NICLBSL,25,25,40,1870.0,74800.0
2021041905003509,NICLBSL,17,25,10,1870.0,18700.0
2021041905003521,NICLBSL,34,17,20,1869.0,37380.0
2021041905003519,NICLBSL,13,7,10,1873.0,18730.0
2021041905003518,NICLBSL,13,57,20,1872.0,37440.0
2021041905003517,NICLBSL,3,3,10,1871.0,18710.0
2021041905003516,NICLBSL,3,38,10,1871.0,18710.0
2021041905003515,NICLBSL,34,47,30,1869.0,56070.0
2021041905003527,NICLBSL,34,51,10,1869.0,18690.0
2021041905003526,NICLBSL,38,26,10,1870.0,18700.0
2021041905003525,NICLBSL,34,58,10,1869.0,18690.0
2021041905003524,NICLBSL,34,39,10,1869.0,18690.0
2021041905003523,NICLBSL,34,26,10,1869.0,18690.0
2021041905003522,NICLBSL,34,51,20,1869.0,37380.0
2021041905003533,NICLBSL,1,38,10,1873.0,18730.0
2021041905003532,NICLBSL,1,39,10,1873.0,18730.0
2021041905003531,NICLBSL,1,56,10,1873.0,18730.0
2021041905003530,NICLBSL,1,39,10,1871.0,18710.0
2021041905003529,NICLBSL,1,38,10,1871.0,18710.0
2021041905003528,NICLBSL,1,7,10,1871.0,18710.0
2021041905003539,NICLBSL,17,34,10,1873.0,18730.0
2021041905003538,NICLBSL,57,17,10,1870.0,18700.0
2021041905003537,NICLBSL,34,6,20,1869.0,37380.0
2021041905003536,NICLBSL,34,5,40,1869.0,74760.0
2021041905003535,NICLBSL,3,5,10,1870.0,18700.0
2021041905003534,NICLBSL,1,5,20,1873.0,37460.0
2021041905003545,NICLBSL,17,48,41,1875.0,76875.0
2021041905003544,NICLBSL,17,41,35,1875.0,65625.0
2021041905003543,NICLBSL,17,54,10,1874.0,18740.0
2021041905003542,NICLBSL,17,29,10,1874.0,18740.0
2021041905003541,NICLBSL,17,49,10,1874.0,18740.0
2021041905003540,NICLBSL,17,41,30,1874.0,56220.0
2021041905003551,NICLBSL,17,58,10,1877.0,18770.0
2021041905003550,NICLBSL,17,29,10,1876.0,18760.0
2021041905003549,NICLBSL,17,42,20,1875.0,37500.0
2021041905003548,NICLBSL,17,25,10,1875.0,18750.0
2021041905003547,NICLBSL,17,21,10,1875.0,18750.0
2021041905003546,NICLBSL,17,14,10,1875.0,18750.0
2021041905003558,NICLBSL,57,37,10,1870.0,18700.0
2021041905003557,NICLBSL,57,17,10,1870.0,18700.0
2021041905003556,NICLBSL,57,52,20,1870.0,37400.0
2021041905003554,NICLBSL,57,39,10,1870.0,18700.0
2021041905003553,NICLBSL,57,6,10,1870.0,18700.0
2021041905003552,NICLBSL,17,26,34,1878.0,63852.0
2021041905003564,NICLBSL,33,34,10,1871.0,18710.0
2021041905003563,NICLBSL,53,17,10,1870.0,18700.0
2021041905003562,NICLBSL,53,51,10,1870.0,18700.0
2021041905003561,NICLBSL,53,26,10,1870.0,18700.0
2021041905003560,NICLBSL,53,20,20,1870.0,37400.0
2021041905003559,NICLBSL,57,20,30,1870.0,56100.0
2021041905003570,NICLBSL,45,45,10,1874.0,18740.0
2021041905003569,NICLBSL,45,41,10,1873.0,18730.0
2021041905003568,NICLBSL,45,38,20,1872.0,37440.0
2021041905003567,NICLBSL,33,1,10,1871.0,18710.0
2021041905003566,NICLBSL,33,39,10,1871.0,18710.0
2021041905003565,NICLBSL,33,28,10,1871.0,18710.0
2021041905003576,NICLBSL,53,34,10,1870.0,18700.0
2021041905003575,NICLBSL,53,34,20,1870.0,37400.0
2021041905003574,NICLBSL,53,17,10,1870.0,18700.0
2021041905003573,NICLBSL,45,48,10,1872.0,18720.0
2021041905003572,NICLBSL,53,51,10,1870.0,18700.0
2021041905003571,NICLBSL,33,26,10,1871.0,18710.0
2021041905003582,NICLBSL,53,46,10,1870.0,18700.0
2021041905003581,NICLBSL,53,34,10,1870.0,18700.0
2021041905003580,NICLBSL,53,54,10,1870.0,18700.0
2021041905003579,NICLBSL,53,13,10,1870.0,18700.0
2021041905003578,NICLBSL,53,57,10,1870.0,18700.0
2021041905003577,NICLBSL,45,21,10,1873.0,18730.0
2021041905003588,NICLBSL,57,25,10,1872.0,18720.0
2021041905003587,NICLBSL,57,38,10,1872.0,18720.0
2021041905003586,NICLBSL,53,34,10,1870.0,18700.0
2021041905003585,NICLBSL,53,43,10,1870.0,18700.0
2021041905003584,NICLBSL,53,45,10,1870.0,18700.0
2021041905003583,NICLBSL,53,59,10,1870.0,18700.0
2021041905003595,NICLBSL,55,32,10,1871.0,18710.0
2021041905003593,NICLBSL,55,58,10,1871.0,18710.0
2021041905003592,NICLBSL,55,4,10,1871.0,18710.0
2021041905003591,NICLBSL,13,38,10,1872.0,18720.0
2021041905003590,NICLBSL,55,35,10,1871.0,18710.0
2021041905003589,NICLBSL,55,44,200,1871.0,374200.0
2021041905003601,NICLBSL,55,45,10,1871.0,18710.0
2021041905003600,NICLBSL,20,13,1,1865.0,1865.0
2021041905003599,NICLBSL,38,38,10,1872.0,18720.0
2021041905003598,NICLBSL,55,32,10,1871.0,18710.0
2021041905003597,NICLBSL,55,40,55,1871.0,102905.0
2021041905003596,NICLBSL,55,38,10,1871.0,18710.0
2021041905003607,NICLBSL,58,28,10,1871.0,18710.0
2021041905003606,NICLBSL,38,32,10,1870.0,18700.0
2021041905003605,NICLBSL,53,39,10,1870.0,18700.0
2021041905003604,NICLBSL,45,59,30,1871.0,56130.0
2021041905003603,NICLBSL,39,59,80,1871.0,149680.0
2021041905003602,NICLBSL,55,59,175,1871.0,327425.0
2021041905003613,NICLBSL,3,13,10,1871.0,18710.0
2021041905003612,NICLBSL,35,38,10,1870.0,18700.0
2021041905003611,NICLBSL,11,59,5,1871.0,9355.0
2021041905003610,NICLBSL,38,59,10,1871.0,18710.0
2021041905003609,NICLBSL,58,59,80,1871.0,149680.0
2021041905003608,NICLBSL,58,6,10,1871.0,18710.0
2021041905003619,NICLBSL,3,43,10,1871.0,18710.0
2021041905003618,NICLBSL,3,8,10,1871.0,18710.0
2021041905003617,NICLBSL,3,44,10,1871.0,18710.0
2021041905003616,NICLBSL,3,54,10,1871.0,18710.0
2021041905003615,NICLBSL,3,43,10,1871.0,18710.0
2021041905003614,NICLBSL,3,38,10,1871.0,18710.0
2021041905003625,NICLBSL,3,46,10,1871.0,18710.0
2021041905003624,NICLBSL,57,45,10,1872.0,18720.0
2021041905003623,NICLBSL,57,26,10,1872.0,18720.0
2021041905003622,NICLBSL,3,51,10,1871.0,18710.0
2021041905003621,NICLBSL,3,21,10,1871.0,18710.0
2021041905003620,NICLBSL,38,38,10,1872.0,18720.0
2021041905003631,NICLBSL,16,26,10,1872.0,18720.0
2021041905003630,NICLBSL,40,48,10,1872.0,18720.0
2021041905003629,NICLBSL,40,58,10,1872.0,18720.0
2021041905003628,NICLBSL,40,38,10,1872.0,18720.0
2021041905003627,NICLBSL,40,29,10,1872.0,18720.0
2021041905003626,NICLBSL,40,51,10,1872.0,18720.0
2021041905003637,NICLBSL,16,51,10,1872.0,18720.0
2021041905003636,NICLBSL,16,59,30,1872.0,56160.0
2021041905003635,NICLBSL,47,29,83,1874.0,155542.0
2021041905003634,NICLBSL,47,49,10,1873.0,18730.0
2021041905003633,NICLBSL,47,7,77,1873.0,144221.0
2021041905003632,NICLBSL,47,41,10,1873.0,18730.0
2021041905003643,NICLBSL,17,38,10,1873.0,18730.0
2021041905003642,NICLBSL,16,56,10,1872.0,18720.0
2021041905003641,NICLBSL,16,4,10,1872.0,18720.0
2021041905003640,NICLBSL,16,59,100,1872.0,187200.0
2021041905003639,NICLBSL,16,34,10,1872.0,18720.0
2021041905003638,NICLBSL,16,17,10,1872.0,18720.0
2021041905003649,NICLBSL,17,58,10,1873.0,18730.0
2021041905003648,NICLBSL,17,4,10,1873.0,18730.0
2021041905003647,NICLBSL,17,51,10,1873.0,18730.0
2021041905003646,NICLBSL,17,49,10,1873.0,18730.0
2021041905003645,NICLBSL,17,4,10,1873.0,18730.0
2021041905003644,NICLBSL,17,7,10,1873.0,18730.0
2021041905003655,NICLBSL,3,26,10,1871.0,18710.0
2021041905003654,NICLBSL,52,59,10,1872.0,18720.0
2021041905003653,NICLBSL,29,59,20,1872.0,37440.0
2021041905003652,NICLBSL,53,59,10,1872.0,18720.0
2021041905003651,NICLBSL,16,59,20,1873.0,37460.0
2021041905003650,NICLBSL,17,59,30,1873.0,56190.0
2021041905003661,NICLBSL,42,56,10,1870.0,18700.0
2021041905003660,NICLBSL,42,48,10,1870.0,18700.0
2021041905003659,NICLBSL,34,38,40,1871.0,74840.0
2021041905003658,NICLBSL,34,58,10,1871.0,18710.0
2021041905003657,NICLBSL,42,4,10,1870.0,18700.0
2021041905003656,NICLBSL,47,4,10,1871.0,18710.0
2021041905003667,NICLBSL,17,29,10,1871.0,18710.0
2021041905003666,NICLBSL,42,4,10,1870.0,18700.0
2021041905003665,NICLBSL,52,38,120,1871.0,224520.0
2021041905003664,NICLBSL,39,38,30,1871.0,56130.0
2021041905003663,NICLBSL,42,4,10,1870.0,18700.0
2021041905003662,NICLBSL,42,1,10,1870.0,18700.0
2021041905003673,NICLBSL,42,4,10,1870.0,18700.0
2021041905003672,NICLBSL,42,21,10,1870.0,18700.0
2021041905003671,NICLBSL,17,59,130,1871.0,243230.0
2021041905003670,NICLBSL,17,42,10,1871.0,18710.0
2021041905003669,NICLBSL,17,58,10,1871.0,18710.0
2021041905003668,NICLBSL,17,38,25,1871.0,46775.0
2021041905003680,NICLBSL,41,58,10,1871.0,18710.0
2021041905003679,NICLBSL,41,59,70,1871.0,130970.0
2021041905003678,NICLBSL,52,56,41,1871.0,76711.0
2021041905003677,NICLBSL,20,35,1,1850.0,1850.0
2021041905003675,NICLBSL,42,17,20,1870.0,37400.0
2021041905003674,NICLBSL,42,4,10,1870.0,18700.0
2021041905003686,NICLBSL,41,42,20,1871.0,37420.0
2021041905003685,NICLBSL,41,8,10,1871.0,18710.0
2021041905003684,NICLBSL,41,42,200,1871.0,374200.0
2021041905003683,NICLBSL,41,42,10,1871.0,18710.0
2021041905003682,NICLBSL,41,38,10,1871.0,18710.0
2021041905003681,NICLBSL,41,59,110,1871.0,205810.0
2021041905003692,NICLBSL,13,41,10,1871.0,18710.0
2021041905003691,NICLBSL,42,34,10,1870.0,18700.0
2021041905003690,NICLBSL,42,4,10,1870.0,18700.0
2021041905003689,NICLBSL,41,13,40,1871.0,74840.0
2021041905003688,NICLBSL,41,57,10,1871.0,18710.0
2021041905003687,NICLBSL,41,58,10,1871.0,18710.0
2021041905003698,NICLBSL,41,38,10,1871.0,18710.0
2021041905003697,NICLBSL,41,13,20,1871.0,37420.0
2021041905003696,NICLBSL,42,34,10,1870.0,18700.0
2021041905003695,NICLBSL,42,4,10,1870.0,18700.0
2021041905003694,NICLBSL,42,17,10,1870.0,18700.0
2021041905003693,NICLBSL,13,13,190,1871.0,355490.0
2021041905003704,NICLBSL,46,57,54,1871.0,101034.0
2021041905003703,NICLBSL,41,57,340,1871.0,636140.0
2021041905003702,NICLBSL,41,42,10,1871.0,18710.0
2021041905003701,NICLBSL,41,41,10,1871.0,18710.0
2021041905003700,NICLBSL,41,48,100,1871.0,187100.0
2021041905003699,NICLBSL,41,42,10,1871.0,18710.0
2021041905003710,NICLBSL,42,17,10,1870.0,18700.0
2021041905003709,NICLBSL,42,26,10,1870.0,18700.0
2021041905003708,NICLBSL,42,4,10,1870.0,18700.0
2021041905003707,NICLBSL,42,47,10,1870.0,18700.0
2021041905003706,NICLBSL,42,34,20,1870.0,37400.0
2021041905003705,NICLBSL,42,21,10,1870.0,18700.0
2021041905003716,NICLBSL,21,39,100,1870.0,187000.0
2021041905003715,NICLBSL,21,39,15,1870.0,28050.0
2021041905003714,NICLBSL,21,39,200,1870.0,374000.0
2021041905003713,NICLBSL,1,39,40,1870.0,74800.0
2021041905003712,NICLBSL,7,39,10,1870.0,18700.0
2021041905003711,NICLBSL,42,39,10,1870.0,18700.0
2021041905003722,NICLBSL,7,39,10,1869.0,18690.0
2021041905003721,NICLBSL,56,39,50,1869.0,93450.0
2021041905003720,NICLBSL,32,39,50,1870.0,93500.0
2021041905003719,NICLBSL,57,39,20,1870.0,37400.0
2021041905003718,NICLBSL,57,39,50,1870.0,93500.0
2021041905003717,NICLBSL,57,39,25,1870.0,46750.0
2021041905003728,NICLBSL,28,39,20,1868.0,37360.0
2021041905003727,NICLBSL,50,39,100,1868.0,186800.0
2021041905003726,NICLBSL,3,39,10,1868.0,18680.0
2021041905003725,NICLBSL,41,39,40,1868.0,74720.0
2021041905003724,NICLBSL,21,39,100,1869.0,186900.0
2021041905003723,NICLBSL,17,39,105,1869.0,196245.0
2021041905003734,NICLBSL,57,34,10,1868.0,18680.0
2021041905003733,NICLBSL,57,4,10,1868.0,18680.0
2021041905003732,NICLBSL,43,25,100,1870.0,187000.0
2021041905003731,NICLBSL,13,17,10,1868.0,18680.0
2021041905003730,NICLBSL,13,4,10,1868.0,18680.0
2021041905003729,NICLBSL,38,39,45,1868.0,84060.0
2021041905003740,NICLBSL,22,57,10,1868.0,18680.0
2021041905003739,NICLBSL,28,25,10,1868.0,18680.0
2021041905003738,NICLBSL,26,33,10,1868.0,18680.0
2021041905003737,NICLBSL,26,4,10,1868.0,18680.0
2021041905003736,NICLBSL,59,25,100,1870.0,187000.0
2021041905003735,NICLBSL,5,34,10,1868.0,18680.0
2021041905003746,NICLBSL,21,17,10,1868.0,18680.0
2021041905003745,NICLBSL,21,4,10,1868.0,18680.0
2021041905003744,NICLBSL,21,26,20,1868.0,37360.0
2021041905003743,NICLBSL,41,21,10,1868.0,18680.0
2021041905003742,NICLBSL,22,34,10,1868.0,18680.0
2021041905003741,NICLBSL,22,4,10,1868.0,18680.0
2021041905003752,NICLBSL,22,4,10,1867.0,18670.0
2021041905003751,NICLBSL,21,38,30,1868.0,56040.0
2021041905003750,NICLBSL,21,4,10,1868.0,18680.0
2021041905003749,NICLBSL,21,45,10,1868.0,18680.0
2021041905003748,NICLBSL,21,26,10,1868.0,18680.0
2021041905003747,NICLBSL,3,25,250,1870.0,467500.0
2021041905003248,JLI,49,56,10,683.0,6830.0
2021041905003241,JLI,49,28,10,683.0,6830.0
2021041905003197,JLI,49,36,10,683.0,6830.0
2021041905003172,JLI,49,45,10,683.0,6830.0
2021041905003169,JLI,49,36,10,683.0,6830.0
2021041905003160,JLI,49,58,10,683.0,6830.0
2021041905002963,JLI,49,36,10,683.0,6830.0
2021041905002916,JLI,49,28,10,683.0,6830.0
2021041905002870,JLI,49,6,10,683.0,6830.0
2021041905002799,JLI,49,28,10,683.0,6830.0
2021041905003073,JLI,49,36,10,683.0,6830.0
2021041905003042,JLI,49,36,10,683.0,6830.0
2021041905003022,JLI,49,49,10,683.0,6830.0
2021041905003018,JLI,49,36,10,683.0,6830.0
2021041905003008,JLI,49,49,10,683.0,6830.0
2021041905002997,JLI,49,53,10,683.0,6830.0
2021041905003259,NICLBSL,45,32,10,1872.0,18720.0
2021041905003258,NICLBSL,48,38,10,1872.0,18720.0
2021041905003257,NICLBSL,48,55,10,1872.0,18720.0
2021041905003256,NICLBSL,14,55,10,1872.0,18720.0
2021041905003255,NICLBSL,45,32,10,1872.0,18720.0
2021041905003254,NICLBSL,45,14,10,1871.0,18710.0
2021041905002763,NICLBSL,13,48,10,1872.0,18720.0
2021041905002762,NICLBSL,13,48,10,1872.0,18720.0
2021041905002761,NICLBSL,13,40,10,1871.0,18710.0
2021041905002760,NICLBSL,13,48,10,1871.0,18710.0
2021041905002769,NICLBSL,13,33,10,1872.0,18720.0
2021041905002768,NICLBSL,13,44,10,1872.0,18720.0
2021041905002767,NICLBSL,13,58,10,1872.0,18720.0
2021041905002766,NICLBSL,13,47,10,1872.0,18720.0
2021041905002765,NICLBSL,13,25,10,1872.0,18720.0
2021041905002764,NICLBSL,13,7,10,1872.0,18720.0
2021041905002775,NICLBSL,53,40,10,1872.0,18720.0
2021041905002774,NICLBSL,53,51,10,1872.0,18720.0
2021041905002773,NICLBSL,53,40,10,1872.0,18720.0
2021041905002772,NICLBSL,53,51,10,1872.0,18720.0
2021041905002771,NICLBSL,53,21,10,1872.0,18720.0
2021041905002770,NICLBSL,53,1,10,1872.0,18720.0
2021041905002781,NICLBSL,53,33,10,1872.0,18720.0
2021041905002780,NICLBSL,53,26,10,1872.0,18720.0
2021041905002779,NICLBSL,53,8,20,1872.0,37440.0
2021041905002778,NICLBSL,53,40,10,1872.0,18720.0
2021041905002777,NICLBSL,53,16,10,1872.0,18720.0
2021041905002776,NICLBSL,53,48,10,1872.0,18720.0
2021041905002787,NICLBSL,53,44,10,1872.0,18720.0
2021041905002786,NICLBSL,53,26,10,1872.0,18720.0
2021041905002785,NICLBSL,53,25,10,1872.0,18720.0
