Transact. No.,Symbol,Buyer,Seller,Quantity,Rate,Amount
2021042205013029,JLI,55,34,10,908.0,9080.0
2021042205013027,JLI,55,39,10,908.0,9080.0
2021042205013026,JLI,55,18,10,908.0,9080.0
2021042205013022,JLI,55,58,10,908.0,9080.0
2021042205013016,JLI,55,58,10,908.0,9080.0
2021042205013011,JLI,55,34,10,908.0,9080.0
2021042205012536,JLI,55,34,10,908.0,9080.0
2021042205012534,JLI,55,58,10,908.0,9080.0
2021042205012530,JLI,55,1,10,908.0,9080.0
2021042205012544,JLI,55,58,10,908.0,9080.0
2021042205012543,JLI,55,35,10,908.0,9080.0
2021042205012542,JLI,55,47,10,908.0,9080.0
2021042205012540,JLI,55,17,10,908.0,9080.0
2021042205012538,JLI,55,35,10,908.0,9080.0
2021042205012537,JLI,55,13,10,908.0,9080.0
2021042205012566,JLI,55,34,10,908.0,9080.0
2021042205012565,JLI,55,49,10,908.0,9080.0
2021042205012555,JLI,55,58,10,908.0,9080.0
2021042205012554,JLI,55,51,10,908.0,9080.0
2021042205012551,JLI,55,34,10,908.0,9080.0
2021042205012545,JLI,55,55,10,908.0,9080.0
2021042205012582,JLI,55,1,10,908.0,9080.0
2021042205012580,JLI,55,13,10,908.0,9080.0
2021042205012579,JLI,55,34,10,908.0,9080.0
2021042205012575,JLI,55,34,10,908.0,9080.0
2021042205012574,JLI,55,49,10,908.0,9080.0
2021042205012573,JLI,55,21,10,908.0,9080.0
2021042205012595,JLI,55,38,10,908.0,9080.0
2021042205012593,JLI,55,18,10,908.0,9080.0
2021042205012590,JLI,55,21,10,908.0,9080.0
2021042205012588,JLI,55,36,10,908.0,9080.0
2021042205012586,JLI,55,21,10,908.0,9080.0
2021042205012584,JLI,55,18,10,908.0,9080.0
2021042205012625,JLI,55,21,10,908.0,9080.0
2021042205012618,JLI,55,40,10,908.0,9080.0
2021042205012612,JLI,55,57,10,908.0,9080.0
2021042205012610,JLI,55,38,10,908.0,9080.0
2021042205012608,JLI,55,14,10,908.0,9080.0
2021042205012597,JLI,55,26,10,908.0,9080.0
2021042205012641,JLI,55,25,10,908.0,9080.0
2021042205012638,JLI,55,19,10,908.0,9080.0
2021042205012637,JLI,55,1,10,908.0,9080.0
2021042205012636,JLI,55,22,10,908.0,9080.0
2021042205012632,JLI,55,58,10,908.0,9080.0
2021042205012626,JLI,55,32,10,908.0,9080.0
2021042205012685,JLI,55,51,10,908.0,9080.0
2021042205012684,JLI,55,34,10,908.0,9080.0
2021042205012682,JLI,55,1,10,908.0,9080.0
2021042205012681,JLI,55,35,10,908.0,9080.0
2021042205012678,JLI,55,57,10,908.0,9080.0
2021042205012643,JLI,55,6,10,908.0,9080.0
2021042205012699,JLI,55,53,10,908.0,9080.0
2021042205012693,JLI,55,35,10,908.0,9080.0
2021042205012691,JLI,55,34,10,908.0,9080.0
2021042205012690,JLI,55,38,10,908.0,9080.0
2021042205012687,JLI,55,52,10,908.0,9080.0
2021042205012686,JLI,55,35,10,908.0,9080.0
2021042205012709,JLI,55,6,10,908.0,9080.0
2021042205012708,JLI,55,57,10,908.0,9080.0
2021042205012706,JLI,55,41,10,908.0,9080.0
2021042205012703,JLI,55,38,10,908.0,9080.0
2021042205012701,JLI,55,25,10,908.0,9080.0
2021042205012700,JLI,55,34,10,908.0,9080.0
2021042205012729,JLI,55,42,10,908.0,9080.0
2021042205012727,JLI,55,21,10,908.0,9080.0
2021042205012725,JLI,55,35,10,908.0,9080.0
2021042205012723,JLI,55,41,10,908.0,9080.0
2021042205012722,JLI,55,38,10,908.0,9080.0
2021042205012720,JLI,55,35,10,908.0,9080.0
2021042205012748,JLI,55,55,10,908.0,9080.0
2021042205012747,JLI,55,38,10,908.0,9080.0
2021042205012746,JLI,55,18,10,908.0,9080.0
2021042205012741,JLI,55,34,10,908.0,9080.0
2021042205012739,JLI,55,35,10,908.0,9080.0
2021042205012734,JLI,55,38,10,908.0,9080.0
2021042205012757,JLI,55,38,10,908.0,9080.0
2021042205012756,JLI,55,18,10,908.0,9080.0
2021042205012755,JLI,55,55,10,908.0,9080.0
2021042205012752,JLI,55,57,10,908.0,9080.0
2021042205012750,JLI,55,6,10,908.0,9080.0
2021042205012749,JLI,55,48,10,908.0,9080.0
2021042205012766,JLI,55,4,10,908.0,9080.0
2021042205012763,JLI,55,18,10,908.0,9080.0
2021042205012762,JLI,55,14,10,908.0,9080.0
2021042205012761,JLI,55,21,10,908.0,9080.0
2021042205012759,JLI,55,45,10,908.0,9080.0
2021042205012758,JLI,55,55,10,908.0,9080.0
2021042205012785,JLI,55,57,10,908.0,9080.0
2021042205012778,JLI,55,18,10,908.0,9080.0
2021042205012777,JLI,55,6,10,908.0,9080.0
2021042205012775,JLI,55,29,10,908.0,9080.0
2021042205012773,JLI,55,34,10,908.0,9080.0
2021042205012772,JLI,55,18,10,908.0,9080.0
2021042205012797,JLI,55,42,10,908.0,9080.0
2021042205012796,JLI,55,34,10,908.0,9080.0
2021042205012795,JLI,55,17,10,908.0,9080.0
2021042205012794,JLI,55,59,10,908.0,9080.0
2021042205012790,JLI,55,46,10,908.0,9080.0
2021042205012788,JLI,55,18,10,908.0,9080.0
2021042205012814,JLI,55,18,10,908.0,9080.0
2021042205012813,JLI,55,1,10,908.0,9080.0
2021042205012805,JLI,55,59,10,908.0,9080.0
2021042205012803,JLI,55,7,10,908.0,9080.0
2021042205012800,JLI,55,21,10,908.0,9080.0
2021042205012798,JLI,55,1,10,908.0,9080.0
2021042205012825,JLI,55,41,10,908.0,9080.0
2021042205012824,JLI,55,25,10,908.0,9080.0
2021042205012823,JLI,55,16,10,908.0,9080.0
2021042205012821,JLI,55,6,10,908.0,9080.0
2021042205012819,JLI,55,45,10,908.0,9080.0
2021042205012818,JLI,55,38,10,908.0,9080.0
2021042205012836,JLI,55,57,10,908.0,9080.0
2021042205012833,JLI,55,7,10,908.0,9080.0
2021042205012831,JLI,55,38,10,908.0,9080.0
2021042205012830,JLI,55,57,10,908.0,9080.0
2021042205012828,JLI,55,43,10,908.0,9080.0
2021042205012826,JLI,55,7,10,908.0,9080.0
2021042205012849,JLI,55,34,10,908.0,9080.0
2021042205012847,JLI,55,25,10,908.0,9080.0
2021042205012846,JLI,55,7,10,908.0,9080.0
2021042205012845,JLI,55,45,10,908.0,9080.0
2021042205012842,JLI,55,26,10,908.0,9080.0
2021042205012838,JLI,55,41,10,908.0,9080.0
2021042205012866,JLI,55,38,10,908.0,9080.0
2021042205012862,JLI,55,38,10,908.0,9080.0
2021042205012860,JLI,55,49,10,908.0,9080.0
2021042205012856,JLI,55,55,10,908.0,9080.0
2021042205012855,JLI,55,21,10,908.0,9080.0
2021042205012852,JLI,55,38,10,908.0,9080.0
2021042205012881,JLI,55,38,10,908.0,9080.0
2021042205012878,JLI,55,38,10,908.0,9080.0
2021042205012876,JLI,55,21,10,908.0,9080.0
2021042205012872,JLI,55,38,10,908.0,9080.0
2021042205012870,JLI,55,58,10,908.0,9080.0
2021042205012867,JLI,55,7,10,908.0,9080.0
2021042205012913,JLI,55,38,10,908.0,9080.0
2021042205012909,JLI,55,29,10,908.0,9080.0
2021042205012904,JLI,55,21,10,908.0,9080.0
2021042205012903,JLI,55,38,10,908.0,9080.0
2021042205012902,JLI,55,29,10,908.0,9080.0
2021042205012882,JLI,55,7,10,908.0,9080.0
2021042205012931,JLI,55,42,10,908.0,9080.0
2021042205012930,JLI,55,38,10,908.0,9080.0
2021042205012926,JLI,55,58,10,908.0,9080.0
2021042205012925,JLI,55,38,10,908.0,9080.0
2021042205012918,JLI,55,21,10,908.0,9080.0
2021042205012916,JLI,55,38,10,908.0,9080.0
2021042205012963,JLI,55,6,10,908.0,9080.0
2021042205012959,JLI,55,34,10,908.0,9080.0
2021042205012951,JLI,55,58,10,908.0,9080.0
2021042205012950,JLI,55,21,10,908.0,9080.0
2021042205012949,JLI,55,7,10,908.0,9080.0
2021042205012948,JLI,55,38,10,908.0,9080.0
2021042205012978,JLI,55,58,10,908.0,9080.0
2021042205012972,JLI,55,34,10,908.0,9080.0
2021042205012970,JLI,55,38,10,908.0,9080.0
2021042205012969,JLI,55,7,10,908.0,9080.0
2021042205012965,JLI,55,58,10,908.0,9080.0
2021042205012964,JLI,55,58,10,908.0,9080.0
2021042205012994,JLI,55,34,10,908.0,9080.0
2021042205012993,JLI,55,58,10,908.0,9080.0
2021042205012985,JLI,55,41,10,908.0,9080.0
2021042205012983,JLI,55,34,10,908.0,9080.0
2021042205012981,JLI,55,7,10,908.0,9080.0
2021042205012980,JLI,55,38,10,908.0,9080.0
2021042205013008,JLI,55,1,10,908.0,9080.0
2021042205013007,JLI,55,59,10,908.0,9080.0
2021042205013006,JLI,55,34,10,908.0,9080.0
2021042205013003,JLI,55,1,10,908.0,9080.0
2021042205012998,JLI,55,7,10,908.0,9080.0
2021042205012997,JLI,55,58,10,908.0,9080.0
2021042205013028,NICLBSL,59,35,10,1837.0,18370.0
2021042205013025,NICLBSL,35,49,84,1834.0,154056.0
2021042205013024,NICLBSL,49,44,19,1837.0,34903.0
2021042205013023,NICLBSL,49,18,11,1837.0,20207.0
2021042205013021,NICLBSL,35,39,10,1834.0,18340.0
2021042205013020,NICLBSL,35,34,10,1834.0,18340.0
2021042205012539,NICLBSL,50,1,10,1855.0,18550.0
2021042205012535,NICLBSL,50,3,10,1855.0,18550.0
2021042205012533,NICLBSL,50,8,10,1855.0,18550.0
2021042205012532,NICLBSL,50,17,10,1855.0,18550.0
2021042205012531,NICLBSL,16,3,10,1855.0,18550.0
2021042205012550,NICLBSL,47,43,25,1855.0,46375.0
2021042205012549,NICLBSL,22,43,20,1855.0,37100.0
2021042205012548,NICLBSL,57,43,50,1855.0,92750.0
2021042205012547,NICLBSL,45,43,30,1855.0,55650.0
2021042205012546,NICLBSL,45,3,10,1855.0,18550.0
2021042205012541,NICLBSL,50,3,10,1855.0,18550.0
2021042205012559,NICLBSL,41,34,50,1857.0,92850.0
2021042205012558,NICLBSL,41,51,10,1856.0,18560.0
2021042205012557,NICLBSL,41,8,10,1855.0,18550.0
2021042205012556,NICLBSL,25,3,10,1853.0,18530.0
2021042205012553,NICLBSL,45,43,8,1855.0,14840.0
2021042205012552,NICLBSL,37,43,22,1855.0,40810.0
2021042205012567,NICLBSL,57,3,10,1853.0,18530.0
2021042205012564,NICLBSL,57,11,10,1853.0,18530.0
2021042205012563,NICLBSL,25,3,10,1853.0,18530.0
2021042205012562,NICLBSL,41,41,10,1857.0,18570.0
2021042205012561,NICLBSL,41,3,10,1857.0,18570.0
2021042205012560,NICLBSL,41,55,10,1857.0,18570.0
2021042205012576,NICLBSL,47,1,10,1853.0,18530.0
2021042205012572,NICLBSL,41,3,10,1853.0,18530.0
2021042205012571,NICLBSL,28,55,10,1855.0,18550.0
2021042205012570,NICLBSL,41,17,10,1853.0,18530.0
2021042205012569,NICLBSL,41,8,10,1853.0,18530.0
2021042205012568,NICLBSL,41,33,10,1853.0,18530.0
2021042205012587,NICLBSL,39,34,10,1854.0,18540.0
2021042205012585,NICLBSL,39,3,10,1854.0,18540.0
2021042205012583,NICLBSL,57,3,10,1852.0,18520.0
2021042205012581,NICLBSL,36,8,100,1853.0,185300.0
2021042205012578,NICLBSL,57,3,10,1853.0,18530.0
2021042205012577,NICLBSL,22,3,10,1853.0,18530.0
2021042205012598,NICLBSL,57,45,20,1852.0,37040.0
2021042205012596,NICLBSL,57,34,10,1852.0,18520.0
2021042205012594,NICLBSL,57,3,10,1852.0,18520.0
2021042205012592,NICLBSL,57,29,10,1852.0,18520.0
2021042205012591,NICLBSL,57,52,10,1852.0,18520.0
2021042205012589,NICLBSL,57,3,10,1852.0,18520.0
2021042205012604,NICLBSL,59,47,20,1852.0,37040.0
2021042205012603,NICLBSL,39,47,10,1852.0,18520.0
2021042205012602,NICLBSL,57,47,45,1852.0,83340.0
2021042205012601,NICLBSL,57,1,10,1852.0,18520.0
2021042205012600,NICLBSL,57,39,10,1852.0,18520.0
2021042205012599,NICLBSL,57,41,10,1852.0,18520.0
2021042205012613,NICLBSL,1,47,30,1852.0,55560.0
2021042205012611,NICLBSL,45,47,50,1852.0,92600.0
2021042205012609,NICLBSL,39,3,10,1851.0,18510.0
2021042205012607,NICLBSL,25,47,27,1852.0,50004.0
2021042205012606,NICLBSL,58,47,100,1852.0,185200.0
2021042205012605,NICLBSL,26,47,100,1852.0,185200.0
2021042205012620,NICLBSL,1,20,10,1852.0,18520.0
2021042205012619,NICLBSL,1,3,20,1852.0,37040.0
2021042205012617,NICLBSL,32,55,10,1853.0,18530.0
2021042205012616,NICLBSL,1,3,10,1852.0,18520.0
2021042205012615,NICLBSL,1,56,10,1852.0,18520.0
2021042205012614,NICLBSL,1,56,20,1852.0,37040.0
2021042205012628,NICLBSL,38,45,10,1852.0,18520.0
2021042205012627,NICLBSL,39,56,10,1851.0,18510.0
2021042205012624,NICLBSL,39,3,20,1851.0,37020.0
2021042205012623,NICLBSL,39,19,20,1851.0,37020.0
2021042205012622,NICLBSL,39,3,20,1851.0,37020.0
2021042205012621,NICLBSL,39,57,10,1852.0,18520.0
2021042205012635,NICLBSL,39,20,10,1851.0,18510.0
2021042205012634,NICLBSL,39,50,50,1851.0,92550.0
2021042205012633,NICLBSL,39,3,20,1851.0,37020.0
2021042205012631,NICLBSL,39,1,10,1851.0,18510.0
2021042205012630,NICLBSL,39,3,10,1851.0,18510.0
2021042205012629,NICLBSL,38,3,10,1852.0,18520.0
2021042205012646,NICLBSL,46,22,10,1852.0,18520.0
2021042205012645,NICLBSL,39,3,10,1851.0,18510.0
2021042205012644,NICLBSL,39,56,20,1851.0,37020.0
2021042205012642,NICLBSL,39,1,10,1851.0,18510.0
2021042205012640,NICLBSL,39,22,10,1851.0,18510.0
2021042205012639,NICLBSL,39,3,20,1851.0,37020.0
2021042205012652,NICLBSL,39,10,230,1851.0,425730.0
2021042205012651,NICLBSL,39,28,10,1851.0,18510.0
2021042205012650,NICLBSL,39,1,10,1851.0,18510.0
2021042205012649,NICLBSL,46,36,30,1853.0,55590.0
2021042205012648,NICLBSL,46,34,10,1852.0,18520.0
2021042205012647,NICLBSL,46,1,10,1852.0,18520.0
2021042205012658,NICLBSL,53,10,25,1850.0,46250.0
2021042205012657,NICLBSL,44,10,100,1850.0,185000.0
2021042205012656,NICLBSL,50,10,33,1850.0,61050.0
2021042205012655,NICLBSL,7,10,50,1851.0,92550.0
2021042205012654,NICLBSL,47,10,200,1851.0,370200.0
2021042205012653,NICLBSL,51,10,20,1851.0,37020.0
2021042205012664,NICLBSL,47,10,10,1850.0,18500.0
2021042205012663,NICLBSL,48,10,10,1850.0,18500.0
2021042205012662,NICLBSL,57,10,30,1850.0,55500.0
2021042205012661,NICLBSL,57,10,40,1850.0,74000.0
2021042205012660,NICLBSL,22,10,13,1850.0,24050.0
2021042205012659,NICLBSL,39,10,10,1850.0,18500.0
2021042205012670,NICLBSL,57,10,30,1850.0,55500.0
2021042205012669,NICLBSL,40,10,10,1850.0,18500.0
2021042205012668,NICLBSL,44,10,10,1850.0,18500.0
2021042205012667,NICLBSL,42,10,150,1850.0,277500.0
2021042205012666,NICLBSL,17,10,50,1850.0,92500.0
2021042205012665,NICLBSL,48,10,20,1850.0,37000.0
2021042205012676,NICLBSL,21,10,39,1850.0,72150.0
2021042205012675,NICLBSL,14,10,50,1850.0,92500.0
2021042205012674,NICLBSL,36,10,50,1850.0,92500.0
2021042205012673,NICLBSL,41,10,100,1850.0,185000.0
2021042205012672,NICLBSL,36,10,20,1850.0,37000.0
2021042205012671,NICLBSL,38,10,200,1850.0,370000.0
2021042205012689,NICLBSL,21,1,10,1850.0,18500.0
2021042205012688,NICLBSL,51,34,100,1851.0,185100.0
2021042205012683,NICLBSL,42,34,130,1851.0,240630.0
2021042205012680,NICLBSL,21,20,10,1850.0,18500.0
2021042205012679,NICLBSL,5,34,20,1851.0,37020.0
2021042205012677,NICLBSL,47,34,11,1851.0,20361.0
2021042205012698,NICLBSL,21,10,31,1850.0,57350.0
2021042205012697,NICLBSL,21,28,10,1850.0,18500.0
2021042205012696,NICLBSL,21,34,109,1850.0,201650.0
2021042205012695,NICLBSL,7,34,10,1850.0,18500.0
2021042205012694,NICLBSL,21,34,81,1850.0,149850.0
2021042205012692,NICLBSL,21,48,10,1850.0,18500.0
2021042205012711,NICLBSL,38,10,80,1850.0,148000.0
2021042205012710,NICLBSL,28,17,10,1847.0,18470.0
2021042205012707,NICLBSL,28,38,10,1847.0,18470.0
2021042205012705,NICLBSL,10,8,10,1849.0,18490.0
2021042205012704,NICLBSL,49,34,10,1849.0,18490.0
2021042205012702,NICLBSL,49,17,10,1849.0,18490.0
2021042205012717,NICLBSL,38,1,10,1851.0,18510.0
2021042205012716,NICLBSL,38,28,10,1850.0,18500.0
2021042205012715,NICLBSL,38,34,19,1850.0,35150.0
2021042205012714,NICLBSL,38,36,10,1850.0,18500.0
2021042205012713,NICLBSL,38,1,10,1850.0,18500.0
2021042205012712,NICLBSL,38,36,110,1850.0,203500.0
2021042205012728,NICLBSL,7,38,10,1848.0,18480.0
2021042205012726,NICLBSL,38,10,191,1852.0,353732.0
2021042205012724,NICLBSL,38,45,30,1852.0,55560.0
2021042205012721,NICLBSL,38,8,10,1852.0,18520.0
2021042205012719,NICLBSL,38,57,10,1852.0,18520.0
2021042205012718,NICLBSL,38,56,10,1851.0,18510.0
2021042205012736,NICLBSL,47,1,10,1851.0,18510.0
2021042205012735,NICLBSL,51,34,50,1852.0,92600.0
2021042205012733,NICLBSL,47,42,10,1850.0,18500.0
2021042205012732,NICLBSL,47,19,10,1850.0,18500.0
2021042205012731,NICLBSL,47,10,109,1850.0,201650.0
2021042205012730,NICLBSL,7,57,20,1849.0,36980.0
2021042205012744,NICLBSL,45,22,20,1848.0,36960.0
2021042205012743,NICLBSL,7,39,10,1848.0,18480.0
2021042205012742,NICLBSL,47,1,28,1851.0,51828.0
2021042205012740,NICLBSL,47,39,10,1851.0,18510.0
2021042205012738,NICLBSL,47,35,10,1851.0,18510.0
2021042205012737,NICLBSL,47,22,10,1851.0,18510.0
2021042205012764,NICLBSL,45,13,10,1848.0,18480.0
2021042205012760,NICLBSL,45,43,105,1848.0,194040.0
2021042205012754,NICLBSL,33,42,10,1849.0,18490.0
2021042205012753,NICLBSL,33,48,10,1849.0,18490.0
2021042205012751,NICLBSL,45,8,10,1848.0,18480.0
2021042205012745,NICLBSL,34,35,50,1850.0,92500.0
2021042205012771,NICLBSL,55,10,230,1850.0,425500.0
2021042205012770,NICLBSL,55,35,260,1850.0,481000.0
2021042205012769,NICLBSL,55,34,10,1849.0,18490.0
2021042205012768,NICLBSL,14,38,100,1847.0,184700.0
2021042205012767,NICLBSL,50,38,20,1847.0,36940.0
2021042205012765,NICLBSL,45,35,90,1850.0,166500.0
2021042205012782,NICLBSL,17,51,10,1849.0,18490.0
2021042205012781,NICLBSL,17,44,10,1849.0,18490.0
2021042205012780,NICLBSL,38,35,10,1846.0,18460.0
2021042205012779,NICLBSL,51,28,10,1847.0,18470.0
2021042205012776,NICLBSL,38,35,10,1846.0,18460.0
2021042205012774,NICLBSL,38,34,10,1846.0,18460.0
2021042205012791,NICLBSL,34,6,20,1846.0,36920.0
2021042205012789,NICLBSL,34,35,10,1846.0,18460.0
2021042205012787,NICLBSL,34,38,70,1846.0,129220.0
2021042205012786,NICLBSL,38,38,50,1846.0,92300.0
2021042205012784,NICLBSL,38,29,20,1846.0,36920.0
2021042205012783,NICLBSL,17,10,62,1850.0,114700.0
2021042205012804,NICLBSL,32,6,50,1846.0,92300.0
2021042205012802,NICLBSL,41,38,10,1845.0,18450.0
2021042205012801,NICLBSL,41,59,20,1845.0,36900.0
2021042205012799,NICLBSL,41,28,10,1845.0,18450.0
2021042205012793,NICLBSL,41,6,20,1846.0,36920.0
2021042205012792,NICLBSL,45,6,25,1846.0,46150.0
2021042205012811,NICLBSL,47,38,10,1845.0,18450.0
2021042205012810,NICLBSL,8,38,20,1845.0,36900.0
2021042205012809,NICLBSL,22,38,20,1845.0,36900.0
2021042205012808,NICLBSL,39,38,50,1845.0,92250.0
2021042205012807,NICLBSL,39,38,50,1845.0,92250.0
2021042205012806,NICLBSL,41,38,60,1845.0,110700.0
2021042205012822,NICLBSL,22,34,10,1844.0,18440.0
2021042205012820,NICLBSL,6,34,15,1844.0,27660.0
2021042205012817,NICLBSL,49,34,10,1845.0,18450.0
2021042205012816,NICLBSL,49,57,100,1845.0,184500.0
2021042205012815,NICLBSL,49,38,90,1845.0,166050.0
2021042205012812,NICLBSL,50,38,50,1845.0,92250.0
2021042205012837,NICLBSL,51,8,10,1844.0,18440.0
2021042205012835,NICLBSL,51,35,10,1844.0,18440.0
2021042205012834,NICLBSL,51,34,10,1844.0,18440.0
2021042205012832,NICLBSL,51,44,50,1844.0,92200.0
2021042205012829,NICLBSL,8,3,100,1843.0,184300.0
2021042205012827,NICLBSL,59,34,100,1844.0,184400.0
2021042205012848,NICLBSL,25,34,89,1844.0,164116.0
2021042205012844,NICLBSL,25,33,11,1844.0,20284.0
2021042205012843,NICLBSL,29,33,20,1844.0,36880.0
2021042205012841,NICLBSL,51,34,5,1844.0,9220.0
2021042205012840,NICLBSL,51,34,10,1844.0,18440.0
2021042205012839,NICLBSL,51,41,10,1844.0,18440.0
2021042205012858,NICLBSL,28,8,10,1842.0,18420.0
2021042205012857,NICLBSL,52,21,10,1842.0,18420.0
2021042205012854,NICLBSL,34,34,30,1844.0,55320.0
2021042205012853,NICLBSL,38,34,100,1844.0,184400.0
2021042205012851,NICLBSL,57,58,4,1840.0,7360.0
2021042205012850,NICLBSL,42,34,10,1844.0,18440.0
2021042205012868,NICLBSL,42,8,10,1843.0,18430.0
2021042205012865,NICLBSL,42,34,20,1841.0,36820.0
2021042205012864,NICLBSL,42,48,20,1841.0,36820.0
2021042205012863,NICLBSL,50,48,50,1843.0,92150.0
2021042205012861,NICLBSL,45,34,10,1842.0,18420.0
2021042205012859,NICLBSL,28,29,10,1842.0,18420.0
2021042205012877,NICLBSL,50,48,20,1840.0,36800.0
2021042205012875,NICLBSL,52,34,40,1841.0,73640.0
2021042205012874,NICLBSL,1,34,100,1841.0,184100.0
2021042205012873,NICLBSL,42,34,50,1841.0,92050.0
2021042205012871,NICLBSL,42,34,10,1841.0,18410.0
2021042205012869,NICLBSL,42,34,90,1843.0,165870.0
2021042205012886,NICLBSL,50,38,50,1840.0,92000.0
2021042205012885,NICLBSL,41,18,19,1843.0,35017.0
2021042205012884,NICLBSL,41,45,81,1841.0,149121.0
2021042205012883,NICLBSL,50,55,10,1840.0,18400.0
2021042205012880,NICLBSL,42,45,19,1841.0,34979.0
2021042205012879,NICLBSL,42,34,81,1841.0,149121.0
2021042205012892,NICLBSL,6,38,50,1840.0,92000.0
2021042205012891,NICLBSL,50,38,60,1840.0,110400.0
2021042205012890,NICLBSL,1,38,50,1840.0,92000.0
2021042205012889,NICLBSL,47,38,10,1840.0,18400.0
2021042205012888,NICLBSL,21,38,39,1840.0,71760.0
2021042205012887,NICLBSL,47,38,50,1840.0,92000.0
2021042205012898,NICLBSL,33,38,40,1840.0,73600.0
2021042205012897,NICLBSL,42,38,100,1840.0,184000.0
2021042205012896,NICLBSL,28,38,20,1840.0,36800.0
2021042205012895,NICLBSL,44,38,100,1840.0,184000.0
2021042205012894,NICLBSL,34,38,10,1840.0,18400.0
2021042205012893,NICLBSL,13,38,10,1840.0,18400.0
2021042205012907,NICLBSL,59,34,10,1840.0,18400.0
2021042205012906,NICLBSL,59,34,20,1840.0,36800.0
2021042205012905,NICLBSL,59,38,69,1840.0,126960.0
2021042205012901,NICLBSL,35,38,81,1840.0,149040.0
2021042205012900,NICLBSL,45,38,40,1840.0,73600.0
2021042205012899,NICLBSL,38,38,20,1840.0,36800.0
2021042205012915,NICLBSL,59,6,50,1841.0,92050.0
2021042205012914,NICLBSL,52,6,50,1842.0,92100.0
2021042205012912,NICLBSL,59,41,10,1841.0,18410.0
2021042205012911,NICLBSL,46,18,10,1843.0,18430.0
2021042205012910,NICLBSL,59,40,10,1841.0,18410.0
2021042205012908,NICLBSL,59,6,10,1841.0,18410.0
2021042205012923,NICLBSL,21,34,10,1840.0,18400.0
2021042205012922,NICLBSL,57,34,10,1840.0,18400.0
2021042205012921,NICLBSL,1,34,10,1841.0,18410.0
2021042205012920,NICLBSL,13,34,10,1841.0,18410.0
2021042205012919,NICLBSL,59,48,10,1841.0,18410.0
2021042205012917,NICLBSL,59,34,10,1841.0,18410.0
2021042205012933,NICLBSL,48,34,10,1839.0,18390.0
2021042205012932,NICLBSL,48,35,10,1839.0,18390.0
2021042205012929,NICLBSL,48,35,10,1839.0,18390.0
2021042205012928,NICLBSL,48,48,10,1839.0,18390.0
2021042205012927,NICLBSL,46,34,10,1840.0,18400.0
2021042205012924,NICLBSL,1,34,15,1840.0,27600.0
2021042205012939,NICLBSL,33,34,10,1836.0,18360.0
2021042205012938,NICLBSL,34,34,295,1836.0,541620.0
2021042205012937,NICLBSL,51,34,10,1837.0,18370.0
2021042205012936,NICLBSL,45,34,50,1838.0,91900.0
2021042205012935,NICLBSL,1,34,50,1838.0,91900.0
2021042205012934,NICLBSL,48,29,10,1839.0,18390.0
2021042205012945,NICLBSL,8,34,10,1835.0,18350.0
2021042205012944,NICLBSL,26,34,10,1835.0,18350.0
2021042205012943,NICLBSL,6,34,20,1835.0,36700.0
2021042205012942,NICLBSL,51,34,20,1835.0,36700.0
2021042205012941,NICLBSL,43,34,75,1836.0,137700.0
2021042205012940,NICLBSL,39,34,50,1836.0,91800.0
2021042205012955,NICLBSL,1,34,10,1835.0,18350.0
2021042205012954,NICLBSL,38,34,50,1835.0,91750.0
2021042205012953,NICLBSL,22,34,100,1835.0,183500.0
2021042205012952,NICLBSL,1,34,50,1835.0,91750.0
2021042205012947,NICLBSL,47,34,10,1835.0,18350.0
2021042205012946,NICLBSL,22,34,50,1835.0,91750.0
2021042205012962,NICLBSL,35,14,10,1834.0,18340.0
2021042205012961,NICLBSL,46,34,10,1835.0,18350.0
2021042205012960,NICLBSL,35,34,10,1835.0,18350.0
2021042205012958,NICLBSL,45,34,10,1835.0,18350.0
2021042205012957,NICLBSL,35,34,55,1834.0,100870.0
2021042205012956,NICLBSL,29,34,100,1835.0,183500.0
2021042205012974,NICLBSL,39,42,10,1839.0,18390.0
2021042205012973,NICLBSL,39,34,10,1839.0,18390.0
2021042205012971,NICLBSL,50,6,10,1837.0,18370.0
2021042205012968,NICLBSL,35,48,10,1834.0,18340.0
2021042205012967,NICLBSL,45,48,10,1835.0,18350.0
2021042205012966,NICLBSL,35,34,20,1834.0,36680.0
2021042205012984,NICLBSL,50,48,20,1837.0,36740.0
2021042205012982,NICLBSL,50,34,20,1837.0,36740.0
2021042205012979,NICLBSL,50,41,10,1837.0,18370.0
2021042205012977,NICLBSL,50,45,10,1837.0,18370.0
2021042205012976,NICLBSL,39,29,70,1840.0,128800.0
2021042205012975,NICLBSL,39,19,10,1839.0,18390.0
2021042205012991,NICLBSL,11,35,40,1835.0,73400.0
2021042205012990,NICLBSL,49,35,10,1835.0,18350.0
2021042205012989,NICLBSL,35,35,150,1835.0,275250.0
2021042205012988,NICLBSL,54,35,150,1835.0,275250.0
2021042205012987,NICLBSL,29,35,100,1836.0,183600.0
2021042205012986,NICLBSL,50,35,30,1837.0,55110.0
2021042205013001,NICLBSL,17,34,10,1837.0,18370.0
2021042205013000,NICLBSL,17,38,10,1837.0,18370.0
2021042205012999,NICLBSL,17,55,10,1835.0,18350.0
2021042205012996,NICLBSL,55,34,30,1839.0,55170.0
2021042205012995,NICLBSL,41,21,15,1838.0,27570.0
2021042205012992,NICLBSL,35,35,20,1834.0,36680.0
2021042205013012,NICLBSL,33,34,150,1839.0,275850.0
2021042205013010,NICLBSL,41,55,10,1838.0,18380.0
2021042205013009,NICLBSL,41,34,10,1837.0,18370.0
2021042205013005,NICLBSL,35,29,30,1834.0,55020.0
2021042205013004,NICLBSL,17,29,20,1837.0,36740.0
2021042205013002,NICLBSL,46,34,20,1839.0,36780.0
2021042205013019,NICLBSL,35,34,30,1834.0,55020.0
2021042205013018,NICLBSL,6,47,10,1837.0,18370.0
2021042205013017,NICLBSL,6,1,10,1837.0,18370.0
2021042205013015,NICLBSL,33,29,80,1840.0,147200.0
2021042205013014,NICLBSL,33,34,10,1839.0,18390.0
2021042205013013,NICLBSL,33,29,10,1839.0,18390.0
2021042205012528,JLI,55,34,10,908.0,9080.0
2021042205012527,JLI,55,38,10,908.0,9080.0
2021042205012526,JLI,55,58,10,908.0,9080.0
2021042205012524,JLI,55,21,10,908.0,9080.0
2021042205012521,JLI,55,57,10,908.0,9080.0
2021042205012519,JLI,55,34,10,908.0,9080.0
2021042205012031,JLI,55,58,10,908.0,9080.0
2021042205012037,JLI,55,58,10,908.0,9080.0
2021042205012036,JLI,55,1,10,908.0,9080.0
2021042205012035,JLI,55,44,10,908.0,9080.0
2021042205012034,JLI,55,48,10,908.0,9080.0
2021042205012033,JLI,55,35,10,908.0,9080.0
2021042205012032,JLI,55,6,10,908.0,9080.0
2021042205012052,JLI,55,58,10,908.0,9080.0
2021042205012046,JLI,55,26,10,908.0,9080.0
2021042205012044,JLI,55,21,10,908.0,9080.0
2021042205012042,JLI,55,58,10,908.0,9080.0
2021042205012041,JLI,55,47,10,908.0,9080.0
2021042205012038,JLI,55,42,10,908.0,9080.0
2021042205012066,JLI,55,19,10,908.0,9080.0
2021042205012065,JLI,55,58,10,908.0,9080.0
2021042205012063,JLI,55,28,10,908.0,9080.0
2021042205012061,JLI,55,38,10,908.0,9080.0
2021042205012060,JLI,55,35,10,908.0,9080.0
2021042205012059,JLI,55,58,10,908.0,9080.0
2021042205012089,JLI,55,38,10,908.0,9080.0
2021042205012080,JLI,55,18,10,908.0,9080.0
2021042205012078,JLI,55,58,10,908.0,9080.0
2021042205012072,JLI,55,35,10,908.0,9080.0
2021042205012070,JLI,55,32,10,908.0,9080.0
2021042205012068,JLI,55,28,10,908.0,9080.0
2021042205012098,JLI,55,35,10,908.0,9080.0
2021042205012097,JLI,55,58,10,908.0,9080.0
2021042205012095,JLI,55,57,10,908.0,9080.0
2021042205012094,JLI,55,35,10,908.0,9080.0
2021042205012093,JLI,55,58,10,908.0,9080.0
2021042205012091,JLI,55,32,10,908.0,9080.0
2021042205012118,JLI,55,57,10,908.0,9080.0
2021042205012114,JLI,55,58,10,908.0,9080.0
2021042205012112,JLI,55,35,10,908.0,9080.0
2021042205012110,JLI,55,41,10,908.0,9080.0
2021042205012109,JLI,55,8,10,908.0,9080.0
2021042205012103,JLI,55,38,10,908.0,9080.0
2021042205012128,JLI,55,14,10,908.0,9080.0
2021042205012127,JLI,55,34,10,908.0,9080.0
2021042205012123,JLI,55,1,10,908.0,9080.0
2021042205012121,JLI,55,8,10,908.0,9080.0
2021042205012120,JLI,55,35,10,908.0,9080.0
2021042205012119,JLI,55,14,10,908.0,9080.0
2021042205012143,JLI,55,38,10,908.0,9080.0
2021042205012141,JLI,55,28,10,908.0,9080.0
2021042205012140,JLI,55,35,10,908.0,9080.0
2021042205012138,JLI,55,21,10,908.0,9080.0
2021042205012133,JLI,55,57,10,908.0,9080.0
2021042205012130,JLI,55,8,10,908.0,9080.0
2021042205012151,JLI,55,34,10,908.0,9080.0
2021042205012149,JLI,55,35,10,908.0,9080.0
2021042205012148,JLI,55,57,10,908.0,9080.0
2021042205012146,JLI,55,8,10,908.0,9080.0
2021042205012145,JLI,55,14,10,908.0,9080.0
2021042205012144,JLI,55,26,10,908.0,9080.0
2021042205012164,JLI,55,51,10,908.0,9080.0
2021042205012163,JLI,55,40,10,908.0,9080.0
2021042205012162,JLI,55,11,10,908.0,9080.0
2021042205012161,JLI,55,35,10,908.0,9080.0
2021042205012154,JLI,55,26,10,908.0,9080.0
2021042205012152,JLI,55,14,10,908.0,9080.0
2021042205012170,JLI,55,35,10,908.0,9080.0
2021042205012169,JLI,55,26,10,908.0,9080.0
2021042205012168,JLI,55,14,10,908.0,9080.0
2021042205012167,JLI,55,57,10,908.0,9080.0
2021042205012166,JLI,55,52,10,908.0,9080.0
2021042205012165,JLI,55,58,10,908.0,9080.0
2021042205012179,JLI,55,58,10,908.0,9080.0
2021042205012178,JLI,55,35,10,908.0,9080.0
2021042205012177,JLI,55,14,10,908.0,9080.0
2021042205012176,JLI,55,26,10,908.0,9080.0
2021042205012174,JLI,55,14,10,908.0,9080.0
2021042205012173,JLI,55,40,10,908.0,9080.0
2021042205012187,JLI,55,8,10,908.0,9080.0
2021042205012186,JLI,55,40,10,908.0,9080.0
2021042205012185,JLI,55,35,10,908.0,9080.0
2021042205012184,JLI,55,57,10,908.0,9080.0
2021042205012183,JLI,55,40,10,908.0,9080.0
2021042205012182,JLI,55,26,10,908.0,9080.0
2021042205012211,JLI,55,16,10,908.0,9080.0
2021042205012210,JLI,55,40,10,908.0,9080.0
2021042205012207,JLI,55,57,10,908.0,9080.0
2021042205012193,JLI,55,40,10,908.0,9080.0
2021042205012192,JLI,55,21,10,908.0,9080.0
2021042205012189,JLI,55,57,10,908.0,9080.0
2021042205012219,JLI,55,34,10,908.0,9080.0
2021042205012217,JLI,55,40,10,908.0,9080.0
2021042205012216,JLI,55,1,10,908.0,9080.0
2021042205012214,JLI,55,57,10,908.0,9080.0
2021042205012213,JLI,55,4,10,908.0,9080.0
2021042205012212,JLI,55,32,10,908.0,9080.0
2021042205012233,JLI,55,57,10,908.0,9080.0
2021042205012232,JLI,55,45,10,908.0,9080.0
2021042205012230,JLI,55,40,10,908.0,9080.0
2021042205012229,JLI,55,41,10,908.0,9080.0
2021042205012228,JLI,55,34,10,908.0,9080.0
2021042205012220,JLI,55,57,10,908.0,9080.0
2021042205012245,JLI,55,18,10,908.0,9080.0
2021042205012244,JLI,55,57,10,908.0,9080.0
2021042205012242,JLI,55,34,10,908.0,9080.0
2021042205012239,JLI,55,58,10,908.0,9080.0
2021042205012238,JLI,55,57,10,908.0,9080.0
2021042205012234,JLI,55,28,10,908.0,9080.0
2021042205012257,JLI,55,34,10,908.0,9080.0
2021042205012251,JLI,55,57,10,908.0,9080.0
2021042205012250,JLI,55,18,10,908.0,9080.0
2021042205012249,JLI,55,57,10,908.0,9080.0
2021042205012248,JLI,55,34,10,908.0,9080.0
2021042205012246,JLI,55,28,10,908.0,9080.0
2021042205012269,JLI,55,58,10,908.0,9080.0
2021042205012266,JLI,55,34,10,908.0,9080.0
2021042205012264,JLI,55,18,10,908.0,9080.0
2021042205012263,JLI,55,26,10,908.0,9080.0
2021042205012262,JLI,55,57,10,908.0,9080.0
2021042205012259,JLI,55,8,10,908.0,9080.0
2021042205012278,JLI,55,48,10,908.0,9080.0
2021042205012277,JLI,55,49,10,908.0,9080.0
2021042205012274,JLI,55,57,10,908.0,9080.0
2021042205012273,JLI,55,34,10,908.0,9080.0
2021042205012272,JLI,55,57,10,908.0,9080.0
2021042205012270,JLI,55,22,10,908.0,9080.0
2021042205012292,JLI,55,10,10,908.0,9080.0
2021042205012290,JLI,55,57,10,908.0,9080.0
2021042205012288,JLI,55,47,10,908.0,9080.0
2021042205012287,JLI,55,57,10,908.0,9080.0
2021042205012284,JLI,55,28,10,908.0,9080.0
2021042205012279,JLI,55,57,10,908.0,9080.0
2021042205012312,JLI,55,36,10,908.0,9080.0
2021042205012308,JLI,55,50,10,908.0,9080.0
2021042205012301,JLI,55,32,10,908.0,9080.0
2021042205012298,JLI,55,38,10,908.0,9080.0
2021042205012297,JLI,55,46,10,908.0,9080.0
2021042205012295,JLI,55,58,10,908.0,9080.0
2021042205012334,JLI,55,45,10,908.0,9080.0
2021042205012324,JLI,55,36,10,908.0,9080.0
2021042205012320,JLI,55,42,10,908.0,9080.0
2021042205012319,JLI,55,14,10,908.0,9080.0
2021042205012316,JLI,55,36,10,908.0,9080.0
2021042205012313,JLI,55,36,10,908.0,9080.0
2021042205012348,JLI,55,34,10,908.0,9080.0
2021042205012347,JLI,55,6,10,908.0,9080.0
2021042205012340,JLI,55,14,10,908.0,9080.0
2021042205012339,JLI,55,1,10,908.0,9080.0
2021042205012338,JLI,55,57,10,908.0,9080.0
2021042205012337,JLI,55,18,10,908.0,9080.0
2021042205012365,JLI,55,58,10,908.0,9080.0
2021042205012364,JLI,55,51,10,908.0,9080.0
2021042205012363,JLI,55,49,10,908.0,9080.0
2021042205012362,JLI,55,14,10,908.0,9080.0
2021042205012360,JLI,55,18,10,908.0,9080.0
2021042205012355,JLI,55,14,10,908.0,9080.0
2021042205012398,JLI,55,35,10,908.0,9080.0
2021042205012393,JLI,55,36,10,908.0,9080.0
2021042205012385,JLI,55,18,10,908.0,9080.0
2021042205012380,JLI,55,35,10,908.0,9080.0
2021042205012377,JLI,55,58,10,908.0,9080.0
2021042205012375,JLI,55,18,10,908.0,9080.0
2021042205012410,JLI,55,34,10,908.0,9080.0
2021042205012408,JLI,55,58,10,908.0,9080.0
2021042205012406,JLI,55,51,10,908.0,9080.0
2021042205012405,JLI,55,13,10,908.0,9080.0
2021042205012400,JLI,55,18,10,908.0,9080.0
2021042205012399,JLI,55,34,10,908.0,9080.0
2021042205012485,JLI,55,32,10,908.0,9080.0
2021042205012439,JLI,55,34,10,908.0,9080.0
2021042205012434,JLI,55,28,10,908.0,9080.0
2021042205012433,JLI,55,28,10,908.0,9080.0
2021042205012431,JLI,55,34,10,908.0,9080.0
2021042205012422,JLI,55,34,10,908.0,9080.0
2021042205012512,JLI,55,34,10,908.0,9080.0
2021042205012510,JLI,55,18,10,908.0,9080.0
2021042205012502,JLI,55,34,10,908.0,9080.0
2021042205012494,JLI,55,18,10,908.0,9080.0
2021042205012488,JLI,55,34,10,908.0,9080.0
2021042205012486,JLI,55,58,10,908.0,9080.0
2021042205012529,NICLBSL,16,1,10,1855.0,18550.0
2021042205012525,NICLBSL,16,3,10,1855.0,18550.0
2021042205012523,NICLBSL,16,3,10,1855.0,18550.0
2021042205012522,NICLBSL,51,22,50,1858.0,92900.0
2021042205012520,NICLBSL,16,3,10,1855.0,18550.0
2021042205012518,NICLBSL,45,37,10,1857.0,18570.0
2021042205012030,NICLBSL,35,51,10,1854.0,18540.0
2021042205012048,NICLBSL,45,53,20,1855.0,37100.0
2021042205012047,NICLBSL,45,40,72,1855.0,133560.0
2021042205012045,NICLBSL,29,21,10,1854.0,18540.0
2021042205012043,NICLBSL,48,40,50,1855.0,92750.0
2021042205012040,NICLBSL,29,20,10,1854.0,18540.0
2021042205012039,NICLBSL,35,8,10,1854.0,18540.0
2021042205012055,NICLBSL,45,42,10,1855.0,18550.0
2021042205012054,NICLBSL,45,26,20,1855.0,37100.0
2021042205012053,NICLBSL,45,51,10,1855.0,18550.0
2021042205012051,NICLBSL,45,28,10,1855.0,18550.0
2021042205012050,NICLBSL,45,34,10,1855.0,18550.0
2021042205012049,NICLBSL,45,22,20,1855.0,37100.0
2021042205012067,NICLBSL,29,17,10,1854.0,18540.0
2021042205012064,NICLBSL,29,26,10,1854.0,18540.0
2021042205012062,NICLBSL,29,34,10,1854.0,18540.0
2021042205012058,NICLBSL,45,8,10,1855.0,18550.0
2021042205012057,NICLBSL,25,57,10,1857.0,18570.0
2021042205012056,NICLBSL,45,21,10,1855.0,18550.0
2021042205012076,NICLBSL,19,20,10,1855.0,18550.0
2021042205012075,NICLBSL,19,26,10,1855.0,18550.0
2021042205012074,NICLBSL,25,6,10,1857.0,18570.0
2021042205012073,NICLBSL,19,34,10,1855.0,18550.0
2021042205012071,NICLBSL,19,36,10,1855.0,18550.0
2021042205012069,NICLBSL,29,36,10,1854.0,18540.0
2021042205012084,NICLBSL,19,48,72,1855.0,133560.0
2021042205012083,NICLBSL,19,26,10,1855.0,18550.0
2021042205012082,NICLBSL,19,28,10,1855.0,18550.0
2021042205012081,NICLBSL,19,8,10,1855.0,18550.0
2021042205012079,NICLBSL,19,21,10,1855.0,18550.0
2021042205012077,NICLBSL,19,42,10,1855.0,18550.0
2021042205012092,NICLBSL,42,36,10,1854.0,18540.0
2021042205012090,NICLBSL,42,17,10,1854.0,18540.0
2021042205012088,NICLBSL,42,48,38,1854.0,70452.0
2021042205012087,NICLBSL,52,48,50,1854.0,92700.0
2021042205012086,NICLBSL,29,48,40,1854.0,74160.0
2021042205012085,NICLBSL,53,48,50,1855.0,92750.0
2021042205012104,NICLBSL,42,1,10,1855.0,18550.0
2021042205012102,NICLBSL,8,38,10,1854.0,18540.0
2021042205012101,NICLBSL,42,28,10,1854.0,18540.0
2021042205012100,NICLBSL,42,8,10,1854.0,18540.0
2021042205012099,NICLBSL,42,36,10,1854.0,18540.0
2021042205012096,NICLBSL,42,17,10,1854.0,18540.0
2021042205012113,NICLBSL,3,52,10,1855.0,18550.0
2021042205012111,NICLBSL,34,21,20,1855.0,37100.0
2021042205012108,NICLBSL,42,34,10,1855.0,18550.0
2021042205012107,NICLBSL,42,57,10,1855.0,18550.0
2021042205012106,NICLBSL,42,34,10,1855.0,18550.0
2021042205012105,NICLBSL,42,42,10,1855.0,18550.0
2021042205012125,NICLBSL,3,22,57,1855.0,105735.0
2021042205012124,NICLBSL,3,34,20,1855.0,37100.0
2021042205012122,NICLBSL,3,28,10,1855.0,18550.0
2021042205012117,NICLBSL,3,17,10,1855.0,18550.0
2021042205012116,NICLBSL,3,36,10,1855.0,18550.0
2021042205012115,NICLBSL,3,36,10,1855.0,18550.0
2021042205012135,NICLBSL,41,56,10,1856.0,18560.0
2021042205012134,NICLBSL,3,36,10,1855.0,18550.0
2021042205012132,NICLBSL,3,58,10,1855.0,18550.0
2021042205012131,NICLBSL,3,59,10,1855.0,18550.0
2021042205012129,NICLBSL,3,17,10,1855.0,18550.0
2021042205012126,NICLBSL,3,36,10,1855.0,18550.0
2021042205012150,NICLBSL,3,34,10,1855.0,18550.0
2021042205012147,NICLBSL,3,58,10,1855.0,18550.0
2021042205012142,NICLBSL,3,21,10,1855.0,18550.0
2021042205012139,NICLBSL,3,20,10,1855.0,18550.0
2021042205012137,NICLBSL,41,41,30,1860.0,55800.0
2021042205012136,NICLBSL,41,57,10,1859.0,18590.0
2021042205012159,NICLBSL,8,45,90,1855.0,166950.0
2021042205012158,NICLBSL,21,45,10,1855.0,18550.0
2021042205012157,NICLBSL,28,45,50,1855.0,92750.0
2021042205012156,NICLBSL,25,45,40,1855.0,74200.0
2021042205012155,NICLBSL,3,45,273,1855.0,506415.0
2021042205012153,NICLBSL,3,28,10,1855.0,18550.0
2021042205012181,NICLBSL,16,20,10,1854.0,18540.0
2021042205012180,NICLBSL,16,8,10,1854.0,18540.0
2021042205012175,NICLBSL,16,52,10,1854.0,18540.0
2021042205012172,NICLBSL,16,21,10,1854.0,18540.0
2021042205012171,NICLBSL,16,36,10,1854.0,18540.0
2021042205012160,NICLBSL,21,45,10,1855.0,18550.0
2021042205012196,NICLBSL,43,34,20,1854.0,37080.0
2021042205012195,NICLBSL,43,39,10,1854.0,18540.0
2021042205012194,NICLBSL,43,28,10,1854.0,18540.0
2021042205012191,NICLBSL,45,52,20,1853.0,37060.0
2021042205012190,NICLBSL,58,34,10,1854.0,18540.0
2021042205012188,NICLBSL,45,21,10,1853.0,18530.0
2021042205012202,NICLBSL,43,39,10,1860.0,18600.0
2021042205012201,NICLBSL,43,41,30,1860.0,55800.0
2021042205012200,NICLBSL,43,20,300,1859.0,557700.0
2021042205012199,NICLBSL,43,41,10,1856.0,18560.0
2021042205012198,NICLBSL,43,13,10,1855.0,18550.0
2021042205012197,NICLBSL,43,45,27,1855.0,50085.0
2021042205012209,NICLBSL,25,47,10,1853.0,18530.0
2021042205012208,NICLBSL,57,26,10,1852.0,18520.0
2021042205012206,NICLBSL,59,20,10,1853.0,18530.0
2021042205012205,NICLBSL,43,8,40,1860.0,74400.0
2021042205012204,NICLBSL,43,41,10,1860.0,18600.0
2021042205012203,NICLBSL,43,42,260,1860.0,483600.0
2021042205012224,NICLBSL,22,36,10,1855.0,18550.0
2021042205012223,NICLBSL,22,41,10,1855.0,18550.0
2021042205012222,NICLBSL,22,58,10,1855.0,18550.0
2021042205012221,NICLBSL,22,45,10,1855.0,18550.0
2021042205012218,NICLBSL,22,28,10,1855.0,18550.0
2021042205012215,NICLBSL,22,21,10,1855.0,18550.0
2021042205012236,NICLBSL,22,45,10,1855.0,18550.0
2021042205012235,NICLBSL,22,20,10,1855.0,18550.0
2021042205012231,NICLBSL,22,44,10,1855.0,18550.0
2021042205012227,NICLBSL,22,13,10,1855.0,18550.0
2021042205012226,NICLBSL,22,1,10,1855.0,18550.0
2021042205012225,NICLBSL,22,20,10,1855.0,18550.0
2021042205012252,NICLBSL,22,28,10,1855.0,18550.0
2021042205012247,NICLBSL,22,40,10,1855.0,18550.0
2021042205012243,NICLBSL,22,10,10,1855.0,18550.0
2021042205012241,NICLBSL,22,45,10,1855.0,18550.0
2021042205012240,NICLBSL,22,38,10,1855.0,18550.0
2021042205012237,NICLBSL,22,39,10,1855.0,18550.0
2021042205012260,NICLBSL,42,42,10,1856.0,18560.0
2021042205012258,NICLBSL,42,22,10,1856.0,18560.0
2021042205012256,NICLBSL,32,49,35,1855.0,64925.0
2021042205012255,NICLBSL,36,49,25,1855.0,46375.0
2021042205012254,NICLBSL,21,49,10,1855.0,18550.0
2021042205012253,NICLBSL,22,49,120,1855.0,222600.0
2021042205012275,NICLBSL,56,56,10,1857.0,18570.0
2021042205012271,NICLBSL,42,29,10,1856.0,18560.0
2021042205012268,NICLBSL,42,41,10,1856.0,18560.0
2021042205012267,NICLBSL,42,51,10,1856.0,18560.0
2021042205012265,NICLBSL,42,29,10,1856.0,18560.0
2021042205012261,NICLBSL,42,29,20,1856.0,37120.0
2021042205012285,NICLBSL,42,41,10,1856.0,18560.0
2021042205012283,NICLBSL,42,58,10,1856.0,18560.0
2021042205012282,NICLBSL,47,11,10,1858.0,18580.0
2021042205012281,NICLBSL,47,41,10,1858.0,18580.0
2021042205012280,NICLBSL,47,36,10,1858.0,18580.0
2021042205012276,NICLBSL,42,28,10,1856.0,18560.0
2021042205012296,NICLBSL,22,10,10,1857.0,18570.0
2021042205012294,NICLBSL,22,3,10,1857.0,18570.0
2021042205012293,NICLBSL,22,39,20,1857.0,37140.0
2021042205012291,NICLBSL,22,36,10,1857.0,18570.0
2021042205012289,NICLBSL,42,39,10,1856.0,18560.0
2021042205012286,NICLBSL,42,41,10,1856.0,18560.0
2021042205012305,NICLBSL,57,34,20,1857.0,37140.0
2021042205012304,NICLBSL,42,52,10,1856.0,18560.0
2021042205012303,NICLBSL,42,41,10,1856.0,18560.0
2021042205012302,NICLBSL,42,49,46,1856.0,85376.0
2021042205012300,NICLBSL,39,34,20,1857.0,37140.0
2021042205012299,NICLBSL,51,34,40,1857.0,74280.0
2021042205012314,NICLBSL,42,34,20,1856.0,37120.0
2021042205012311,NICLBSL,42,26,10,1856.0,18560.0
2021042205012310,NICLBSL,42,58,10,1856.0,18560.0
2021042205012309,NICLBSL,42,42,10,1856.0,18560.0
2021042205012307,NICLBSL,35,49,20,1857.0,37140.0
2021042205012306,NICLBSL,35,34,20,1857.0,37140.0
2021042205012323,NICLBSL,42,39,54,1856.0,100224.0
2021042205012322,NICLBSL,42,48,10,1856.0,18560.0
2021042205012321,NICLBSL,42,56,10,1856.0,18560.0
2021042205012318,NICLBSL,33,34,200,1857.0,371400.0
2021042205012317,NICLBSL,42,26,10,1856.0,18560.0
2021042205012315,NICLBSL,42,19,10,1856.0,18560.0
2021042205012330,NICLBSL,18,35,20,1856.0,37120.0
2021042205012329,NICLBSL,25,35,10,1856.0,18560.0
2021042205012328,NICLBSL,42,35,160,1856.0,296960.0
2021042205012327,NICLBSL,46,59,80,1857.0,148560.0
2021042205012326,NICLBSL,46,22,10,1857.0,18570.0
2021042205012325,NICLBSL,46,17,10,1857.0,18570.0
2021042205012341,NICLBSL,55,50,10,1856.0,18560.0
2021042205012336,NICLBSL,26,35,5,1856.0,9280.0
2021042205012335,NICLBSL,55,35,250,1856.0,464000.0
2021042205012333,NICLBSL,46,35,100,1856.0,185600.0
2021042205012332,NICLBSL,22,35,30,1856.0,55680.0
2021042205012331,NICLBSL,34,35,10,1856.0,18560.0
2021042205012349,NICLBSL,55,59,100,1857.0,185700.0
2021042205012346,NICLBSL,32,29,10,1855.0,18550.0
2021042205012345,NICLBSL,55,59,20,1857.0,37140.0
2021042205012344,NICLBSL,55,52,10,1856.0,18560.0
2021042205012343,NICLBSL,55,45,200,1856.0,371200.0
2021042205012342,NICLBSL,55,34,10,1856.0,18560.0
2021042205012356,NICLBSL,38,44,10,1857.0,18570.0
2021042205012354,NICLBSL,22,1,10,1855.0,18550.0
2021042205012353,NICLBSL,22,29,10,1855.0,18550.0
2021042205012352,NICLBSL,55,44,120,1858.0,222960.0
2021042205012351,NICLBSL,55,59,20,1857.0,37140.0
2021042205012350,NICLBSL,55,46,10,1857.0,18570.0
2021042205012367,NICLBSL,49,22,10,1856.0,18560.0
2021042205012366,NICLBSL,38,34,90,1857.0,167130.0
2021042205012361,NICLBSL,51,44,20,1858.0,37160.0
2021042205012359,NICLBSL,38,34,10,1857.0,18570.0
2021042205012358,NICLBSL,38,22,10,1857.0,18570.0
2021042205012357,NICLBSL,38,45,10,1857.0,18570.0
2021042205012373,NICLBSL,22,26,10,1855.0,18550.0
2021042205012372,NICLBSL,38,17,10,1857.0,18570.0
2021042205012371,NICLBSL,38,34,110,1857.0,204270.0
2021042205012370,NICLBSL,22,1,10,1855.0,18550.0
2021042205012369,NICLBSL,22,17,10,1855.0,18550.0
2021042205012368,NICLBSL,58,39,10,1856.0,18560.0
2021042205012382,NICLBSL,16,49,10,1856.0,18560.0
2021042205012381,NICLBSL,22,34,10,1855.0,18550.0
2021042205012379,NICLBSL,22,8,10,1855.0,18550.0
2021042205012378,NICLBSL,22,26,10,1855.0,18550.0
2021042205012376,NICLBSL,22,26,10,1855.0,18550.0
2021042205012374,NICLBSL,22,17,10,1855.0,18550.0
2021042205012389,NICLBSL,22,58,10,1855.0,18550.0
2021042205012388,NICLBSL,22,52,10,1855.0,18550.0
2021042205012387,NICLBSL,22,50,20,1855.0,37100.0
2021042205012386,NICLBSL,22,11,20,1855.0,37100.0
2021042205012384,NICLBSL,22,1,10,1855.0,18550.0
2021042205012383,NICLBSL,16,11,10,1857.0,18570.0
2021042205012396,NICLBSL,38,52,10,1856.0,18560.0
2021042205012395,NICLBSL,38,17,10,1856.0,18560.0
2021042205012394,NICLBSL,22,42,10,1855.0,18550.0
2021042205012392,NICLBSL,22,29,10,1855.0,18550.0
2021042205012391,NICLBSL,22,1,10,1855.0,18550.0
2021042205012390,NICLBSL,22,26,10,1855.0,18550.0
2021042205012407,NICLBSL,38,32,10,1856.0,18560.0
2021042205012404,NICLBSL,38,52,10,1856.0,18560.0
2021042205012403,NICLBSL,38,51,10,1856.0,18560.0
2021042205012402,NICLBSL,38,8,10,1856.0,18560.0
2021042205012401,NICLBSL,38,3,10,1856.0,18560.0
2021042205012397,NICLBSL,38,52,10,1856.0,18560.0
2021042205012415,NICLBSL,29,7,10,1857.0,18570.0
2021042205012414,NICLBSL,29,34,10,1857.0,18570.0
2021042205012413,NICLBSL,29,8,10,1857.0,18570.0
2021042205012412,NICLBSL,29,34,50,1856.0,92800.0
2021042205012411,NICLBSL,22,3,10,1855.0,18550.0
2021042205012409,NICLBSL,38,34,70,1856.0,129920.0
2021042205012421,NICLBSL,29,8,10,1857.0,18570.0
2021042205012420,NICLBSL,29,1,30,1857.0,55710.0
2021042205012419,NICLBSL,29,3,10,1857.0,18570.0
2021042205012418,NICLBSL,29,42,13,1857.0,24141.0
2021042205012417,NICLBSL,29,35,10,1857.0,18570.0
2021042205012416,NICLBSL,29,57,100,1857.0,185700.0
2021042205012428,NICLBSL,22,3,10,1855.0,18550.0
2021042205012427,NICLBSL,22,3,10,1855.0,18550.0
2021042205012426,NICLBSL,29,3,10,1857.0,18570.0
2021042205012425,NICLBSL,29,41,10,1857.0,18570.0
2021042205012424,NICLBSL,29,52,10,1857.0,18570.0
2021042205012423,NICLBSL,29,41,10,1857.0,18570.0
2021042205012437,NICLBSL,22,1,20,1855.0,37100.0
2021042205012436,NICLBSL,22,55,20,1855.0,37100.0
2021042205012435,NICLBSL,22,3,10,1855.0,18550.0
2021042205012432,NICLBSL,22,26,10,1855.0,18550.0
2021042205012430,NICLBSL,51,44,40,1858.0,74320.0
2021042205012429,NICLBSL,51,42,10,1857.0,18570.0
2021042205012444,NICLBSL,29,22,10,1857.0,18570.0
2021042205012443,NICLBSL,29,57,10,1857.0,18570.0
2021042205012442,NICLBSL,29,34,100,1857.0,185700.0
2021042205012441,NICLBSL,29,19,10,1856.0,18560.0
2021042205012440,NICLBSL,19,21,20,1855.0,37100.0
2021042205012438,NICLBSL,39,3,10,1855.0,18550.0
2021042205012450,NICLBSL,29,53,100,1859.0,185900.0
2021042205012449,NICLBSL,29,21,10,1859.0,18590.0
2021042205012448,NICLBSL,29,4,110,1859.0,204490.0
2021042205012447,NICLBSL,29,41,10,1858.0,18580.0
2021042205012446,NICLBSL,29,5,141,1858.0,261978.0
2021042205012445,NICLBSL,29,44,145,1858.0,269410.0
2021042205012456,NICLBSL,29,13,10,1860.0,18600.0
2021042205012455,NICLBSL,29,49,26,1860.0,48360.0
2021042205012454,NICLBSL,29,42,10,1859.0,18590.0
2021042205012453,NICLBSL,29,58,10,1859.0,18590.0
2021042205012452,NICLBSL,29,57,10,1859.0,18590.0
2021042205012451,NICLBSL,29,21,20,1859.0,37180.0
2021042205012462,NICLBSL,29,58,160,1860.0,297600.0
2021042205012461,NICLBSL,29,42,10,1860.0,18600.0
2021042205012460,NICLBSL,29,56,10,1860.0,18600.0
2021042205012459,NICLBSL,29,45,500,1860.0,930000.0
2021042205012458,NICLBSL,29,43,10,1860.0,18600.0
2021042205012457,NICLBSL,29,57,10,1860.0,18600.0
2021042205012468,NICLBSL,29,51,50,1860.0,93000.0
2021042205012467,NICLBSL,29,57,20,1860.0,37200.0
2021042205012466,NICLBSL,29,41,10,1860.0,18600.0
2021042205012465,NICLBSL,29,33,36,1860.0,66960.0
2021042205012464,NICLBSL,29,56,10,1860.0,18600.0
2021042205012463,NICLBSL,29,58,10,1860.0,18600.0
2021042205012474,NICLBSL,29,42,10,1860.0,18600.0
2021042205012473,NICLBSL,29,34,10,1860.0,18600.0
2021042205012472,NICLBSL,29,34,70,1860.0,130200.0
2021042205012471,NICLBSL,29,22,10,1860.0,18600.0
2021042205012470,NICLBSL,29,35,10,1860.0,18600.0
2021042205012469,NICLBSL,29,42,10,1860.0,18600.0
2021042205012480,NICLBSL,29,22,10,1860.0,18600.0
2021042205012479,NICLBSL,29,45,10,1860.0,18600.0
2021042205012478,NICLBSL,29,53,50,1860.0,93000.0
2021042205012477,NICLBSL,29,35,20,1860.0,37200.0
2021042205012476,NICLBSL,29,48,10,1860.0,18600.0
2021042205012475,NICLBSL,29,49,46,1860.0,85560.0
2021042205012489,NICLBSL,19,42,10,1855.0,18550.0
2021042205012487,NICLBSL,19,3,10,1855.0,18550.0
2021042205012484,NICLBSL,29,45,126,1861.0,234486.0
2021042205012483,NICLBSL,29,20,20,1861.0,37220.0
2021042205012482,NICLBSL,29,58,10,1860.0,18600.0
2021042205012481,NICLBSL,29,22,10,1860.0,18600.0
2021042205012496,NICLBSL,36,57,10,1857.0,18570.0
2021042205012495,NICLBSL,59,3,10,1855.0,18550.0
2021042205012493,NICLBSL,59,26,10,1855.0,18550.0
2021042205012492,NICLBSL,59,39,10,1855.0,18550.0
2021042205012491,NICLBSL,59,19,30,1855.0,55650.0
2021042205012490,NICLBSL,19,3,10,1855.0,18550.0
2021042205012503,NICLBSL,59,17,10,1855.0,18550.0
2021042205012501,NICLBSL,59,8,10,1855.0,18550.0
2021042205012500,NICLBSL,36,34,10,1860.0,18600.0
2021042205012499,NICLBSL,36,57,10,1860.0,18600.0
2021042205012498,NICLBSL,36,21,10,1858.0,18580.0
2021042205012497,NICLBSL,36,36,10,1858.0,18580.0
2021042205012509,NICLBSL,16,3,10,1855.0,18550.0
2021042205012508,NICLBSL,16,54,10,1855.0,18550.0
2021042205012507,NICLBSL,16,17,10,1855.0,18550.0
2021042205012506,NICLBSL,49,34,10,1860.0,18600.0
2021042205012505,NICLBSL,59,3,10,1855.0,18550.0
2021042205012504,NICLBSL,59,58,10,1855.0,18550.0
2021042205012517,NICLBSL,45,29,10,1857.0,18570.0
2021042205012516,NICLBSL,45,8,10,1857.0,18570.0
2021042205012515,NICLBSL,45,55,10,1857.0,18570.0
2021042205012514,NICLBSL,45,36,10,1856.0,18560.0
2021042205012513,NICLBSL,16,3,10,1855.0,18550.0
2021042205012511,NICLBSL,16,39,10,1855.0,18550.0
2021042205012028,JLI,55,8,10,908.0,9080.0
2021042205012027,JLI,55,35,10,908.0,9080.0
2021042205012025,JLI,55,8,10,908.0,9080.0
2021042205012024,JLI,55,58,10,908.0,9080.0
2021042205012023,JLI,55,52,10,908.0,9080.0
2021042205012022,JLI,55,21,10,908.0,9080.0
2021042205011532,JLI,55,48,10,908.0,9080.0
2021042205011531,JLI,55,4,10,908.0,9080.0
2021042205011555,JLI,55,36,10,908.0,9080.0
2021042205011552,JLI,55,8,10,908.0,9080.0
2021042205011551,JLI,55,58,10,908.0,9080.0
2021042205011547,JLI,55,7,10,908.0,9080.0
2021042205011534,JLI,55,58,10,908.0,9080.0
2021042205011533,JLI,55,58,10,908.0,9080.0
2021042205011577,JLI,55,39,10,908.0,9080.0
2021042205011576,JLI,55,7,10,908.0,9080.0
2021042205011574,JLI,55,42,10,908.0,9080.0
2021042205011569,JLI,55,42,10,908.0,9080.0
2021042205011559,JLI,55,21,10,908.0,9080.0
2021042205011556,JLI,55,52,10,908.0,9080.0
2021042205011590,JLI,55,35,10,908.0,9080.0
2021042205011585,JLI,55,58,10,908.0,9080.0
2021042205011583,JLI,55,57,10,908.0,9080.0
2021042205011580,JLI,55,49,10,908.0,9080.0
2021042205011579,JLI,55,58,10,908.0,9080.0
2021042205011578,JLI,55,47,10,908.0,9080.0
2021042205011602,JLI,55,35,10,908.0,9080.0
2021042205011601,JLI,55,58,10,908.0,9080.0
2021042205011600,JLI,55,52,10,908.0,9080.0
2021042205011599,JLI,55,55,10,908.0,9080.0
2021042205011597,JLI,55,57,10,908.0,9080.0
2021042205011595,JLI,55,6,10,908.0,9080.0
2021042205011615,JLI,55,35,10,908.0,9080.0
2021042205011614,JLI,55,6,10,908.0,9080.0
2021042205011611,JLI,55,28,10,908.0,9080.0
2021042205011605,JLI,55,58,10,908.0,9080.0
2021042205011604,JLI,55,6,10,908.0,9080.0
2021042205011603,JLI,55,41,10,908.0,9080.0
2021042205011625,JLI,55,38,10,908.0,9080.0
2021042205011624,JLI,55,57,10,908.0,9080.0
2021042205011622,JLI,55,45,10,908.0,9080.0
2021042205011621,JLI,55,35,10,908.0,9080.0
2021042205011617,JLI,55,59,10,908.0,9080.0
2021042205011616,JLI,55,48,10,908.0,9080.0
2021042205011633,JLI,55,35,10,908.0,9080.0
2021042205011632,JLI,55,14,10,908.0,9080.0
2021042205011631,JLI,55,32,10,908.0,9080.0
2021042205011630,JLI,55,45,10,908.0,9080.0
2021042205011628,JLI,55,21,10,908.0,9080.0
2021042205011627,JLI,55,35,10,908.0,9080.0
2021042205011645,JLI,55,21,10,908.0,9080.0
2021042205011642,JLI,55,35,10,908.0,9080.0
2021042205011641,JLI,55,48,10,908.0,9080.0
2021042205011640,JLI,55,58,10,908.0,9080.0
2021042205011639,JLI,55,47,10,908.0,9080.0
2021042205011637,JLI,55,21,10,908.0,9080.0
2021042205011664,JLI,55,41,10,908.0,9080.0
2021042205011657,JLI,55,35,10,908.0,9080.0
2021042205011653,JLI,55,7,10,908.0,9080.0
2021042205011650,JLI,55,56,10,908.0,9080.0
2021042205011649,JLI,55,37,10,908.0,9080.0
2021042205011646,JLI,55,35,10,908.0,9080.0
2021042205011700,JLI,55,48,10,908.0,9080.0
2021042205011699,JLI,55,7,10,908.0,9080.0
2021042205011688,JLI,55,4,10,908.0,9080.0
2021042205011685,JLI,55,48,10,908.0,9080.0
2021042205011670,JLI,55,34,10,908.0,9080.0
2021042205011667,JLI,55,55,10,908.0,9080.0
2021042205011710,JLI,55,28,10,908.0,9080.0
2021042205011707,JLI,55,48,10,908.0,9080.0
2021042205011705,JLI,55,17,10,908.0,9080.0
2021042205011704,JLI,55,7,10,908.0,9080.0
2021042205011703,JLI,55,33,10,908.0,9080.0
2021042205011702,JLI,55,28,10,908.0,9080.0
2021042205011718,JLI,55,48,10,908.0,9080.0
2021042205011717,JLI,55,35,10,908.0,9080.0
2021042205011715,JLI,55,4,10,908.0,9080.0
2021042205011714,JLI,55,58,10,908.0,9080.0
2021042205011713,JLI,55,34,10,908.0,9080.0
2021042205011711,JLI,55,35,10,908.0,9080.0
2021042205011725,JLI,55,6,10,908.0,9080.0
2021042205011724,JLI,55,58,10,908.0,9080.0
2021042205011723,JLI,55,50,10,908.0,9080.0
2021042205011722,JLI,55,35,10,908.0,9080.0
2021042205011721,JLI,55,7,10,908.0,9080.0
2021042205011719,JLI,55,19,10,908.0,9080.0
2021042205011735,JLI,55,38,10,908.0,9080.0
2021042205011733,JLI,55,58,10,908.0,9080.0
2021042205011732,JLI,55,59,10,908.0,9080.0
2021042205011730,JLI,55,58,10,908.0,9080.0
2021042205011729,JLI,55,35,10,908.0,9080.0
2021042205011728,JLI,55,58,10,908.0,9080.0
2021042205011743,JLI,55,38,10,908.0,9080.0
2021042205011742,JLI,55,35,10,908.0,9080.0
2021042205011740,JLI,55,32,10,908.0,9080.0
2021042205011739,JLI,55,18,10,908.0,9080.0
2021042205011738,JLI,55,7,10,908.0,9080.0
2021042205011736,JLI,55,35,10,908.0,9080.0
2021042205011751,JLI,55,58,10,908.0,9080.0
2021042205011750,JLI,55,58,10,908.0,9080.0
2021042205011749,JLI,55,17,10,908.0,9080.0
2021042205011748,JLI,55,42,10,908.0,9080.0
2021042205011746,JLI,55,38,10,908.0,9080.0
2021042205011744,JLI,55,18,10,908.0,9080.0
2021042205011763,JLI,55,18,10,908.0,9080.0
2021042205011761,JLI,55,11,10,908.0,9080.0
2021042205011760,JLI,55,16,10,908.0,9080.0
2021042205011759,JLI,55,53,10,908.0,9080.0
2021042205011755,JLI,55,11,10,908.0,9080.0
2021042205011752,JLI,55,42,10,908.0,9080.0
2021042205011782,JLI,55,38,10,908.0,9080.0
2021042205011771,JLI,55,53,10,908.0,9080.0
2021042205011768,JLI,55,14,10,908.0,9080.0
2021042205011767,JLI,55,36,10,908.0,9080.0
2021042205011766,JLI,55,58,10,908.0,9080.0
2021042205011764,JLI,55,38,10,908.0,9080.0
2021042205011799,JLI,55,58,10,908.0,9080.0
2021042205011798,JLI,55,19,10,908.0,9080.0
2021042205011797,JLI,55,45,10,908.0,9080.0
2021042205011796,JLI,55,53,10,908.0,9080.0
2021042205011795,JLI,55,17,10,908.0,9080.0
2021042205011783,JLI,55,36,10,908.0,9080.0
2021042205011808,JLI,55,3,10,908.0,9080.0
2021042205011807,JLI,55,57,10,908.0,9080.0
2021042205011803,JLI,55,17,10,908.0,9080.0
2021042205011802,JLI,55,40,10,908.0,9080.0
2021042205011801,JLI,55,53,10,908.0,9080.0
2021042205011800,JLI,55,28,10,908.0,9080.0
2021042205011819,JLI,55,50,10,908.0,9080.0
2021042205011818,JLI,55,17,10,908.0,9080.0
2021042205011817,JLI,55,41,10,908.0,9080.0
2021042205011816,JLI,55,7,10,908.0,9080.0
2021042205011811,JLI,55,45,10,908.0,9080.0
2021042205011809,JLI,55,53,10,908.0,9080.0
2021042205011844,JLI,55,38,10,908.0,9080.0
2021042205011842,JLI,55,45,10,908.0,9080.0
2021042205011833,JLI,55,45,10,908.0,9080.0
2021042205011831,JLI,55,53,10,908.0,9080.0
2021042205011830,JLI,55,34,10,908.0,9080.0
2021042205011829,JLI,55,17,10,908.0,9080.0
2021042205011851,JLI,55,34,10,908.0,9080.0
2021042205011850,JLI,55,36,10,908.0,9080.0
2021042205011848,JLI,55,54,10,908.0,9080.0
2021042205011847,JLI,55,58,10,908.0,9080.0
2021042205011846,JLI,55,11,10,908.0,9080.0
2021042205011845,JLI,55,55,10,908.0,9080.0
2021042205011860,JLI,55,4,10,908.0,9080.0
2021042205011856,JLI,55,36,10,908.0,9080.0
2021042205011855,JLI,55,10,10,908.0,9080.0
2021042205011854,JLI,55,55,10,908.0,9080.0
2021042205011853,JLI,55,13,10,908.0,9080.0
2021042205011852,JLI,55,22,10,908.0,9080.0
2021042205011879,JLI,55,17,10,908.0,9080.0
2021042205011877,JLI,55,8,10,908.0,9080.0
2021042205011872,JLI,55,44,10,908.0,9080.0
2021042205011869,JLI,55,58,10,908.0,9080.0
2021042205011867,JLI,55,17,10,908.0,9080.0
2021042205011861,JLI,55,34,10,908.0,9080.0
2021042205011900,JLI,55,6,10,908.0,9080.0
2021042205011898,JLI,55,58,10,908.0,9080.0
2021042205011897,JLI,55,17,10,908.0,9080.0
2021042205011884,JLI,55,37,10,908.0,9080.0
2021042205011882,JLI,55,58,10,908.0,9080.0
2021042205011881,JLI,55,34,10,908.0,9080.0
2021042205011916,JLI,55,58,10,908.0,9080.0
2021042205011912,JLI,55,45,10,908.0,9080.0
2021042205011910,JLI,55,38,10,908.0,9080.0
2021042205011908,JLI,55,56,10,908.0,9080.0
2021042205011906,JLI,55,58,10,908.0,9080.0
2021042205011905,JLI,55,36,10,908.0,9080.0
2021042205011928,JLI,55,36,10,908.0,9080.0
2021042205011927,JLI,55,21,10,908.0,9080.0
2021042205011925,JLI,55,29,10,908.0,9080.0
2021042205011919,JLI,55,6,10,908.0,9080.0
2021042205011918,JLI,55,38,10,908.0,9080.0
2021042205011917,JLI,55,29,10,908.0,9080.0
2021042205011939,JLI,55,6,10,908.0,9080.0
2021042205011936,JLI,55,29,10,908.0,9080.0
2021042205011935,JLI,55,45,10,908.0,9080.0
2021042205011932,JLI,55,29,10,908.0,9080.0
2021042205011930,JLI,55,45,10,908.0,9080.0
2021042205011929,JLI,55,6,10,908.0,9080.0
2021042205011951,JLI,55,58,10,908.0,9080.0
2021042205011950,JLI,55,28,10,908.0,9080.0
2021042205011949,JLI,55,11,10,908.0,9080.0
2021042205011943,JLI,55,29,10,908.0,9080.0
2021042205011942,JLI,55,36,10,908.0,9080.0
2021042205011940,JLI,55,28,10,908.0,9080.0
2021042205011973,JLI,55,17,10,908.0,9080.0
2021042205011970,JLI,55,21,10,908.0,9080.0
2021042205011969,JLI,55,44,10,908.0,9080.0
2021042205011961,JLI,55,58,10,908.0,9080.0
2021042205011959,JLI,55,57,10,908.0,9080.0
2021042205011953,JLI,55,36,10,908.0,9080.0
2021042205011988,JLI,55,17,10,908.0,9080.0
2021042205011985,JLI,55,32,10,908.0,9080.0
2021042205011982,JLI,55,17,10,908.0,9080.0
2021042205011978,JLI,55,17,10,908.0,9080.0
2021042205011976,JLI,55,36,10,908.0,9080.0
2021042205011975,JLI,55,58,10,908.0,9080.0
2021042205012003,JLI,55,52,10,908.0,9080.0
2021042205012002,JLI,55,35,10,908.0,9080.0
2021042205011999,JLI,55,35,10,908.0,9080.0
2021042205011995,JLI,55,34,10,908.0,9080.0
2021042205011993,JLI,55,59,10,908.0,9080.0
2021042205011990,JLI,55,32,10,908.0,9080.0
2021042205012021,JLI,55,4,10,908.0,9080.0
2021042205012018,JLI,55,42,10,908.0,9080.0
2021042205012017,JLI,55,4,10,908.0,9080.0
2021042205012010,JLI,55,44,10,908.0,9080.0
2021042205012005,JLI,55,7,10,908.0,9080.0
2021042205012004,JLI,55,58,10,908.0,9080.0
2021042205011960,MLBSL,59,36,10,1942.0,19420.0
2021042205012029,NICLBSL,35,34,10,1854.0,18540.0
2021042205012026,NICLBSL,35,26,20,1854.0,37080.0
2021042205012020,NICLBSL,35,34,10,1854.0,18540.0
2021042205012019,NICLBSL,35,26,10,1854.0,18540.0
2021042205012016,NICLBSL,35,34,20,1854.0,37080.0
2021042205012015,NICLBSL,35,32,10,1854.0,18540.0
2021042205011538,NICLBSL,58,45,10,1860.0,18600.0
2021042205011537,NICLBSL,58,58,10,1860.0,18600.0
2021042205011536,NICLBSL,58,57,10,1860.0,18600.0
2021042205011535,NICLBSL,58,8,10,1857.0,18570.0
2021042205011530,NICLBSL,42,42,10,1857.0,18570.0
2021042205011544,NICLBSL,58,20,10,1860.0,18600.0
2021042205011543,NICLBSL,58,33,10,1860.0,18600.0
2021042205011542,NICLBSL,58,35,10,1860.0,18600.0
2021042205011541,NICLBSL,58,41,10,1860.0,18600.0
2021042205011540,NICLBSL,58,38,10,1860.0,18600.0
2021042205011539,NICLBSL,58,7,10,1860.0,18600.0
2021042205011553,NICLBSL,58,28,10,1860.0,18600.0
2021042205011550,NICLBSL,58,33,10,1860.0,18600.0
2021042205011549,NICLBSL,58,39,150,1860.0,279000.0
2021042205011548,NICLBSL,58,8,20,1860.0,37200.0
2021042205011546,NICLBSL,58,52,10,1860.0,18600.0
2021042205011545,NICLBSL,58,33,10,1860.0,18600.0
2021042205011562,NICLBSL,11,42,30,1860.0,55800.0
2021042205011561,NICLBSL,58,42,50,1860.0,93000.0
2021042205011560,NICLBSL,58,33,10,1860.0,18600.0
2021042205011558,NICLBSL,58,38,10,1860.0,18600.0
2021042205011557,NICLBSL,58,52,10,1860.0,18600.0
2021042205011554,NICLBSL,58,33,10,1860.0,18600.0
2021042205011568,NICLBSL,10,42,25,1857.0,46425.0
2021042205011567,NICLBSL,52,42,10,1857.0,18570.0
2021042205011566,NICLBSL,26,42,30,1859.0,55770.0
2021042205011565,NICLBSL,52,42,50,1860.0,93000.0
2021042205011564,NICLBSL,6,42,50,1860.0,93000.0
2021042205011563,NICLBSL,39,42,50,1860.0,93000.0
2021042205011581,NICLBSL,45,8,10,1856.0,18560.0
2021042205011575,NICLBSL,49,29,10,1856.0,18560.0
2021042205011573,NICLBSL,45,20,10,1856.0,18560.0
2021042205011572,NICLBSL,45,59,10,1856.0,18560.0
2021042205011571,NICLBSL,45,52,10,1856.0,18560.0
2021042205011570,NICLBSL,45,29,10,1856.0,18560.0
2021042205011589,NICLBSL,41,11,10,1856.0,18560.0
2021042205011588,NICLBSL,34,29,10,1856.0,18560.0
2021042205011587,NICLBSL,34,21,10,1856.0,18560.0
2021042205011586,NICLBSL,34,14,20,1856.0,37120.0
2021042205011584,NICLBSL,34,38,10,1856.0,18560.0
2021042205011582,NICLBSL,45,42,10,1857.0,18570.0
2021042205011598,NICLBSL,58,34,10,1855.0,18550.0
2021042205011596,NICLBSL,29,28,10,1855.0,18550.0
2021042205011594,NICLBSL,26,29,10,1856.0,18560.0
2021042205011593,NICLBSL,26,48,10,1856.0,18560.0
2021042205011592,NICLBSL,26,8,10,1856.0,18560.0
2021042205011591,NICLBSL,29,59,10,1855.0,18550.0
2021042205011612,NICLBSL,43,41,10,1857.0,18570.0
2021042205011610,NICLBSL,43,3,10,1857.0,18570.0
2021042205011609,NICLBSL,43,39,10,1857.0,18570.0
2021042205011608,NICLBSL,45,6,10,1859.0,18590.0
2021042205011607,NICLBSL,43,1,10,1857.0,18570.0
2021042205011606,NICLBSL,52,28,10,1856.0,18560.0
2021042205011626,NICLBSL,39,49,10,1855.0,18550.0
2021042205011623,NICLBSL,58,38,10,1857.0,18570.0
2021042205011620,NICLBSL,58,39,10,1855.0,18550.0
2021042205011619,NICLBSL,26,42,5,1857.0,9285.0
2021042205011618,NICLBSL,26,21,20,1857.0,37140.0
2021042205011613,NICLBSL,52,41,18,1856.0,33408.0
2021042205011643,NICLBSL,39,46,20,1855.0,37100.0
2021042205011638,NICLBSL,58,48,10,1857.0,18570.0
2021042205011636,NICLBSL,39,56,10,1855.0,18550.0
2021042205011635,NICLBSL,14,56,20,1855.0,37100.0
2021042205011634,NICLBSL,10,56,70,1857.0,129990.0
2021042205011629,NICLBSL,39,39,10,1855.0,18550.0
2021042205011654,NICLBSL,39,58,10,1855.0,18550.0
2021042205011652,NICLBSL,39,19,10,1855.0,18550.0
2021042205011651,NICLBSL,39,28,10,1855.0,18550.0
2021042205011648,NICLBSL,39,19,10,1855.0,18550.0
2021042205011647,NICLBSL,39,20,10,1855.0,18550.0
2021042205011644,NICLBSL,58,59,10,1857.0,18570.0
2021042205011661,NICLBSL,52,38,10,1857.0,18570.0
2021042205011660,NICLBSL,52,38,10,1857.0,18570.0
2021042205011659,NICLBSL,52,58,20,1857.0,37140.0
2021042205011658,NICLBSL,52,38,10,1857.0,18570.0
2021042205011656,NICLBSL,44,46,10,1855.0,18550.0
2021042205011655,NICLBSL,34,48,10,1857.0,18570.0
2021042205011669,NICLBSL,58,28,10,1857.0,18570.0
2021042205011668,NICLBSL,58,6,10,1857.0,18570.0
2021042205011666,NICLBSL,44,37,10,1855.0,18550.0
2021042205011665,NICLBSL,44,56,10,1855.0,18550.0
2021042205011663,NICLBSL,44,19,10,1855.0,18550.0
2021042205011662,NICLBSL,52,52,10,1859.0,18590.0
2021042205011676,NICLBSL,42,28,10,1860.0,18600.0
2021042205011675,NICLBSL,42,8,10,1860.0,18600.0
2021042205011674,NICLBSL,42,21,10,1860.0,18600.0
2021042205011673,NICLBSL,42,32,10,1859.0,18590.0
2021042205011672,NICLBSL,58,46,10,1857.0,18570.0
2021042205011671,NICLBSL,58,38,10,1857.0,18570.0
2021042205011682,NICLBSL,42,35,10,1864.0,18640.0
2021042205011681,NICLBSL,42,41,10,1864.0,18640.0
2021042205011680,NICLBSL,42,29,20,1861.0,37220.0
2021042205011679,NICLBSL,42,52,10,1860.0,18600.0
2021042205011678,NICLBSL,42,28,10,1860.0,18600.0
2021042205011677,NICLBSL,42,55,10,1860.0,18600.0
2021042205011690,NICLBSL,42,39,40,1864.0,74560.0
2021042205011689,NICLBSL,42,8,10,1864.0,18640.0
2021042205011687,NICLBSL,42,10,10,1864.0,18640.0
2021042205011686,NICLBSL,42,38,10,1864.0,18640.0
2021042205011684,NICLBSL,42,45,10,1864.0,18640.0
2021042205011683,NICLBSL,42,49,10,1864.0,18640.0
2021042205011696,NICLBSL,45,58,10,1855.0,18550.0
2021042205011695,NICLBSL,45,39,50,1855.0,92750.0
2021042205011694,NICLBSL,53,39,10,1855.0,18550.0
2021042205011693,NICLBSL,44,39,60,1855.0,111300.0
2021042205011692,NICLBSL,34,39,10,1857.0,18570.0
2021042205011691,NICLBSL,58,39,10,1857.0,18570.0
2021042205011709,NICLBSL,45,34,10,1855.0,18550.0
2021042205011708,NICLBSL,45,19,10,1855.0,18550.0
2021042205011706,NICLBSL,45,38,10,1855.0,18550.0
2021042205011701,NICLBSL,45,19,10,1855.0,18550.0
2021042205011698,NICLBSL,45,17,10,1855.0,18550.0
2021042205011697,NICLBSL,45,13,10,1855.0,18550.0
2021042205011731,NICLBSL,22,28,10,1858.0,18580.0
2021042205011727,NICLBSL,35,45,10,1860.0,18600.0
2021042205011726,NICLBSL,22,37,20,1858.0,37160.0
2021042205011720,NICLBSL,22,28,10,1858.0,18580.0
2021042205011716,NICLBSL,35,35,10,1860.0,18600.0
2021042205011712,NICLBSL,22,38,10,1858.0,18580.0
2021042205011753,NICLBSL,35,3,10,1860.0,18600.0
2021042205011747,NICLBSL,38,20,10,1860.0,18600.0
2021042205011745,NICLBSL,14,38,10,1860.0,18600.0
2021042205011741,NICLBSL,14,52,20,1860.0,37200.0
2021042205011737,NICLBSL,42,21,10,1857.0,18570.0
2021042205011734,NICLBSL,34,21,10,1861.0,18610.0
2021042205011765,NICLBSL,21,53,22,1864.0,41008.0
2021042205011762,NICLBSL,21,38,10,1864.0,18640.0
2021042205011758,NICLBSL,21,32,10,1864.0,18640.0
2021042205011757,NICLBSL,35,5,10,1860.0,18600.0
2021042205011756,NICLBSL,35,58,10,1860.0,18600.0
2021042205011754,NICLBSL,35,38,10,1860.0,18600.0
2021042205011775,NICLBSL,58,57,10,1865.0,18650.0
2021042205011774,NICLBSL,58,26,60,1864.0,111840.0
2021042205011773,NICLBSL,58,55,10,1862.0,18620.0
2021042205011772,NICLBSL,35,38,10,1860.0,18600.0
2021042205011770,NICLBSL,58,26,140,1864.0,260960.0
2021042205011769,NICLBSL,58,28,10,1864.0,18640.0
2021042205011781,NICLBSL,58,54,20,1865.0,37300.0
2021042205011780,NICLBSL,58,14,10,1865.0,18650.0
2021042205011779,NICLBSL,58,28,10,1865.0,18650.0
2021042205011778,NICLBSL,58,6,10,1865.0,18650.0
2021042205011777,NICLBSL,58,52,10,1865.0,18650.0
2021042205011776,NICLBSL,58,28,10,1865.0,18650.0
2021042205011789,NICLBSL,48,49,10,1865.0,18650.0
2021042205011788,NICLBSL,48,25,10,1865.0,18650.0
2021042205011787,NICLBSL,48,57,20,1865.0,37300.0
2021042205011786,NICLBSL,48,52,10,1865.0,18650.0
2021042205011785,NICLBSL,48,4,10,1865.0,18650.0
2021042205011784,NICLBSL,48,54,10,1865.0,18650.0
2021042205011804,NICLBSL,35,20,10,1860.0,18600.0
2021042205011794,NICLBSL,35,48,10,1860.0,18600.0
2021042205011793,NICLBSL,48,48,40,1865.0,74600.0
2021042205011792,NICLBSL,48,5,46,1865.0,85790.0
2021042205011791,NICLBSL,48,45,134,1865.0,249910.0
2021042205011790,NICLBSL,48,42,10,1865.0,18650.0
2021042205011814,NICLBSL,56,56,10,1862.0,18620.0
2021042205011813,NICLBSL,44,38,10,1860.0,18600.0
2021042205011812,NICLBSL,44,10,10,1860.0,18600.0
2021042205011810,NICLBSL,44,11,10,1860.0,18600.0
2021042205011806,NICLBSL,25,37,10,1860.0,18600.0
2021042205011805,NICLBSL,35,45,10,1860.0,18600.0
2021042205011824,NICLBSL,55,49,10,1860.0,18600.0
2021042205011823,NICLBSL,55,34,10,1860.0,18600.0
2021042205011822,NICLBSL,55,45,10,1860.0,18600.0
2021042205011821,NICLBSL,44,40,10,1860.0,18600.0
2021042205011820,NICLBSL,44,57,10,1860.0,18600.0
2021042205011815,NICLBSL,44,28,10,1860.0,18600.0
2021042205011834,NICLBSL,45,21,10,1860.0,18600.0
2021042205011832,NICLBSL,22,8,10,1858.0,18580.0
2021042205011828,NICLBSL,22,20,10,1858.0,18580.0
2021042205011827,NICLBSL,57,21,10,1860.0,18600.0
2021042205011826,NICLBSL,57,8,20,1860.0,37200.0
2021042205011825,NICLBSL,57,50,10,1860.0,18600.0
2021042205011840,NICLBSL,45,49,10,1864.0,18640.0
2021042205011839,NICLBSL,45,49,10,1864.0,18640.0
2021042205011838,NICLBSL,45,55,10,1864.0,18640.0
2021042205011837,NICLBSL,45,46,20,1864.0,37280.0
2021042205011836,NICLBSL,45,45,10,1864.0,18640.0
2021042205011835,NICLBSL,45,28,10,1860.0,18600.0
2021042205011859,NICLBSL,52,47,10,1861.0,18610.0
2021042205011858,NICLBSL,52,10,10,1861.0,18610.0
2021042205011857,NICLBSL,52,49,10,1861.0,18610.0
2021042205011849,NICLBSL,53,49,10,1860.0,18600.0
2021042205011843,NICLBSL,45,8,10,1864.0,18640.0
2021042205011841,NICLBSL,45,42,10,1864.0,18640.0
2021042205011868,NICLBSL,26,57,10,1860.0,18600.0
2021042205011866,NICLBSL,26,20,10,1860.0,18600.0
2021042205011865,NICLBSL,29,32,100,1860.0,186000.0
2021042205011864,NICLBSL,45,10,10,1861.0,18610.0
2021042205011863,NICLBSL,53,49,10,1860.0,18600.0
2021042205011862,NICLBSL,52,10,20,1861.0,37220.0
2021042205011876,NICLBSL,11,8,10,1864.0,18640.0
2021042205011875,NICLBSL,11,19,20,1863.0,37260.0
2021042205011874,NICLBSL,11,52,10,1862.0,18620.0
2021042205011873,NICLBSL,49,38,20,1861.0,37220.0
2021042205011871,NICLBSL,11,34,10,1861.0,18610.0
2021042205011870,NICLBSL,26,8,10,1860.0,18600.0
2021042205011887,NICLBSL,28,56,10,1860.0,18600.0
2021042205011886,NICLBSL,28,38,10,1860.0,18600.0
2021042205011885,NICLBSL,26,28,10,1860.0,18600.0
2021042205011883,NICLBSL,49,35,10,1861.0,18610.0
2021042205011880,NICLBSL,49,34,10,1861.0,18610.0
2021042205011878,NICLBSL,49,49,10,1861.0,18610.0
2021042205011893,NICLBSL,5,56,60,1858.0,111480.0
2021042205011892,NICLBSL,49,56,20,1858.0,37160.0
2021042205011891,NICLBSL,52,56,20,1858.0,37160.0
2021042205011890,NICLBSL,22,56,55,1858.0,102190.0
2021042205011889,NICLBSL,53,56,100,1859.0,185900.0
2021042205011888,NICLBSL,49,56,10,1860.0,18600.0
2021042205011902,NICLBSL,57,58,10,1855.0,18550.0
2021042205011901,NICLBSL,47,56,25,1856.0,46400.0
2021042205011899,NICLBSL,16,56,10,1856.0,18560.0
2021042205011896,NICLBSL,44,56,80,1856.0,148480.0
2021042205011895,NICLBSL,35,56,30,1856.0,55680.0
2021042205011894,NICLBSL,42,56,45,1857.0,83565.0
2021042205011913,NICLBSL,57,28,10,1855.0,18550.0
2021042205011911,NICLBSL,57,42,10,1855.0,18550.0
2021042205011909,NICLBSL,57,58,10,1855.0,18550.0
2021042205011907,NICLBSL,57,28,10,1855.0,18550.0
2021042205011904,NICLBSL,26,58,10,1856.0,18560.0
2021042205011903,NICLBSL,26,56,35,1856.0,64960.0
2021042205011923,NICLBSL,42,8,10,1856.0,18560.0
2021042205011922,NICLBSL,26,21,10,1855.0,18550.0
2021042205011921,NICLBSL,26,8,10,1855.0,18550.0
2021042205011920,NICLBSL,26,49,10,1855.0,18550.0
2021042205011915,NICLBSL,26,13,10,1855.0,18550.0
2021042205011914,NICLBSL,26,34,10,1855.0,18550.0
2021042205011937,NICLBSL,45,34,10,1855.0,18550.0
2021042205011934,NICLBSL,45,8,10,1855.0,18550.0
2021042205011933,NICLBSL,54,21,10,1856.0,18560.0
2021042205011931,NICLBSL,45,34,10,1855.0,18550.0
2021042205011926,NICLBSL,45,38,10,1855.0,18550.0
2021042205011924,NICLBSL,42,39,10,1858.0,18580.0
2021042205011947,NICLBSL,41,41,40,1860.0,74400.0
2021042205011946,NICLBSL,41,34,10,1860.0,18600.0
2021042205011945,NICLBSL,41,6,10,1859.0,18590.0
2021042205011944,NICLBSL,41,39,60,1858.0,111480.0
2021042205011941,NICLBSL,45,40,10,1857.0,18570.0
2021042205011938,NICLBSL,45,28,10,1857.0,18570.0
2021042205011957,NICLBSL,45,26,10,1855.0,18550.0
2021042205011956,NICLBSL,45,38,10,1855.0,18550.0
2021042205011955,NICLBSL,45,28,10,1855.0,18550.0
2021042205011954,NICLBSL,45,6,10,1855.0,18550.0
2021042205011952,NICLBSL,45,58,10,1855.0,18550.0
2021042205011948,NICLBSL,45,8,10,1857.0,18570.0
2021042205011966,NICLBSL,36,34,10,1857.0,18570.0
2021042205011965,NICLBSL,36,38,10,1857.0,18570.0
2021042205011964,NICLBSL,36,16,10,1856.0,18560.0
2021042205011963,NICLBSL,45,34,10,1855.0,18550.0
2021042205011962,NICLBSL,45,28,10,1855.0,18550.0
2021042205011958,NICLBSL,45,8,10,1855.0,18550.0
2021042205011977,NICLBSL,35,28,10,1854.0,18540.0
2021042205011974,NICLBSL,35,26,10,1854.0,18540.0
2021042205011972,NICLBSL,53,34,10,1855.0,18550.0
2021042205011971,NICLBSL,53,8,10,1855.0,18550.0
2021042205011968,NICLBSL,53,41,10,1855.0,18550.0
2021042205011967,NICLBSL,36,57,10,1857.0,18570.0
2021042205011986,NICLBSL,55,13,10,1855.0,18550.0
2021042205011984,NICLBSL,35,34,10,1854.0,18540.0
2021042205011983,NICLBSL,35,45,10,1854.0,18540.0
2021042205011981,NICLBSL,35,28,10,1854.0,18540.0
2021042205011980,NICLBSL,35,8,10,1854.0,18540.0
2021042205011979,NICLBSL,35,34,10,1854.0,18540.0
2021042205011996,NICLBSL,51,40,30,1855.0,55650.0
2021042205011994,NICLBSL,35,34,10,1854.0,18540.0
2021042205011992,NICLBSL,48,48,10,1855.0,18550.0
2021042205011991,NICLBSL,48,13,10,1855.0,18550.0
2021042205011989,NICLBSL,35,26,10,1854.0,18540.0
2021042205011987,NICLBSL,55,58,10,1855.0,18550.0
2021042205012007,NICLBSL,35,51,10,1854.0,18540.0
2021042205012006,NICLBSL,58,40,100,1855.0,185500.0
2021042205012001,NICLBSL,35,45,10,1854.0,18540.0
2021042205012000,NICLBSL,35,20,10,1854.0,18540.0
2021042205011998,NICLBSL,35,17,10,1854.0,18540.0
2021042205011997,NICLBSL,35,8,10,1854.0,18540.0
2021042205012014,NICLBSL,35,20,10,1854.0,18540.0
2021042205012013,NICLBSL,35,46,10,1854.0,18540.0
2021042205012012,NICLBSL,35,36,12,1854.0,22248.0
2021042205012011,NICLBSL,35,8,10,1854.0,18540.0
2021042205012009,NICLBSL,35,34,10,1854.0,18540.0
2021042205012008,NICLBSL,55,40,20,1855.0,37100.0
2021042205011529,JLI,55,20,10,908.0,9080.0
2021042205011528,JLI,55,57,10,908.0,9080.0
2021042205011527,JLI,55,58,10,908.0,9080.0
2021042205011526,JLI,55,36,10,908.0,9080.0
2021042205011517,JLI,55,58,10,908.0,9080.0
2021042205011516,JLI,55,28,10,908.0,9080.0
2021042205011037,JLI,55,10,10,908.0,9080.0
2021042205011035,JLI,55,51,10,908.0,9080.0
2021042205011031,JLI,55,21,10,908.0,9080.0
2021042205011030,JLI,55,28,10,908.0,9080.0
2021042205011058,JLI,55,38,10,908.0,9080.0
2021042205011052,JLI,55,34,10,908.0,9080.0
2021042205011049,JLI,55,28,10,908.0,9080.0
2021042205011048,JLI,55,28,10,908.0,9080.0
2021042205011039,JLI,55,6,10,908.0,9080.0
2021042205011038,JLI,55,32,10,908.0,9080.0
2021042205011065,JLI,55,1,10,908.0,9080.0
2021042205011064,JLI,55,29,10,908.0,9080.0
2021042205011063,JLI,55,32,10,908.0,9080.0
2021042205011061,JLI,55,11,10,908.0,9080.0
2021042205011060,JLI,55,21,10,908.0,9080.0
2021042205011059,JLI,55,28,10,908.0,9080.0
2021042205011072,JLI,55,6,10,908.0,9080.0
2021042205011070,JLI,55,8,10,908.0,9080.0
2021042205011069,JLI,55,16,10,908.0,9080.0
2021042205011068,JLI,55,38,10,908.0,9080.0
2021042205011067,JLI,55,28,10,908.0,9080.0
2021042205011066,JLI,55,57,10,908.0,9080.0
2021042205011081,JLI,55,22,10,908.0,9080.0
2021042205011080,JLI,55,28,10,908.0,9080.0
2021042205011079,JLI,55,43,10,908.0,9080.0
2021042205011078,JLI,55,28,10,908.0,9080.0
2021042205011076,JLI,55,33,10,908.0,9080.0
2021042205011073,JLI,55,28,10,908.0,9080.0
2021042205011090,JLI,55,58,10,908.0,9080.0
2021042205011088,JLI,55,28,10,908.0,9080.0
2021042205011085,JLI,55,33,10,908.0,9080.0
2021042205011084,JLI,55,32,10,908.0,9080.0
2021042205011083,JLI,55,8,10,908.0,9080.0
2021042205011082,JLI,55,34,10,908.0,9080.0
2021042205011102,JLI,55,28,10,908.0,9080.0
2021042205011099,JLI,55,6,10,908.0,9080.0
2021042205011098,JLI,55,47,10,908.0,9080.0
2021042205011097,JLI,55,6,10,908.0,9080.0
2021042205011096,JLI,55,28,10,908.0,9080.0
2021042205011095,JLI,55,34,10,908.0,9080.0
2021042205011116,JLI,55,28,10,908.0,9080.0
2021042205011115,JLI,55,49,10,908.0,9080.0
2021042205011108,JLI,55,28,10,908.0,9080.0
2021042205011107,JLI,55,58,10,908.0,9080.0
2021042205011106,JLI,55,49,10,908.0,9080.0
2021042205011103,JLI,55,59,10,908.0,9080.0
2021042205011127,JLI,55,28,10,908.0,9080.0
2021042205011123,JLI,55,4,10,908.0,9080.0
2021042205011122,JLI,55,28,10,908.0,9080.0
2021042205011121,JLI,55,17,10,908.0,9080.0
2021042205011120,JLI,55,32,10,908.0,9080.0
2021042205011119,JLI,55,38,10,908.0,9080.0
2021042205011143,JLI,55,28,10,908.0,9080.0
2021042205011137,JLI,55,29,10,908.0,9080.0
2021042205011136,JLI,55,8,10,908.0,9080.0
2021042205011135,JLI,55,28,10,908.0,9080.0
2021042205011133,JLI,55,45,10,908.0,9080.0
2021042205011132,JLI,55,32,10,908.0,9080.0
2021042205011154,JLI,55,28,10,908.0,9080.0
2021042205011153,JLI,55,29,10,908.0,9080.0
2021042205011152,JLI,55,57,10,908.0,9080.0
2021042205011149,JLI,55,28,10,908.0,9080.0
2021042205011147,JLI,55,56,10,908.0,9080.0
2021042205011144,JLI,55,6,10,908.0,9080.0
2021042205011162,JLI,55,17,10,908.0,9080.0
2021042205011161,JLI,55,8,10,908.0,9080.0
2021042205011160,JLI,55,28,10,908.0,9080.0
2021042205011159,JLI,55,35,10,908.0,9080.0
2021042205011158,JLI,55,21,10,908.0,9080.0
2021042205011155,JLI,55,17,10,908.0,9080.0
2021042205011180,JLI,55,21,10,908.0,9080.0
2021042205011179,JLI,55,18,10,908.0,9080.0
2021042205011178,JLI,55,17,10,908.0,9080.0
2021042205011166,JLI,55,17,10,908.0,9080.0
2021042205011164,JLI,55,28,10,908.0,9080.0
2021042205011163,JLI,55,14,10,908.0,9080.0
2021042205011186,JLI,55,21,10,908.0,9080.0
2021042205011185,JLI,55,33,10,908.0,9080.0
2021042205011184,JLI,55,43,10,908.0,9080.0
2021042205011183,JLI,55,28,10,908.0,9080.0
2021042205011182,JLI,55,38,10,908.0,9080.0
2021042205011181,JLI,55,49,10,908.0,9080.0
2021042205011198,JLI,55,22,10,908.0,9080.0
2021042205011196,JLI,55,43,10,908.0,9080.0
2021042205011195,JLI,55,28,10,908.0,9080.0
2021042205011191,JLI,55,48,10,908.0,9080.0
2021042205011189,JLI,55,43,10,908.0,9080.0
2021042205011188,JLI,55,49,10,908.0,9080.0
2021042205011208,JLI,55,32,10,908.0,9080.0
2021042205011207,JLI,55,22,10,908.0,9080.0
2021042205011204,JLI,55,32,10,908.0,9080.0
2021042205011201,JLI,55,43,10,908.0,9080.0
2021042205011200,JLI,55,21,10,908.0,9080.0
2021042205011199,JLI,55,28,10,908.0,9080.0
2021042205011218,JLI,55,53,10,908.0,9080.0
2021042205011217,JLI,55,42,10,908.0,9080.0
2021042205011215,JLI,55,43,10,908.0,9080.0
2021042205011214,JLI,55,28,10,908.0,9080.0
2021042205011210,JLI,55,35,10,908.0,9080.0
2021042205011209,JLI,55,43,10,908.0,9080.0
2021042205011224,JLI,55,22,10,908.0,9080.0
2021042205011223,JLI,55,38,10,908.0,9080.0
2021042205011222,JLI,55,35,10,908.0,9080.0
2021042205011221,JLI,55,29,10,908.0,9080.0
2021042205011220,JLI,55,16,10,908.0,9080.0
2021042205011219,JLI,55,35,10,908.0,9080.0
2021042205011236,JLI,55,35,10,908.0,9080.0
2021042205011235,JLI,55,16,10,908.0,9080.0
2021042205011234,JLI,55,22,10,908.0,9080.0
2021042205011229,JLI,55,28,10,908.0,9080.0
2021042205011226,JLI,55,35,10,908.0,9080.0
2021042205011225,JLI,55,45,10,908.0,9080.0
2021042205011248,JLI,55,34,10,908.0,9080.0
2021042205011246,JLI,55,58,10,908.0,9080.0
2021042205011245,JLI,55,35,10,908.0,9080.0
2021042205011244,JLI,55,28,10,908.0,9080.0
2021042205011239,JLI,55,28,10,908.0,9080.0
2021042205011237,JLI,55,58,10,908.0,9080.0
2021042205011258,JLI,55,28,10,908.0,9080.0
2021042205011257,JLI,55,58,10,908.0,9080.0
2021042205011255,JLI,55,34,10,908.0,9080.0
2021042205011254,JLI,55,28,10,908.0,9080.0
2021042205011252,JLI,55,34,10,908.0,9080.0
2021042205011251,JLI,55,58,10,908.0,9080.0
2021042205011281,JLI,55,35,10,908.0,9080.0
2021042205011280,JLI,55,48,10,908.0,9080.0
2021042205011264,JLI,55,54,10,908.0,9080.0
2021042205011263,JLI,55,35,10,908.0,9080.0
2021042205011261,JLI,55,28,10,908.0,9080.0
2021042205011260,JLI,55,1,10,908.0,9080.0
2021042205011298,JLI,55,26,10,908.0,9080.0
2021042205011296,JLI,55,39,10,908.0,9080.0
2021042205011294,JLI,55,25,10,908.0,9080.0
2021042205011293,JLI,55,26,10,908.0,9080.0
2021042205011291,JLI,55,3,10,908.0,9080.0
2021042205011288,JLI,55,28,10,908.0,9080.0
2021042205011306,JLI,55,58,10,908.0,9080.0
2021042205011305,JLI,55,58,10,908.0,9080.0
2021042205011304,JLI,55,26,10,908.0,9080.0
2021042205011303,JLI,55,59,10,908.0,9080.0
2021042205011302,JLI,55,35,10,908.0,9080.0
2021042205011300,JLI,55,58,10,908.0,9080.0
2021042205011312,JLI,55,48,10,908.0,9080.0
2021042205011311,JLI,55,38,10,908.0,9080.0
2021042205011310,JLI,55,35,10,908.0,9080.0
2021042205011309,JLI,55,26,10,908.0,9080.0
2021042205011308,JLI,55,17,10,908.0,9080.0
2021042205011307,JLI,55,21,10,908.0,9080.0
2021042205011321,JLI,55,7,10,908.0,9080.0
2021042205011320,JLI,55,26,10,908.0,9080.0
2021042205011316,JLI,55,26,10,908.0,9080.0
2021042205011315,JLI,55,25,10,908.0,9080.0
2021042205011314,JLI,55,26,10,908.0,9080.0
2021042205011313,JLI,55,28,10,908.0,9080.0
2021042205011332,JLI,55,35,10,908.0,9080.0
2021042205011331,JLI,55,47,10,908.0,9080.0
2021042205011327,JLI,55,57,10,908.0,9080.0
2021042205011326,JLI,55,26,10,908.0,9080.0
2021042205011325,JLI,55,35,10,908.0,9080.0
2021042205011323,JLI,55,48,10,908.0,9080.0
2021042205011344,JLI,55,38,10,908.0,9080.0
2021042205011342,JLI,55,7,10,908.0,9080.0
2021042205011341,JLI,55,35,10,908.0,9080.0
2021042205011339,JLI,55,21,10,908.0,9080.0
2021042205011338,JLI,55,38,10,908.0,9080.0
2021042205011333,JLI,55,7,10,908.0,9080.0
2021042205011357,JLI,55,4,10,908.0,9080.0
2021042205011356,JLI,55,52,10,908.0,9080.0
2021042205011353,JLI,55,35,10,908.0,9080.0
2021042205011351,JLI,55,36,10,908.0,9080.0
2021042205011349,JLI,55,25,10,908.0,9080.0
2021042205011347,JLI,55,52,10,908.0,9080.0
2021042205011381,JLI,55,47,10,908.0,9080.0
2021042205011372,JLI,55,48,10,908.0,9080.0
2021042205011371,JLI,55,35,10,908.0,9080.0
2021042205011370,JLI,55,58,10,908.0,9080.0
2021042205011359,JLI,55,21,10,908.0,9080.0
2021042205011358,JLI,55,36,10,908.0,9080.0
2021042205011392,JLI,55,36,10,908.0,9080.0
2021042205011389,JLI,55,42,10,908.0,9080.0
2021042205011388,JLI,55,6,10,908.0,9080.0
2021042205011387,JLI,55,21,10,908.0,9080.0
2021042205011384,JLI,55,35,10,908.0,9080.0
2021042205011383,JLI,55,21,10,908.0,9080.0
2021042205011402,JLI,55,21,10,908.0,9080.0
2021042205011399,JLI,55,58,10,908.0,9080.0
2021042205011397,JLI,55,35,10,908.0,9080.0
2021042205011396,JLI,55,8,10,908.0,9080.0
2021042205011395,JLI,55,21,10,908.0,9080.0
2021042205011393,JLI,55,21,10,908.0,9080.0
2021042205011416,JLI,55,59,10,908.0,9080.0
2021042205011411,JLI,55,35,10,908.0,9080.0
2021042205011410,JLI,55,58,10,908.0,9080.0
2021042205011408,JLI,55,25,10,908.0,9080.0
2021042205011407,JLI,55,35,10,908.0,9080.0
2021042205011405,JLI,55,13,10,908.0,9080.0
2021042205011428,JLI,55,58,10,908.0,9080.0
2021042205011423,JLI,55,49,10,908.0,9080.0
2021042205011422,JLI,55,59,10,908.0,9080.0
2021042205011421,JLI,55,18,10,908.0,9080.0
2021042205011418,JLI,55,47,10,908.0,9080.0
2021042205011417,JLI,55,28,10,908.0,9080.0
2021042205011448,JLI,55,38,10,908.0,9080.0
2021042205011447,JLI,55,58,10,908.0,9080.0
2021042205011444,JLI,55,46,10,908.0,9080.0
2021042205011440,JLI,55,59,10,908.0,9080.0
2021042205011435,JLI,55,35,10,908.0,9080.0
2021042205011431,JLI,55,49,10,908.0,9080.0
2021042205011456,JLI,55,28,10,908.0,9080.0
2021042205011455,JLI,55,46,10,908.0,9080.0
2021042205011453,JLI,55,54,10,908.0,9080.0
2021042205011452,JLI,55,55,10,908.0,9080.0
2021042205011451,JLI,55,20,10,908.0,9080.0
2021042205011450,JLI,55,4,10,908.0,9080.0
2021042205011484,JLI,55,58,10,908.0,9080.0
2021042205011481,JLI,55,20,10,908.0,9080.0
2021042205011478,JLI,55,20,10,908.0,9080.0
2021042205011477,JLI,55,58,10,908.0,9080.0
2021042205011470,JLI,55,20,10,908.0,9080.0
2021042205011469,JLI,55,4,10,908.0,9080.0
2021042205011494,JLI,55,20,10,908.0,9080.0
2021042205011491,JLI,55,20,10,908.0,9080.0
2021042205011490,JLI,55,58,10,908.0,9080.0
2021042205011489,JLI,55,13,10,908.0,9080.0
2021042205011486,JLI,55,20,10,908.0,9080.0
2021042205011485,JLI,55,6,10,908.0,9080.0
2021042205011513,JLI,55,13,10,908.0,9080.0
2021042205011511,JLI,55,20,10,908.0,9080.0
2021042205011499,JLI,55,58,10,908.0,9080.0
2021042205011498,JLI,55,21,10,908.0,9080.0
2021042205011496,JLI,55,58,10,908.0,9080.0
2021042205011495,JLI,55,29,10,908.0,9080.0
2021042205011382,MLBSL,59,45,10,1942.0,19420.0
2021042205011525,NICLBSL,32,45,10,1860.0,18600.0
2021042205011524,NICLBSL,32,36,10,1860.0,18600.0
2021042205011523,NICLBSL,32,40,20,1860.0,37200.0
2021042205011522,NICLBSL,32,11,10,1860.0,18600.0
2021042205011521,NICLBSL,32,49,10,1860.0,18600.0
2021042205011520,NICLBSL,32,25,10,1860.0,18600.0
2021042205011034,NICLBSL,57,40,100,1850.0,185000.0
2021042205011033,NICLBSL,6,38,10,1850.0,18500.0
2021042205011032,NICLBSL,6,45,10,1850.0,18500.0
2021042205011044,NICLBSL,36,57,10,1855.0,18550.0
2021042205011043,NICLBSL,36,32,20,1855.0,37100.0
2021042205011042,NICLBSL,36,54,10,1855.0,18550.0
2021042205011041,NICLBSL,25,53,10,1845.0,18450.0
2021042205011040,NICLBSL,25,28,10,1845.0,18450.0
2021042205011036,NICLBSL,55,33,50,1850.0,92500.0
2021042205011053,NICLBSL,40,1,20,1850.0,37000.0
2021042205011051,NICLBSL,13,20,10,1850.0,18500.0
2021042205011050,NICLBSL,13,45,10,1850.0,18500.0
2021042205011047,NICLBSL,13,8,10,1850.0,18500.0
2021042205011046,NICLBSL,13,57,10,1850.0,18500.0
2021042205011045,NICLBSL,36,53,10,1855.0,18550.0
2021042205011071,NICLBSL,45,45,20,1851.0,37020.0
2021042205011062,NICLBSL,13,38,10,1850.0,18500.0
2021042205011057,NICLBSL,40,20,60,1858.0,111480.0
2021042205011056,NICLBSL,40,48,10,1858.0,18580.0
2021042205011055,NICLBSL,40,40,100,1857.0,185700.0
2021042205011054,NICLBSL,40,55,10,1855.0,18550.0
2021042205011089,NICLBSL,45,20,10,1851.0,18510.0
2021042205011087,NICLBSL,45,38,10,1851.0,18510.0
2021042205011086,NICLBSL,41,40,20,1857.0,37140.0
2021042205011077,NICLBSL,45,1,20,1851.0,37020.0
2021042205011075,NICLBSL,45,28,20,1851.0,37020.0
2021042205011074,NICLBSL,45,20,10,1851.0,18510.0
2021042205011101,NICLBSL,28,1,10,1847.0,18470.0
2021042205011100,NICLBSL,28,20,10,1847.0,18470.0
2021042205011094,NICLBSL,58,55,10,1850.0,18500.0
2021042205011093,NICLBSL,14,55,10,1850.0,18500.0
2021042205011092,NICLBSL,48,55,20,1851.0,37020.0
2021042205011091,NICLBSL,45,51,10,1851.0,18510.0
2021042205011112,NICLBSL,26,42,10,1850.0,18500.0
2021042205011111,NICLBSL,26,22,10,1850.0,18500.0
2021042205011110,NICLBSL,26,55,10,1850.0,18500.0
2021042205011109,NICLBSL,8,55,250,1850.0,462500.0
2021042205011105,NICLBSL,43,55,200,1850.0,370000.0
2021042205011104,NICLBSL,43,56,10,1849.0,18490.0
2021042205011125,NICLBSL,56,56,36,1852.0,66672.0
2021042205011124,NICLBSL,26,6,10,1851.0,18510.0
2021042205011118,NICLBSL,26,3,10,1850.0,18500.0
2021042205011117,NICLBSL,26,20,10,1850.0,18500.0
2021042205011114,NICLBSL,59,38,50,1851.0,92550.0
2021042205011113,NICLBSL,26,55,20,1850.0,37000.0
2021042205011134,NICLBSL,38,20,10,1850.0,18500.0
2021042205011131,NICLBSL,58,17,10,1850.0,18500.0
2021042205011130,NICLBSL,26,43,10,1851.0,18510.0
2021042205011129,NICLBSL,17,40,80,1857.0,148560.0
2021042205011128,NICLBSL,17,5,10,1856.0,18560.0
2021042205011126,NICLBSL,26,45,10,1851.0,18510.0
2021042205011145,NICLBSL,36,55,10,1855.0,18550.0
2021042205011142,NICLBSL,38,58,10,1850.0,18500.0
2021042205011141,NICLBSL,35,42,20,1850.0,37000.0
2021042205011140,NICLBSL,45,42,125,1850.0,231250.0
2021042205011139,NICLBSL,51,42,100,1850.0,185000.0
2021042205011138,NICLBSL,58,42,50,1850.0,92500.0
2021042205011157,NICLBSL,38,56,10,1850.0,18500.0
2021042205011156,NICLBSL,38,38,10,1850.0,18500.0
2021042205011151,NICLBSL,38,58,10,1850.0,18500.0
2021042205011150,NICLBSL,38,20,10,1850.0,18500.0
2021042205011148,NICLBSL,1,40,170,1857.0,315690.0
2021042205011146,NICLBSL,36,40,34,1857.0,63138.0
2021042205011171,NICLBSL,22,41,10,1850.0,18500.0
2021042205011170,NICLBSL,22,58,10,1850.0,18500.0
2021042205011169,NICLBSL,22,20,10,1850.0,18500.0
2021042205011168,NICLBSL,22,18,10,1850.0,18500.0
2021042205011167,NICLBSL,22,56,10,1850.0,18500.0
2021042205011165,NICLBSL,48,38,10,1849.0,18490.0
2021042205011177,NICLBSL,46,55,30,1850.0,55500.0
2021042205011176,NICLBSL,58,55,200,1850.0,370000.0
2021042205011175,NICLBSL,41,55,70,1850.0,129500.0
2021042205011174,NICLBSL,41,56,10,1850.0,18500.0
2021042205011173,NICLBSL,41,35,10,1850.0,18500.0
2021042205011172,NICLBSL,41,11,10,1850.0,18500.0
2021042205011197,NICLBSL,14,16,26,1848.0,48048.0
2021042205011194,NICLBSL,14,38,10,1848.0,18480.0
2021042205011193,NICLBSL,48,38,10,1849.0,18490.0
2021042205011192,NICLBSL,48,20,10,1849.0,18490.0
2021042205011190,NICLBSL,48,52,20,1849.0,36980.0
2021042205011187,NICLBSL,45,55,10,1850.0,18500.0
2021042205011212,NICLBSL,46,58,20,1850.0,37000.0
2021042205011211,NICLBSL,46,55,80,1850.0,148000.0
2021042205011206,NICLBSL,14,58,10,1848.0,18480.0
2021042205011205,NICLBSL,14,8,10,1848.0,18480.0
2021042205011203,NICLBSL,38,55,110,1850.0,203500.0
2021042205011202,NICLBSL,38,33,100,1849.0,184900.0
2021042205011231,NICLBSL,42,28,10,1848.0,18480.0
2021042205011230,NICLBSL,42,29,10,1848.0,18480.0
2021042205011228,NICLBSL,44,26,10,1848.0,18480.0
2021042205011227,NICLBSL,14,38,20,1848.0,36960.0
2021042205011216,NICLBSL,14,29,10,1848.0,18480.0
2021042205011213,NICLBSL,14,8,10,1848.0,18480.0
2021042205011242,NICLBSL,28,56,10,1847.0,18470.0
2021042205011241,NICLBSL,28,25,10,1847.0,18470.0
2021042205011240,NICLBSL,28,25,10,1847.0,18470.0
2021042205011238,NICLBSL,28,39,10,1847.0,18470.0
2021042205011233,NICLBSL,42,4,220,1850.0,407000.0
2021042205011232,NICLBSL,42,52,10,1849.0,18490.0
2021042205011256,NICLBSL,33,29,30,1849.0,55470.0
2021042205011253,NICLBSL,33,8,20,1849.0,36980.0
2021042205011250,NICLBSL,33,28,10,1848.0,18480.0
2021042205011249,NICLBSL,33,58,10,1848.0,18480.0
2021042205011247,NICLBSL,28,20,10,1847.0,18470.0
2021042205011243,NICLBSL,28,50,10,1847.0,18470.0
2021042205011268,NICLBSL,33,14,10,1849.0,18490.0
2021042205011267,NICLBSL,57,4,100,1850.0,185000.0
2021042205011266,NICLBSL,33,1,10,1849.0,18490.0
2021042205011265,NICLBSL,48,4,15,1850.0,27750.0
2021042205011262,NICLBSL,33,40,96,1849.0,177504.0
2021042205011259,NICLBSL,33,28,10,1849.0,18490.0
2021042205011274,NICLBSL,3,38,10,1850.0,18500.0
2021042205011273,NICLBSL,3,52,10,1850.0,18500.0
2021042205011272,NICLBSL,3,56,10,1850.0,18500.0
2021042205011271,NICLBSL,3,45,10,1850.0,18500.0
2021042205011270,NICLBSL,3,14,20,1850.0,37000.0
2021042205011269,NICLBSL,3,4,15,1850.0,27750.0
2021042205011282,NICLBSL,36,42,45,1850.0,83250.0
2021042205011279,NICLBSL,3,42,15,1850.0,27750.0
2021042205011278,NICLBSL,3,20,10,1850.0,18500.0
2021042205011277,NICLBSL,3,45,10,1850.0,18500.0
2021042205011276,NICLBSL,3,16,10,1850.0,18500.0
2021042205011275,NICLBSL,3,21,10,1850.0,18500.0
2021042205011289,NICLBSL,45,47,50,1850.0,92500.0
2021042205011287,NICLBSL,58,47,23,1850.0,42550.0
2021042205011286,NICLBSL,36,47,125,1850.0,231250.0
2021042205011285,NICLBSL,36,44,10,1850.0,18500.0
2021042205011284,NICLBSL,36,22,10,1850.0,18500.0
2021042205011283,NICLBSL,36,58,10,1850.0,18500.0
2021042205011301,NICLBSL,19,35,10,1850.0,18500.0
2021042205011299,NICLBSL,19,36,10,1850.0,18500.0
2021042205011297,NICLBSL,19,47,135,1850.0,249750.0
2021042205011295,NICLBSL,26,47,10,1850.0,18500.0
2021042205011292,NICLBSL,8,56,10,1849.0,18490.0
2021042205011290,NICLBSL,42,47,100,1850.0,185000.0
2021042205011328,NICLBSL,19,8,10,1850.0,18500.0
2021042205011324,NICLBSL,19,41,10,1850.0,18500.0
2021042205011322,NICLBSL,58,13,10,1852.0,18520.0
2021042205011319,NICLBSL,39,39,10,1852.0,18520.0
2021042205011318,NICLBSL,39,52,10,1851.0,18510.0
2021042205011317,NICLBSL,19,28,10,1850.0,18500.0
2021042205011337,NICLBSL,57,16,55,1852.0,101860.0
2021042205011336,NICLBSL,21,16,20,1852.0,37040.0
2021042205011335,NICLBSL,49,16,25,1852.0,46300.0
2021042205011334,NICLBSL,49,34,10,1852.0,18520.0
2021042205011330,NICLBSL,50,28,10,1850.0,18500.0
2021042205011329,NICLBSL,19,33,26,1850.0,48100.0
2021042205011350,NICLBSL,57,44,10,1852.0,18520.0
2021042205011348,NICLBSL,57,39,10,1852.0,18520.0
2021042205011346,NICLBSL,58,49,10,1855.0,18550.0
2021042205011345,NICLBSL,58,13,10,1854.0,18540.0
2021042205011343,NICLBSL,57,28,10,1852.0,18520.0
2021042205011340,NICLBSL,57,44,20,1852.0,37040.0
2021042205011362,NICLBSL,44,25,10,1855.0,18550.0
2021042205011361,NICLBSL,44,26,10,1855.0,18550.0
2021042205011360,NICLBSL,44,49,10,1855.0,18550.0
2021042205011355,NICLBSL,38,11,10,1855.0,18550.0
2021042205011354,NICLBSL,57,52,10,1852.0,18520.0
2021042205011352,NICLBSL,57,6,10,1852.0,18520.0
2021042205011368,NICLBSL,36,52,10,1855.0,18550.0
2021042205011367,NICLBSL,58,25,10,1855.0,18550.0
2021042205011366,NICLBSL,58,14,10,1855.0,18550.0
2021042205011365,NICLBSL,21,58,20,1853.0,37060.0
2021042205011364,NICLBSL,57,38,10,1852.0,18520.0
2021042205011363,NICLBSL,44,14,10,1855.0,18550.0
2021042205011377,NICLBSL,34,1,10,1857.0,18570.0
2021042205011376,NICLBSL,34,1,10,1857.0,18570.0
2021042205011375,NICLBSL,34,45,22,1856.0,40832.0
2021042205011374,NICLBSL,34,45,10,1856.0,18560.0
2021042205011373,NICLBSL,34,38,10,1856.0,18560.0
2021042205011369,NICLBSL,36,39,10,1855.0,18550.0
2021042205011390,NICLBSL,36,20,22,1858.0,40876.0
2021042205011386,NICLBSL,39,52,10,1856.0,18560.0
2021042205011385,NICLBSL,39,26,10,1856.0,18560.0
2021042205011380,NICLBSL,34,20,98,1858.0,182084.0
2021042205011379,NICLBSL,34,1,10,1857.0,18570.0
2021042205011378,NICLBSL,34,21,10,1857.0,18570.0
2021042205011403,NICLBSL,58,28,20,1857.0,37140.0
2021042205011401,NICLBSL,58,38,20,1857.0,37140.0
2021042205011400,NICLBSL,10,1,10,1858.0,18580.0
2021042205011398,NICLBSL,58,52,10,1857.0,18570.0
2021042205011394,NICLBSL,58,56,20,1857.0,37140.0
2021042205011391,NICLBSL,36,48,10,1858.0,18580.0
2021042205011414,NICLBSL,56,21,10,1857.0,18570.0
2021042205011413,NICLBSL,50,29,33,1858.0,61314.0
2021042205011412,NICLBSL,35,29,50,1858.0,92900.0
2021042205011409,NICLBSL,56,17,10,1857.0,18570.0
2021042205011406,NICLBSL,58,38,10,1857.0,18570.0
2021042205011404,NICLBSL,58,39,10,1857.0,18570.0
2021042205011426,NICLBSL,25,11,10,1859.0,18590.0
2021042205011425,NICLBSL,10,11,100,1859.0,185900.0
2021042205011424,NICLBSL,34,38,10,1856.0,18560.0
2021042205011420,NICLBSL,58,11,413,1859.0,767767.0
2021042205011419,NICLBSL,58,29,87,1858.0,161646.0
2021042205011415,NICLBSL,34,48,10,1856.0,18560.0
2021042205011434,NICLBSL,34,38,10,1856.0,18560.0
2021042205011433,NICLBSL,34,38,10,1856.0,18560.0
2021042205011432,NICLBSL,34,35,10,1856.0,18560.0
2021042205011430,NICLBSL,34,56,10,1856.0,18560.0
2021042205011429,NICLBSL,34,8,10,1856.0,18560.0
2021042205011427,NICLBSL,34,38,10,1856.0,18560.0
2021042205011442,NICLBSL,34,52,10,1856.0,18560.0
2021042205011441,NICLBSL,29,11,50,1859.0,92950.0
2021042205011439,NICLBSL,28,11,150,1859.0,278850.0
2021042205011438,NICLBSL,28,51,10,1858.0,18580.0
2021042205011437,NICLBSL,28,50,10,1858.0,18580.0
2021042205011436,NICLBSL,28,22,30,1857.0,55710.0
2021042205011457,NICLBSL,42,50,10,1859.0,18590.0
2021042205011454,NICLBSL,42,48,20,1859.0,37180.0
2021042205011449,NICLBSL,42,11,27,1859.0,50193.0
2021042205011446,NICLBSL,22,8,20,1856.0,37120.0
2021042205011445,NICLBSL,29,11,200,1859.0,371800.0
2021042205011443,NICLBSL,34,38,10,1856.0,18560.0
2021042205011463,NICLBSL,42,32,10,1859.0,18590.0
2021042205011462,NICLBSL,42,34,10,1859.0,18590.0
2021042205011461,NICLBSL,25,38,10,1860.0,18600.0
2021042205011460,NICLBSL,25,21,10,1860.0,18600.0
2021042205011459,NICLBSL,42,20,10,1859.0,18590.0
2021042205011458,NICLBSL,42,8,20,1859.0,37180.0
2021042205011471,NICLBSL,11,6,10,1859.0,18590.0
2021042205011468,NICLBSL,56,48,13,1859.0,24167.0
2021042205011467,NICLBSL,42,48,13,1859.0,24167.0
2021042205011466,NICLBSL,42,52,10,1859.0,18590.0
2021042205011465,NICLBSL,42,28,10,1859.0,18590.0
2021042205011464,NICLBSL,42,28,10,1859.0,18590.0
2021042205011479,NICLBSL,11,32,10,1859.0,18590.0
2021042205011476,NICLBSL,11,29,10,1859.0,18590.0
2021042205011475,NICLBSL,36,56,10,1860.0,18600.0
2021042205011474,NICLBSL,36,51,10,1860.0,18600.0
2021042205011473,NICLBSL,36,52,20,1860.0,37200.0
2021042205011472,NICLBSL,36,38,10,1860.0,18600.0
2021042205011492,NICLBSL,22,8,10,1856.0,18560.0
2021042205011488,NICLBSL,44,51,10,1857.0,18570.0
2021042205011487,NICLBSL,44,20,10,1857.0,18570.0
2021042205011483,NICLBSL,44,38,10,1857.0,18570.0
2021042205011482,NICLBSL,11,6,10,1859.0,18590.0
2021042205011480,NICLBSL,11,7,10,1859.0,18590.0
2021042205011503,NICLBSL,42,6,10,1859.0,18590.0
2021042205011502,NICLBSL,42,7,10,1859.0,18590.0
2021042205011501,NICLBSL,42,8,10,1859.0,18590.0
2021042205011500,NICLBSL,42,4,10,1857.0,18570.0
2021042205011497,NICLBSL,22,56,10,1856.0,18560.0
2021042205011493,NICLBSL,22,38,10,1856.0,18560.0
2021042205011509,NICLBSL,57,6,10,1856.0,18560.0
2021042205011508,NICLBSL,57,42,10,1856.0,18560.0
2021042205011507,NICLBSL,42,53,80,1860.0,148800.0
2021042205011506,NICLBSL,42,45,10,1860.0,18600.0
2021042205011505,NICLBSL,42,34,10,1860.0,18600.0
2021042205011504,NICLBSL,42,40,10,1860.0,18600.0
2021042205011519,NICLBSL,32,38,10,1860.0,18600.0
2021042205011518,NICLBSL,32,53,420,1860.0,781200.0
2021042205011515,NICLBSL,45,20,10,1856.0,18560.0
2021042205011514,NICLBSL,57,21,10,1856.0,18560.0
2021042205011512,NICLBSL,57,8,10,1856.0,18560.0
2021042205011510,NICLBSL,57,32,10,1856.0,18560.0
2021042205011025,JLI,55,29,10,908.0,9080.0
2021042205011016,JLI,55,56,10,908.0,9080.0
2021042205011015,JLI,55,8,10,908.0,9080.0
2021042205011013,JLI,55,28,10,908.0,9080.0
2021042205011012,JLI,55,58,10,908.0,9080.0
2021042205011008,JLI,55,56,10,908.0,9080.0
2021042205010536,JLI,55,38,10,908.0,9080.0
2021042205010534,JLI,55,20,10,908.0,9080.0
2021042205010547,JLI,55,14,10,908.0,9080.0
2021042205010546,JLI,55,21,10,908.0,9080.0
2021042205010545,JLI,55,38,10,908.0,9080.0
2021042205010542,JLI,55,37,10,908.0,9080.0
2021042205010541,JLI,55,58,10,908.0,9080.0
2021042205010538,JLI,55,21,10,908.0,9080.0
2021042205010560,JLI,55,58,10,908.0,9080.0
2021042205010558,JLI,55,59,10,908.0,9080.0
2021042205010557,JLI,55,38,10,908.0,9080.0
2021042205010552,JLI,55,34,10,908.0,9080.0
2021042205010551,JLI,55,20,10,908.0,9080.0
2021042205010550,JLI,55,38,10,908.0,9080.0
2021042205010579,JLI,55,28,10,908.0,9080.0
2021042205010577,JLI,55,38,10,908.0,9080.0
2021042205010572,JLI,55,39,10,908.0,9080.0
2021042205010571,JLI,55,38,10,908.0,9080.0
2021042205010562,JLI,55,20,10,908.0,9080.0
2021042205010561,JLI,55,59,10,908.0,9080.0
2021042205010592,JLI,55,38,10,908.0,9080.0
2021042205010590,JLI,55,38,10,908.0,9080.0
2021042205010589,JLI,55,7,10,908.0,9080.0
2021042205010586,JLI,55,20,10,908.0,9080.0
2021042205010585,JLI,55,49,10,908.0,9080.0
2021042205010582,JLI,55,3,10,908.0,9080.0
2021042205010607,JLI,55,57,10,908.0,9080.0
2021042205010603,JLI,55,38,10,908.0,9080.0
2021042205010599,JLI,55,16,10,908.0,9080.0
2021042205010597,JLI,55,43,10,908.0,9080.0
2021042205010595,JLI,55,38,10,908.0,9080.0
2021042205010593,JLI,55,14,10,908.0,9080.0
2021042205010618,JLI,55,49,10,908.0,9080.0
2021042205010616,JLI,55,38,10,908.0,9080.0
2021042205010615,JLI,55,57,10,908.0,9080.0
2021042205010610,JLI,55,42,10,908.0,9080.0
2021042205010609,JLI,55,5,10,908.0,9080.0
2021042205010608,JLI,55,38,10,908.0,9080.0
2021042205010628,JLI,55,58,10,908.0,9080.0
2021042205010625,JLI,55,26,10,908.0,9080.0
2021042205010624,JLI,55,5,10,908.0,9080.0
2021042205010623,JLI,55,29,10,908.0,9080.0
2021042205010620,JLI,55,38,10,908.0,9080.0
2021042205010619,JLI,55,5,10,908.0,9080.0
2021042205010650,JLI,55,28,10,908.0,9080.0
2021042205010649,JLI,55,52,10,908.0,9080.0
2021042205010645,JLI,55,52,10,908.0,9080.0
2021042205010640,JLI,55,5,10,908.0,9080.0
2021042205010638,JLI,55,40,10,908.0,9080.0
2021042205010633,JLI,55,26,10,908.0,9080.0
2021042205010661,JLI,55,28,10,908.0,9080.0
2021042205010658,JLI,55,29,10,908.0,9080.0
2021042205010656,JLI,55,7,10,908.0,9080.0
2021042205010655,JLI,55,29,10,908.0,9080.0
2021042205010654,JLI,55,34,10,908.0,9080.0
2021042205010653,JLI,55,18,10,908.0,9080.0
2021042205010674,JLI,55,58,10,908.0,9080.0
2021042205010673,JLI,55,39,10,908.0,9080.0
2021042205010671,JLI,55,29,10,908.0,9080.0
2021042205010670,JLI,55,38,10,908.0,9080.0
2021042205010668,JLI,55,51,10,908.0,9080.0
2021042205010662,JLI,55,29,10,908.0,9080.0
2021042205010686,JLI,55,57,10,908.0,9080.0
2021042205010684,JLI,55,58,10,908.0,9080.0
2021042205010683,JLI,55,52,10,908.0,9080.0
2021042205010679,JLI,55,39,10,908.0,9080.0
2021042205010678,JLI,55,18,10,908.0,9080.0
2021042205010677,JLI,55,3,10,908.0,9080.0
2021042205010707,JLI,55,57,10,908.0,9080.0
2021042205010701,JLI,55,57,10,908.0,9080.0
2021042205010699,JLI,55,48,10,908.0,9080.0
2021042205010696,JLI,55,21,10,908.0,9080.0
2021042205010693,JLI,55,8,10,908.0,9080.0
2021042205010692,JLI,55,39,10,908.0,9080.0
2021042205010718,JLI,55,57,10,908.0,9080.0
2021042205010716,JLI,55,36,10,908.0,9080.0
2021042205010712,JLI,55,10,10,908.0,9080.0
2021042205010710,JLI,55,18,10,908.0,9080.0
2021042205010709,JLI,55,57,10,908.0,9080.0
2021042205010708,JLI,55,54,10,908.0,9080.0
2021042205010734,JLI,55,52,10,908.0,9080.0
2021042205010732,JLI,55,8,10,908.0,9080.0
2021042205010727,JLI,55,16,10,908.0,9080.0
2021042205010726,JLI,55,57,10,908.0,9080.0
2021042205010725,JLI,55,36,10,908.0,9080.0
2021042205010723,JLI,55,4,10,908.0,9080.0
2021042205010747,JLI,55,8,10,908.0,9080.0
2021042205010741,JLI,55,40,10,908.0,9080.0
2021042205010738,JLI,55,16,10,908.0,9080.0
2021042205010737,JLI,55,35,10,908.0,9080.0
2021042205010736,JLI,55,20,10,908.0,9080.0
2021042205010735,JLI,55,57,10,908.0,9080.0
2021042205010759,JLI,55,16,10,908.0,9080.0
2021042205010758,JLI,55,8,10,908.0,9080.0
2021042205010757,JLI,55,36,10,908.0,9080.0
2021042205010755,JLI,55,21,10,908.0,9080.0
2021042205010753,JLI,55,57,10,908.0,9080.0
2021042205010748,JLI,55,58,10,908.0,9080.0
2021042205010769,JLI,55,16,10,908.0,9080.0
2021042205010768,JLI,55,58,10,908.0,9080.0
2021042205010767,JLI,55,28,10,908.0,9080.0
2021042205010766,JLI,55,8,10,908.0,9080.0
2021042205010763,JLI,55,47,10,908.0,9080.0
2021042205010762,JLI,55,35,10,908.0,9080.0
2021042205010779,JLI,55,28,10,908.0,9080.0
2021042205010777,JLI,55,3,10,908.0,9080.0
2021042205010774,JLI,55,58,10,908.0,9080.0
2021042205010773,JLI,55,38,10,908.0,9080.0
2021042205010772,JLI,55,56,10,908.0,9080.0
2021042205010770,JLI,55,58,10,908.0,9080.0
2021042205010791,JLI,55,36,10,908.0,9080.0
2021042205010790,JLI,55,40,10,908.0,9080.0
2021042205010788,JLI,55,36,10,908.0,9080.0
2021042205010787,JLI,55,8,10,908.0,9080.0
2021042205010782,JLI,55,3,10,908.0,9080.0
2021042205010780,JLI,55,58,10,908.0,9080.0
2021042205010808,JLI,55,16,10,908.0,9080.0
2021042205010804,JLI,55,6,10,908.0,9080.0
2021042205010800,JLI,55,16,10,908.0,9080.0
2021042205010799,JLI,55,58,10,908.0,9080.0
2021042205010798,JLI,55,58,10,908.0,9080.0
2021042205010792,JLI,55,47,10,908.0,9080.0
2021042205010816,JLI,55,18,10,908.0,9080.0
2021042205010814,JLI,55,13,10,908.0,9080.0
2021042205010812,JLI,55,6,10,908.0,9080.0
2021042205010811,JLI,55,20,10,908.0,9080.0
2021042205010810,JLI,55,58,10,908.0,9080.0
2021042205010809,JLI,55,28,10,908.0,9080.0
2021042205010827,JLI,55,58,10,908.0,9080.0
2021042205010822,JLI,55,36,10,908.0,9080.0
2021042205010821,JLI,55,54,10,908.0,9080.0
2021042205010820,JLI,55,56,10,908.0,9080.0
2021042205010818,JLI,55,58,10,908.0,9080.0
2021042205010817,JLI,55,16,10,908.0,9080.0
2021042205010834,JLI,55,36,10,908.0,9080.0
2021042205010833,JLI,55,36,10,908.0,9080.0
2021042205010832,JLI,55,58,10,908.0,9080.0
2021042205010831,JLI,55,49,10,908.0,9080.0
2021042205010830,JLI,55,3,10,908.0,9080.0
2021042205010829,JLI,55,18,10,908.0,9080.0
2021042205010854,JLI,55,51,10,908.0,9080.0
2021042205010847,JLI,55,41,10,908.0,9080.0
2021042205010846,JLI,55,38,10,908.0,9080.0
2021042205010843,JLI,55,45,10,908.0,9080.0
2021042205010842,JLI,55,29,10,908.0,9080.0
2021042205010840,JLI,55,40,10,908.0,9080.0
2021042205010865,JLI,55,41,10,908.0,9080.0
2021042205010864,JLI,55,38,10,908.0,9080.0
2021042205010861,JLI,55,1,10,908.0,9080.0
2021042205010859,JLI,55,18,10,908.0,9080.0
2021042205010857,JLI,55,58,10,908.0,9080.0
2021042205010855,JLI,55,58,10,908.0,9080.0
2021042205010885,JLI,55,6,10,908.0,9080.0
2021042205010882,JLI,55,5,10,908.0,9080.0
