Transact. No.,Symbol,Buyer,Seller,Quantity,Rate,Amount
2021042005004220,JLI,14,29,10,751.0,7510.0
2021042005004215,JLI,14,55,10,751.0,7510.0
2021042005004212,JLI,14,57,10,751.0,7510.0
2021042005004206,JLI,14,56,10,751.0,7510.0
2021042005004203,JLI,14,58,10,751.0,7510.0
2021042005004166,JLI,14,29,10,751.0,7510.0
2021042005003876,JLI,14,44,10,751.0,7510.0
2021042005003825,JLI,14,48,10,751.0,7510.0
2021042005003817,JLI,14,21,10,751.0,7510.0
2021042005003787,JLI,38,50,5,746.0,3730.0
2021042005003784,JLI,14,17,10,751.0,7510.0
2021042005003914,JLI,14,20,10,751.0,7510.0
2021042005003908,JLI,14,36,10,751.0,7510.0
2021042005003900,JLI,14,10,10,751.0,7510.0
2021042005003887,JLI,14,20,10,751.0,7510.0
2021042005003886,JLI,14,53,10,751.0,7510.0
2021042005003885,JLI,14,20,10,751.0,7510.0
2021042005004004,JLI,14,26,10,751.0,7510.0
2021042005004001,JLI,14,48,10,751.0,7510.0
2021042005003985,JLI,14,26,10,751.0,7510.0
2021042005003984,JLI,14,20,10,751.0,7510.0
2021042005003972,JLI,14,20,10,751.0,7510.0
2021042005003963,JLI,14,38,10,751.0,7510.0
2021042005003846,MLBSL,59,20,10,1606.0,16060.0
2021042005003807,MLBSL,59,21,10,1606.0,16060.0
2021042005004254,NICLBSL,51,45,10,1818.0,18180.0
2021042005004253,NICLBSL,29,25,10,1816.0,18160.0
2021042005004252,NICLBSL,21,45,160,1818.0,290880.0
2021042005004251,NICLBSL,21,38,20,1818.0,36360.0
2021042005004250,NICLBSL,21,13,20,1818.0,36360.0
2021042005004249,NICLBSL,18,54,10,1817.0,18170.0
2021042005003755,NICLBSL,40,38,190,1813.0,344470.0
2021042005003761,NICLBSL,21,38,50,1813.0,90650.0
2021042005003760,NICLBSL,38,38,50,1813.0,90650.0
2021042005003759,NICLBSL,13,38,50,1813.0,90650.0
2021042005003758,NICLBSL,21,38,10,1813.0,18130.0
2021042005003757,NICLBSL,57,38,100,1813.0,181300.0
2021042005003756,NICLBSL,42,38,50,1813.0,90650.0
2021042005003767,NICLBSL,29,38,10,1813.0,18130.0
2021042005003766,NICLBSL,54,17,10,1812.0,18120.0
2021042005003765,NICLBSL,54,38,10,1812.0,18120.0
2021042005003764,NICLBSL,54,29,10,1812.0,18120.0
2021042005003763,NICLBSL,54,49,10,1812.0,18120.0
2021042005003762,NICLBSL,41,20,10,1812.0,18120.0
2021042005003773,NICLBSL,29,44,10,1812.0,18120.0
2021042005003772,NICLBSL,54,44,10,1812.0,18120.0
2021042005003771,NICLBSL,29,20,10,1813.0,18130.0
2021042005003770,NICLBSL,29,38,10,1813.0,18130.0
2021042005003769,NICLBSL,29,38,10,1813.0,18130.0
2021042005003768,NICLBSL,29,21,10,1813.0,18130.0
2021042005003779,NICLBSL,42,38,10,1812.0,18120.0
2021042005003778,NICLBSL,29,26,10,1812.0,18120.0
2021042005003777,NICLBSL,29,33,10,1812.0,18120.0
2021042005003776,NICLBSL,29,38,10,1812.0,18120.0
2021042005003775,NICLBSL,21,38,10,1813.0,18130.0
2021042005003774,NICLBSL,29,53,10,1812.0,18120.0
2021042005003786,NICLBSL,41,18,10,1813.0,18130.0
2021042005003785,NICLBSL,41,38,10,1813.0,18130.0
2021042005003783,NICLBSL,41,38,10,1813.0,18130.0
2021042005003782,NICLBSL,41,22,10,1813.0,18130.0
2021042005003781,NICLBSL,42,17,10,1812.0,18120.0
2021042005003780,NICLBSL,42,58,10,1812.0,18120.0
2021042005003793,NICLBSL,40,50,10,1813.0,18130.0
2021042005003792,NICLBSL,48,3,10,1813.0,18130.0
2021042005003791,NICLBSL,41,17,10,1813.0,18130.0
2021042005003790,NICLBSL,59,21,10,1814.0,18140.0
2021042005003789,NICLBSL,59,36,10,1814.0,18140.0
2021042005003788,NICLBSL,59,21,10,1814.0,18140.0
2021042005003799,NICLBSL,57,57,10,1813.0,18130.0
2021042005003798,NICLBSL,57,53,10,1813.0,18130.0
2021042005003797,NICLBSL,57,21,10,1813.0,18130.0
2021042005003796,NICLBSL,40,17,10,1813.0,18130.0
2021042005003795,NICLBSL,40,59,10,1813.0,18130.0
2021042005003794,NICLBSL,40,39,10,1813.0,18130.0
2021042005003805,NICLBSL,42,26,10,1812.0,18120.0
2021042005003804,NICLBSL,42,17,20,1812.0,36240.0
2021042005003803,NICLBSL,34,16,10,1813.0,18130.0
2021042005003802,NICLBSL,38,18,10,1813.0,18130.0
2021042005003801,NICLBSL,57,29,10,1813.0,18130.0
2021042005003800,NICLBSL,57,17,10,1813.0,18130.0
2021042005003812,NICLBSL,44,39,60,1814.0,108840.0
2021042005003811,NICLBSL,44,38,10,1814.0,18140.0
2021042005003810,NICLBSL,44,38,10,1814.0,18140.0
2021042005003809,NICLBSL,44,46,10,1814.0,18140.0
2021042005003808,NICLBSL,44,58,10,1814.0,18140.0
2021042005003806,NICLBSL,42,17,10,1812.0,18120.0
2021042005003819,NICLBSL,21,45,10,1812.0,18120.0
2021042005003818,NICLBSL,21,5,10,1812.0,18120.0
2021042005003816,NICLBSL,21,42,10,1812.0,18120.0
2021042005003815,NICLBSL,21,39,10,1812.0,18120.0
2021042005003814,NICLBSL,21,39,10,1812.0,18120.0
2021042005003813,NICLBSL,42,39,30,1812.0,54360.0
2021042005003826,NICLBSL,44,16,10,1812.0,18120.0
2021042005003824,NICLBSL,44,14,10,1812.0,18120.0
2021042005003823,NICLBSL,16,14,20,1812.0,36240.0
2021042005003822,NICLBSL,16,17,10,1812.0,18120.0
2021042005003821,NICLBSL,16,26,10,1812.0,18120.0
2021042005003820,NICLBSL,16,38,10,1812.0,18120.0
2021042005003832,NICLBSL,49,5,10,1813.0,18130.0
2021042005003831,NICLBSL,49,47,10,1813.0,18130.0
2021042005003830,NICLBSL,49,39,10,1813.0,18130.0
2021042005003829,NICLBSL,36,49,10,1812.0,18120.0
2021042005003828,NICLBSL,36,44,10,1812.0,18120.0
2021042005003827,NICLBSL,36,7,10,1812.0,18120.0
2021042005003838,NICLBSL,57,39,10,1812.0,18120.0
2021042005003837,NICLBSL,57,47,10,1812.0,18120.0
2021042005003836,NICLBSL,36,20,10,1812.0,18120.0
2021042005003835,NICLBSL,36,47,10,1812.0,18120.0
2021042005003834,NICLBSL,49,38,10,1813.0,18130.0
2021042005003833,NICLBSL,49,20,10,1813.0,18130.0
2021042005003844,NICLBSL,57,17,10,1812.0,18120.0
2021042005003843,NICLBSL,57,29,10,1812.0,18120.0
2021042005003842,NICLBSL,3,20,10,1813.0,18130.0
2021042005003841,NICLBSL,3,42,10,1813.0,18130.0
2021042005003840,NICLBSL,3,58,10,1813.0,18130.0
2021042005003839,NICLBSL,57,49,20,1812.0,36240.0
2021042005003851,NICLBSL,17,20,10,1813.0,18130.0
2021042005003850,NICLBSL,17,21,10,1813.0,18130.0
2021042005003849,NICLBSL,17,44,10,1813.0,18130.0
2021042005003848,NICLBSL,57,29,10,1812.0,18120.0
2021042005003847,NICLBSL,57,47,10,1812.0,18120.0
2021042005003845,NICLBSL,57,47,10,1812.0,18120.0
2021042005003857,NICLBSL,57,17,10,1812.0,18120.0
2021042005003856,NICLBSL,34,35,10,1813.0,18130.0
2021042005003855,NICLBSL,54,20,10,1814.0,18140.0
2021042005003854,NICLBSL,54,40,10,1814.0,18140.0
2021042005003853,NICLBSL,34,20,10,1813.0,18130.0
2021042005003852,NICLBSL,17,42,10,1813.0,18130.0
2021042005003863,NICLBSL,35,53,10,1812.0,18120.0
2021042005003862,NICLBSL,35,58,50,1812.0,90600.0
2021042005003861,NICLBSL,35,20,10,1812.0,18120.0
2021042005003860,NICLBSL,7,1,20,1813.0,36260.0
2021042005003859,NICLBSL,35,35,20,1812.0,36240.0
2021042005003858,NICLBSL,35,20,10,1812.0,18120.0
2021042005003869,NICLBSL,29,6,40,1813.0,72520.0
2021042005003868,NICLBSL,29,55,10,1813.0,18130.0
2021042005003867,NICLBSL,45,20,10,1812.0,18120.0
2021042005003866,NICLBSL,45,35,10,1812.0,18120.0
2021042005003865,NICLBSL,13,38,10,1812.0,18120.0
2021042005003864,NICLBSL,13,16,10,1812.0,18120.0
2021042005003875,NICLBSL,29,55,10,1812.0,18120.0
2021042005003874,NICLBSL,29,20,10,1812.0,18120.0
2021042005003873,NICLBSL,29,38,10,1812.0,18120.0
2021042005003872,NICLBSL,45,49,10,1812.0,18120.0
2021042005003871,NICLBSL,45,4,10,1812.0,18120.0
2021042005003870,NICLBSL,45,20,10,1812.0,18120.0
2021042005003882,NICLBSL,29,45,10,1812.0,18120.0
2021042005003881,NICLBSL,29,59,10,1812.0,18120.0
2021042005003880,NICLBSL,54,55,10,1813.0,18130.0
2021042005003879,NICLBSL,54,50,10,1813.0,18130.0
2021042005003878,NICLBSL,29,19,10,1812.0,18120.0
2021042005003877,NICLBSL,58,6,10,1813.0,18130.0
2021042005003891,NICLBSL,21,38,10,1812.0,18120.0
2021042005003890,NICLBSL,29,38,120,1812.0,217440.0
2021042005003889,NICLBSL,58,38,50,1812.0,90600.0
2021042005003888,NICLBSL,29,17,10,1812.0,18120.0
2021042005003884,NICLBSL,38,55,10,1813.0,18130.0
2021042005003883,NICLBSL,29,10,10,1812.0,18120.0
2021042005003897,NICLBSL,14,38,100,1811.0,181100.0
2021042005003896,NICLBSL,46,38,20,1811.0,36220.0
2021042005003895,NICLBSL,17,38,10,1812.0,18120.0
2021042005003894,NICLBSL,33,38,18,1812.0,32616.0
2021042005003893,NICLBSL,39,38,30,1812.0,54360.0
2021042005003892,NICLBSL,14,38,50,1812.0,90600.0
2021042005003904,NICLBSL,7,32,10,1812.0,18120.0
2021042005003903,NICLBSL,7,7,10,1812.0,18120.0
2021042005003902,NICLBSL,7,20,10,1812.0,18120.0
2021042005003901,NICLBSL,11,20,10,1811.0,18110.0
2021042005003899,NICLBSL,11,38,12,1811.0,21732.0
2021042005003898,NICLBSL,47,38,100,1811.0,181100.0
2021042005003911,NICLBSL,38,21,10,1812.0,18120.0
2021042005003910,NICLBSL,40,16,10,1811.0,18110.0
2021042005003909,NICLBSL,7,17,10,1812.0,18120.0
2021042005003907,NICLBSL,42,54,10,1813.0,18130.0
2021042005003906,NICLBSL,42,20,10,1813.0,18130.0
2021042005003905,NICLBSL,42,53,20,1812.0,36240.0
2021042005003918,NICLBSL,6,57,50,1811.0,90550.0
2021042005003917,NICLBSL,21,57,50,1811.0,90550.0
2021042005003916,NICLBSL,40,57,10,1811.0,18110.0
2021042005003915,NICLBSL,42,57,50,1812.0,90600.0
2021042005003913,NICLBSL,38,51,180,1814.0,326520.0
2021042005003912,NICLBSL,38,58,10,1814.0,18140.0
2021042005003924,NICLBSL,11,57,10,1811.0,18110.0
2021042005003923,NICLBSL,16,57,50,1811.0,90550.0
2021042005003922,NICLBSL,36,57,25,1811.0,45275.0
2021042005003921,NICLBSL,21,57,10,1811.0,18110.0
2021042005003920,NICLBSL,11,57,50,1811.0,90550.0
2021042005003919,NICLBSL,38,57,20,1811.0,36220.0
2021042005003930,NICLBSL,5,57,20,1810.0,36200.0
2021042005003929,NICLBSL,48,57,250,1810.0,452500.0
2021042005003928,NICLBSL,37,57,100,1810.0,181000.0
2021042005003927,NICLBSL,57,57,30,1811.0,54330.0
2021042005003926,NICLBSL,53,57,100,1811.0,181100.0
2021042005003925,NICLBSL,41,57,50,1811.0,90550.0
2021042005003936,NICLBSL,7,57,10,1810.0,18100.0
2021042005003935,NICLBSL,39,57,100,1810.0,181000.0
2021042005003934,NICLBSL,32,57,30,1810.0,54300.0
2021042005003933,NICLBSL,39,57,50,1810.0,90500.0
2021042005003932,NICLBSL,55,57,20,1810.0,36200.0
2021042005003931,NICLBSL,49,57,20,1810.0,36200.0
2021042005003942,NICLBSL,48,57,100,1810.0,181000.0
2021042005003941,NICLBSL,35,57,20,1810.0,36200.0
2021042005003940,NICLBSL,57,57,50,1810.0,90500.0
2021042005003939,NICLBSL,45,57,100,1810.0,181000.0
2021042005003938,NICLBSL,17,57,100,1810.0,181000.0
2021042005003937,NICLBSL,59,57,10,1810.0,18100.0
2021042005003948,NICLBSL,45,57,50,1810.0,90500.0
2021042005003947,NICLBSL,29,57,50,1810.0,90500.0
2021042005003946,NICLBSL,57,57,50,1810.0,90500.0
2021042005003945,NICLBSL,21,57,100,1810.0,181000.0
2021042005003944,NICLBSL,25,57,30,1810.0,54300.0
2021042005003943,NICLBSL,17,57,10,1810.0,18100.0
2021042005003954,NICLBSL,19,51,20,1814.0,36280.0
2021042005003953,NICLBSL,42,26,20,1813.0,36260.0
2021042005003952,NICLBSL,39,51,20,1814.0,36280.0
2021042005003951,NICLBSL,21,57,100,1810.0,181000.0
2021042005003950,NICLBSL,57,57,20,1810.0,36200.0
2021042005003949,NICLBSL,57,57,100,1810.0,181000.0
2021042005003960,NICLBSL,49,49,10,1814.0,18140.0
2021042005003959,NICLBSL,49,57,10,1814.0,18140.0
2021042005003958,NICLBSL,49,26,10,1814.0,18140.0
2021042005003957,NICLBSL,49,58,10,1814.0,18140.0
2021042005003956,NICLBSL,49,51,30,1814.0,54420.0
2021042005003955,NICLBSL,19,38,10,1811.0,18110.0
2021042005003967,NICLBSL,49,17,10,1814.0,18140.0
2021042005003966,NICLBSL,49,26,10,1814.0,18140.0
2021042005003965,NICLBSL,38,55,10,1815.0,18150.0
2021042005003964,NICLBSL,49,35,10,1814.0,18140.0
2021042005003962,NICLBSL,49,17,10,1814.0,18140.0
2021042005003961,NICLBSL,41,55,10,1815.0,18150.0
2021042005003974,NICLBSL,18,38,10,1812.0,18120.0
2021042005003973,NICLBSL,44,38,10,1813.0,18130.0
2021042005003971,NICLBSL,18,26,20,1812.0,36240.0
2021042005003970,NICLBSL,49,38,10,1814.0,18140.0
2021042005003969,NICLBSL,49,20,10,1814.0,18140.0
2021042005003968,NICLBSL,49,57,10,1814.0,18140.0
2021042005003980,NICLBSL,47,16,10,1812.0,18120.0
2021042005003979,NICLBSL,47,20,10,1812.0,18120.0
2021042005003978,NICLBSL,47,46,10,1812.0,18120.0
2021042005003977,NICLBSL,47,17,10,1812.0,18120.0
2021042005003976,NICLBSL,47,54,10,1812.0,18120.0
2021042005003975,NICLBSL,47,53,10,1812.0,18120.0
2021042005003988,NICLBSL,21,20,10,1813.0,18130.0
2021042005003987,NICLBSL,37,22,10,1813.0,18130.0
2021042005003986,NICLBSL,33,41,10,1813.0,18130.0
2021042005003983,NICLBSL,11,35,10,1813.0,18130.0
2021042005003982,NICLBSL,47,42,10,1812.0,18120.0
2021042005003981,NICLBSL,47,56,10,1812.0,18120.0
2021042005003994,NICLBSL,21,57,10,1813.0,18130.0
2021042005003993,NICLBSL,21,17,20,1813.0,36260.0
2021042005003992,NICLBSL,21,32,10,1813.0,18130.0
2021042005003991,NICLBSL,21,17,10,1813.0,18130.0
2021042005003990,NICLBSL,21,59,20,1813.0,36260.0
2021042005003989,NICLBSL,21,53,10,1813.0,18130.0
2021042005004000,NICLBSL,47,6,430,1812.0,779160.0
2021042005003999,NICLBSL,47,35,10,1812.0,18120.0
2021042005003998,NICLBSL,50,42,10,1813.0,18130.0
2021042005003997,NICLBSL,36,10,10,1813.0,18130.0
2021042005003996,NICLBSL,49,49,10,1814.0,18140.0
2021042005003995,NICLBSL,21,13,10,1813.0,18130.0
2021042005004008,NICLBSL,47,6,200,1812.0,362400.0
2021042005004007,NICLBSL,47,53,10,1812.0,18120.0
2021042005004006,NICLBSL,47,56,10,1812.0,18120.0
2021042005004005,NICLBSL,47,58,10,1812.0,18120.0
2021042005004003,NICLBSL,47,47,20,1812.0,36240.0
2021042005004002,NICLBSL,45,42,20,1813.0,36260.0
2021042005004014,NICLBSL,47,42,190,1812.0,344280.0
2021042005004013,NICLBSL,47,17,20,1812.0,36240.0
2021042005004012,NICLBSL,47,56,10,1812.0,18120.0
2021042005004011,NICLBSL,47,45,10,1812.0,18120.0
2021042005004010,NICLBSL,43,3,10,1813.0,18130.0
2021042005004009,NICLBSL,43,45,10,1813.0,18130.0
2021042005004020,NICLBSL,40,22,10,1813.0,18130.0
2021042005004019,NICLBSL,56,53,10,1812.0,18120.0
2021042005004018,NICLBSL,45,20,10,1813.0,18130.0
2021042005004017,NICLBSL,45,38,10,1813.0,18130.0
2021042005004016,NICLBSL,45,10,10,1813.0,18130.0
2021042005004015,NICLBSL,56,42,40,1812.0,72480.0
2021042005004026,NICLBSL,18,58,10,1813.0,18130.0
2021042005004025,NICLBSL,56,21,10,1812.0,18120.0
2021042005004024,NICLBSL,7,51,41,1813.0,74333.0
2021042005004023,NICLBSL,56,50,10,1812.0,18120.0
2021042005004022,NICLBSL,40,51,10,1813.0,18130.0
2021042005004021,NICLBSL,40,6,10,1813.0,18130.0
2021042005004032,NICLBSL,18,49,36,1814.0,65304.0
2021042005004031,NICLBSL,18,51,10,1813.0,18130.0
2021042005004030,NICLBSL,18,41,10,1813.0,18130.0
2021042005004029,NICLBSL,18,35,10,1813.0,18130.0
2021042005004028,NICLBSL,18,47,10,1813.0,18130.0
2021042005004027,NICLBSL,18,46,10,1813.0,18130.0
2021042005004038,NICLBSL,18,11,10,1814.0,18140.0
2021042005004037,NICLBSL,18,49,10,1814.0,18140.0
2021042005004036,NICLBSL,18,11,10,1814.0,18140.0
2021042005004035,NICLBSL,18,49,10,1814.0,18140.0
2021042005004034,NICLBSL,18,45,10,1814.0,18140.0
2021042005004033,NICLBSL,18,49,10,1814.0,18140.0
2021042005004044,NICLBSL,56,57,11,1812.0,19932.0
2021042005004043,NICLBSL,49,57,20,1813.0,36260.0
2021042005004042,NICLBSL,18,17,10,1814.0,18140.0
2021042005004041,NICLBSL,18,11,10,1814.0,18140.0
2021042005004040,NICLBSL,18,11,10,1814.0,18140.0
2021042005004039,NICLBSL,18,11,10,1814.0,18140.0
2021042005004050,NICLBSL,21,46,10,1813.0,18130.0
2021042005004049,NICLBSL,21,57,50,1813.0,90650.0
2021042005004048,NICLBSL,38,57,10,1813.0,18130.0
2021042005004047,NICLBSL,56,17,10,1812.0,18120.0
2021042005004046,NICLBSL,54,57,30,1813.0,54390.0
2021042005004045,NICLBSL,39,57,10,1813.0,18130.0
2021042005004056,NICLBSL,40,48,76,1812.0,137712.0
2021042005004055,NICLBSL,40,48,50,1812.0,90600.0
2021042005004054,NICLBSL,50,48,10,1812.0,18120.0
2021042005004053,NICLBSL,36,48,10,1812.0,18120.0
2021042005004052,NICLBSL,52,48,20,1813.0,36260.0
2021042005004051,NICLBSL,21,48,40,1813.0,72520.0
2021042005004062,NICLBSL,53,34,10,1813.0,18130.0
2021042005004061,NICLBSL,53,22,10,1813.0,18130.0
2021042005004060,NICLBSL,40,58,10,1812.0,18120.0
2021042005004059,NICLBSL,50,53,10,1813.0,18130.0
2021042005004058,NICLBSL,50,21,10,1813.0,18130.0
2021042005004057,NICLBSL,40,46,10,1812.0,18120.0
2021042005004068,NICLBSL,21,41,10,1813.0,18130.0
2021042005004067,NICLBSL,21,25,10,1813.0,18130.0
2021042005004066,NICLBSL,34,29,10,1812.0,18120.0
2021042005004065,NICLBSL,34,38,10,1812.0,18120.0
2021042005004064,NICLBSL,34,17,10,1812.0,18120.0
2021042005004063,NICLBSL,34,45,15,1812.0,27180.0
2021042005004074,NICLBSL,25,32,15,1812.0,27180.0
2021042005004073,NICLBSL,34,32,20,1812.0,36240.0
2021042005004072,NICLBSL,28,32,20,1812.0,36240.0
2021042005004071,NICLBSL,34,32,45,1812.0,81540.0
2021042005004070,NICLBSL,50,37,20,1813.0,36260.0
2021042005004069,NICLBSL,34,29,10,1812.0,18120.0
2021042005004080,NICLBSL,25,57,15,1812.0,27180.0
2021042005004079,NICLBSL,25,58,10,1812.0,18120.0
2021042005004078,NICLBSL,37,1,10,1813.0,18130.0
2021042005004077,NICLBSL,37,47,10,1813.0,18130.0
2021042005004076,NICLBSL,38,17,20,1813.0,36260.0
2021042005004075,NICLBSL,25,58,10,1812.0,18120.0
2021042005004086,NICLBSL,43,47,10,1813.0,18130.0
2021042005004085,NICLBSL,16,58,10,1812.0,18120.0
2021042005004084,NICLBSL,16,51,10,1812.0,18120.0
2021042005004083,NICLBSL,14,39,40,1813.0,72520.0
2021042005004082,NICLBSL,41,32,100,1813.0,181300.0
2021042005004081,NICLBSL,16,57,16,1812.0,28992.0
2021042005004092,NICLBSL,14,25,20,1813.0,36260.0
2021042005004091,NICLBSL,16,58,10,1812.0,18120.0
2021042005004090,NICLBSL,43,14,10,1814.0,18140.0
2021042005004089,NICLBSL,43,53,10,1814.0,18140.0
2021042005004088,NICLBSL,43,11,10,1814.0,18140.0
2021042005004087,NICLBSL,43,57,10,1813.0,18130.0
2021042005004098,NICLBSL,14,17,10,1813.0,18130.0
2021042005004097,NICLBSL,14,29,10,1813.0,18130.0
2021042005004096,NICLBSL,14,22,10,1813.0,18130.0
2021042005004095,NICLBSL,14,45,14,1813.0,25382.0
2021042005004094,NICLBSL,14,58,10,1813.0,18130.0
2021042005004093,NICLBSL,14,42,10,1813.0,18130.0
2021042005004104,NICLBSL,19,22,10,1814.0,18140.0
2021042005004103,NICLBSL,19,14,180,1814.0,326520.0
2021042005004102,NICLBSL,58,14,30,1814.0,54420.0
2021042005004101,NICLBSL,58,29,10,1813.0,18130.0
2021042005004100,NICLBSL,58,3,10,1813.0,18130.0
2021042005004099,NICLBSL,14,45,10,1813.0,18130.0
2021042005004110,NICLBSL,33,36,20,1815.0,36300.0
2021042005004109,NICLBSL,33,40,10,1815.0,18150.0
2021042005004108,NICLBSL,33,55,58,1815.0,105270.0
2021042005004107,NICLBSL,41,34,10,1814.0,18140.0
2021042005004106,NICLBSL,41,46,40,1814.0,72560.0
2021042005004105,NICLBSL,19,46,60,1814.0,108840.0
2021042005004116,NICLBSL,33,32,10,1815.0,18150.0
2021042005004115,NICLBSL,33,34,10,1815.0,18150.0
2021042005004114,NICLBSL,33,34,20,1815.0,36300.0
2021042005004113,NICLBSL,33,21,50,1815.0,90750.0
2021042005004112,NICLBSL,33,49,10,1815.0,18150.0
2021042005004111,NICLBSL,33,49,10,1815.0,18150.0
2021042005004122,NICLBSL,32,49,30,1812.0,54360.0
2021042005004121,NICLBSL,29,49,100,1812.0,181200.0
2021042005004120,NICLBSL,16,49,74,1812.0,134088.0
2021042005004119,NICLBSL,16,38,10,1812.0,18120.0
2021042005004118,NICLBSL,16,47,140,1812.0,253680.0
2021042005004117,NICLBSL,37,47,20,1813.0,36260.0
2021042005004128,NICLBSL,56,45,100,1812.0,181200.0
2021042005004127,NICLBSL,52,45,10,1812.0,18120.0
2021042005004126,NICLBSL,28,49,21,1812.0,38052.0
2021042005004125,NICLBSL,33,49,10,1812.0,18120.0
2021042005004124,NICLBSL,42,49,35,1812.0,63420.0
2021042005004123,NICLBSL,39,49,30,1812.0,54360.0
2021042005004134,NICLBSL,21,4,50,1815.0,90750.0
2021042005004133,NICLBSL,17,17,10,1813.0,18130.0
2021042005004132,NICLBSL,58,32,10,1815.0,18150.0
2021042005004131,NICLBSL,57,45,35,1812.0,63420.0
2021042005004130,NICLBSL,43,45,25,1812.0,45300.0
2021042005004129,NICLBSL,32,45,50,1812.0,90600.0
2021042005004140,NICLBSL,19,4,110,1814.0,199540.0
2021042005004139,NICLBSL,19,29,10,1814.0,18140.0
2021042005004138,NICLBSL,19,26,10,1814.0,18140.0
2021042005004137,NICLBSL,19,32,100,1814.0,181400.0
2021042005004136,NICLBSL,19,38,10,1814.0,18140.0
2021042005004135,NICLBSL,19,58,10,1814.0,18140.0
2021042005004146,NICLBSL,17,17,10,1813.0,18130.0
2021042005004145,NICLBSL,48,4,20,1815.0,36300.0
2021042005004144,NICLBSL,8,4,20,1814.0,36280.0
2021042005004143,NICLBSL,57,4,30,1814.0,54420.0
2021042005004142,NICLBSL,57,4,30,1814.0,54420.0
2021042005004141,NICLBSL,34,4,10,1814.0,18140.0
2021042005004152,NICLBSL,53,4,20,1815.0,36300.0
2021042005004151,NICLBSL,49,38,10,1814.0,18140.0
2021042005004150,NICLBSL,49,29,10,1814.0,18140.0
2021042005004149,NICLBSL,49,44,10,1814.0,18140.0
2021042005004148,NICLBSL,57,4,20,1815.0,36300.0
2021042005004147,NICLBSL,42,4,55,1815.0,99825.0
2021042005004158,NICLBSL,57,1,15,1815.0,27225.0
2021042005004157,NICLBSL,57,25,10,1815.0,18150.0
2021042005004156,NICLBSL,57,17,10,1815.0,18150.0
2021042005004155,NICLBSL,57,33,20,1815.0,36300.0
2021042005004154,NICLBSL,57,16,10,1815.0,18150.0
2021042005004153,NICLBSL,57,4,35,1815.0,63525.0
2021042005004164,NICLBSL,45,1,10,1815.0,18150.0
2021042005004163,NICLBSL,45,33,10,1815.0,18150.0
2021042005004162,NICLBSL,45,58,10,1815.0,18150.0
2021042005004161,NICLBSL,45,1,10,1815.0,18150.0
2021042005004160,NICLBSL,45,29,10,1815.0,18150.0
2021042005004159,NICLBSL,45,1,16,1815.0,29040.0
2021042005004171,NICLBSL,25,13,10,1818.0,18180.0
2021042005004170,NICLBSL,25,13,41,1818.0,74538.0
2021042005004169,NICLBSL,25,1,31,1818.0,56358.0
2021042005004168,NICLBSL,25,17,10,1818.0,18180.0
2021042005004167,NICLBSL,45,49,10,1815.0,18150.0
2021042005004165,NICLBSL,45,48,10,1815.0,18150.0
2021042005004177,NICLBSL,57,54,10,1815.0,18150.0
2021042005004176,NICLBSL,45,29,10,1815.0,18150.0
2021042005004175,NICLBSL,39,43,144,1818.0,261792.0
2021042005004174,NICLBSL,39,1,10,1818.0,18180.0
2021042005004173,NICLBSL,39,13,10,1818.0,18180.0
2021042005004172,NICLBSL,39,13,36,1818.0,65448.0
2021042005004183,NICLBSL,25,58,15,1815.0,27225.0
2021042005004182,NICLBSL,49,58,10,1815.0,18150.0
2021042005004181,NICLBSL,45,58,10,1815.0,18150.0
2021042005004180,NICLBSL,35,58,40,1815.0,72600.0
2021042005004179,NICLBSL,49,58,10,1815.0,18150.0
2021042005004178,NICLBSL,39,58,20,1815.0,36300.0
2021042005004189,NICLBSL,57,25,10,1815.0,18150.0
2021042005004188,NICLBSL,57,33,10,1815.0,18150.0
2021042005004187,NICLBSL,57,58,13,1815.0,23595.0
2021042005004186,NICLBSL,48,58,10,1815.0,18150.0
2021042005004185,NICLBSL,1,58,62,1815.0,112530.0
2021042005004184,NICLBSL,17,58,20,1815.0,36300.0
2021042005004195,NICLBSL,57,43,50,1814.0,90700.0
2021042005004194,NICLBSL,58,43,50,1815.0,90750.0
2021042005004193,NICLBSL,3,43,50,1815.0,90750.0
2021042005004192,NICLBSL,57,43,17,1815.0,30855.0
2021042005004191,NICLBSL,38,43,59,1818.0,107262.0
2021042005004190,NICLBSL,38,49,41,1817.0,74497.0
2021042005004201,NICLBSL,26,43,50,1813.0,90650.0
2021042005004200,NICLBSL,17,43,20,1813.0,36260.0
2021042005004199,NICLBSL,38,43,10,1814.0,18140.0
2021042005004198,NICLBSL,25,43,85,1814.0,154190.0
2021042005004197,NICLBSL,41,43,53,1814.0,96142.0
2021042005004196,NICLBSL,41,43,10,1814.0,18140.0
2021042005004209,NICLBSL,34,43,10,1818.0,18180.0
2021042005004208,NICLBSL,51,17,10,1815.0,18150.0
2021042005004207,NICLBSL,51,29,10,1815.0,18150.0
2021042005004205,NICLBSL,38,43,46,1818.0,83628.0
2021042005004204,NICLBSL,38,56,10,1815.0,18150.0
2021042005004202,NICLBSL,40,43,100,1813.0,181300.0
2021042005004217,NICLBSL,57,43,51,1818.0,92718.0
2021042005004216,NICLBSL,37,29,10,1816.0,18160.0
2021042005004214,NICLBSL,34,43,20,1818.0,36360.0
2021042005004213,NICLBSL,34,33,10,1817.0,18170.0
2021042005004211,NICLBSL,44,43,20,1818.0,36360.0
2021042005004210,NICLBSL,5,43,150,1818.0,272700.0
2021042005004224,NICLBSL,42,5,50,1815.0,90750.0
2021042005004223,NICLBSL,51,5,30,1815.0,54450.0
2021042005004222,NICLBSL,51,5,80,1815.0,145200.0
2021042005004221,NICLBSL,37,5,20,1816.0,36320.0
2021042005004219,NICLBSL,57,57,39,1818.0,70902.0
2021042005004218,NICLBSL,57,52,10,1818.0,18180.0
2021042005004230,NICLBSL,45,57,51,1818.0,92718.0
2021042005004229,NICLBSL,13,57,10,1818.0,18180.0
2021042005004228,NICLBSL,22,57,10,1816.0,18160.0
2021042005004227,NICLBSL,22,38,10,1816.0,18160.0
2021042005004226,NICLBSL,22,33,10,1816.0,18160.0
2021042005004225,NICLBSL,33,5,130,1815.0,235950.0
2021042005004236,NICLBSL,45,49,10,1815.0,18150.0
2021042005004235,NICLBSL,33,49,120,1815.0,217800.0
2021042005004234,NICLBSL,22,49,20,1816.0,36320.0
2021042005004233,NICLBSL,38,49,10,1817.0,18170.0
2021042005004232,NICLBSL,14,49,10,1818.0,18180.0
2021042005004231,NICLBSL,45,49,49,1818.0,89082.0
2021042005004242,NICLBSL,42,49,12,1815.0,21780.0
2021042005004241,NICLBSL,21,49,10,1815.0,18150.0
2021042005004240,NICLBSL,22,49,20,1815.0,36300.0
2021042005004239,NICLBSL,56,49,30,1815.0,54450.0
2021042005004238,NICLBSL,29,49,20,1815.0,36300.0
2021042005004237,NICLBSL,57,49,50,1815.0,90750.0
2021042005004248,NICLBSL,18,39,10,1817.0,18170.0
2021042005004247,NICLBSL,45,33,10,1818.0,18180.0
2021042005004246,NICLBSL,42,33,40,1818.0,72720.0
2021042005004245,NICLBSL,29,28,10,1816.0,18160.0
2021042005004244,NICLBSL,38,48,10,1816.0,18160.0
2021042005004243,NICLBSL,49,33,20,1818.0,36360.0
2021042005003738,JLI,14,49,10,751.0,7510.0
2021042005003721,JLI,14,49,10,751.0,7510.0
2021042005003692,JLI,14,49,10,751.0,7510.0
2021042005003691,JLI,14,44,10,751.0,7510.0
2021042005003641,JLI,14,32,10,751.0,7510.0
2021042005003629,JLI,14,36,10,751.0,7510.0
2021042005003340,JLI,38,38,5,751.0,3755.0
2021042005003290,JLI,14,36,10,751.0,7510.0
2021042005003267,JLI,14,49,10,751.0,7510.0
2021042005003256,JLI,14,36,10,751.0,7510.0
2021042005003472,JLI,14,28,10,751.0,7510.0
2021042005003468,JLI,14,32,10,751.0,7510.0
2021042005003459,JLI,14,36,10,751.0,7510.0
2021042005003428,JLI,14,32,10,751.0,7510.0
2021042005003369,JLI,14,10,10,751.0,7510.0
2021042005003360,JLI,14,28,10,751.0,7510.0
2021042005003599,JLI,14,32,10,751.0,7510.0
2021042005003586,JLI,14,28,10,751.0,7510.0
2021042005003572,JLI,14,28,10,751.0,7510.0
2021042005003570,JLI,14,16,10,751.0,7510.0
2021042005003557,JLI,14,46,10,751.0,7510.0
2021042005003488,JLI,14,17,10,751.0,7510.0
2021042005003677,MLBSL,59,36,10,1606.0,16060.0
2021042005003597,MLBSL,59,41,10,1606.0,16060.0
2021042005003754,NICLBSL,40,17,10,1813.0,18130.0
2021042005003753,NICLBSL,40,38,10,1813.0,18130.0
2021042005003752,NICLBSL,4,53,10,1814.0,18140.0
2021042005003751,NICLBSL,4,22,10,1814.0,18140.0
2021042005003750,NICLBSL,40,17,20,1813.0,36260.0
2021042005003749,NICLBSL,40,57,10,1813.0,18130.0
2021042005003257,NICLBSL,40,49,50,1816.0,90800.0
2021042005003255,NICLBSL,28,58,10,1816.0,18160.0
2021042005003263,NICLBSL,58,11,10,1815.0,18150.0
2021042005003262,NICLBSL,58,57,10,1815.0,18150.0
2021042005003261,NICLBSL,11,51,10,1816.0,18160.0
2021042005003260,NICLBSL,11,49,10,1816.0,18160.0
2021042005003259,NICLBSL,58,28,10,1815.0,18150.0
2021042005003258,NICLBSL,44,49,40,1816.0,72640.0
2021042005003270,NICLBSL,25,59,10,1815.0,18150.0
2021042005003269,NICLBSL,25,48,10,1815.0,18150.0
2021042005003268,NICLBSL,52,21,10,1815.0,18150.0
2021042005003266,NICLBSL,52,28,10,1815.0,18150.0
2021042005003265,NICLBSL,52,48,10,1815.0,18150.0
2021042005003264,NICLBSL,34,38,10,1816.0,18160.0
2021042005003276,NICLBSL,21,35,10,1820.0,18200.0
2021042005003275,NICLBSL,21,56,10,1820.0,18200.0
2021042005003274,NICLBSL,21,19,10,1820.0,18200.0
2021042005003273,NICLBSL,21,58,20,1820.0,36400.0
2021042005003272,NICLBSL,38,34,10,1820.0,18200.0
2021042005003271,NICLBSL,38,45,10,1815.0,18150.0
2021042005003282,NICLBSL,52,4,20,1815.0,36300.0
2021042005003281,NICLBSL,38,4,15,1815.0,27225.0
2021042005003280,NICLBSL,51,4,150,1816.0,272400.0
2021042005003279,NICLBSL,45,4,30,1816.0,54480.0
2021042005003278,NICLBSL,45,59,10,1816.0,18160.0
2021042005003277,NICLBSL,45,11,10,1816.0,18160.0
2021042005003288,NICLBSL,35,39,10,1816.0,18160.0
2021042005003287,NICLBSL,35,59,10,1816.0,18160.0
2021042005003286,NICLBSL,35,33,20,1816.0,36320.0
2021042005003285,NICLBSL,35,45,10,1815.0,18150.0
2021042005003284,NICLBSL,35,40,10,1815.0,18150.0
2021042005003283,NICLBSL,35,4,85,1815.0,154275.0
2021042005003295,NICLBSL,35,59,10,1816.0,18160.0
2021042005003294,NICLBSL,35,47,10,1816.0,18160.0
2021042005003293,NICLBSL,35,11,20,1816.0,36320.0
2021042005003292,NICLBSL,35,48,10,1816.0,18160.0
2021042005003291,NICLBSL,35,59,10,1816.0,18160.0
2021042005003289,NICLBSL,35,45,10,1816.0,18160.0
2021042005003301,NICLBSL,35,11,10,1816.0,18160.0
2021042005003300,NICLBSL,35,29,10,1816.0,18160.0
2021042005003299,NICLBSL,35,38,10,1816.0,18160.0
2021042005003298,NICLBSL,35,35,10,1816.0,18160.0
2021042005003297,NICLBSL,35,59,10,1816.0,18160.0
2021042005003296,NICLBSL,35,48,20,1816.0,36320.0
2021042005003307,NICLBSL,39,14,10,1818.0,18180.0
2021042005003306,NICLBSL,49,58,20,1817.0,36340.0
2021042005003305,NICLBSL,35,41,10,1816.0,18160.0
2021042005003304,NICLBSL,35,38,10,1816.0,18160.0
2021042005003303,NICLBSL,35,59,10,1816.0,18160.0
2021042005003302,NICLBSL,35,51,10,1816.0,18160.0
2021042005003313,NICLBSL,35,59,10,1816.0,18160.0
2021042005003312,NICLBSL,35,59,10,1816.0,18160.0
2021042005003311,NICLBSL,49,11,10,1817.0,18170.0
2021042005003310,NICLBSL,49,36,10,1817.0,18170.0
2021042005003309,NICLBSL,49,59,10,1817.0,18170.0
2021042005003308,NICLBSL,39,59,10,1818.0,18180.0
2021042005003319,NICLBSL,47,44,20,1816.0,36320.0
2021042005003318,NICLBSL,47,48,10,1816.0,18160.0
2021042005003317,NICLBSL,47,59,10,1816.0,18160.0
2021042005003316,NICLBSL,47,11,10,1816.0,18160.0
2021042005003315,NICLBSL,47,45,20,1816.0,36320.0
2021042005003314,NICLBSL,35,59,10,1816.0,18160.0
2021042005003325,NICLBSL,49,14,10,1817.0,18170.0
2021042005003324,NICLBSL,49,58,20,1817.0,36340.0
2021042005003323,NICLBSL,49,50,10,1817.0,18170.0
2021042005003322,NICLBSL,47,59,10,1816.0,18160.0
2021042005003321,NICLBSL,44,50,10,1817.0,18170.0
2021042005003320,NICLBSL,47,28,10,1816.0,18160.0
2021042005003331,NICLBSL,47,49,10,1816.0,18160.0
2021042005003330,NICLBSL,41,49,20,1817.0,36340.0
2021042005003329,NICLBSL,49,49,30,1817.0,54510.0
2021042005003328,NICLBSL,49,58,10,1817.0,18170.0
2021042005003327,NICLBSL,49,59,10,1817.0,18170.0
2021042005003326,NICLBSL,49,58,10,1817.0,18170.0
2021042005003337,NICLBSL,25,11,10,1817.0,18170.0
2021042005003336,NICLBSL,29,1,77,1816.0,139832.0
2021042005003335,NICLBSL,19,1,43,1816.0,78088.0
2021042005003334,NICLBSL,35,49,100,1816.0,181600.0
2021042005003333,NICLBSL,7,49,20,1816.0,36320.0
2021042005003332,NICLBSL,14,49,20,1816.0,36320.0
2021042005003344,NICLBSL,29,55,10,1816.0,18160.0
2021042005003343,NICLBSL,5,58,20,1817.0,36340.0
2021042005003342,NICLBSL,29,1,20,1817.0,36340.0
2021042005003341,NICLBSL,33,58,10,1817.0,18170.0
2021042005003339,NICLBSL,33,4,20,1819.0,36380.0
2021042005003338,NICLBSL,33,21,10,1817.0,18170.0
2021042005003350,NICLBSL,29,48,20,1816.0,36320.0
2021042005003349,NICLBSL,44,39,10,1818.0,18180.0
2021042005003348,NICLBSL,44,11,10,1817.0,18170.0
2021042005003347,NICLBSL,29,38,10,1816.0,18160.0
2021042005003346,NICLBSL,45,11,10,1817.0,18170.0
2021042005003345,NICLBSL,29,16,100,1816.0,181600.0
2021042005003356,NICLBSL,33,6,10,1817.0,18170.0
2021042005003355,NICLBSL,33,11,10,1817.0,18170.0
2021042005003354,NICLBSL,29,11,20,1816.0,36320.0
2021042005003353,NICLBSL,29,49,10,1816.0,18160.0
2021042005003352,NICLBSL,29,28,10,1816.0,18160.0
2021042005003351,NICLBSL,29,1,10,1816.0,18160.0
2021042005003363,NICLBSL,22,58,10,1816.0,18160.0
2021042005003362,NICLBSL,41,4,20,1820.0,36400.0
2021042005003361,NICLBSL,22,46,10,1816.0,18160.0
2021042005003359,NICLBSL,21,11,10,1816.0,18160.0
2021042005003358,NICLBSL,7,58,20,1817.0,36340.0
2021042005003357,NICLBSL,29,48,10,1816.0,18160.0
2021042005003370,NICLBSL,35,48,20,1817.0,36340.0
2021042005003368,NICLBSL,35,45,10,1817.0,18170.0
2021042005003367,NICLBSL,35,22,10,1817.0,18170.0
2021042005003366,NICLBSL,35,11,10,1817.0,18170.0
2021042005003365,NICLBSL,22,42,20,1816.0,36320.0
2021042005003364,NICLBSL,22,1,20,1816.0,36320.0
2021042005003376,NICLBSL,35,48,10,1818.0,18180.0
2021042005003375,NICLBSL,35,29,20,1818.0,36360.0
2021042005003374,NICLBSL,35,49,10,1818.0,18180.0
2021042005003373,NICLBSL,35,39,10,1818.0,18180.0
2021042005003372,NICLBSL,35,11,10,1818.0,18180.0
2021042005003371,NICLBSL,35,22,10,1817.0,18170.0
2021042005003382,NICLBSL,56,51,45,1820.0,81900.0
2021042005003381,NICLBSL,56,21,10,1819.0,18190.0
2021042005003380,NICLBSL,35,49,10,1818.0,18180.0
2021042005003379,NICLBSL,35,45,10,1818.0,18180.0
2021042005003378,NICLBSL,35,45,75,1818.0,136350.0
2021042005003377,NICLBSL,35,34,10,1818.0,18180.0
2021042005003388,NICLBSL,35,38,10,1817.0,18170.0
2021042005003387,NICLBSL,35,1,10,1817.0,18170.0
2021042005003386,NICLBSL,35,45,10,1817.0,18170.0
2021042005003385,NICLBSL,35,48,10,1817.0,18170.0
2021042005003384,NICLBSL,35,34,10,1817.0,18170.0
2021042005003383,NICLBSL,35,17,85,1818.0,154530.0
2021042005003394,NICLBSL,35,45,10,1817.0,18170.0
2021042005003393,NICLBSL,35,11,20,1817.0,36340.0
2021042005003392,NICLBSL,35,28,10,1817.0,18170.0
2021042005003391,NICLBSL,35,28,10,1817.0,18170.0
2021042005003390,NICLBSL,35,48,10,1817.0,18170.0
2021042005003389,NICLBSL,35,34,20,1817.0,36340.0
2021042005003400,NICLBSL,35,38,10,1817.0,18170.0
2021042005003399,NICLBSL,35,1,10,1817.0,18170.0
2021042005003398,NICLBSL,35,20,10,1817.0,18170.0
2021042005003397,NICLBSL,35,49,10,1817.0,18170.0
2021042005003396,NICLBSL,35,43,10,1817.0,18170.0
2021042005003395,NICLBSL,35,1,10,1817.0,18170.0
2021042005003406,NICLBSL,35,58,10,1817.0,18170.0
2021042005003405,NICLBSL,4,13,10,1818.0,18180.0
2021042005003404,NICLBSL,4,16,10,1818.0,18180.0
2021042005003403,NICLBSL,4,17,10,1818.0,18180.0
2021042005003402,NICLBSL,4,17,25,1818.0,45450.0
2021042005003401,NICLBSL,35,28,10,1817.0,18170.0
2021042005003412,NICLBSL,35,44,10,1817.0,18170.0
2021042005003411,NICLBSL,35,8,10,1817.0,18170.0
2021042005003410,NICLBSL,49,55,10,1818.0,18180.0
2021042005003409,NICLBSL,35,45,10,1817.0,18170.0
2021042005003408,NICLBSL,35,1,10,1817.0,18170.0
2021042005003407,NICLBSL,35,8,10,1817.0,18170.0
2021042005003418,NICLBSL,35,11,10,1817.0,18170.0
2021042005003417,NICLBSL,38,36,10,1818.0,18180.0
2021042005003416,NICLBSL,35,8,10,1817.0,18170.0
2021042005003415,NICLBSL,35,45,10,1817.0,18170.0
2021042005003414,NICLBSL,53,35,20,1818.0,36360.0
2021042005003413,NICLBSL,53,28,10,1817.0,18170.0
2021042005003424,NICLBSL,44,8,10,1818.0,18180.0
2021042005003423,NICLBSL,44,49,10,1818.0,18180.0
2021042005003422,NICLBSL,44,10,10,1818.0,18180.0
2021042005003421,NICLBSL,44,36,10,1818.0,18180.0
2021042005003420,NICLBSL,44,58,10,1818.0,18180.0
2021042005003419,NICLBSL,35,8,10,1817.0,18170.0
2021042005003431,NICLBSL,35,58,10,1817.0,18170.0
2021042005003430,NICLBSL,35,56,10,1817.0,18170.0
2021042005003429,NICLBSL,35,8,10,1817.0,18170.0
2021042005003427,NICLBSL,7,11,20,1818.0,36360.0
2021042005003426,NICLBSL,7,41,10,1818.0,18180.0
2021042005003425,NICLBSL,44,58,10,1818.0,18180.0
2021042005003437,NICLBSL,50,28,10,1818.0,18180.0
2021042005003436,NICLBSL,50,19,10,1818.0,18180.0
2021042005003435,NICLBSL,50,39,10,1818.0,18180.0
2021042005003434,NICLBSL,1,11,10,1817.0,18170.0
2021042005003433,NICLBSL,17,51,10,1820.0,18200.0
2021042005003432,NICLBSL,17,39,10,1818.0,18180.0
2021042005003443,NICLBSL,38,34,36,1818.0,65448.0
2021042005003442,NICLBSL,57,58,20,1817.0,36340.0
2021042005003441,NICLBSL,57,45,10,1817.0,18170.0
2021042005003440,NICLBSL,17,51,20,1820.0,36400.0
2021042005003439,NICLBSL,50,42,10,1818.0,18180.0
2021042005003438,NICLBSL,50,8,10,1818.0,18180.0
2021042005003449,NICLBSL,38,55,10,1820.0,18200.0
2021042005003448,NICLBSL,38,35,10,1820.0,18200.0
2021042005003447,NICLBSL,38,19,10,1820.0,18200.0
2021042005003446,NICLBSL,38,35,10,1820.0,18200.0
2021042005003445,NICLBSL,38,29,10,1820.0,18200.0
2021042005003444,NICLBSL,38,51,16,1820.0,29120.0
2021042005003455,NICLBSL,57,58,10,1817.0,18170.0
2021042005003454,NICLBSL,38,47,10,1820.0,18200.0
2021042005003453,NICLBSL,38,8,10,1820.0,18200.0
2021042005003452,NICLBSL,38,21,10,1820.0,18200.0
2021042005003451,NICLBSL,38,29,100,1820.0,182000.0
2021042005003450,NICLBSL,38,42,10,1820.0,18200.0
2021042005003462,NICLBSL,57,47,10,1817.0,18170.0
2021042005003461,NICLBSL,57,6,10,1817.0,18170.0
2021042005003460,NICLBSL,57,11,10,1817.0,18170.0
2021042005003458,NICLBSL,57,3,10,1817.0,18170.0
2021042005003457,NICLBSL,57,8,10,1817.0,18170.0
2021042005003456,NICLBSL,57,5,10,1817.0,18170.0
2021042005003469,NICLBSL,58,47,10,1817.0,18170.0
2021042005003467,NICLBSL,58,11,10,1817.0,18170.0
2021042005003466,NICLBSL,58,47,10,1817.0,18170.0
2021042005003465,NICLBSL,58,8,10,1817.0,18170.0
2021042005003464,NICLBSL,8,18,10,1817.0,18170.0
2021042005003463,NICLBSL,8,21,10,1817.0,18170.0
2021042005003476,NICLBSL,42,21,10,1817.0,18170.0
2021042005003475,NICLBSL,42,3,10,1817.0,18170.0
2021042005003474,NICLBSL,42,8,20,1817.0,36340.0
2021042005003473,NICLBSL,58,3,22,1817.0,39974.0
2021042005003471,NICLBSL,58,38,20,1817.0,36340.0
2021042005003470,NICLBSL,58,42,10,1817.0,18170.0
2021042005003482,NICLBSL,6,34,10,1817.0,18170.0
2021042005003481,NICLBSL,6,34,10,1817.0,18170.0
2021042005003480,NICLBSL,6,21,10,1817.0,18170.0
2021042005003479,NICLBSL,42,8,10,1817.0,18170.0
2021042005003478,NICLBSL,42,3,10,1817.0,18170.0
2021042005003477,NICLBSL,42,47,10,1817.0,18170.0
2021042005003489,NICLBSL,45,34,10,1817.0,18170.0
2021042005003487,NICLBSL,45,21,10,1817.0,18170.0
2021042005003486,NICLBSL,45,11,10,1817.0,18170.0
2021042005003485,NICLBSL,45,8,10,1817.0,18170.0
2021042005003484,NICLBSL,45,3,10,1817.0,18170.0
2021042005003483,NICLBSL,45,21,10,1817.0,18170.0
2021042005003495,NICLBSL,34,38,10,1817.0,18170.0
2021042005003494,NICLBSL,34,19,10,1817.0,18170.0
2021042005003493,NICLBSL,34,4,10,1817.0,18170.0
2021042005003492,NICLBSL,34,21,10,1817.0,18170.0
2021042005003491,NICLBSL,45,7,10,1817.0,18170.0
2021042005003490,NICLBSL,45,34,10,1817.0,18170.0
2021042005003501,NICLBSL,38,37,10,1820.0,18200.0
2021042005003500,NICLBSL,38,42,10,1818.0,18180.0
2021042005003499,NICLBSL,38,13,10,1818.0,18180.0
2021042005003498,NICLBSL,38,11,110,1817.0,199870.0
2021042005003497,NICLBSL,28,11,20,1817.0,36340.0
2021042005003496,NICLBSL,38,38,10,1818.0,18180.0
2021042005003507,NICLBSL,22,57,10,1816.0,18160.0
2021042005003506,NICLBSL,19,17,20,1817.0,36340.0
2021042005003505,NICLBSL,19,4,10,1817.0,18170.0
2021042005003504,NICLBSL,36,21,10,1817.0,18170.0
2021042005003503,NICLBSL,36,34,10,1817.0,18170.0
2021042005003502,NICLBSL,28,34,10,1817.0,18170.0
2021042005003513,NICLBSL,13,40,10,1816.0,18160.0
2021042005003512,NICLBSL,13,11,10,1816.0,18160.0
2021042005003511,NICLBSL,41,11,10,1816.0,18160.0
2021042005003510,NICLBSL,34,17,50,1817.0,90850.0
2021042005003509,NICLBSL,22,49,10,1816.0,18160.0
2021042005003508,NICLBSL,22,26,20,1816.0,36320.0
2021042005003519,NICLBSL,41,46,10,1816.0,18160.0
2021042005003518,NICLBSL,7,17,100,1817.0,181700.0
2021042005003517,NICLBSL,41,34,10,1816.0,18160.0
2021042005003516,NICLBSL,13,48,10,1816.0,18160.0
2021042005003515,NICLBSL,13,36,10,1816.0,18160.0
2021042005003514,NICLBSL,13,49,10,1816.0,18160.0
2021042005003525,NICLBSL,56,11,10,1816.0,18160.0
2021042005003524,NICLBSL,56,45,48,1816.0,87168.0
2021042005003523,NICLBSL,42,17,100,1817.0,181700.0
2021042005003522,NICLBSL,56,14,10,1816.0,18160.0
2021042005003521,NICLBSL,57,42,20,1816.0,36320.0
2021042005003520,NICLBSL,5,17,50,1817.0,90850.0
2021042005003531,NICLBSL,43,17,30,1817.0,54510.0
2021042005003530,NICLBSL,43,4,10,1816.0,18160.0
2021042005003529,NICLBSL,56,34,10,1816.0,18160.0
2021042005003528,NICLBSL,56,40,10,1816.0,18160.0
2021042005003527,NICLBSL,43,17,50,1817.0,90850.0
2021042005003526,NICLBSL,56,37,10,1816.0,18160.0
2021042005003537,NICLBSL,35,6,10,1816.0,18160.0
2021042005003536,NICLBSL,51,40,10,1816.0,18160.0
2021042005003535,NICLBSL,17,45,10,1816.0,18160.0
2021042005003534,NICLBSL,13,40,10,1815.0,18150.0
2021042005003533,NICLBSL,6,53,10,1816.0,18160.0
2021042005003532,NICLBSL,43,34,10,1817.0,18170.0
2021042005003543,NICLBSL,19,6,20,1815.0,36300.0
2021042005003542,NICLBSL,44,6,10,1815.0,18150.0
2021042005003541,NICLBSL,13,6,60,1815.0,108900.0
2021042005003540,NICLBSL,13,18,10,1815.0,18150.0
2021042005003539,NICLBSL,13,41,10,1815.0,18150.0
2021042005003538,NICLBSL,13,21,10,1815.0,18150.0
2021042005003549,NICLBSL,11,6,10,1815.0,18150.0
2021042005003548,NICLBSL,39,6,50,1815.0,90750.0
2021042005003547,NICLBSL,41,6,100,1815.0,181500.0
2021042005003546,NICLBSL,40,6,20,1815.0,36300.0
2021042005003545,NICLBSL,49,6,10,1815.0,18150.0
2021042005003544,NICLBSL,34,6,20,1815.0,36300.0
2021042005003555,NICLBSL,45,16,10,1817.0,18170.0
2021042005003554,NICLBSL,45,6,10,1817.0,18170.0
2021042005003553,NICLBSL,45,56,10,1817.0,18170.0
2021042005003552,NICLBSL,45,34,20,1817.0,36340.0
2021042005003551,NICLBSL,45,34,10,1817.0,18170.0
2021042005003550,NICLBSL,45,42,10,1817.0,18170.0
2021042005003562,NICLBSL,53,28,10,1818.0,18180.0
2021042005003561,NICLBSL,53,38,10,1817.0,18170.0
2021042005003560,NICLBSL,11,26,100,1815.0,181500.0
2021042005003559,NICLBSL,45,26,10,1817.0,18170.0
2021042005003558,NICLBSL,45,28,10,1817.0,18170.0
2021042005003556,NICLBSL,45,4,10,1817.0,18170.0
2021042005003568,NICLBSL,11,6,10,1815.0,18150.0
2021042005003567,NICLBSL,34,14,10,1816.0,18160.0
2021042005003566,NICLBSL,58,6,10,1817.0,18170.0
2021042005003565,NICLBSL,53,37,32,1820.0,58240.0
2021042005003564,NICLBSL,53,38,51,1819.0,92769.0
2021042005003563,NICLBSL,53,5,10,1819.0,18190.0
2021042005003576,NICLBSL,43,43,10,1816.0,18160.0
2021042005003575,NICLBSL,43,58,10,1816.0,18160.0
2021042005003574,NICLBSL,43,21,10,1816.0,18160.0
2021042005003573,NICLBSL,43,41,10,1816.0,18160.0
2021042005003571,NICLBSL,38,48,10,1817.0,18170.0
2021042005003569,NICLBSL,34,42,10,1817.0,18170.0
2021042005003582,NICLBSL,44,59,10,1817.0,18170.0
2021042005003581,NICLBSL,44,42,10,1817.0,18170.0
2021042005003580,NICLBSL,44,45,10,1816.0,18160.0
2021042005003579,NICLBSL,11,33,10,1815.0,18150.0
2021042005003578,NICLBSL,49,6,10,1816.0,18160.0
2021042005003577,NICLBSL,43,26,10,1816.0,18160.0
2021042005003589,NICLBSL,13,36,10,1816.0,18160.0
2021042005003588,NICLBSL,4,18,10,1816.0,18160.0
2021042005003587,NICLBSL,4,38,10,1816.0,18160.0
2021042005003585,NICLBSL,43,51,50,1816.0,90800.0
2021042005003584,NICLBSL,7,58,10,1816.0,18160.0
2021042005003583,NICLBSL,7,28,10,1816.0,18160.0
2021042005003595,NICLBSL,11,40,10,1815.0,18150.0
2021042005003594,NICLBSL,7,6,20,1816.0,36320.0
2021042005003593,NICLBSL,7,41,10,1816.0,18160.0
2021042005003592,NICLBSL,38,21,10,1816.0,18160.0
2021042005003591,NICLBSL,7,59,10,1816.0,18160.0
2021042005003590,NICLBSL,11,4,10,1815.0,18150.0
2021042005003603,NICLBSL,11,38,10,1815.0,18150.0
2021042005003602,NICLBSL,8,29,10,1816.0,18160.0
2021042005003601,NICLBSL,8,42,10,1816.0,18160.0
2021042005003600,NICLBSL,8,17,10,1816.0,18160.0
2021042005003598,NICLBSL,11,18,10,1815.0,18150.0
2021042005003596,NICLBSL,11,38,20,1815.0,36300.0
2021042005003609,NICLBSL,11,11,70,1815.0,127050.0
2021042005003608,NICLBSL,39,4,10,1816.0,18160.0
2021042005003607,NICLBSL,11,44,10,1815.0,18150.0
2021042005003606,NICLBSL,7,29,10,1816.0,18160.0
2021042005003605,NICLBSL,11,56,10,1815.0,18150.0
2021042005003604,NICLBSL,11,18,10,1815.0,18150.0
2021042005003615,NICLBSL,11,50,100,1815.0,181500.0
2021042005003614,NICLBSL,11,21,10,1815.0,18150.0
2021042005003613,NICLBSL,11,21,10,1815.0,18150.0
2021042005003612,NICLBSL,11,42,10,1815.0,18150.0
2021042005003611,NICLBSL,11,18,10,1815.0,18150.0
2021042005003610,NICLBSL,11,14,20,1815.0,36300.0
2021042005003621,NICLBSL,4,18,10,1816.0,18160.0
2021042005003620,NICLBSL,4,36,10,1816.0,18160.0
2021042005003619,NICLBSL,4,29,10,1816.0,18160.0
2021042005003618,NICLBSL,4,38,10,1816.0,18160.0
2021042005003617,NICLBSL,4,21,10,1816.0,18160.0
2021042005003616,NICLBSL,4,45,10,1816.0,18160.0
2021042005003627,NICLBSL,36,38,35,1816.0,63560.0
2021042005003626,NICLBSL,45,38,480,1816.0,871680.0
2021042005003625,NICLBSL,45,21,20,1816.0,36320.0
2021042005003624,NICLBSL,7,14,20,1816.0,36320.0
2021042005003623,NICLBSL,4,14,30,1816.0,54480.0
2021042005003622,NICLBSL,4,21,10,1816.0,18160.0
2021042005003634,NICLBSL,44,17,10,1815.0,18150.0
2021042005003633,NICLBSL,53,38,10,1815.0,18150.0
2021042005003632,NICLBSL,11,38,10,1815.0,18150.0
2021042005003631,NICLBSL,11,38,20,1815.0,36300.0
2021042005003630,NICLBSL,11,18,10,1815.0,18150.0
2021042005003628,NICLBSL,11,21,10,1815.0,18150.0
2021042005003640,NICLBSL,5,47,10,1816.0,18160.0
2021042005003639,NICLBSL,5,40,10,1816.0,18160.0
2021042005003638,NICLBSL,5,10,20,1816.0,36320.0
2021042005003637,NICLBSL,5,38,65,1816.0,118040.0
2021042005003636,NICLBSL,13,6,10,1815.0,18150.0
2021042005003635,NICLBSL,44,59,10,1815.0,18150.0
2021042005003647,NICLBSL,5,5,35,1816.0,63560.0
2021042005003646,NICLBSL,5,38,10,1816.0,18160.0
2021042005003645,NICLBSL,5,22,10,1816.0,18160.0
2021042005003644,NICLBSL,5,47,10,1816.0,18160.0
2021042005003643,NICLBSL,5,7,10,1816.0,18160.0
2021042005003642,NICLBSL,5,44,20,1816.0,36320.0
2021042005003653,NICLBSL,7,19,10,1816.0,18160.0
2021042005003652,NICLBSL,7,22,10,1816.0,18160.0
2021042005003651,NICLBSL,7,5,41,1816.0,74456.0
2021042005003650,NICLBSL,7,10,10,1816.0,18160.0
2021042005003649,NICLBSL,7,49,10,1816.0,18160.0
2021042005003648,NICLBSL,42,5,6,1816.0,10896.0
2021042005003659,NICLBSL,21,59,10,1816.0,18160.0
2021042005003658,NICLBSL,7,38,10,1816.0,18160.0
2021042005003657,NICLBSL,59,55,132,1817.0,239844.0
2021042005003656,NICLBSL,59,38,10,1817.0,18170.0
2021042005003655,NICLBSL,59,59,25,1817.0,45425.0
2021042005003654,NICLBSL,59,36,43,1816.0,78088.0
2021042005003665,NICLBSL,55,45,50,1815.0,90750.0
2021042005003664,NICLBSL,51,45,95,1815.0,172425.0
2021042005003663,NICLBSL,7,45,10,1815.0,18150.0
2021042005003662,NICLBSL,13,45,25,1815.0,45375.0
2021042005003661,NICLBSL,44,45,180,1815.0,326700.0
2021042005003660,NICLBSL,13,5,20,1815.0,36300.0
2021042005003671,NICLBSL,53,45,10,1815.0,18150.0
2021042005003670,NICLBSL,40,45,100,1815.0,181500.0
2021042005003669,NICLBSL,34,45,10,1815.0,18150.0
2021042005003668,NICLBSL,45,45,100,1815.0,181500.0
2021042005003667,NICLBSL,38,45,10,1815.0,18150.0
2021042005003666,NICLBSL,45,45,25,1815.0,45375.0
2021042005003678,NICLBSL,39,38,10,1814.0,18140.0
2021042005003676,NICLBSL,38,38,25,1815.0,45375.0
2021042005003675,NICLBSL,38,45,30,1815.0,54450.0
2021042005003674,NICLBSL,50,45,15,1815.0,27225.0
2021042005003673,NICLBSL,32,45,30,1815.0,54450.0
2021042005003672,NICLBSL,21,45,10,1815.0,18150.0
2021042005003684,NICLBSL,56,38,10,1814.0,18140.0
2021042005003683,NICLBSL,56,32,10,1814.0,18140.0
2021042005003682,NICLBSL,8,52,10,1814.0,18140.0
2021042005003681,NICLBSL,51,18,10,1814.0,18140.0
2021042005003680,NICLBSL,40,38,50,1815.0,90750.0
2021042005003679,NICLBSL,50,38,25,1815.0,45375.0
2021042005003690,NICLBSL,38,38,10,1815.0,18150.0
2021042005003689,NICLBSL,56,38,10,1814.0,18140.0
2021042005003688,NICLBSL,56,17,10,1814.0,18140.0
2021042005003687,NICLBSL,56,48,10,1814.0,18140.0
2021042005003686,NICLBSL,56,49,10,1814.0,18140.0
2021042005003685,NICLBSL,56,39,10,1814.0,18140.0
2021042005003698,NICLBSL,42,1,110,1815.0,199650.0
2021042005003697,NICLBSL,42,38,190,1815.0,344850.0
2021042005003696,NICLBSL,7,38,200,1815.0,363000.0
2021042005003695,NICLBSL,56,39,10,1814.0,18140.0
2021042005003694,NICLBSL,56,38,10,1814.0,18140.0
2021042005003693,NICLBSL,56,20,10,1814.0,18140.0
2021042005003704,NICLBSL,42,29,10,1815.0,18150.0
2021042005003703,NICLBSL,42,45,10,1815.0,18150.0
2021042005003702,NICLBSL,42,16,10,1815.0,18150.0
2021042005003701,NICLBSL,42,1,20,1815.0,36300.0
2021042005003700,NICLBSL,53,48,10,1814.0,18140.0
2021042005003699,NICLBSL,53,38,10,1814.0,18140.0
2021042005003710,NICLBSL,42,7,10,1815.0,18150.0
2021042005003709,NICLBSL,42,17,10,1815.0,18150.0
2021042005003708,NICLBSL,42,20,10,1815.0,18150.0
2021042005003707,NICLBSL,42,17,10,1815.0,18150.0
2021042005003706,NICLBSL,42,29,10,1815.0,18150.0
2021042005003705,NICLBSL,42,38,10,1815.0,18150.0
2021042005003716,NICLBSL,49,34,10,1814.0,18140.0
2021042005003715,NICLBSL,26,34,20,1815.0,36300.0
2021042005003714,NICLBSL,29,34,100,1815.0,181500.0
2021042005003713,NICLBSL,42,34,20,1815.0,36300.0
2021042005003712,NICLBSL,42,17,10,1815.0,18150.0
2021042005003711,NICLBSL,42,26,10,1815.0,18150.0
2021042005003723,NICLBSL,16,17,10,1813.0,18130.0
2021042005003722,NICLBSL,16,54,10,1813.0,18130.0
2021042005003720,NICLBSL,16,36,10,1813.0,18130.0
2021042005003719,NICLBSL,16,34,20,1813.0,36260.0
2021042005003718,NICLBSL,29,34,10,1814.0,18140.0
2021042005003717,NICLBSL,58,34,20,1814.0,36280.0
2021042005003729,NICLBSL,50,17,20,1814.0,36280.0
2021042005003728,NICLBSL,50,38,10,1813.0,18130.0
2021042005003727,NICLBSL,50,38,10,1813.0,18130.0
2021042005003726,NICLBSL,50,49,20,1813.0,36260.0
2021042005003725,NICLBSL,50,38,10,1813.0,18130.0
2021042005003724,NICLBSL,50,17,10,1813.0,18130.0
2021042005003735,NICLBSL,21,17,10,1815.0,18150.0
2021042005003734,NICLBSL,5,49,20,1816.0,36320.0
2021042005003733,NICLBSL,5,38,10,1815.0,18150.0
2021042005003732,NICLBSL,5,35,10,1815.0,18150.0
2021042005003731,NICLBSL,50,21,10,1814.0,18140.0
2021042005003730,NICLBSL,50,38,10,1814.0,18140.0
2021042005003742,NICLBSL,50,38,10,1813.0,18130.0
2021042005003741,NICLBSL,50,38,10,1813.0,18130.0
2021042005003740,NICLBSL,44,39,10,1814.0,18140.0
2021042005003739,NICLBSL,50,38,10,1813.0,18130.0
2021042005003737,NICLBSL,50,38,10,1813.0,18130.0
2021042005003736,NICLBSL,50,38,10,1814.0,18140.0
2021042005003748,NICLBSL,40,20,10,1813.0,18130.0
2021042005003747,NICLBSL,40,26,10,1813.0,18130.0
2021042005003746,NICLBSL,40,38,10,1813.0,18130.0
2021042005003745,NICLBSL,40,17,10,1813.0,18130.0
2021042005003744,NICLBSL,40,38,10,1813.0,18130.0
2021042005003743,NICLBSL,40,21,10,1813.0,18130.0
2021042005003247,JLI,14,56,10,751.0,7510.0
2021042005003174,JLI,38,39,1,751.0,751.0
2021042005003173,JLI,38,39,3,751.0,2253.0
2021042005003169,JLI,38,39,2,751.0,1502.0
2021042005003167,JLI,21,39,2,751.0,1502.0
2021042005003162,JLI,38,39,2,751.0,1502.0
2021042005002761,JLI,14,35,10,751.0,7510.0
2021042005002795,JLI,14,54,10,751.0,7510.0
2021042005002780,JLI,14,56,10,751.0,7510.0
2021042005002774,JLI,14,47,10,751.0,7510.0
2021042005002773,JLI,14,49,10,751.0,7510.0
2021042005002768,JLI,14,56,10,751.0,7510.0
2021042005002764,JLI,14,36,10,751.0,7510.0
2021042005002904,JLI,14,49,10,751.0,7510.0
2021042005002896,JLI,14,36,10,751.0,7510.0
2021042005002845,JLI,14,45,10,751.0,7510.0
2021042005002828,JLI,14,51,10,751.0,7510.0
2021042005002811,JLI,14,47,10,751.0,7510.0
2021042005002801,JLI,14,47,10,751.0,7510.0
2021042005003068,JLI,14,58,10,751.0,7510.0
2021042005003054,JLI,14,41,10,751.0,7510.0
2021042005002990,JLI,14,22,10,751.0,7510.0
2021042005002929,JLI,14,57,10,751.0,7510.0
2021042005002925,JLI,14,36,10,751.0,7510.0
2021042005002922,JLI,14,39,10,751.0,7510.0
2021042005003254,NICLBSL,58,39,10,1815.0,18150.0
2021042005003253,NICLBSL,58,28,10,1815.0,18150.0
2021042005003252,NICLBSL,26,48,10,1815.0,18150.0
2021042005003251,NICLBSL,26,52,10,1815.0,18150.0
2021042005003250,NICLBSL,26,35,20,1815.0,36300.0
2021042005003249,NICLBSL,21,11,20,1815.0,36300.0
2021042005002755,NICLBSL,17,45,30,1830.0,54900.0
2021042005002762,NICLBSL,50,57,10,1828.0,18280.0
2021042005002760,NICLBSL,35,48,10,1826.0,18260.0
2021042005002759,NICLBSL,35,36,10,1826.0,18260.0
2021042005002758,NICLBSL,35,14,10,1826.0,18260.0
2021042005002757,NICLBSL,48,4,10,1825.0,18250.0
2021042005002756,NICLBSL,48,48,10,1825.0,18250.0
2021042005002770,NICLBSL,51,39,10,1826.0,18260.0
2021042005002769,NICLBSL,51,48,10,1826.0,18260.0
2021042005002767,NICLBSL,48,55,10,1825.0,18250.0
2021042005002766,NICLBSL,48,4,10,1825.0,18250.0
2021042005002765,NICLBSL,48,42,10,1825.0,18250.0
2021042005002763,NICLBSL,50,28,10,1828.0,18280.0
2021042005002778,NICLBSL,17,48,10,1825.0,18250.0
2021042005002777,NICLBSL,17,48,10,1825.0,18250.0
2021042005002776,NICLBSL,17,26,10,1825.0,18250.0
2021042005002775,NICLBSL,35,48,10,1826.0,18260.0
2021042005002772,NICLBSL,48,57,10,1825.0,18250.0
2021042005002771,NICLBSL,48,26,10,1825.0,18250.0
2021042005002785,NICLBSL,44,4,10,1820.0,18200.0
2021042005002784,NICLBSL,44,38,10,1820.0,18200.0
2021042005002783,NICLBSL,44,21,20,1820.0,36400.0
2021042005002782,NICLBSL,44,45,10,1821.0,18210.0
2021042005002781,NICLBSL,44,4,10,1821.0,18210.0
2021042005002779,NICLBSL,17,26,10,1825.0,18250.0
2021042005002791,NICLBSL,6,57,10,1821.0,18210.0
2021042005002790,NICLBSL,44,57,10,1820.0,18200.0
2021042005002789,NICLBSL,44,28,10,1820.0,18200.0
2021042005002788,NICLBSL,44,47,10,1820.0,18200.0
2021042005002787,NICLBSL,44,29,10,1820.0,18200.0
2021042005002786,NICLBSL,44,57,10,1821.0,18210.0
2021042005002798,NICLBSL,13,45,10,1821.0,18210.0
2021042005002797,NICLBSL,13,10,10,1821.0,18210.0
2021042005002796,NICLBSL,13,49,10,1821.0,18210.0
2021042005002794,NICLBSL,20,57,10,1821.0,18210.0
2021042005002793,NICLBSL,20,36,10,1821.0,18210.0
2021042005002792,NICLBSL,6,26,10,1821.0,18210.0
2021042005002805,NICLBSL,33,34,10,1822.0,18220.0
2021042005002804,NICLBSL,47,8,10,1823.0,18230.0
2021042005002803,NICLBSL,33,35,10,1822.0,18220.0
2021042005002802,NICLBSL,13,25,10,1821.0,18210.0
2021042005002800,NICLBSL,13,57,10,1821.0,18210.0
2021042005002799,NICLBSL,13,22,10,1821.0,18210.0
2021042005002812,NICLBSL,51,45,10,1825.0,18250.0
2021042005002810,NICLBSL,51,29,10,1825.0,18250.0
2021042005002809,NICLBSL,51,54,20,1825.0,36500.0
2021042005002808,NICLBSL,51,42,10,1825.0,18250.0
2021042005002807,NICLBSL,44,39,10,1822.0,18220.0
2021042005002806,NICLBSL,33,48,10,1822.0,18220.0
2021042005002818,NICLBSL,26,59,10,1822.0,18220.0
2021042005002817,NICLBSL,49,45,10,1825.0,18250.0
2021042005002816,NICLBSL,16,45,20,1825.0,36500.0
2021042005002815,NICLBSL,51,45,70,1825.0,127750.0
2021042005002814,NICLBSL,51,1,20,1825.0,36500.0
2021042005002813,NICLBSL,51,38,10,1825.0,18250.0
2021042005002824,NICLBSL,50,35,10,1821.0,18210.0
2021042005002823,NICLBSL,50,56,10,1821.0,18210.0
2021042005002822,NICLBSL,50,35,20,1821.0,36420.0
2021042005002821,NICLBSL,50,19,20,1821.0,36420.0
2021042005002820,NICLBSL,13,3,10,1821.0,18210.0
2021042005002819,NICLBSL,13,29,10,1821.0,18210.0
2021042005002831,NICLBSL,21,17,10,1821.0,18210.0
2021042005002830,NICLBSL,21,3,20,1821.0,36420.0
2021042005002829,NICLBSL,50,17,10,1821.0,18210.0
2021042005002827,NICLBSL,50,1,10,1821.0,18210.0
2021042005002826,NICLBSL,50,38,10,1821.0,18210.0
2021042005002825,NICLBSL,50,55,10,1821.0,18210.0
2021042005002837,NICLBSL,44,26,20,1820.0,36400.0
2021042005002836,NICLBSL,45,26,150,1821.0,273150.0
2021042005002835,NICLBSL,58,26,100,1821.0,182100.0
2021042005002834,NICLBSL,1,26,30,1821.0,54630.0
2021042005002833,NICLBSL,1,48,10,1821.0,18210.0
2021042005002832,NICLBSL,1,17,10,1821.0,18210.0
2021042005002843,NICLBSL,44,21,10,1820.0,18200.0
2021042005002842,NICLBSL,20,8,10,1821.0,18210.0
2021042005002841,NICLBSL,20,17,10,1821.0,18210.0
2021042005002840,NICLBSL,28,17,10,1821.0,18210.0
2021042005002839,NICLBSL,28,1,10,1821.0,18210.0
2021042005002838,NICLBSL,38,58,10,1822.0,18220.0
2021042005002850,NICLBSL,57,56,80,1821.0,145680.0
2021042005002849,NICLBSL,57,40,10,1821.0,18210.0
2021042005002848,NICLBSL,57,29,10,1821.0,18210.0
2021042005002847,NICLBSL,44,3,10,1820.0,18200.0
2021042005002846,NICLBSL,44,17,10,1820.0,18200.0
2021042005002844,NICLBSL,44,11,10,1820.0,18200.0
2021042005002856,NICLBSL,16,56,30,1820.0,54600.0
2021042005002855,NICLBSL,42,56,30,1820.0,54600.0
2021042005002854,NICLBSL,41,56,100,1820.0,182000.0
2021042005002853,NICLBSL,14,56,20,1820.0,36400.0
2021042005002852,NICLBSL,6,56,50,1820.0,91000.0
2021042005002851,NICLBSL,44,56,10,1820.0,18200.0
2021042005002862,NICLBSL,52,56,50,1820.0,91000.0
2021042005002861,NICLBSL,17,56,10,1820.0,18200.0
2021042005002860,NICLBSL,50,56,50,1820.0,91000.0
2021042005002859,NICLBSL,57,56,50,1820.0,91000.0
2021042005002858,NICLBSL,45,56,10,1820.0,18200.0
2021042005002857,NICLBSL,19,56,500,1820.0,910000.0
2021042005002868,NICLBSL,4,56,10,1819.0,18190.0
2021042005002867,NICLBSL,26,56,10,1819.0,18190.0
2021042005002866,NICLBSL,42,56,100,1819.0,181900.0
2021042005002865,NICLBSL,29,56,30,1819.0,54570.0
2021042005002864,NICLBSL,35,56,10,1820.0,18200.0
2021042005002863,NICLBSL,40,56,20,1820.0,36400.0
2021042005002874,NICLBSL,34,56,50,1818.0,90900.0
2021042005002873,NICLBSL,48,56,10,1818.0,18180.0
2021042005002872,NICLBSL,35,56,10,1818.0,18180.0
2021042005002871,NICLBSL,50,56,100,1818.0,181800.0
2021042005002870,NICLBSL,6,56,50,1818.0,90900.0
2021042005002869,NICLBSL,22,56,100,1819.0,181900.0
2021042005002880,NICLBSL,36,17,10,1817.0,18170.0
2021042005002879,NICLBSL,36,56,36,1817.0,65412.0
2021042005002878,NICLBSL,45,56,50,1817.0,90850.0
2021042005002877,NICLBSL,17,56,50,1818.0,90900.0
2021042005002876,NICLBSL,28,56,100,1818.0,181800.0
2021042005002875,NICLBSL,13,56,600,1818.0,1090800.0
2021042005002886,NICLBSL,43,3,10,1819.0,18190.0
2021042005002885,NICLBSL,57,55,10,1820.0,18200.0
2021042005002884,NICLBSL,57,58,20,1820.0,36400.0
2021042005002883,NICLBSL,57,44,10,1820.0,18200.0
2021042005002882,NICLBSL,57,11,10,1820.0,18200.0
2021042005002881,NICLBSL,36,55,10,1817.0,18170.0
2021042005002892,NICLBSL,6,25,10,1818.0,18180.0
2021042005002891,NICLBSL,45,51,10,1818.0,18180.0
2021042005002890,NICLBSL,45,21,10,1818.0,18180.0
2021042005002889,NICLBSL,45,3,10,1818.0,18180.0
2021042005002888,NICLBSL,45,3,10,1818.0,18180.0
2021042005002887,NICLBSL,45,48,10,1818.0,18180.0
2021042005002899,NICLBSL,1,41,10,1818.0,18180.0
2021042005002898,NICLBSL,1,44,10,1818.0,18180.0
2021042005002897,NICLBSL,1,48,10,1818.0,18180.0
2021042005002895,NICLBSL,21,36,10,1818.0,18180.0
2021042005002894,NICLBSL,38,3,10,1818.0,18180.0
2021042005002893,NICLBSL,6,48,10,1818.0,18180.0
2021042005002906,NICLBSL,36,46,10,1818.0,18180.0
2021042005002905,NICLBSL,1,3,10,1818.0,18180.0
2021042005002903,NICLBSL,55,7,20,1819.0,36380.0
2021042005002902,NICLBSL,55,36,10,1819.0,18190.0
2021042005002901,NICLBSL,55,47,10,1819.0,18190.0
2021042005002900,NICLBSL,1,47,10,1818.0,18180.0
2021042005002912,NICLBSL,36,21,10,1817.0,18170.0
2021042005002911,NICLBSL,36,19,10,1817.0,18170.0
2021042005002910,NICLBSL,36,16,10,1817.0,18170.0
2021042005002909,NICLBSL,38,55,10,1818.0,18180.0
2021042005002908,NICLBSL,36,36,10,1817.0,18170.0
2021042005002907,NICLBSL,36,46,10,1817.0,18170.0
2021042005002918,NICLBSL,36,21,10,1817.0,18170.0
2021042005002917,NICLBSL,36,16,10,1817.0,18170.0
2021042005002916,NICLBSL,36,46,10,1817.0,18170.0
2021042005002915,NICLBSL,50,7,10,1818.0,18180.0
2021042005002914,NICLBSL,36,16,10,1817.0,18170.0
2021042005002913,NICLBSL,36,36,10,1817.0,18170.0
2021042005002926,NICLBSL,25,14,10,1817.0,18170.0
2021042005002924,NICLBSL,36,47,14,1817.0,25438.0
2021042005002923,NICLBSL,36,3,10,1817.0,18170.0
2021042005002921,NICLBSL,36,46,10,1817.0,18170.0
2021042005002920,NICLBSL,36,16,10,1817.0,18170.0
2021042005002919,NICLBSL,52,45,10,1818.0,18180.0
2021042005002933,NICLBSL,1,58,20,1818.0,36360.0
2021042005002932,NICLBSL,35,16,10,1817.0,18170.0
2021042005002931,NICLBSL,25,45,10,1817.0,18170.0
2021042005002930,NICLBSL,25,36,10,1817.0,18170.0
2021042005002928,NICLBSL,25,16,10,1817.0,18170.0
2021042005002927,NICLBSL,25,58,10,1817.0,18170.0
2021042005002939,NICLBSL,45,47,10,1817.0,18170.0
2021042005002938,NICLBSL,21,49,10,1817.0,18170.0
2021042005002937,NICLBSL,8,14,10,1817.0,18170.0
2021042005002936,NICLBSL,8,3,10,1817.0,18170.0
2021042005002935,NICLBSL,8,38,10,1817.0,18170.0
2021042005002934,NICLBSL,1,16,10,1818.0,18180.0
2021042005002945,NICLBSL,58,57,10,1818.0,18180.0
2021042005002944,NICLBSL,45,45,10,1817.0,18170.0
2021042005002943,NICLBSL,45,16,10,1817.0,18170.0
2021042005002942,NICLBSL,45,45,10,1817.0,18170.0
2021042005002941,NICLBSL,39,59,10,1819.0,18190.0
2021042005002940,NICLBSL,45,39,10,1817.0,18170.0
2021042005002951,NICLBSL,43,47,10,1816.0,18160.0
2021042005002950,NICLBSL,36,55,10,1817.0,18170.0
2021042005002949,NICLBSL,36,16,10,1817.0,18170.0
2021042005002948,NICLBSL,43,58,10,1816.0,18160.0
2021042005002947,NICLBSL,43,39,20,1816.0,36320.0
2021042005002946,NICLBSL,43,39,10,1816.0,18160.0
2021042005002957,NICLBSL,43,59,26,1819.0,47294.0
2021042005002956,NICLBSL,4,16,10,1817.0,18170.0
2021042005002955,NICLBSL,17,39,10,1818.0,18180.0
2021042005002954,NICLBSL,17,45,10,1818.0,18180.0
2021042005002953,NICLBSL,17,49,10,1818.0,18180.0
2021042005002952,NICLBSL,28,16,10,1817.0,18170.0
2021042005002963,NICLBSL,29,49,10,1818.0,18180.0
2021042005002962,NICLBSL,29,58,10,1818.0,18180.0
2021042005002961,NICLBSL,4,16,10,1817.0,18170.0
2021042005002960,NICLBSL,4,18,10,1817.0,18170.0
2021042005002959,NICLBSL,4,39,20,1817.0,36340.0
2021042005002958,NICLBSL,43,51,20,1820.0,36400.0
2021042005002969,NICLBSL,5,58,26,1820.0,47320.0
2021042005002968,NICLBSL,4,47,10,1817.0,18170.0
2021042005002967,NICLBSL,4,49,10,1817.0,18170.0
2021042005002966,NICLBSL,4,16,10,1817.0,18170.0
2021042005002965,NICLBSL,4,46,10,1817.0,18170.0
2021042005002964,NICLBSL,29,45,10,1818.0,18180.0
2021042005002975,NICLBSL,32,42,10,1817.0,18170.0
2021042005002974,NICLBSL,4,21,10,1817.0,18170.0
2021042005002973,NICLBSL,5,29,44,1820.0,80080.0
2021042005002972,NICLBSL,5,47,10,1820.0,18200.0
2021042005002971,NICLBSL,5,58,10,1820.0,18200.0
2021042005002970,NICLBSL,5,47,10,1820.0,18200.0
2021042005002981,NICLBSL,32,42,10,1817.0,18170.0
2021042005002980,NICLBSL,32,58,10,1817.0,18170.0
2021042005002979,NICLBSL,32,55,10,1817.0,18170.0
2021042005002978,NICLBSL,32,55,10,1817.0,18170.0
2021042005002977,NICLBSL,32,47,10,1817.0,18170.0
2021042005002976,NICLBSL,32,58,10,1817.0,18170.0
2021042005002987,NICLBSL,34,7,30,1820.0,54600.0
2021042005002986,NICLBSL,34,42,10,1817.0,18170.0
2021042005002985,NICLBSL,34,17,10,1817.0,18170.0
2021042005002984,NICLBSL,32,39,10,1817.0,18170.0
2021042005002983,NICLBSL,32,47,10,1817.0,18170.0
2021042005002982,NICLBSL,32,16,10,1817.0,18170.0
2021042005002994,NICLBSL,40,47,10,1817.0,18170.0
2021042005002993,NICLBSL,40,16,10,1817.0,18170.0
2021042005002992,NICLBSL,40,58,10,1817.0,18170.0
2021042005002991,NICLBSL,40,49,10,1817.0,18170.0
2021042005002989,NICLBSL,40,42,10,1817.0,18170.0
2021042005002988,NICLBSL,28,58,10,1817.0,18170.0
2021042005003000,NICLBSL,35,52,20,1819.0,36380.0
2021042005002999,NICLBSL,26,4,10,1817.0,18170.0
2021042005002998,NICLBSL,26,46,10,1817.0,18170.0
2021042005002997,NICLBSL,26,55,10,1817.0,18170.0
2021042005002996,NICLBSL,26,41,10,1817.0,18170.0
2021042005002995,NICLBSL,26,18,10,1817.0,18170.0
2021042005003006,NICLBSL,48,58,10,1818.0,18180.0
2021042005003005,NICLBSL,42,52,80,1819.0,145520.0
2021042005003004,NICLBSL,48,42,10,1818.0,18180.0
2021042005003003,NICLBSL,26,20,10,1817.0,18170.0
2021042005003002,NICLBSL,26,16,10,1817.0,18170.0
2021042005003001,NICLBSL,26,21,10,1817.0,18170.0
2021042005003012,NICLBSL,42,49,10,1818.0,18180.0
2021042005003011,NICLBSL,42,58,10,1818.0,18180.0
2021042005003010,NICLBSL,48,20,10,1818.0,18180.0
2021042005003009,NICLBSL,48,45,39,1818.0,70902.0
2021042005003008,NICLBSL,48,55,20,1818.0,36360.0
2021042005003007,NICLBSL,48,16,10,1818.0,18180.0
2021042005003018,NICLBSL,17,58,10,1819.0,18190.0
2021042005003017,NICLBSL,58,28,10,1818.0,18180.0
2021042005003016,NICLBSL,42,49,10,1818.0,18180.0
2021042005003015,NICLBSL,42,8,10,1818.0,18180.0
2021042005003014,NICLBSL,44,41,10,1819.0,18190.0
2021042005003013,NICLBSL,42,29,10,1818.0,18180.0
2021042005003024,NICLBSL,56,58,10,1819.0,18190.0
2021042005003023,NICLBSL,56,38,10,1819.0,18190.0
2021042005003022,NICLBSL,56,48,10,1819.0,18190.0
2021042005003021,NICLBSL,56,17,10,1819.0,18190.0
2021042005003020,NICLBSL,56,49,10,1819.0,18190.0
2021042005003019,NICLBSL,56,8,10,1819.0,18190.0
2021042005003030,NICLBSL,14,29,18,1820.0,32760.0
2021042005003029,NICLBSL,14,52,10,1820.0,18200.0
2021042005003028,NICLBSL,14,11,12,1820.0,21840.0
2021042005003027,NICLBSL,14,56,10,1820.0,18200.0
2021042005003026,NICLBSL,56,39,10,1819.0,18190.0
2021042005003025,NICLBSL,56,8,20,1819.0,36380.0
2021042005003036,NICLBSL,21,51,10,1820.0,18200.0
2021042005003035,NICLBSL,21,34,20,1819.0,36380.0
2021042005003034,NICLBSL,58,25,10,1818.0,18180.0
2021042005003033,NICLBSL,56,58,10,1819.0,18190.0
2021042005003032,NICLBSL,59,29,8,1820.0,14560.0
2021042005003031,NICLBSL,35,29,30,1820.0,54600.0
2021042005003042,NICLBSL,57,59,10,1818.0,18180.0
2021042005003041,NICLBSL,58,19,10,1818.0,18180.0
2021042005003040,NICLBSL,58,8,10,1818.0,18180.0
2021042005003039,NICLBSL,33,34,10,1819.0,18190.0
2021042005003038,NICLBSL,58,59,10,1818.0,18180.0
2021042005003037,NICLBSL,58,58,10,1818.0,18180.0
2021042005003048,NICLBSL,50,3,10,1817.0,18170.0
2021042005003047,NICLBSL,26,3,20,1817.0,36340.0
2021042005003046,NICLBSL,44,3,20,1818.0,36360.0
2021042005003045,NICLBSL,44,55,10,1818.0,18180.0
2021042005003044,NICLBSL,44,8,10,1818.0,18180.0
2021042005003043,NICLBSL,44,46,10,1818.0,18180.0
2021042005003055,NICLBSL,21,8,10,1818.0,18180.0
2021042005003053,NICLBSL,35,39,10,1817.0,18170.0
2021042005003052,NICLBSL,35,20,10,1817.0,18170.0
2021042005003051,NICLBSL,14,3,20,1817.0,36340.0
2021042005003050,NICLBSL,17,3,200,1817.0,363400.0
2021042005003049,NICLBSL,57,3,50,1817.0,90850.0
2021042005003061,NICLBSL,43,39,10,1816.0,18160.0
2021042005003060,NICLBSL,28,39,10,1817.0,18170.0
2021042005003059,NICLBSL,35,20,10,1817.0,18170.0
2021042005003058,NICLBSL,38,38,10,1818.0,18180.0
2021042005003057,NICLBSL,35,8,10,1817.0,18170.0
2021042005003056,NICLBSL,35,59,10,1817.0,18170.0
2021042005003067,NICLBSL,35,45,10,1817.0,18170.0
2021042005003066,NICLBSL,35,45,10,1817.0,18170.0
2021042005003065,NICLBSL,35,6,10,1817.0,18170.0
2021042005003064,NICLBSL,43,16,10,1816.0,18160.0
2021042005003063,NICLBSL,43,8,10,1816.0,18160.0
2021042005003062,NICLBSL,43,55,20,1816.0,36320.0
2021042005003074,NICLBSL,43,57,10,1816.0,18160.0
2021042005003073,NICLBSL,41,57,20,1816.0,36320.0
2021042005003072,NICLBSL,42,57,100,1816.0,181600.0
2021042005003071,NICLBSL,8,57,100,1817.0,181700.0
2021042005003070,NICLBSL,35,57,10,1817.0,18170.0
2021042005003069,NICLBSL,35,39,10,1817.0,18170.0
2021042005003080,NICLBSL,56,57,100,1816.0,181600.0
2021042005003079,NICLBSL,59,57,10,1816.0,18160.0
2021042005003078,NICLBSL,35,57,10,1816.0,18160.0
2021042005003077,NICLBSL,58,57,50,1816.0,90800.0
2021042005003076,NICLBSL,19,57,500,1816.0,908000.0
2021042005003075,NICLBSL,21,57,50,1816.0,90800.0
2021042005003086,NICLBSL,38,16,10,1818.0,18180.0
2021042005003085,NICLBSL,38,49,10,1818.0,18180.0
2021042005003084,NICLBSL,38,38,10,1818.0,18180.0
2021042005003083,NICLBSL,38,55,10,1817.0,18170.0
2021042005003082,NICLBSL,45,57,30,1816.0,54480.0
2021042005003081,NICLBSL,34,57,10,1816.0,18160.0
2021042005003092,NICLBSL,25,35,10,1817.0,18170.0
2021042005003091,NICLBSL,36,59,10,1817.0,18170.0
2021042005003090,NICLBSL,36,39,20,1817.0,36340.0
2021042005003089,NICLBSL,36,16,10,1817.0,18170.0
2021042005003088,NICLBSL,36,49,10,1817.0,18170.0
2021042005003087,NICLBSL,38,44,10,1818.0,18180.0
2021042005003098,NICLBSL,45,1,50,1816.0,90800.0
2021042005003097,NICLBSL,45,55,10,1816.0,18160.0
2021042005003096,NICLBSL,45,16,10,1816.0,18160.0
2021042005003095,NICLBSL,25,16,10,1818.0,18180.0
2021042005003094,NICLBSL,25,16,10,1818.0,18180.0
2021042005003093,NICLBSL,25,42,10,1817.0,18170.0
2021042005003104,NICLBSL,45,1,50,1815.0,90750.0
2021042005003103,NICLBSL,57,1,10,1815.0,18150.0
2021042005003102,NICLBSL,17,1,10,1815.0,18150.0
2021042005003101,NICLBSL,52,1,50,1815.0,90750.0
2021042005003100,NICLBSL,44,1,20,1815.0,36300.0
2021042005003099,NICLBSL,6,1,20,1816.0,36320.0
2021042005003110,NICLBSL,35,29,20,1815.0,36300.0
2021042005003109,NICLBSL,49,29,100,1815.0,181500.0
2021042005003108,NICLBSL,21,29,20,1815.0,36300.0
2021042005003107,NICLBSL,21,16,10,1815.0,18150.0
2021042005003106,NICLBSL,21,18,10,1815.0,18150.0
2021042005003105,NICLBSL,21,1,60,1815.0,108900.0
2021042005003116,NICLBSL,42,29,50,1815.0,90750.0
2021042005003115,NICLBSL,48,29,20,1815.0,36300.0
2021042005003114,NICLBSL,57,29,50,1815.0,90750.0
2021042005003113,NICLBSL,58,29,35,1815.0,63525.0
2021042005003112,NICLBSL,35,29,10,1815.0,18150.0
2021042005003111,NICLBSL,32,29,50,1815.0,90750.0
2021042005003122,NICLBSL,35,29,10,1815.0,18150.0
2021042005003121,NICLBSL,58,29,100,1815.0,181500.0
2021042005003120,NICLBSL,51,29,20,1815.0,36300.0
2021042005003119,NICLBSL,17,29,25,1815.0,45375.0
2021042005003118,NICLBSL,34,29,20,1815.0,36300.0
2021042005003117,NICLBSL,58,29,40,1815.0,72600.0
2021042005003128,NICLBSL,45,55,10,1815.0,18150.0
2021042005003127,NICLBSL,45,21,10,1815.0,18150.0
2021042005003126,NICLBSL,45,29,80,1815.0,145200.0
2021042005003125,NICLBSL,17,29,50,1815.0,90750.0
2021042005003124,NICLBSL,34,29,100,1815.0,181500.0
2021042005003123,NICLBSL,28,29,100,1815.0,181500.0
2021042005003134,NICLBSL,45,16,10,1815.0,18150.0
2021042005003133,NICLBSL,35,16,10,1818.0,18180.0
2021042005003132,NICLBSL,35,58,10,1818.0,18180.0
2021042005003131,NICLBSL,35,59,10,1817.0,18170.0
2021042005003130,NICLBSL,35,59,10,1817.0,18170.0
2021042005003129,NICLBSL,35,39,10,1816.0,18160.0
2021042005003140,NICLBSL,28,52,10,1818.0,18180.0
2021042005003139,NICLBSL,14,52,20,1818.0,36360.0
2021042005003138,NICLBSL,14,38,10,1818.0,18180.0
2021042005003137,NICLBSL,14,50,10,1818.0,18180.0
2021042005003136,NICLBSL,55,14,10,1816.0,18160.0
2021042005003135,NICLBSL,55,28,10,1816.0,18160.0
2021042005003146,NICLBSL,28,33,10,1818.0,18180.0
2021042005003145,NICLBSL,16,55,10,1818.0,18180.0
2021042005003144,NICLBSL,16,59,10,1818.0,18180.0
2021042005003143,NICLBSL,16,16,10,1818.0,18180.0
2021042005003142,NICLBSL,16,21,10,1818.0,18180.0
2021042005003141,NICLBSL,55,52,70,1816.0,127120.0
2021042005003152,NICLBSL,16,58,10,1817.0,18170.0
2021042005003151,NICLBSL,16,49,10,1817.0,18170.0
2021042005003150,NICLBSL,16,59,10,1817.0,18170.0
2021042005003149,NICLBSL,16,44,10,1817.0,18170.0
2021042005003148,NICLBSL,16,18,10,1817.0,18170.0
2021042005003147,NICLBSL,28,58,10,1818.0,18180.0
2021042005003158,NICLBSL,56,59,10,1817.0,18170.0
2021042005003157,NICLBSL,44,1,10,1818.0,18180.0
2021042005003156,NICLBSL,44,26,10,1818.0,18180.0
2021042005003155,NICLBSL,29,58,10,1818.0,18180.0
2021042005003154,NICLBSL,56,40,10,1817.0,18170.0
2021042005003153,NICLBSL,56,42,10,1817.0,18170.0
2021042005003165,NICLBSL,39,36,10,1816.0,18160.0
2021042005003164,NICLBSL,29,36,100,1817.0,181700.0
2021042005003163,NICLBSL,32,36,100,1817.0,181700.0
2021042005003161,NICLBSL,56,28,10,1817.0,18170.0
2021042005003160,NICLBSL,56,42,10,1817.0,18170.0
2021042005003159,NICLBSL,29,42,10,1818.0,18180.0
2021042005003175,NICLBSL,45,1,270,1815.0,490050.0
2021042005003172,NICLBSL,17,42,10,1816.0,18160.0
2021042005003171,NICLBSL,38,58,10,1817.0,18170.0
2021042005003170,NICLBSL,17,11,10,1816.0,18160.0
2021042005003168,NICLBSL,1,42,10,1817.0,18170.0
2021042005003166,NICLBSL,45,36,50,1815.0,90750.0
2021042005003181,NICLBSL,45,49,10,1815.0,18150.0
2021042005003180,NICLBSL,45,11,20,1815.0,36300.0
2021042005003179,NICLBSL,45,42,10,1815.0,18150.0
2021042005003178,NICLBSL,45,40,20,1815.0,36300.0
2021042005003177,NICLBSL,41,7,1,1817.0,1817.0
2021042005003176,NICLBSL,45,42,10,1815.0,18150.0
2021042005003187,NICLBSL,7,11,10,1815.0,18150.0
2021042005003186,NICLBSL,46,49,10,1815.0,18150.0
2021042005003185,NICLBSL,46,47,10,1815.0,18150.0
2021042005003184,NICLBSL,11,52,10,1815.0,18150.0
2021042005003183,NICLBSL,11,58,10,1815.0,18150.0
2021042005003182,NICLBSL,47,49,10,1816.0,18160.0
2021042005003193,NICLBSL,47,56,10,1816.0,18160.0
2021042005003192,NICLBSL,22,49,10,1815.0,18150.0
2021042005003191,NICLBSL,25,59,10,1815.0,18150.0
2021042005003190,NICLBSL,25,41,10,1815.0,18150.0
2021042005003189,NICLBSL,25,52,10,1815.0,18150.0
2021042005003188,NICLBSL,57,14,10,1815.0,18150.0
2021042005003199,NICLBSL,22,1,10,1815.0,18150.0
2021042005003198,NICLBSL,22,41,10,1815.0,18150.0
2021042005003197,NICLBSL,47,16,10,1816.0,18160.0
2021042005003196,NICLBSL,47,59,10,1816.0,18160.0
2021042005003195,NICLBSL,47,40,10,1816.0,18160.0
2021042005003194,NICLBSL,47,58,10,1816.0,18160.0
2021042005003205,NICLBSL,22,48,10,1815.0,18150.0
2021042005003204,NICLBSL,22,58,10,1815.0,18150.0
2021042005003203,NICLBSL,22,47,10,1815.0,18150.0
2021042005003202,NICLBSL,22,47,10,1815.0,18150.0
2021042005003201,NICLBSL,56,32,100,1819.0,181900.0
2021042005003200,NICLBSL,22,4,10,1815.0,18150.0
2021042005003211,NICLBSL,22,21,10,1815.0,18150.0
2021042005003210,NICLBSL,14,39,10,1816.0,18160.0
2021042005003209,NICLBSL,14,45,10,1816.0,18160.0
2021042005003208,NICLBSL,14,37,10,1816.0,18160.0
2021042005003207,NICLBSL,14,48,20,1816.0,36320.0
2021042005003206,NICLBSL,22,47,10,1815.0,18150.0
2021042005003217,NICLBSL,17,45,10,1817.0,18170.0
2021042005003216,NICLBSL,17,45,10,1817.0,18170.0
2021042005003215,NICLBSL,17,59,10,1817.0,18170.0
2021042005003214,NICLBSL,17,13,11,1817.0,19987.0
2021042005003213,NICLBSL,48,28,10,1815.0,18150.0
2021042005003212,NICLBSL,33,47,10,1815.0,18150.0
2021042005003223,NICLBSL,17,45,10,1818.0,18180.0
2021042005003222,NICLBSL,17,26,10,1818.0,18180.0
2021042005003221,NICLBSL,17,59,10,1817.0,18170.0
2021042005003220,NICLBSL,17,59,10,1817.0,18170.0
2021042005003219,NICLBSL,17,59,10,1817.0,18170.0
2021042005003218,NICLBSL,17,58,10,1817.0,18170.0
2021042005003229,NICLBSL,48,4,10,1815.0,18150.0
2021042005003228,NICLBSL,17,21,10,1820.0,18200.0
2021042005003227,NICLBSL,17,49,10,1820.0,18200.0
2021042005003226,NICLBSL,17,48,10,1820.0,18200.0
2021042005003225,NICLBSL,17,34,10,1819.0,18190.0
2021042005003224,NICLBSL,17,32,50,1818.0,90900.0
2021042005003235,NICLBSL,48,47,10,1815.0,18150.0
2021042005003234,NICLBSL,48,42,10,1815.0,18150.0
2021042005003233,NICLBSL,48,52,10,1815.0,18150.0
2021042005003232,NICLBSL,45,47,10,1816.0,18160.0
2021042005003231,NICLBSL,45,47,10,1816.0,18160.0
2021042005003230,NICLBSL,48,47,10,1815.0,18150.0
2021042005003241,NICLBSL,57,26,10,1816.0,18160.0
2021042005003240,NICLBSL,57,38,10,1816.0,18160.0
2021042005003239,NICLBSL,43,6,10,1815.0,18150.0
2021042005003238,NICLBSL,43,48,10,1815.0,18150.0
2021042005003237,NICLBSL,48,56,10,1815.0,18150.0
2021042005003236,NICLBSL,48,11,10,1815.0,18150.0
2021042005003248,NICLBSL,43,52,10,1817.0,18170.0
2021042005003246,NICLBSL,43,29,10,1817.0,18170.0
2021042005003245,NICLBSL,38,36,10,1820.0,18200.0
2021042005003244,NICLBSL,45,54,10,1817.0,18170.0
2021042005003243,NICLBSL,26,11,10,1815.0,18150.0
2021042005003242,NICLBSL,14,47,10,1816.0,18160.0
2021042005002744,JLI,14,51,10,751.0,7510.0
2021042005002707,JLI,14,39,10,751.0,7510.0
2021042005002663,JLI,54,55,9,751.0,6759.0
2021042005002659,JLI,38,55,1,751.0,751.0
2021042005002637,JLI,14,50,10,751.0,7510.0
2021042005002629,JLI,14,49,10,751.0,7510.0
2021042005002310,JLI,14,10,10,751.0,7510.0
2021042005002304,JLI,14,32,10,751.0,7510.0
2021042005002472,JLI,14,34,10,751.0,7510.0
2021042005002471,JLI,14,41,10,751.0,7510.0
2021042005002432,JLI,14,19,10,751.0,7510.0
2021042005002400,JLI,14,39,10,751.0,7510.0
2021042005002383,JLI,14,39,10,751.0,7510.0
2021042005002334,JLI,14,25,10,751.0,7510.0
2021042005002590,JLI,14,50,10,751.0,7510.0
2021042005002554,JLI,14,57,10,751.0,7510.0
2021042005002548,JLI,14,49,10,751.0,7510.0
2021042005002533,JLI,14,20,10,751.0,7510.0
2021042005002531,JLI,14,50,10,751.0,7510.0
2021042005002504,JLI,14,41,10,751.0,7510.0
2021042005002711,MLBSL,59,57,10,1606.0,16060.0
2021042005002551,MLBSL,59,41,10,1606.0,16060.0
2021042005002754,NICLBSL,17,16,10,1830.0,18300.0
2021042005002753,NICLBSL,17,55,10,1830.0,18300.0
2021042005002752,NICLBSL,17,46,60,1830.0,109800.0
2021042005002751,NICLBSL,17,52,10,1828.0,18280.0
2021042005002750,NICLBSL,17,14,10,1828.0,18280.0
2021042005002749,NICLBSL,17,14,10,1828.0,18280.0
2021042005002258,NICLBSL,22,57,200,1832.0,366400.0
2021042005002257,NICLBSL,39,16,10,1832.0,18320.0
2021042005002256,NICLBSL,48,37,10,1833.0,18330.0
2021042005002255,NICLBSL,19,37,80,1833.0,146640.0
2021042005002264,NICLBSL,58,57,30,1831.0,54930.0
2021042005002263,NICLBSL,34,57,10,1831.0,18310.0
2021042005002262,NICLBSL,34,57,50,1831.0,91550.0
2021042005002261,NICLBSL,19,57,60,1831.0,109860.0
2021042005002260,NICLBSL,59,57,30,1832.0,54960.0
2021042005002259,NICLBSL,39,57,20,1832.0,36640.0
2021042005002270,NICLBSL,22,57,10,1830.0,18300.0
2021042005002269,NICLBSL,13,57,20,1830.0,36600.0
2021042005002268,NICLBSL,17,57,10,1830.0,18300.0
2021042005002267,NICLBSL,42,57,400,1830.0,732000.0
2021042005002266,NICLBSL,29,57,30,1830.0,54900.0
2021042005002265,NICLBSL,51,57,20,1830.0,36600.0
2021042005002276,NICLBSL,57,57,100,1830.0,183000.0
2021042005002275,NICLBSL,59,57,10,1830.0,18300.0
2021042005002274,NICLBSL,41,57,40,1830.0,73200.0
2021042005002273,NICLBSL,45,57,100,1830.0,183000.0
2021042005002272,NICLBSL,45,57,160,1830.0,292800.0
2021042005002271,NICLBSL,59,57,110,1830.0,201300.0
2021042005002282,NICLBSL,22,26,10,1829.0,18290.0
2021042005002281,NICLBSL,22,58,10,1829.0,18290.0
2021042005002280,NICLBSL,42,57,10,1830.0,18300.0
2021042005002279,NICLBSL,53,34,10,1829.0,18290.0
2021042005002278,NICLBSL,53,49,10,1829.0,18290.0
2021042005002277,NICLBSL,14,57,10,1830.0,18300.0
2021042005002288,NICLBSL,16,57,20,1830.0,36600.0
2021042005002287,NICLBSL,22,45,10,1829.0,18290.0
2021042005002286,NICLBSL,22,40,20,1829.0,36580.0
2021042005002285,NICLBSL,22,49,10,1829.0,18290.0
2021042005002284,NICLBSL,22,47,10,1829.0,18290.0
2021042005002283,NICLBSL,22,34,10,1829.0,18290.0
2021042005002294,NICLBSL,22,37,10,1829.0,18290.0
2021042005002293,NICLBSL,22,57,20,1829.0,36580.0
2021042005002292,NICLBSL,55,57,82,1830.0,150060.0
2021042005002291,NICLBSL,22,32,10,1829.0,18290.0
2021042005002290,NICLBSL,45,57,50,1830.0,91500.0
2021042005002289,NICLBSL,22,47,20,1829.0,36580.0
2021042005002300,NICLBSL,45,25,10,1830.0,18300.0
2021042005002299,NICLBSL,22,6,10,1829.0,18290.0
2021042005002298,NICLBSL,45,16,10,1830.0,18300.0
2021042005002297,NICLBSL,45,54,10,1830.0,18300.0
2021042005002296,NICLBSL,45,45,10,1830.0,18300.0
2021042005002295,NICLBSL,45,57,18,1830.0,32940.0
2021042005002307,NICLBSL,45,16,10,1830.0,18300.0
2021042005002306,NICLBSL,45,52,10,1830.0,18300.0
2021042005002305,NICLBSL,45,39,10,1830.0,18300.0
2021042005002303,NICLBSL,45,49,10,1830.0,18300.0
2021042005002302,NICLBSL,45,16,10,1830.0,18300.0
2021042005002301,NICLBSL,45,16,10,1830.0,18300.0
2021042005002314,NICLBSL,45,44,10,1830.0,18300.0
2021042005002313,NICLBSL,45,56,10,1830.0,18300.0
2021042005002312,NICLBSL,45,39,10,1830.0,18300.0
2021042005002311,NICLBSL,45,16,10,1830.0,18300.0
2021042005002309,NICLBSL,45,45,10,1830.0,18300.0
2021042005002308,NICLBSL,45,34,20,1830.0,36600.0
2021042005002320,NICLBSL,22,29,10,1829.0,18290.0
2021042005002319,NICLBSL,22,38,10,1829.0,18290.0
2021042005002318,NICLBSL,45,57,20,1830.0,36600.0
2021042005002317,NICLBSL,45,40,20,1830.0,36600.0
2021042005002316,NICLBSL,45,36,10,1830.0,18300.0
2021042005002315,NICLBSL,45,37,10,1830.0,18300.0
2021042005002326,NICLBSL,22,49,10,1829.0,18290.0
2021042005002325,NICLBSL,22,29,10,1829.0,18290.0
2021042005002324,NICLBSL,22,32,10,1829.0,18290.0
2021042005002323,NICLBSL,36,32,10,1830.0,18300.0
2021042005002322,NICLBSL,36,34,10,1830.0,18300.0
2021042005002321,NICLBSL,36,16,10,1830.0,18300.0
2021042005002332,NICLBSL,6,29,10,1829.0,18290.0
2021042005002331,NICLBSL,6,29,10,1829.0,18290.0
2021042005002330,NICLBSL,26,16,10,1830.0,18300.0
2021042005002329,NICLBSL,26,17,10,1830.0,18300.0
2021042005002328,NICLBSL,6,39,10,1829.0,18290.0
2021042005002327,NICLBSL,58,29,10,1829.0,18290.0
2021042005002339,NICLBSL,45,39,10,1828.0,18280.0
2021042005002338,NICLBSL,32,29,10,1828.0,18280.0
2021042005002337,NICLBSL,6,29,10,1829.0,18290.0
2021042005002336,NICLBSL,6,37,10,1829.0,18290.0
2021042005002335,NICLBSL,6,29,10,1829.0,18290.0
2021042005002333,NICLBSL,6,11,11,1829.0,20119.0
2021042005002345,NICLBSL,37,58,10,1829.0,18290.0
2021042005002344,NICLBSL,45,43,10,1828.0,18280.0
2021042005002343,NICLBSL,45,42,10,1828.0,18280.0
2021042005002342,NICLBSL,45,29,10,1828.0,18280.0
2021042005002341,NICLBSL,45,29,10,1828.0,18280.0
2021042005002340,NICLBSL,45,53,10,1828.0,18280.0
2021042005002351,NICLBSL,6,50,10,1829.0,18290.0
2021042005002350,NICLBSL,35,14,10,1829.0,18290.0
2021042005002349,NICLBSL,19,4,10,1828.0,18280.0
2021042005002348,NICLBSL,45,4,10,1828.0,18280.0
2021042005002347,NICLBSL,45,29,10,1828.0,18280.0
2021042005002346,NICLBSL,45,34,20,1828.0,36560.0
2021042005002357,NICLBSL,19,34,10,1828.0,18280.0
2021042005002356,NICLBSL,19,29,10,1828.0,18280.0
2021042005002355,NICLBSL,19,22,20,1828.0,36560.0
2021042005002354,NICLBSL,6,16,10,1830.0,18300.0
2021042005002353,NICLBSL,6,16,10,1830.0,18300.0
2021042005002352,NICLBSL,6,34,20,1830.0,36600.0
2021042005002363,NICLBSL,32,29,10,1826.0,18260.0
2021042005002362,NICLBSL,32,17,10,1826.0,18260.0
2021042005002361,NICLBSL,39,17,10,1827.0,18270.0
2021042005002360,NICLBSL,39,29,10,1827.0,18270.0
2021042005002359,NICLBSL,32,11,11,1828.0,20108.0
2021042005002358,NICLBSL,58,29,10,1828.0,18280.0
2021042005002369,NICLBSL,26,34,30,1830.0,54900.0
2021042005002368,NICLBSL,26,16,10,1830.0,18300.0
2021042005002367,NICLBSL,26,16,10,1830.0,18300.0
2021042005002366,NICLBSL,26,50,10,1830.0,18300.0
2021042005002365,NICLBSL,26,16,20,1828.0,36560.0
2021042005002364,NICLBSL,26,38,10,1828.0,18280.0
2021042005002375,NICLBSL,26,29,10,1830.0,18300.0
2021042005002374,NICLBSL,26,51,10,1830.0,18300.0
2021042005002373,NICLBSL,26,29,10,1830.0,18300.0
2021042005002372,NICLBSL,26,50,10,1830.0,18300.0
2021042005002371,NICLBSL,26,45,10,1830.0,18300.0
2021042005002370,NICLBSL,26,54,10,1830.0,18300.0
2021042005002381,NICLBSL,26,29,10,1830.0,18300.0
2021042005002380,NICLBSL,26,29,10,1830.0,18300.0
2021042005002379,NICLBSL,37,58,10,1831.0,18310.0
2021042005002378,NICLBSL,26,39,10,1830.0,18300.0
2021042005002377,NICLBSL,26,29,10,1830.0,18300.0
2021042005002376,NICLBSL,26,29,10,1830.0,18300.0
2021042005002388,NICLBSL,14,19,10,1829.0,18290.0
2021042005002387,NICLBSL,14,39,20,1829.0,36580.0
2021042005002386,NICLBSL,19,38,220,1830.0,402600.0
2021042005002385,NICLBSL,19,29,10,1830.0,18300.0
2021042005002384,NICLBSL,19,22,10,1830.0,18300.0
2021042005002382,NICLBSL,19,19,10,1830.0,18300.0
2021042005002394,NICLBSL,17,11,11,1830.0,20130.0
2021042005002393,NICLBSL,14,19,10,1829.0,18290.0
2021042005002392,NICLBSL,14,17,20,1829.0,36580.0
2021042005002391,NICLBSL,14,14,10,1829.0,18290.0
2021042005002390,NICLBSL,52,38,20,1830.0,36600.0
2021042005002389,NICLBSL,14,14,10,1829.0,18290.0
2021042005002401,NICLBSL,17,58,10,1828.0,18280.0
2021042005002399,NICLBSL,14,17,20,1829.0,36580.0
2021042005002398,NICLBSL,17,38,50,1830.0,91500.0
2021042005002397,NICLBSL,17,38,19,1830.0,34770.0
2021042005002396,NICLBSL,17,58,10,1830.0,18300.0
2021042005002395,NICLBSL,17,36,10,1830.0,18300.0
2021042005002407,NICLBSL,34,19,10,1827.0,18270.0
2021042005002406,NICLBSL,34,17,10,1827.0,18270.0
2021042005002405,NICLBSL,34,58,10,1827.0,18270.0
2021042005002404,NICLBSL,17,38,10,1828.0,18280.0
2021042005002403,NICLBSL,21,38,10,1830.0,18300.0
2021042005002402,NICLBSL,21,52,10,1829.0,18290.0
2021042005002413,NICLBSL,49,38,90,1825.0,164250.0
2021042005002412,NICLBSL,22,38,370,1826.0,675620.0
2021042005002411,NICLBSL,22,37,20,1826.0,36520.0
2021042005002410,NICLBSL,11,39,10,1828.0,18280.0
2021042005002409,NICLBSL,22,58,10,1826.0,18260.0
2021042005002408,NICLBSL,32,20,10,1826.0,18260.0
2021042005002419,NICLBSL,19,38,50,1825.0,91250.0
2021042005002418,NICLBSL,13,38,100,1825.0,182500.0
2021042005002417,NICLBSL,45,38,20,1825.0,36500.0
2021042005002416,NICLBSL,36,38,100,1825.0,182500.0
2021042005002415,NICLBSL,13,38,50,1825.0,91250.0
2021042005002414,NICLBSL,7,38,90,1825.0,164250.0
2021042005002425,NICLBSL,51,38,100,1825.0,182500.0
2021042005002424,NICLBSL,42,38,20,1825.0,36500.0
2021042005002423,NICLBSL,34,38,50,1825.0,91250.0
2021042005002422,NICLBSL,11,38,40,1825.0,73000.0
2021042005002421,NICLBSL,34,38,10,1825.0,18250.0
2021042005002420,NICLBSL,14,38,50,1825.0,91250.0
2021042005002431,NICLBSL,13,17,10,1823.0,18230.0
2021042005002430,NICLBSL,21,38,43,1824.0,78432.0
2021042005002429,NICLBSL,32,38,10,1824.0,18240.0
2021042005002428,NICLBSL,10,38,150,1825.0,273750.0
2021042005002427,NICLBSL,29,38,10,1825.0,18250.0
2021042005002426,NICLBSL,45,38,20,1825.0,36500.0
2021042005002438,NICLBSL,17,58,10,1829.0,18290.0
2021042005002437,NICLBSL,17,52,10,1829.0,18290.0
2021042005002436,NICLBSL,17,14,10,1828.0,18280.0
2021042005002435,NICLBSL,17,59,10,1828.0,18280.0
2021042005002434,NICLBSL,17,34,41,1826.0,74866.0
2021042005002433,NICLBSL,17,58,10,1825.0,18250.0
2021042005002444,NICLBSL,17,52,20,1829.0,36580.0
2021042005002443,NICLBSL,38,38,10,1830.0,18300.0
2021042005002442,NICLBSL,17,14,10,1829.0,18290.0
2021042005002441,NICLBSL,17,4,10,1829.0,18290.0
2021042005002440,NICLBSL,17,17,10,1829.0,18290.0
2021042005002439,NICLBSL,17,37,20,1829.0,36580.0
2021042005002450,NICLBSL,41,38,1,1830.0,1830.0
2021042005002449,NICLBSL,26,38,10,1830.0,18300.0
2021042005002448,NICLBSL,26,58,10,1829.0,18290.0
2021042005002447,NICLBSL,17,14,10,1829.0,18290.0
2021042005002446,NICLBSL,17,37,10,1829.0,18290.0
2021042005002445,NICLBSL,17,14,10,1829.0,18290.0
2021042005002456,NICLBSL,16,49,10,1830.0,18300.0
2021042005002455,NICLBSL,16,55,20,1830.0,36600.0
2021042005002454,NICLBSL,16,49,10,1830.0,18300.0
2021042005002453,NICLBSL,16,55,20,1830.0,36600.0
2021042005002452,NICLBSL,16,45,300,1830.0,549000.0
2021042005002451,NICLBSL,16,44,10,1829.0,18290.0
2021042005002462,NICLBSL,16,14,10,1830.0,18300.0
2021042005002461,NICLBSL,16,8,10,1830.0,18300.0
2021042005002460,NICLBSL,16,14,10,1830.0,18300.0
2021042005002459,NICLBSL,16,55,10,1830.0,18300.0
2021042005002458,NICLBSL,16,55,10,1830.0,18300.0
2021042005002457,NICLBSL,16,55,20,1830.0,36600.0
2021042005002468,NICLBSL,16,55,10,1830.0,18300.0
2021042005002467,NICLBSL,16,35,10,1830.0,18300.0
2021042005002466,NICLBSL,16,39,10,1830.0,18300.0
2021042005002465,NICLBSL,16,55,10,1830.0,18300.0
2021042005002464,NICLBSL,16,42,10,1830.0,18300.0
2021042005002463,NICLBSL,16,16,10,1830.0,18300.0
2021042005002476,NICLBSL,22,14,10,1828.0,18280.0
2021042005002475,NICLBSL,22,14,10,1828.0,18280.0
2021042005002474,NICLBSL,35,37,10,1826.0,18260.0
2021042005002473,NICLBSL,58,58,10,1826.0,18260.0
2021042005002470,NICLBSL,8,17,10,1830.0,18300.0
2021042005002469,NICLBSL,8,16,10,1830.0,18300.0
2021042005002482,NICLBSL,58,39,10,1826.0,18260.0
2021042005002481,NICLBSL,6,20,10,1824.0,18240.0
2021042005002480,NICLBSL,42,14,10,1828.0,18280.0
2021042005002479,NICLBSL,42,49,10,1826.0,18260.0
2021042005002478,NICLBSL,42,42,10,1825.0,18250.0
2021042005002477,NICLBSL,35,39,10,1826.0,18260.0
2021042005002488,NICLBSL,17,16,59,1825.0,107675.0
2021042005002487,NICLBSL,17,14,50,1825.0,91250.0
2021042005002486,NICLBSL,17,26,150,1825.0,273750.0
2021042005002485,NICLBSL,34,14,10,1825.0,18250.0
2021042005002484,NICLBSL,6,14,40,1825.0,73000.0
2021042005002483,NICLBSL,58,38,10,1826.0,18260.0
2021042005002494,NICLBSL,59,39,10,1823.0,18230.0
2021042005002493,NICLBSL,34,21,10,1823.0,18230.0
2021042005002492,NICLBSL,34,38,10,1823.0,18230.0
2021042005002491,NICLBSL,41,56,10,1823.0,18230.0
2021042005002490,NICLBSL,36,16,10,1825.0,18250.0
2021042005002489,NICLBSL,6,17,20,1824.0,36480.0
2021042005002500,NICLBSL,21,42,10,1823.0,18230.0
2021042005002499,NICLBSL,21,20,10,1823.0,18230.0
2021042005002498,NICLBSL,21,1,10,1823.0,18230.0
2021042005002497,NICLBSL,40,16,10,1825.0,18250.0
2021042005002496,NICLBSL,59,37,10,1823.0,18230.0
2021042005002495,NICLBSL,59,58,10,1823.0,18230.0
2021042005002507,NICLBSL,36,22,10,1824.0,18240.0
2021042005002506,NICLBSL,36,37,10,1824.0,18240.0
2021042005002505,NICLBSL,36,7,10,1824.0,18240.0
2021042005002503,NICLBSL,36,34,10,1824.0,18240.0
2021042005002502,NICLBSL,50,16,90,1825.0,164250.0
2021042005002501,NICLBSL,21,45,10,1823.0,18230.0
2021042005002513,NICLBSL,4,42,10,1825.0,18250.0
2021042005002512,NICLBSL,4,17,10,1825.0,18250.0
2021042005002511,NICLBSL,4,49,10,1825.0,18250.0
2021042005002510,NICLBSL,4,16,90,1825.0,164250.0
2021042005002509,NICLBSL,21,40,10,1823.0,18230.0
2021042005002508,NICLBSL,36,1,10,1824.0,18240.0
2021042005002519,NICLBSL,43,40,10,1825.0,18250.0
2021042005002518,NICLBSL,43,20,10,1825.0,18250.0
2021042005002517,NICLBSL,43,17,10,1825.0,18250.0
2021042005002516,NICLBSL,43,45,10,1825.0,18250.0
2021042005002515,NICLBSL,43,52,10,1825.0,18250.0
2021042005002514,NICLBSL,43,39,10,1825.0,18250.0
2021042005002525,NICLBSL,38,58,10,1823.0,18230.0
2021042005002524,NICLBSL,38,20,10,1823.0,18230.0
2021042005002523,NICLBSL,43,45,10,1825.0,18250.0
2021042005002522,NICLBSL,43,17,10,1825.0,18250.0
2021042005002521,NICLBSL,43,49,10,1825.0,18250.0
2021042005002520,NICLBSL,43,17,10,1825.0,18250.0
2021042005002532,NICLBSL,38,44,10,1823.0,18230.0
2021042005002530,NICLBSL,38,17,20,1823.0,36460.0
2021042005002529,NICLBSL,38,37,10,1823.0,18230.0
2021042005002528,NICLBSL,38,42,10,1823.0,18230.0
2021042005002527,NICLBSL,38,17,20,1823.0,36460.0
2021042005002526,NICLBSL,38,14,10,1823.0,18230.0
2021042005002539,NICLBSL,21,16,10,1822.0,18220.0
2021042005002538,NICLBSL,21,42,10,1822.0,18220.0
2021042005002537,NICLBSL,38,55,10,1824.0,18240.0
2021042005002536,NICLBSL,21,17,10,1822.0,18220.0
2021042005002535,NICLBSL,29,37,10,1823.0,18230.0
2021042005002534,NICLBSL,29,49,10,1823.0,18230.0
2021042005002545,NICLBSL,26,39,10,1822.0,18220.0
2021042005002544,NICLBSL,26,20,10,1822.0,18220.0
2021042005002543,NICLBSL,26,57,10,1822.0,18220.0
2021042005002542,NICLBSL,26,28,10,1822.0,18220.0
2021042005002541,NICLBSL,21,28,10,1822.0,18220.0
2021042005002540,NICLBSL,21,57,10,1822.0,18220.0
2021042005002553,NICLBSL,39,57,10,1822.0,18220.0
2021042005002552,NICLBSL,21,47,20,1821.0,36420.0
2021042005002550,NICLBSL,59,38,10,1822.0,18220.0
2021042005002549,NICLBSL,59,36,10,1822.0,18220.0
2021042005002547,NICLBSL,21,17,10,1821.0,18210.0
2021042005002546,NICLBSL,26,17,10,1822.0,18220.0
2021042005002560,NICLBSL,43,45,10,1821.0,18210.0
2021042005002559,NICLBSL,43,20,10,1821.0,18210.0
2021042005002558,NICLBSL,26,17,10,1821.0,18210.0
2021042005002557,NICLBSL,26,39,10,1821.0,18210.0
2021042005002556,NICLBSL,21,17,10,1821.0,18210.0
2021042005002555,NICLBSL,21,1,10,1821.0,18210.0
2021042005002566,NICLBSL,38,39,10,1821.0,18210.0
2021042005002565,NICLBSL,38,1,10,1821.0,18210.0
2021042005002564,NICLBSL,38,17,10,1821.0,18210.0
2021042005002563,NICLBSL,38,57,10,1821.0,18210.0
2021042005002562,NICLBSL,43,58,10,1821.0,18210.0
2021042005002561,NICLBSL,13,1,10,1822.0,18220.0
2021042005002572,NICLBSL,38,37,10,1823.0,18230.0
2021042005002571,NICLBSL,38,37,10,1823.0,18230.0
2021042005002570,NICLBSL,38,49,20,1821.0,36420.0
2021042005002569,NICLBSL,38,29,20,1821.0,36420.0
2021042005002568,NICLBSL,38,58,10,1821.0,18210.0
2021042005002567,NICLBSL,38,38,10,1821.0,18210.0
2021042005002578,NICLBSL,42,29,10,1820.0,18200.0
2021042005002577,NICLBSL,42,17,10,1820.0,18200.0
2021042005002576,NICLBSL,56,17,10,1820.0,18200.0
2021042005002575,NICLBSL,47,29,10,1821.0,18210.0
2021042005002574,NICLBSL,38,29,10,1821.0,18210.0
2021042005002573,NICLBSL,38,37,10,1823.0,18230.0
2021042005002584,NICLBSL,21,45,70,1820.0,127400.0
2021042005002583,NICLBSL,53,45,100,1821.0,182100.0
2021042005002582,NICLBSL,59,45,50,1821.0,91050.0
2021042005002581,NICLBSL,19,45,60,1821.0,109260.0
2021042005002580,NICLBSL,21,29,20,1820.0,36400.0
2021042005002579,NICLBSL,21,29,10,1820.0,18200.0
2021042005002591,NICLBSL,34,21,10,1821.0,18210.0
2021042005002589,NICLBSL,21,29,10,1820.0,18200.0
2021042005002588,NICLBSL,21,45,50,1820.0,91000.0
2021042005002587,NICLBSL,39,45,100,1820.0,182000.0
2021042005002586,NICLBSL,33,45,50,1820.0,91000.0
2021042005002585,NICLBSL,45,45,20,1820.0,36400.0
2021042005002597,NICLBSL,17,29,10,1820.0,18200.0
2021042005002596,NICLBSL,17,48,10,1820.0,18200.0
2021042005002595,NICLBSL,17,11,10,1820.0,18200.0
2021042005002594,NICLBSL,38,7,10,1822.0,18220.0
2021042005002593,NICLBSL,21,29,10,1820.0,18200.0
2021042005002592,NICLBSL,21,57,20,1820.0,36400.0
2021042005002603,NICLBSL,35,41,10,1821.0,18210.0
2021042005002602,NICLBSL,35,29,10,1821.0,18210.0
2021042005002601,NICLBSL,35,29,10,1821.0,18210.0
2021042005002600,NICLBSL,17,58,10,1820.0,18200.0
2021042005002599,NICLBSL,58,45,130,1825.0,237250.0
2021042005002598,NICLBSL,58,33,20,1823.0,36460.0
2021042005002609,NICLBSL,44,4,10,1821.0,18210.0
2021042005002608,NICLBSL,35,29,10,1821.0,18210.0
2021042005002607,NICLBSL,35,38,10,1821.0,18210.0
2021042005002606,NICLBSL,35,58,10,1821.0,18210.0
2021042005002605,NICLBSL,35,29,10,1821.0,18210.0
2021042005002604,NICLBSL,35,32,10,1821.0,18210.0
2021042005002615,NICLBSL,17,45,50,1820.0,91000.0
2021042005002614,NICLBSL,59,45,100,1820.0,182000.0
2021042005002613,NICLBSL,59,56,10,1823.0,18230.0
2021042005002612,NICLBSL,59,54,10,1823.0,18230.0
2021042005002611,NICLBSL,44,29,10,1821.0,18210.0
2021042005002610,NICLBSL,44,58,10,1821.0,18210.0
2021042005002621,NICLBSL,42,45,50,1820.0,91000.0
2021042005002620,NICLBSL,32,45,50,1820.0,91000.0
2021042005002619,NICLBSL,52,45,10,1820.0,18200.0
2021042005002618,NICLBSL,58,45,10,1820.0,18200.0
2021042005002617,NICLBSL,1,45,50,1820.0,91000.0
2021042005002616,NICLBSL,40,45,30,1820.0,54600.0
2021042005002627,NICLBSL,21,4,10,1820.0,18200.0
2021042005002626,NICLBSL,38,42,10,1820.0,18200.0
2021042005002625,NICLBSL,38,45,40,1820.0,72800.0
2021042005002624,NICLBSL,36,45,50,1820.0,91000.0
2021042005002623,NICLBSL,58,45,10,1820.0,18200.0
2021042005002622,NICLBSL,50,45,50,1820.0,91000.0
2021042005002634,NICLBSL,21,39,10,1820.0,18200.0
2021042005002633,NICLBSL,21,4,10,1820.0,18200.0
2021042005002632,NICLBSL,52,8,10,1821.0,18210.0
2021042005002631,NICLBSL,21,29,10,1820.0,18200.0
2021042005002630,NICLBSL,21,20,10,1820.0,18200.0
2021042005002628,NICLBSL,21,29,10,1820.0,18200.0
2021042005002641,NICLBSL,51,21,10,1821.0,18210.0
2021042005002640,NICLBSL,51,39,10,1821.0,18210.0
2021042005002639,NICLBSL,38,29,10,1820.0,18200.0
2021042005002638,NICLBSL,38,56,10,1820.0,18200.0
2021042005002636,NICLBSL,21,47,10,1820.0,18200.0
2021042005002635,NICLBSL,21,29,10,1820.0,18200.0
2021042005002647,NICLBSL,58,29,10,1820.0,18200.0
2021042005002646,NICLBSL,38,29,10,1820.0,18200.0
2021042005002645,NICLBSL,38,29,10,1820.0,18200.0
2021042005002644,NICLBSL,25,20,10,1819.0,18190.0
2021042005002643,NICLBSL,51,48,10,1819.0,18190.0
2021042005002642,NICLBSL,34,29,10,1820.0,18200.0
2021042005002653,NICLBSL,58,14,10,1822.0,18220.0
2021042005002652,NICLBSL,58,14,10,1822.0,18220.0
2021042005002651,NICLBSL,58,39,10,1821.0,18210.0
2021042005002650,NICLBSL,58,52,25,1820.0,45500.0
2021042005002649,NICLBSL,58,39,10,1820.0,18200.0
2021042005002648,NICLBSL,58,55,10,1820.0,18200.0
2021042005002660,NICLBSL,57,59,10,1818.0,18180.0
2021042005002658,NICLBSL,25,58,10,1819.0,18190.0
2021042005002657,NICLBSL,39,29,10,1820.0,18200.0
2021042005002656,NICLBSL,58,57,95,1824.0,173280.0
2021042005002655,NICLBSL,58,14,10,1823.0,18230.0
2021042005002654,NICLBSL,58,14,10,1822.0,18220.0
2021042005002667,NICLBSL,57,48,10,1818.0,18180.0
2021042005002666,NICLBSL,34,39,10,1818.0,18180.0
2021042005002665,NICLBSL,57,44,10,1818.0,18180.0
2021042005002664,NICLBSL,57,29,10,1818.0,18180.0
2021042005002662,NICLBSL,57,29,10,1818.0,18180.0
2021042005002661,NICLBSL,57,8,10,1818.0,18180.0
2021042005002673,NICLBSL,39,25,10,1818.0,18180.0
2021042005002672,NICLBSL,21,25,10,1818.0,18180.0
2021042005002671,NICLBSL,21,48,10,1818.0,18180.0
2021042005002670,NICLBSL,57,26,10,1818.0,18180.0
2021042005002669,NICLBSL,57,25,10,1818.0,18180.0
2021042005002668,NICLBSL,58,58,10,1819.0,18190.0
2021042005002679,NICLBSL,39,59,10,1818.0,18180.0
2021042005002678,NICLBSL,39,20,10,1818.0,18180.0
2021042005002677,NICLBSL,39,55,10,1818.0,18180.0
2021042005002676,NICLBSL,39,49,10,1818.0,18180.0
2021042005002675,NICLBSL,39,59,10,1818.0,18180.0
2021042005002674,NICLBSL,39,42,10,1818.0,18180.0
2021042005002685,NICLBSL,39,59,10,1819.0,18190.0
2021042005002684,NICLBSL,39,14,20,1818.0,36360.0
2021042005002683,NICLBSL,39,59,20,1818.0,36360.0
2021042005002682,NICLBSL,25,47,10,1819.0,18190.0
2021042005002681,NICLBSL,25,1,10,1819.0,18190.0
2021042005002680,NICLBSL,39,57,10,1818.0,18180.0
2021042005002691,NICLBSL,35,29,10,1820.0,18200.0
2021042005002690,NICLBSL,39,59,10,1819.0,18190.0
2021042005002689,NICLBSL,39,59,10,1819.0,18190.0
2021042005002688,NICLBSL,29,29,10,1820.0,18200.0
2021042005002687,NICLBSL,29,29,10,1820.0,18200.0
2021042005002686,NICLBSL,39,58,10,1819.0,18190.0
2021042005002697,NICLBSL,17,49,10,1819.0,18190.0
2021042005002696,NICLBSL,19,19,10,1820.0,18200.0
2021042005002695,NICLBSL,19,55,10,1819.0,18190.0
2021042005002694,NICLBSL,39,56,10,1819.0,18190.0
2021042005002693,NICLBSL,14,43,3,1820.0,5460.0
2021042005002692,NICLBSL,35,43,44,1820.0,80080.0
2021042005002703,NICLBSL,44,54,10,1820.0,18200.0
2021042005002702,NICLBSL,17,44,20,1821.0,36420.0
2021042005002701,NICLBSL,17,45,10,1821.0,18210.0
2021042005002700,NICLBSL,44,22,10,1820.0,18200.0
2021042005002699,NICLBSL,44,49,20,1820.0,36400.0
2021042005002698,NICLBSL,44,45,10,1820.0,18200.0
2021042005002710,NICLBSL,17,14,10,1823.0,18230.0
2021042005002709,NICLBSL,17,14,10,1823.0,18230.0
2021042005002708,NICLBSL,21,39,10,1821.0,18210.0
2021042005002706,NICLBSL,17,14,10,1822.0,18220.0
2021042005002705,NICLBSL,17,14,10,1822.0,18220.0
2021042005002704,NICLBSL,17,14,10,1822.0,18220.0
2021042005002717,NICLBSL,17,7,10,1825.0,18250.0
2021042005002716,NICLBSL,17,45,70,1825.0,127750.0
2021042005002715,NICLBSL,34,45,90,1825.0,164250.0
2021042005002714,NICLBSL,34,35,10,1823.0,18230.0
2021042005002713,NICLBSL,21,48,10,1821.0,18210.0
2021042005002712,NICLBSL,21,55,10,1821.0,18210.0
2021042005002723,NICLBSL,17,20,10,1825.0,18250.0
2021042005002722,NICLBSL,17,19,10,1825.0,18250.0
2021042005002721,NICLBSL,17,34,10,1825.0,18250.0
2021042005002720,NICLBSL,17,33,10,1825.0,18250.0
2021042005002719,NICLBSL,17,33,10,1825.0,18250.0
2021042005002718,NICLBSL,17,39,10,1825.0,18250.0
2021042005002729,NICLBSL,17,49,20,1825.0,36500.0
2021042005002728,NICLBSL,17,11,10,1825.0,18250.0
2021042005002727,NICLBSL,17,17,10,1825.0,18250.0
2021042005002726,NICLBSL,17,11,10,1825.0,18250.0
2021042005002725,NICLBSL,17,22,10,1825.0,18250.0
2021042005002724,NICLBSL,17,42,10,1825.0,18250.0
2021042005002735,NICLBSL,44,37,10,1826.0,18260.0
2021042005002734,NICLBSL,44,37,10,1826.0,18260.0
2021042005002733,NICLBSL,48,56,40,1825.0,73000.0
2021042005002732,NICLBSL,17,56,20,1825.0,36500.0
2021042005002731,NICLBSL,17,42,10,1825.0,18250.0
2021042005002730,NICLBSL,17,17,10,1825.0,18250.0
2021042005002741,NICLBSL,48,49,20,1825.0,36500.0
2021042005002740,NICLBSL,48,56,60,1825.0,109500.0
2021042005002739,NICLBSL,6,56,40,1826.0,73040.0
2021042005002738,NICLBSL,48,17,30,1825.0,54750.0
2021042005002737,NICLBSL,44,41,10,1826.0,18260.0
2021042005002736,NICLBSL,44,20,10,1826.0,18260.0
2021042005002748,NICLBSL,17,14,20,1828.0,36560.0
2021042005002747,NICLBSL,48,55,10,1825.0,18250.0
2021042005002746,NICLBSL,48,48,10,1825.0,18250.0
2021042005002745,NICLBSL,48,45,10,1825.0,18250.0
2021042005002743,NICLBSL,52,21,10,1826.0,18260.0
2021042005002742,NICLBSL,52,36,10,1826.0,18260.0
2021042005002252,JLI,14,53,10,751.0,7510.0
2021042005002210,JLI,14,49,10,751.0,7510.0
2021042005002206,JLI,14,28,10,751.0,7510.0
2021042005002203,JLI,14,48,10,751.0,7510.0
2021042005002199,JLI,14,41,10,751.0,7510.0
2021042005002195,JLI,14,41,10,751.0,7510.0
2021042005001772,JLI,14,10,10,751.0,7510.0
2021042005001935,JLI,14,49,10,751.0,7510.0
2021042005001907,JLI,14,19,10,751.0,7510.0
2021042005001887,JLI,14,22,10,751.0,7510.0
2021042005001861,JLI,14,17,10,751.0,7510.0
2021042005001829,JLI,14,6,10,751.0,7510.0
2021042005001786,JLI,14,35,10,751.0,7510.0
2021042005002018,JLI,14,54,10,751.0,7510.0
2021042005002003,JLI,14,26,10,751.0,7510.0
2021042005001989,JLI,14,29,10,751.0,7510.0
2021042005001969,JLI,14,21,10,751.0,7510.0
2021042005001954,JLI,14,32,10,751.0,7510.0
2021042005001953,JLI,14,3,10,751.0,7510.0
2021042005002109,JLI,14,34,10,751.0,7510.0
2021042005002083,JLI,14,38,10,751.0,7510.0
2021042005002049,JLI,14,50,10,751.0,7510.0
2021042005002048,JLI,14,4,10,751.0,7510.0
2021042005002045,JLI,14,4,10,751.0,7510.0
2021042005002039,JLI,14,6,10,751.0,7510.0
2021042005002132,JLI,14,25,10,751.0,7510.0
2021042005002124,JLI,14,26,10,751.0,7510.0
2021042005002122,JLI,14,41,10,751.0,7510.0
2021042005002121,JLI,14,49,10,751.0,7510.0
2021042005002118,JLI,14,26,10,751.0,7510.0
2021042005002115,JLI,14,50,10,751.0,7510.0
2021042005002179,JLI,14,17,10,751.0,7510.0
2021042005002175,JLI,14,17,10,751.0,7510.0
2021042005002167,JLI,14,42,10,751.0,7510.0
2021042005002152,JLI,14,3,10,751.0,7510.0
2021042005002149,JLI,14,3,10,751.0,7510.0
2021042005002133,JLI,14,16,10,751.0,7510.0
2021042005001840,MLBSL,59,6,10,1606.0,16060.0
2021042005001760,MLBSL,59,6,10,1606.0,16060.0
2021042005002254,NICLBSL,19,38,10,1833.0,18330.0
2021042005002253,NICLBSL,19,38,10,1833.0,18330.0
2021042005002251,NICLBSL,39,58,10,1832.0,18320.0
2021042005002250,NICLBSL,39,16,10,1832.0,18320.0
2021042005002249,NICLBSL,39,58,10,1832.0,18320.0
2021042005002248,NICLBSL,39,51,10,1832.0,18320.0
2021042005001759,NICLBSL,50,4,10,1823.0,18230.0
2021042005001758,NICLBSL,50,59,10,1823.0,18230.0
2021042005001757,NICLBSL,50,21,10,1823.0,18230.0
2021042005001756,NICLBSL,41,35,10,1825.0,18250.0
2021042005001755,NICLBSL,41,22,10,1825.0,18250.0
2021042005001766,NICLBSL,21,57,10,1823.0,18230.0
2021042005001765,NICLBSL,41,17,10,1823.0,18230.0
2021042005001764,NICLBSL,41,18,10,1823.0,18230.0
2021042005001763,NICLBSL,41,38,10,1823.0,18230.0
2021042005001762,NICLBSL,41,4,10,1823.0,18230.0
2021042005001761,NICLBSL,41,38,10,1823.0,18230.0
2021042005001773,NICLBSL,21,14,10,1823.0,18230.0
2021042005001771,NICLBSL,21,36,10,1823.0,18230.0
