Transact. No.,Symbol,Buyer,Seller,Quantity,Rate,Amount
2021042705006034,JLI,7,55,10,863.0,8630.0
2021042705006033,JLI,57,55,30,863.0,25890.0
2021042705006032,JLI,45,40,10,863.0,8630.0
2021042705006026,JLI,45,49,10,863.0,8630.0
2021042705006023,JLI,45,58,10,863.0,8630.0
2021042705006021,JLI,45,7,10,863.0,8630.0
2021042705005545,JLI,36,34,200,860.0,172000.0
2021042705005544,JLI,42,53,10,858.0,8580.0
2021042705005543,JLI,42,38,10,858.0,8580.0
2021042705005538,JLI,42,38,10,858.0,8580.0
2021042705005537,JLI,42,43,10,858.0,8580.0
2021042705005560,JLI,42,58,10,858.0,8580.0
2021042705005556,JLI,42,34,10,858.0,8580.0
2021042705005553,JLI,42,45,10,858.0,8580.0
2021042705005552,JLI,42,41,10,858.0,8580.0
2021042705005550,JLI,42,56,10,858.0,8580.0
2021042705005546,JLI,42,8,10,858.0,8580.0
2021042705005576,JLI,57,52,10,860.0,8600.0
2021042705005575,JLI,57,34,149,860.0,128140.0
2021042705005573,JLI,42,3,10,858.0,8580.0
2021042705005571,JLI,42,16,10,858.0,8580.0
2021042705005569,JLI,1,34,45,860.0,38700.0
2021042705005562,JLI,42,8,10,858.0,8580.0
2021042705005582,JLI,57,51,10,860.0,8600.0
2021042705005581,JLI,57,32,10,860.0,8600.0
2021042705005580,JLI,57,57,10,860.0,8600.0
2021042705005579,JLI,57,42,10,860.0,8600.0
2021042705005578,JLI,57,34,10,860.0,8600.0
2021042705005577,JLI,57,57,10,860.0,8600.0
2021042705005588,JLI,42,36,10,858.0,8580.0
2021042705005587,JLI,42,6,10,858.0,8580.0
2021042705005586,JLI,42,39,10,858.0,8580.0
2021042705005585,JLI,57,47,10,860.0,8600.0
2021042705005584,JLI,57,48,10,860.0,8600.0
2021042705005583,JLI,57,58,10,860.0,8600.0
2021042705005598,JLI,38,6,10,858.0,8580.0
2021042705005597,JLI,42,18,10,858.0,8580.0
2021042705005596,JLI,42,51,10,858.0,8580.0
2021042705005595,JLI,42,34,10,858.0,8580.0
2021042705005593,JLI,42,18,10,858.0,8580.0
2021042705005591,JLI,41,6,10,860.0,8600.0
2021042705005606,JLI,42,21,10,858.0,8580.0
2021042705005605,JLI,42,38,10,858.0,8580.0
2021042705005603,JLI,42,36,10,858.0,8580.0
2021042705005602,JLI,42,36,10,858.0,8580.0
2021042705005601,JLI,42,47,10,858.0,8580.0
2021042705005599,JLI,38,17,10,858.0,8580.0
2021042705005612,JLI,41,6,10,860.0,8600.0
2021042705005611,JLI,41,57,10,860.0,8600.0
2021042705005610,JLI,42,38,10,858.0,8580.0
2021042705005609,JLI,42,33,10,858.0,8580.0
2021042705005608,JLI,42,38,10,858.0,8580.0
2021042705005607,JLI,42,58,10,858.0,8580.0
2021042705005618,JLI,41,58,10,860.0,8600.0
2021042705005617,JLI,41,36,10,860.0,8600.0
2021042705005616,JLI,41,38,10,860.0,8600.0
2021042705005615,JLI,41,54,10,860.0,8600.0
2021042705005614,JLI,41,51,10,860.0,8600.0
2021042705005613,JLI,41,49,10,860.0,8600.0
2021042705005627,JLI,32,47,10,860.0,8600.0
2021042705005625,JLI,53,38,10,860.0,8600.0
2021042705005624,JLI,53,57,10,860.0,8600.0
2021042705005622,JLI,53,56,10,860.0,8600.0
2021042705005620,JLI,41,38,10,860.0,8600.0
2021042705005619,JLI,41,38,10,860.0,8600.0
2021042705005635,JLI,32,58,10,860.0,8600.0
2021042705005634,JLI,32,38,10,860.0,8600.0
2021042705005632,JLI,32,52,10,860.0,8600.0
2021042705005631,JLI,32,16,10,860.0,8600.0
2021042705005630,JLI,32,38,10,860.0,8600.0
2021042705005628,JLI,32,29,10,860.0,8600.0
2021042705005641,JLI,49,38,10,860.0,8600.0
2021042705005640,JLI,56,54,10,860.0,8600.0
2021042705005639,JLI,56,6,10,860.0,8600.0
2021042705005638,JLI,32,16,10,860.0,8600.0
2021042705005637,JLI,32,38,10,860.0,8600.0
2021042705005636,JLI,32,34,10,860.0,8600.0
2021042705005649,JLI,49,58,10,860.0,8600.0
2021042705005647,JLI,49,38,10,860.0,8600.0
2021042705005646,JLI,49,58,10,860.0,8600.0
2021042705005645,JLI,42,58,10,862.0,8620.0
2021042705005644,JLI,42,38,30,862.0,25860.0
2021042705005643,JLI,49,57,10,860.0,8600.0
2021042705005662,JLI,45,58,10,860.0,8600.0
2021042705005661,JLI,45,58,10,860.0,8600.0
2021042705005660,JLI,45,51,10,860.0,8600.0
2021042705005659,JLI,45,34,10,860.0,8600.0
2021042705005658,JLI,45,58,10,860.0,8600.0
2021042705005657,JLI,42,47,10,860.0,8600.0
2021042705005695,JLI,38,49,5,860.0,4300.0
2021042705005690,JLI,45,45,10,860.0,8600.0
2021042705005686,JLI,45,6,10,860.0,8600.0
2021042705005682,JLI,57,13,10,861.0,8610.0
2021042705005667,JLI,57,42,10,861.0,8610.0
2021042705005666,JLI,57,58,10,861.0,8610.0
2021042705005708,JLI,16,3,10,861.0,8610.0
2021042705005707,JLI,16,55,10,861.0,8610.0
2021042705005706,JLI,16,34,10,861.0,8610.0
2021042705005700,JLI,45,38,10,860.0,8600.0
2021042705005699,JLI,45,19,10,860.0,8600.0
2021042705005698,JLI,57,38,10,861.0,8610.0
2021042705005718,JLI,58,58,10,860.0,8600.0
2021042705005717,JLI,34,52,10,860.0,8600.0
2021042705005716,JLI,38,58,10,860.0,8600.0
2021042705005715,JLI,38,45,10,860.0,8600.0
2021042705005714,JLI,16,51,10,861.0,8610.0
2021042705005709,JLI,16,51,10,861.0,8610.0
2021042705005730,JLI,41,22,10,861.0,8610.0
2021042705005729,JLI,57,58,10,861.0,8610.0
2021042705005728,JLI,57,45,10,861.0,8610.0
2021042705005727,JLI,57,3,10,861.0,8610.0
2021042705005722,JLI,58,45,10,860.0,8600.0
2021042705005721,JLI,58,34,10,860.0,8600.0
2021042705005743,JLI,45,34,10,860.0,8600.0
2021042705005741,JLI,45,21,10,860.0,8600.0
2021042705005739,JLI,58,29,10,860.0,8600.0
2021042705005736,JLI,58,58,10,860.0,8600.0
2021042705005733,JLI,58,34,10,860.0,8600.0
2021042705005731,JLI,41,45,10,861.0,8610.0
2021042705005754,JLI,14,48,10,862.0,8620.0
2021042705005753,JLI,14,35,10,862.0,8620.0
2021042705005749,JLI,6,57,10,861.0,8610.0
2021042705005747,JLI,6,45,10,861.0,8610.0
2021042705005745,JLI,6,14,10,861.0,8610.0
2021042705005744,JLI,45,6,10,860.0,8600.0
2021042705005763,JLI,57,57,10,861.0,8610.0
2021042705005762,JLI,57,50,10,861.0,8610.0
2021042705005758,JLI,6,16,10,861.0,8610.0
2021042705005757,JLI,6,57,10,861.0,8610.0
2021042705005756,JLI,14,48,10,862.0,8620.0
2021042705005755,JLI,14,22,10,862.0,8620.0
2021042705005783,JLI,58,22,10,861.0,8610.0
2021042705005781,JLI,58,34,10,861.0,8610.0
2021042705005778,JLI,58,58,10,861.0,8610.0
2021042705005777,JLI,58,58,10,861.0,8610.0
2021042705005776,JLI,47,48,10,862.0,8620.0
2021042705005764,JLI,58,58,10,861.0,8610.0
2021042705005790,JLI,18,26,10,862.0,8620.0
2021042705005788,JLI,18,4,10,862.0,8620.0
2021042705005787,JLI,18,58,10,862.0,8620.0
2021042705005786,JLI,18,34,10,862.0,8620.0
2021042705005785,JLI,18,42,10,862.0,8620.0
2021042705005784,JLI,18,58,10,862.0,8620.0
2021042705005802,JLI,49,7,10,863.0,8630.0
2021042705005801,JLI,49,6,10,863.0,8630.0
2021042705005799,JLI,18,32,10,862.0,8620.0
2021042705005798,JLI,18,58,10,862.0,8620.0
2021042705005794,JLI,18,57,10,862.0,8620.0
2021042705005793,JLI,18,57,10,862.0,8620.0
2021042705005808,JLI,49,41,10,863.0,8630.0
2021042705005807,JLI,49,6,10,863.0,8630.0
2021042705005806,JLI,49,42,10,863.0,8630.0
2021042705005805,JLI,49,6,10,863.0,8630.0
2021042705005804,JLI,49,6,10,863.0,8630.0
2021042705005803,JLI,49,44,10,863.0,8630.0
2021042705005814,JLI,44,38,10,862.0,8620.0
2021042705005813,JLI,32,34,10,864.0,8640.0
2021042705005812,JLI,32,14,10,863.0,8630.0
2021042705005811,JLI,18,57,10,862.0,8620.0
2021042705005810,JLI,49,7,10,863.0,8630.0
2021042705005809,JLI,49,44,10,863.0,8630.0
2021042705005824,JLI,58,58,10,862.0,8620.0
2021042705005822,JLI,58,32,10,862.0,8620.0
2021042705005821,JLI,34,26,10,863.0,8630.0
2021042705005820,JLI,8,34,10,864.0,8640.0
2021042705005818,JLI,34,21,10,863.0,8630.0
2021042705005816,JLI,44,14,10,862.0,8620.0
2021042705005832,JLI,57,58,10,862.0,8620.0
2021042705005831,JLI,57,25,10,862.0,8620.0
2021042705005829,JLI,57,42,10,862.0,8620.0
2021042705005828,JLI,57,7,10,862.0,8620.0
2021042705005827,JLI,58,55,10,862.0,8620.0
2021042705005826,JLI,58,42,10,862.0,8620.0
2021042705005845,JLI,38,3,10,863.0,8630.0
2021042705005839,JLI,21,45,10,863.0,8630.0
2021042705005837,JLI,57,58,10,862.0,8620.0
2021042705005835,JLI,57,21,10,862.0,8620.0
2021042705005834,JLI,57,32,10,862.0,8620.0
2021042705005833,JLI,38,38,10,863.0,8630.0
2021042705005854,JLI,17,34,500,864.0,432000.0
2021042705005853,JLI,58,38,10,863.0,8630.0
2021042705005851,JLI,58,59,10,863.0,8630.0
2021042705005850,JLI,58,7,10,863.0,8630.0
2021042705005848,JLI,58,32,10,863.0,8630.0
2021042705005847,JLI,58,11,10,863.0,8630.0
2021042705005861,JLI,58,49,10,863.0,8630.0
2021042705005859,JLI,10,34,20,864.0,17280.0
2021042705005858,JLI,58,29,10,863.0,8630.0
2021042705005857,JLI,58,41,10,863.0,8630.0
2021042705005856,JLI,58,57,10,863.0,8630.0
2021042705005855,JLI,58,54,10,863.0,8630.0
2021042705005874,JLI,58,49,10,863.0,8630.0
2021042705005873,JLI,58,21,10,863.0,8630.0
2021042705005872,JLI,58,34,10,863.0,8630.0
2021042705005864,JLI,58,58,10,863.0,8630.0
2021042705005863,JLI,58,58,10,863.0,8630.0
2021042705005862,JLI,58,43,10,863.0,8630.0
2021042705005882,JLI,58,1,10,863.0,8630.0
2021042705005880,JLI,32,34,50,864.0,43200.0
2021042705005878,JLI,58,55,10,863.0,8630.0
2021042705005877,JLI,58,58,10,863.0,8630.0
2021042705005876,JLI,53,34,40,864.0,34560.0
2021042705005875,JLI,58,58,10,863.0,8630.0
2021042705005892,JLI,51,34,190,864.0,164160.0
2021042705005891,JLI,43,1,10,863.0,8630.0
2021042705005888,JLI,43,21,10,863.0,8630.0
2021042705005885,JLI,14,34,50,864.0,43200.0
2021042705005884,JLI,43,55,10,863.0,8630.0
2021042705005883,JLI,58,1,10,863.0,8630.0
2021042705005901,JLI,13,7,10,863.0,8630.0
2021042705005900,JLI,13,7,10,863.0,8630.0
2021042705005899,JLI,13,52,10,863.0,8630.0
2021042705005897,JLI,58,34,20,864.0,17280.0
2021042705005896,JLI,45,32,10,863.0,8630.0
2021042705005893,JLI,51,34,10,864.0,8640.0
2021042705005909,JLI,13,58,10,863.0,8630.0
2021042705005907,JLI,13,38,10,863.0,8630.0
2021042705005906,JLI,13,1,10,863.0,8630.0
2021042705005905,JLI,13,5,10,863.0,8630.0
2021042705005904,JLI,13,21,10,863.0,8630.0
2021042705005902,JLI,53,34,500,864.0,432000.0
2021042705005930,JLI,19,8,10,863.0,8630.0
2021042705005922,JLI,57,34,40,864.0,34560.0
2021042705005921,JLI,19,19,10,863.0,8630.0
2021042705005917,JLI,10,44,10,863.0,8630.0
2021042705005916,JLI,13,16,10,863.0,8630.0
2021042705005915,JLI,13,34,10,863.0,8630.0
2021042705005947,JLI,19,3,10,863.0,8630.0
2021042705005946,JLI,19,50,10,863.0,8630.0
2021042705005934,JLI,19,43,10,863.0,8630.0
2021042705005933,JLI,39,34,20,864.0,17280.0
2021042705005932,JLI,7,34,20,864.0,17280.0
2021042705005931,JLI,19,57,10,863.0,8630.0
2021042705005956,JLI,45,41,10,863.0,8630.0
2021042705005955,JLI,45,36,10,863.0,8630.0
2021042705005954,JLI,45,7,10,863.0,8630.0
2021042705005953,JLI,45,21,10,863.0,8630.0
2021042705005951,JLI,19,4,10,863.0,8630.0
2021042705005948,JLI,19,21,10,863.0,8630.0
2021042705005965,JLI,45,57,10,863.0,8630.0
2021042705005964,JLI,45,16,10,863.0,8630.0
2021042705005963,JLI,45,36,10,863.0,8630.0
2021042705005962,JLI,45,45,10,863.0,8630.0
2021042705005961,JLI,45,28,10,863.0,8630.0
2021042705005957,JLI,45,34,10,863.0,8630.0
2021042705005978,JLI,45,49,10,863.0,8630.0
2021042705005977,JLI,45,44,10,863.0,8630.0
2021042705005975,JLI,29,34,50,864.0,43200.0
2021042705005970,JLI,45,6,10,863.0,8630.0
2021042705005969,JLI,45,3,10,863.0,8630.0
2021042705005966,JLI,45,56,10,863.0,8630.0
2021042705005987,JLI,45,14,10,863.0,8630.0
2021042705005986,JLI,38,34,10,864.0,8640.0
2021042705005984,JLI,45,21,10,863.0,8630.0
2021042705005983,JLI,45,49,10,863.0,8630.0
2021042705005981,JLI,45,32,10,863.0,8630.0
2021042705005980,JLI,45,52,10,863.0,8630.0
2021042705005996,JLI,45,49,10,863.0,8630.0
2021042705005994,JLI,45,34,10,863.0,8630.0
2021042705005992,JLI,45,37,10,863.0,8630.0
2021042705005991,JLI,45,32,10,863.0,8630.0
2021042705005990,JLI,45,58,10,863.0,8630.0
2021042705005988,JLI,45,36,10,863.0,8630.0
2021042705006020,JLI,45,55,10,863.0,8630.0
2021042705006019,JLI,45,44,10,863.0,8630.0
2021042705006015,JLI,45,34,10,863.0,8630.0
2021042705006002,JLI,45,41,10,863.0,8630.0
2021042705006000,JLI,45,58,10,863.0,8630.0
2021042705005999,JLI,45,29,10,863.0,8630.0
2021042705005968,MLBSL,10,45,10,2583.0,25830.0
2021042705005890,MLBSL,10,45,10,2583.0,25830.0
2021042705005836,MLBSL,10,45,10,2583.0,25830.0
2021042705005782,MLBSL,10,45,10,2583.0,25830.0
2021042705005773,MLBSL,10,38,10,2583.0,25830.0
2021042705005696,MLBSL,10,49,10,2583.0,25830.0
2021042705005589,MLBSL,10,56,10,2583.0,25830.0
2021042705006031,NICLBSL,21,40,10,1755.0,17550.0
2021042705006030,NICLBSL,21,57,50,1755.0,87750.0
2021042705006029,NICLBSL,21,21,10,1755.0,17550.0
2021042705006028,NICLBSL,21,58,10,1755.0,17550.0
2021042705006027,NICLBSL,21,25,20,1755.0,35100.0
2021042705006025,NICLBSL,38,35,134,1753.0,234902.0
2021042705005536,NICLBSL,5,48,50,1750.0,87500.0
2021042705005535,NICLBSL,5,49,10,1750.0,17500.0
2021042705005548,NICLBSL,38,4,10,1750.0,17500.0
2021042705005547,NICLBSL,38,38,10,1749.0,17490.0
2021042705005542,NICLBSL,49,34,10,1750.0,17500.0
2021042705005541,NICLBSL,49,38,30,1750.0,52500.0
2021042705005540,NICLBSL,21,38,40,1750.0,70000.0
2021042705005539,NICLBSL,57,44,50,1749.0,87450.0
2021042705005558,NICLBSL,49,25,10,1748.0,17480.0
2021042705005557,NICLBSL,49,52,20,1746.0,34920.0
2021042705005555,NICLBSL,19,52,10,1746.0,17460.0
2021042705005554,NICLBSL,32,52,20,1746.0,34920.0
2021042705005551,NICLBSL,54,44,10,1748.0,17480.0
2021042705005549,NICLBSL,38,49,90,1750.0,157500.0
2021042705005566,NICLBSL,3,21,10,1750.0,17500.0
2021042705005565,NICLBSL,3,49,10,1750.0,17500.0
2021042705005564,NICLBSL,38,4,10,1749.0,17490.0
2021042705005563,NICLBSL,38,43,20,1749.0,34980.0
2021042705005561,NICLBSL,41,43,10,1749.0,17490.0
2021042705005559,NICLBSL,49,43,70,1749.0,122430.0
2021042705005590,NICLBSL,51,57,40,1749.0,69960.0
2021042705005574,NICLBSL,38,57,60,1749.0,104940.0
2021042705005572,NICLBSL,46,57,90,1750.0,157500.0
2021042705005570,NICLBSL,38,36,10,1749.0,17490.0
2021042705005568,NICLBSL,3,4,10,1750.0,17500.0
2021042705005567,NICLBSL,3,25,10,1750.0,17500.0
2021042705005623,NICLBSL,50,34,10,1746.0,17460.0
2021042705005621,NICLBSL,59,16,100,1749.0,174900.0
2021042705005604,NICLBSL,50,34,10,1746.0,17460.0
2021042705005600,NICLBSL,5,57,10,1750.0,17500.0
2021042705005594,NICLBSL,40,57,200,1750.0,350000.0
2021042705005592,NICLBSL,38,52,50,1746.0,87300.0
2021042705005650,NICLBSL,45,54,10,1748.0,17480.0
2021042705005648,NICLBSL,50,57,10,1746.0,17460.0
2021042705005642,NICLBSL,50,16,10,1746.0,17460.0
2021042705005633,NICLBSL,50,29,10,1746.0,17460.0
2021042705005629,NICLBSL,50,29,10,1746.0,17460.0
2021042705005626,NICLBSL,50,26,10,1746.0,17460.0
2021042705005656,NICLBSL,38,5,35,1745.0,61075.0
2021042705005655,NICLBSL,39,5,30,1745.0,52350.0
2021042705005654,NICLBSL,45,5,15,1746.0,26190.0
2021042705005653,NICLBSL,50,5,20,1746.0,34920.0
2021042705005652,NICLBSL,50,45,10,1746.0,17460.0
2021042705005651,NICLBSL,45,16,40,1749.0,69960.0
2021042705005670,NICLBSL,56,16,10,1749.0,17490.0
2021042705005669,NICLBSL,56,45,10,1746.0,17460.0
2021042705005668,NICLBSL,56,45,10,1746.0,17460.0
2021042705005665,NICLBSL,38,5,300,1745.0,523500.0
2021042705005664,NICLBSL,26,5,50,1745.0,87250.0
2021042705005663,NICLBSL,38,34,10,1745.0,17450.0
2021042705005676,NICLBSL,38,34,135,1745.0,235575.0
2021042705005675,NICLBSL,38,52,10,1745.0,17450.0
2021042705005674,NICLBSL,38,57,10,1745.0,17450.0
2021042705005673,NICLBSL,56,21,10,1749.0,17490.0
2021042705005672,NICLBSL,56,14,50,1749.0,87450.0
2021042705005671,NICLBSL,56,4,10,1749.0,17490.0
2021042705005683,NICLBSL,55,29,10,1744.0,17440.0
2021042705005681,NICLBSL,52,34,50,1745.0,87250.0
2021042705005680,NICLBSL,39,34,100,1745.0,174500.0
2021042705005679,NICLBSL,17,34,10,1745.0,17450.0
2021042705005678,NICLBSL,42,34,30,1745.0,52350.0
2021042705005677,NICLBSL,36,34,20,1745.0,34900.0
2021042705005691,NICLBSL,28,57,161,1748.0,281428.0
2021042705005689,NICLBSL,49,29,10,1745.0,17450.0
2021042705005688,NICLBSL,49,17,10,1745.0,17450.0
2021042705005687,NICLBSL,49,49,12,1745.0,20940.0
2021042705005685,NICLBSL,49,1,10,1745.0,17450.0
2021042705005684,NICLBSL,49,34,55,1745.0,95975.0
2021042705005702,NICLBSL,8,40,20,1745.0,34900.0
2021042705005701,NICLBSL,29,40,30,1745.0,52350.0
2021042705005697,NICLBSL,55,55,20,1744.0,34880.0
2021042705005694,NICLBSL,28,34,224,1749.0,391776.0
2021042705005693,NICLBSL,28,57,100,1749.0,174900.0
2021042705005692,NICLBSL,28,21,15,1749.0,26235.0
2021042705005712,NICLBSL,38,55,10,1749.0,17490.0
2021042705005711,NICLBSL,38,34,176,1749.0,307824.0
2021042705005710,NICLBSL,38,45,10,1748.0,17480.0
2021042705005705,NICLBSL,34,1,10,1745.0,17450.0
2021042705005704,NICLBSL,47,40,70,1744.0,122080.0
2021042705005703,NICLBSL,11,40,11,1744.0,19184.0
2021042705005725,NICLBSL,38,51,10,1749.0,17490.0
2021042705005724,NICLBSL,38,16,10,1749.0,17490.0
2021042705005723,NICLBSL,38,29,10,1749.0,17490.0
2021042705005720,NICLBSL,38,58,10,1749.0,17490.0
2021042705005719,NICLBSL,38,40,10,1749.0,17490.0
2021042705005713,NICLBSL,38,16,50,1749.0,87450.0
2021042705005738,NICLBSL,38,45,10,1749.0,17490.0
2021042705005737,NICLBSL,38,58,10,1749.0,17490.0
2021042705005735,NICLBSL,3,48,22,1750.0,38500.0
2021042705005734,NICLBSL,3,43,20,1750.0,35000.0
2021042705005732,NICLBSL,38,6,10,1749.0,17490.0
2021042705005726,NICLBSL,38,21,10,1749.0,17490.0
2021042705005751,NICLBSL,21,58,10,1750.0,17500.0
2021042705005750,NICLBSL,38,45,10,1749.0,17490.0
2021042705005748,NICLBSL,38,11,10,1749.0,17490.0
2021042705005746,NICLBSL,38,42,10,1749.0,17490.0
2021042705005742,NICLBSL,38,39,10,1749.0,17490.0
2021042705005740,NICLBSL,38,29,10,1749.0,17490.0
2021042705005766,NICLBSL,38,11,20,1749.0,34980.0
2021042705005765,NICLBSL,38,21,10,1749.0,17490.0
2021042705005761,NICLBSL,38,11,10,1749.0,17490.0
2021042705005760,NICLBSL,41,38,10,1750.0,17500.0
2021042705005759,NICLBSL,38,45,10,1749.0,17490.0
2021042705005752,NICLBSL,21,38,10,1750.0,17500.0
2021042705005772,NICLBSL,38,40,22,1749.0,38478.0
2021042705005771,NICLBSL,38,34,10,1749.0,17490.0
2021042705005770,NICLBSL,29,26,170,1750.0,297500.0
2021042705005769,NICLBSL,29,38,10,1750.0,17500.0
2021042705005768,NICLBSL,29,26,10,1750.0,17500.0
2021042705005767,NICLBSL,29,13,10,1750.0,17500.0
2021042705005791,NICLBSL,56,26,15,1750.0,26250.0
2021042705005789,NICLBSL,3,26,10,1750.0,17500.0
2021042705005780,NICLBSL,38,34,10,1749.0,17490.0
2021042705005779,NICLBSL,38,42,10,1749.0,17490.0
2021042705005775,NICLBSL,42,26,10,1750.0,17500.0
2021042705005774,NICLBSL,38,19,10,1749.0,17490.0
2021042705005815,NICLBSL,38,26,10,1749.0,17490.0
2021042705005800,NICLBSL,6,53,150,1750.0,262500.0
2021042705005797,NICLBSL,26,53,95,1750.0,166250.0
2021042705005796,NICLBSL,26,19,10,1750.0,17500.0
2021042705005795,NICLBSL,26,26,95,1750.0,166250.0
2021042705005792,NICLBSL,38,39,10,1749.0,17490.0
2021042705005838,NICLBSL,46,45,409,1749.0,715341.0
2021042705005830,NICLBSL,46,34,10,1749.0,17490.0
2021042705005825,NICLBSL,29,53,100,1750.0,175000.0
2021042705005823,NICLBSL,7,53,20,1750.0,35000.0
2021042705005819,NICLBSL,14,32,10,1747.0,17470.0
2021042705005817,NICLBSL,14,26,10,1747.0,17470.0
2021042705005846,NICLBSL,34,53,10,1750.0,17500.0
2021042705005844,NICLBSL,53,53,30,1750.0,52500.0
2021042705005843,NICLBSL,46,26,10,1749.0,17490.0
2021042705005842,NICLBSL,46,21,10,1749.0,17490.0
2021042705005841,NICLBSL,46,29,10,1749.0,17490.0
2021042705005840,NICLBSL,46,16,10,1749.0,17490.0
2021042705005867,NICLBSL,52,45,30,1749.0,52470.0
2021042705005866,NICLBSL,58,53,10,1750.0,17500.0
2021042705005865,NICLBSL,53,53,30,1750.0,52500.0
2021042705005860,NICLBSL,56,53,20,1750.0,35000.0
2021042705005852,NICLBSL,42,44,59,1749.0,103191.0
2021042705005849,NICLBSL,46,44,41,1749.0,71709.0
2021042705005881,NICLBSL,7,32,10,1748.0,17480.0
2021042705005879,NICLBSL,7,51,20,1748.0,34960.0
2021042705005871,NICLBSL,22,53,35,1750.0,61250.0
2021042705005870,NICLBSL,22,58,10,1749.0,17490.0
2021042705005869,NICLBSL,7,45,26,1748.0,45448.0
2021042705005868,NICLBSL,19,45,40,1749.0,69960.0
2021042705005898,NICLBSL,34,16,100,1749.0,174900.0
2021042705005895,NICLBSL,7,34,114,1748.0,199272.0
2021042705005894,NICLBSL,43,16,100,1749.0,174900.0
2021042705005889,NICLBSL,7,1,10,1748.0,17480.0
2021042705005887,NICLBSL,7,49,10,1748.0,17480.0
2021042705005886,NICLBSL,7,1,10,1748.0,17480.0
2021042705005913,NICLBSL,38,58,10,1750.0,17500.0
2021042705005912,NICLBSL,38,39,10,1750.0,17500.0
2021042705005911,NICLBSL,38,58,10,1750.0,17500.0
2021042705005910,NICLBSL,29,16,100,1750.0,175000.0
2021042705005908,NICLBSL,38,34,10,1749.0,17490.0
2021042705005903,NICLBSL,38,45,20,1749.0,34980.0
2021042705005924,NICLBSL,49,49,10,1750.0,17500.0
2021042705005923,NICLBSL,50,58,10,1750.0,17500.0
2021042705005920,NICLBSL,38,16,10,1749.0,17490.0
2021042705005919,NICLBSL,34,16,20,1749.0,34980.0
2021042705005918,NICLBSL,58,16,100,1749.0,174900.0
2021042705005914,NICLBSL,38,59,10,1750.0,17500.0
2021042705005935,NICLBSL,43,21,10,1750.0,17500.0
2021042705005929,NICLBSL,49,21,150,1750.0,262500.0
2021042705005928,NICLBSL,49,55,10,1750.0,17500.0
2021042705005927,NICLBSL,49,49,10,1750.0,17500.0
2021042705005926,NICLBSL,49,50,10,1750.0,17500.0
2021042705005925,NICLBSL,49,49,10,1750.0,17500.0
2021042705005941,NICLBSL,43,17,10,1750.0,17500.0
2021042705005940,NICLBSL,43,43,10,1750.0,17500.0
2021042705005939,NICLBSL,43,34,10,1750.0,17500.0
2021042705005938,NICLBSL,43,58,10,1750.0,17500.0
2021042705005937,NICLBSL,43,53,10,1750.0,17500.0
2021042705005936,NICLBSL,43,21,20,1750.0,35000.0
2021042705005950,NICLBSL,34,3,20,1748.0,34960.0
2021042705005949,NICLBSL,32,43,90,1750.0,157500.0
2021042705005945,NICLBSL,43,29,10,1750.0,17500.0
2021042705005944,NICLBSL,43,49,10,1750.0,17500.0
2021042705005943,NICLBSL,43,17,10,1750.0,17500.0
2021042705005942,NICLBSL,43,44,10,1750.0,17500.0
2021042705005971,NICLBSL,35,57,40,1751.0,70040.0
2021042705005967,NICLBSL,26,57,150,1751.0,262650.0
2021042705005960,NICLBSL,39,18,10,1750.0,17500.0
2021042705005959,NICLBSL,41,57,10,1751.0,17510.0
2021042705005958,NICLBSL,41,51,10,1751.0,17510.0
2021042705005952,NICLBSL,39,43,10,1750.0,17500.0
2021042705005982,NICLBSL,21,52,10,1752.0,17520.0
2021042705005979,NICLBSL,3,5,10,1751.0,17510.0
2021042705005976,NICLBSL,39,54,10,1750.0,17500.0
2021042705005974,NICLBSL,39,28,20,1750.0,35000.0
2021042705005973,NICLBSL,13,28,40,1751.0,70040.0
2021042705005972,NICLBSL,35,28,150,1751.0,262650.0
2021042705005998,NICLBSL,48,22,10,1753.0,17530.0
2021042705005997,NICLBSL,48,10,90,1753.0,157770.0
2021042705005995,NICLBSL,40,10,50,1753.0,87650.0
2021042705005993,NICLBSL,38,10,10,1753.0,17530.0
2021042705005989,NICLBSL,21,28,10,1752.0,17520.0
2021042705005985,NICLBSL,21,1,10,1752.0,17520.0
2021042705006007,NICLBSL,3,17,15,1755.0,26325.0
2021042705006006,NICLBSL,3,47,10,1755.0,17550.0
2021042705006005,NICLBSL,3,47,10,1755.0,17550.0
2021042705006004,NICLBSL,29,22,50,1753.0,87650.0
2021042705006003,NICLBSL,29,40,10,1753.0,17530.0
2021042705006001,NICLBSL,21,54,10,1752.0,17520.0
2021042705006013,NICLBSL,49,45,172,1753.0,301516.0
2021042705006012,NICLBSL,29,45,40,1753.0,70120.0
2021042705006011,NICLBSL,3,57,5,1755.0,8775.0
2021042705006010,NICLBSL,3,42,10,1755.0,17550.0
2021042705006009,NICLBSL,3,58,10,1755.0,17550.0
2021042705006008,NICLBSL,3,34,10,1755.0,17550.0
2021042705006024,NICLBSL,14,35,110,1753.0,192830.0
2021042705006022,NICLBSL,14,58,40,1753.0,70120.0
2021042705006018,NICLBSL,26,25,80,1755.0,140400.0
2021042705006017,NICLBSL,26,4,10,1755.0,17550.0
2021042705006016,NICLBSL,26,45,10,1755.0,17550.0
2021042705006014,NICLBSL,39,45,50,1753.0,87650.0
2021042705005529,JLI,49,21,10,858.0,8580.0
2021042705005528,JLI,49,52,10,858.0,8580.0
2021042705005527,JLI,49,51,10,858.0,8580.0
2021042705005525,JLI,49,38,10,858.0,8580.0
2021042705005524,JLI,49,58,10,858.0,8580.0
2021042705005522,JLI,26,54,10,858.0,8580.0
2021042705005048,JLI,22,32,10,854.0,8540.0
2021042705005044,JLI,49,16,10,853.0,8530.0
2021042705005058,JLI,49,34,10,853.0,8530.0
2021042705005055,JLI,49,47,10,853.0,8530.0
2021042705005054,JLI,49,52,10,853.0,8530.0
2021042705005053,JLI,49,34,10,853.0,8530.0
2021042705005051,JLI,49,4,10,853.0,8530.0
2021042705005049,JLI,22,11,10,854.0,8540.0
2021042705005074,JLI,49,58,10,853.0,8530.0
2021042705005072,JLI,49,14,10,853.0,8530.0
2021042705005071,JLI,49,47,10,853.0,8530.0
2021042705005069,JLI,49,10,10,853.0,8530.0
2021042705005065,JLI,49,57,10,853.0,8530.0
2021042705005059,JLI,53,48,10,854.0,8540.0
2021042705005080,JLI,49,49,10,853.0,8530.0
2021042705005079,JLI,57,47,10,854.0,8540.0
2021042705005078,JLI,57,14,10,854.0,8540.0
2021042705005077,JLI,57,56,10,854.0,8540.0
2021042705005076,JLI,49,14,10,853.0,8530.0
2021042705005075,JLI,49,4,10,853.0,8530.0
2021042705005089,JLI,49,14,10,853.0,8530.0
2021042705005087,JLI,49,45,10,853.0,8530.0
2021042705005086,JLI,49,38,10,853.0,8530.0
2021042705005085,JLI,49,35,10,853.0,8530.0
2021042705005082,JLI,49,14,10,853.0,8530.0
2021042705005081,JLI,49,14,10,853.0,8530.0
2021042705005095,JLI,49,41,10,853.0,8530.0
2021042705005094,JLI,49,14,10,853.0,8530.0
2021042705005093,JLI,49,38,10,853.0,8530.0
2021042705005092,JLI,21,14,10,854.0,8540.0
2021042705005091,JLI,49,49,10,853.0,8530.0
2021042705005090,JLI,49,38,10,853.0,8530.0
2021042705005102,JLI,42,21,10,855.0,8550.0
2021042705005101,JLI,42,56,10,855.0,8550.0
2021042705005100,JLI,42,16,10,854.0,8540.0
2021042705005099,JLI,42,38,10,854.0,8540.0
2021042705005098,JLI,42,56,10,854.0,8540.0
2021042705005097,JLI,42,47,10,854.0,8540.0
2021042705005108,JLI,35,38,10,853.0,8530.0
2021042705005107,JLI,49,49,10,853.0,8530.0
2021042705005106,JLI,42,29,10,855.0,8550.0
2021042705005105,JLI,42,58,10,855.0,8550.0
2021042705005104,JLI,42,45,10,855.0,8550.0
2021042705005103,JLI,42,14,10,855.0,8550.0
2021042705005115,JLI,35,38,10,853.0,8530.0
2021042705005114,JLI,16,38,10,854.0,8540.0
2021042705005113,JLI,16,14,10,854.0,8540.0
2021042705005111,JLI,16,49,10,854.0,8540.0
2021042705005110,JLI,16,58,10,854.0,8540.0
2021042705005109,JLI,16,14,10,854.0,8540.0
2021042705005123,JLI,35,38,10,853.0,8530.0
2021042705005121,JLI,35,17,10,853.0,8530.0
2021042705005120,JLI,35,36,10,853.0,8530.0
2021042705005119,JLI,35,38,10,853.0,8530.0
2021042705005118,JLI,35,38,10,853.0,8530.0
2021042705005117,JLI,35,45,10,853.0,8530.0
2021042705005134,JLI,17,38,10,853.0,8530.0
2021042705005133,JLI,6,4,10,853.0,8530.0
2021042705005132,JLI,6,58,10,853.0,8530.0
2021042705005131,JLI,11,38,10,853.0,8530.0
2021042705005130,JLI,35,49,10,853.0,8530.0
2021042705005128,JLI,35,38,10,853.0,8530.0
2021042705005149,JLI,59,35,10,854.0,8540.0
2021042705005148,JLI,59,58,10,854.0,8540.0
2021042705005143,JLI,57,4,10,853.0,8530.0
2021042705005139,JLI,57,38,10,853.0,8530.0
2021042705005137,JLI,57,8,10,853.0,8530.0
2021042705005136,JLI,57,38,10,853.0,8530.0
2021042705005156,JLI,45,39,10,853.0,8530.0
2021042705005155,JLI,11,39,30,853.0,25590.0
2021042705005154,JLI,36,39,60,853.0,51180.0
2021042705005153,JLI,57,39,10,853.0,8530.0
2021042705005152,JLI,57,38,10,853.0,8530.0
2021042705005150,JLI,57,38,10,853.0,8530.0
2021042705005163,JLI,45,41,10,853.0,8530.0
2021042705005162,JLI,45,52,10,853.0,8530.0
2021042705005161,JLI,45,6,10,853.0,8530.0
2021042705005160,JLI,45,47,10,853.0,8530.0
2021042705005158,JLI,45,38,10,853.0,8530.0
2021042705005157,JLI,45,8,10,853.0,8530.0
2021042705005179,JLI,16,21,10,852.0,8520.0
2021042705005171,JLI,35,57,10,853.0,8530.0
2021042705005170,JLI,35,34,10,853.0,8530.0
2021042705005168,JLI,45,38,10,853.0,8530.0
2021042705005167,JLI,45,8,10,853.0,8530.0
2021042705005166,JLI,45,35,10,853.0,8530.0
2021042705005192,JLI,48,34,10,853.0,8530.0
2021042705005191,JLI,46,6,10,852.0,8520.0
2021042705005188,JLI,16,38,10,852.0,8520.0
2021042705005187,JLI,16,6,10,852.0,8520.0
2021042705005184,JLI,16,34,10,852.0,8520.0
2021042705005182,JLI,16,38,10,852.0,8520.0
2021042705005201,JLI,46,32,10,852.0,8520.0
2021042705005200,JLI,13,21,10,853.0,8530.0
2021042705005199,JLI,13,58,10,853.0,8530.0
2021042705005198,JLI,13,58,10,853.0,8530.0
2021042705005197,JLI,13,45,10,853.0,8530.0
2021042705005195,JLI,46,58,10,852.0,8520.0
2021042705005210,JLI,48,58,10,854.0,8540.0
2021042705005209,JLI,48,34,10,854.0,8540.0
2021042705005206,JLI,48,38,10,854.0,8540.0
2021042705005205,JLI,48,58,10,854.0,8540.0
2021042705005204,JLI,45,4,10,853.0,8530.0
2021042705005203,JLI,45,16,10,853.0,8530.0
2021042705005220,JLI,46,26,10,852.0,8520.0
2021042705005219,JLI,57,21,10,853.0,8530.0
2021042705005218,JLI,46,26,10,852.0,8520.0
2021042705005217,JLI,46,26,10,852.0,8520.0
2021042705005215,JLI,45,21,10,853.0,8530.0
2021042705005213,JLI,45,35,10,853.0,8530.0
2021042705005231,JLI,10,1,10,852.0,8520.0
2021042705005228,JLI,46,4,10,852.0,8520.0
2021042705005225,JLI,46,26,10,852.0,8520.0
2021042705005224,JLI,46,38,10,852.0,8520.0
2021042705005222,JLI,46,26,10,852.0,8520.0
2021042705005221,JLI,44,58,10,853.0,8530.0
2021042705005240,JLI,58,58,10,852.0,8520.0
2021042705005239,JLI,58,52,10,852.0,8520.0
2021042705005238,JLI,56,29,10,852.0,8520.0
2021042705005236,JLI,48,1,10,852.0,8520.0
2021042705005235,JLI,48,38,10,852.0,8520.0
2021042705005232,JLI,57,32,10,852.0,8520.0
2021042705005248,JLI,25,6,10,852.0,8520.0
2021042705005246,JLI,25,58,10,852.0,8520.0
2021042705005245,JLI,3,8,10,853.0,8530.0
2021042705005244,JLI,3,34,10,853.0,8530.0
2021042705005243,JLI,3,8,10,853.0,8530.0
2021042705005242,JLI,25,57,10,852.0,8520.0
2021042705005256,JLI,25,29,10,852.0,8520.0
2021042705005255,JLI,25,39,10,852.0,8520.0
2021042705005254,JLI,25,6,10,852.0,8520.0
2021042705005253,JLI,25,45,10,852.0,8520.0
2021042705005252,JLI,25,45,10,852.0,8520.0
2021042705005249,JLI,25,29,10,852.0,8520.0
2021042705005263,JLI,58,39,10,853.0,8530.0
2021042705005262,JLI,16,28,10,852.0,8520.0
2021042705005261,JLI,45,8,10,853.0,8530.0
2021042705005260,JLI,16,40,10,852.0,8520.0
2021042705005259,JLI,16,29,10,852.0,8520.0
2021042705005258,JLI,25,38,10,852.0,8520.0
2021042705005269,JLI,16,59,10,852.0,8520.0
2021042705005268,JLI,58,22,10,853.0,8530.0
2021042705005267,JLI,1,13,10,854.0,8540.0
2021042705005266,JLI,1,4,10,854.0,8540.0
2021042705005265,JLI,58,45,10,853.0,8530.0
2021042705005264,JLI,58,7,10,853.0,8530.0
2021042705005277,JLI,16,48,10,854.0,8540.0
2021042705005275,JLI,16,14,10,854.0,8540.0
2021042705005274,JLI,16,22,10,854.0,8540.0
2021042705005272,JLI,16,28,10,854.0,8540.0
2021042705005271,JLI,16,8,10,854.0,8540.0
2021042705005270,JLI,16,36,10,853.0,8530.0
2021042705005283,JLI,55,58,10,855.0,8550.0
2021042705005282,JLI,55,35,10,855.0,8550.0
2021042705005281,JLI,55,56,10,855.0,8550.0
2021042705005280,JLI,16,48,10,854.0,8540.0
2021042705005279,JLI,16,48,10,854.0,8540.0
2021042705005278,JLI,16,22,10,854.0,8540.0
2021042705005289,JLI,55,51,10,856.0,8560.0
2021042705005288,JLI,55,58,10,856.0,8560.0
2021042705005287,JLI,55,43,10,856.0,8560.0
2021042705005286,JLI,55,22,10,855.0,8550.0
2021042705005285,JLI,55,46,10,855.0,8550.0
2021042705005284,JLI,55,48,10,855.0,8550.0
2021042705005295,JLI,55,34,10,857.0,8570.0
2021042705005294,JLI,55,36,10,857.0,8570.0
2021042705005293,JLI,55,45,10,857.0,8570.0
2021042705005292,JLI,55,57,10,857.0,8570.0
2021042705005291,JLI,55,38,10,856.0,8560.0
2021042705005290,JLI,55,21,10,856.0,8560.0
2021042705005301,JLI,55,14,10,857.0,8570.0
2021042705005300,JLI,55,34,10,857.0,8570.0
2021042705005299,JLI,55,49,10,857.0,8570.0
2021042705005298,JLI,55,56,10,857.0,8570.0
2021042705005297,JLI,55,35,10,857.0,8570.0
2021042705005296,JLI,55,29,10,857.0,8570.0
2021042705005310,JLI,29,47,10,858.0,8580.0
2021042705005309,JLI,29,34,10,858.0,8580.0
2021042705005308,JLI,29,44,10,858.0,8580.0
2021042705005306,JLI,55,58,10,857.0,8570.0
2021042705005304,JLI,55,39,10,857.0,8570.0
2021042705005302,JLI,55,34,10,857.0,8570.0
2021042705005330,JLI,55,36,10,857.0,8570.0
2021042705005329,JLI,55,29,10,857.0,8570.0
2021042705005328,JLI,55,58,10,857.0,8570.0
2021042705005324,JLI,55,21,10,857.0,8570.0
2021042705005323,JLI,55,32,10,857.0,8570.0
2021042705005311,JLI,55,22,10,857.0,8570.0
2021042705005336,JLI,29,58,10,859.0,8590.0
2021042705005335,JLI,29,35,10,859.0,8590.0
2021042705005334,JLI,29,58,10,859.0,8590.0
2021042705005333,JLI,29,13,10,859.0,8590.0
2021042705005332,JLI,55,21,10,857.0,8570.0
2021042705005331,JLI,55,28,10,857.0,8570.0
2021042705005345,JLI,38,10,10,859.0,8590.0
2021042705005344,JLI,38,21,10,859.0,8590.0
2021042705005343,JLI,38,44,10,859.0,8590.0
2021042705005342,JLI,55,6,10,857.0,8570.0
2021042705005339,JLI,55,28,10,857.0,8570.0
2021042705005337,JLI,29,58,10,859.0,8590.0
2021042705005352,JLI,16,40,10,860.0,8600.0
2021042705005351,JLI,4,58,10,859.0,8590.0
2021042705005350,JLI,4,17,10,859.0,8590.0
2021042705005348,JLI,38,58,10,859.0,8590.0
2021042705005347,JLI,38,34,10,859.0,8590.0
2021042705005346,JLI,38,7,10,859.0,8590.0
2021042705005359,JLI,29,34,10,860.0,8600.0
2021042705005357,JLI,16,51,10,860.0,8600.0
2021042705005356,JLI,16,57,10,860.0,8600.0
2021042705005355,JLI,16,47,10,860.0,8600.0
2021042705005354,JLI,16,58,10,860.0,8600.0
2021042705005353,JLI,16,41,10,860.0,8600.0
2021042705005365,JLI,29,58,10,860.0,8600.0
2021042705005364,JLI,29,58,10,860.0,8600.0
2021042705005363,JLI,29,39,10,860.0,8600.0
2021042705005362,JLI,29,55,10,860.0,8600.0
2021042705005361,JLI,29,44,10,860.0,8600.0
2021042705005360,JLI,29,8,10,860.0,8600.0
2021042705005371,JLI,29,47,10,860.0,8600.0
2021042705005370,JLI,29,6,10,860.0,8600.0
2021042705005369,JLI,29,50,10,860.0,8600.0
2021042705005368,JLI,29,52,10,860.0,8600.0
2021042705005367,JLI,29,58,10,860.0,8600.0
2021042705005366,JLI,29,17,10,860.0,8600.0
2021042705005377,JLI,29,55,10,860.0,8600.0
2021042705005376,JLI,29,47,10,860.0,8600.0
2021042705005375,JLI,29,47,10,860.0,8600.0
2021042705005374,JLI,29,49,10,860.0,8600.0
2021042705005373,JLI,29,21,10,860.0,8600.0
2021042705005372,JLI,29,48,10,860.0,8600.0
2021042705005383,JLI,29,6,10,860.0,8600.0
2021042705005382,JLI,29,6,10,860.0,8600.0
2021042705005381,JLI,29,6,10,860.0,8600.0
2021042705005380,JLI,29,39,30,860.0,25800.0
2021042705005379,JLI,29,39,10,860.0,8600.0
2021042705005378,JLI,29,43,10,860.0,8600.0
2021042705005393,JLI,29,36,10,860.0,8600.0
2021042705005390,JLI,29,26,10,860.0,8600.0
2021042705005388,JLI,29,58,10,860.0,8600.0
2021042705005387,JLI,29,28,10,860.0,8600.0
2021042705005385,JLI,29,22,10,860.0,8600.0
2021042705005384,JLI,29,1,10,860.0,8600.0
2021042705005399,JLI,43,58,10,862.0,8620.0
2021042705005398,JLI,43,4,10,862.0,8620.0
2021042705005397,JLI,43,58,10,862.0,8620.0
2021042705005396,JLI,43,56,10,861.0,8610.0
2021042705005395,JLI,43,29,10,861.0,8610.0
2021042705005394,JLI,29,39,10,860.0,8600.0
2021042705005405,JLI,43,8,10,862.0,8620.0
2021042705005404,JLI,43,8,10,862.0,8620.0
2021042705005403,JLI,43,8,10,862.0,8620.0
2021042705005402,JLI,43,47,10,862.0,8620.0
2021042705005401,JLI,43,46,10,862.0,8620.0
2021042705005400,JLI,43,21,10,862.0,8620.0
2021042705005411,JLI,43,8,10,862.0,8620.0
2021042705005410,JLI,43,8,10,862.0,8620.0
2021042705005409,JLI,43,8,10,862.0,8620.0
2021042705005408,JLI,43,8,10,862.0,8620.0
2021042705005407,JLI,43,25,10,862.0,8620.0
2021042705005406,JLI,43,8,10,862.0,8620.0
2021042705005423,JLI,4,1,10,863.0,8630.0
2021042705005422,JLI,55,28,10,862.0,8620.0
2021042705005421,JLI,55,21,10,862.0,8620.0
2021042705005414,JLI,43,36,10,862.0,8620.0
2021042705005413,JLI,43,38,10,862.0,8620.0
2021042705005412,JLI,43,6,10,862.0,8620.0
2021042705005429,JLI,4,51,10,864.0,8640.0
2021042705005428,JLI,4,21,10,864.0,8640.0
2021042705005427,JLI,4,49,10,864.0,8640.0
2021042705005426,JLI,4,56,10,864.0,8640.0
2021042705005425,JLI,4,49,10,864.0,8640.0
2021042705005424,JLI,4,38,10,863.0,8630.0
2021042705005439,JLI,4,34,100,864.0,86400.0
2021042705005438,JLI,55,34,10,862.0,8620.0
2021042705005434,JLI,55,38,10,862.0,8620.0
2021042705005433,JLI,55,36,10,862.0,8620.0
2021042705005431,JLI,55,36,10,862.0,8620.0
2021042705005430,JLI,4,34,30,864.0,25920.0
2021042705005448,JLI,29,57,10,860.0,8600.0
2021042705005447,JLI,55,54,10,862.0,8620.0
2021042705005445,JLI,55,47,10,862.0,8620.0
2021042705005444,JLI,55,26,10,862.0,8620.0
2021042705005443,JLI,55,21,10,862.0,8620.0
2021042705005440,JLI,55,38,10,862.0,8620.0
2021042705005464,JLI,51,52,10,862.0,8620.0
2021042705005463,JLI,51,8,10,862.0,8620.0
2021042705005462,JLI,51,8,10,862.0,8620.0
2021042705005452,JLI,51,34,10,862.0,8620.0
2021042705005450,JLI,51,58,10,862.0,8620.0
2021042705005449,JLI,51,8,10,862.0,8620.0
2021042705005475,JLI,57,6,10,863.0,8630.0
2021042705005474,JLI,51,18,300,862.0,258600.0
2021042705005473,JLI,22,18,200,863.0,172600.0
2021042705005472,JLI,51,8,10,862.0,8620.0
2021042705005471,JLI,51,8,10,862.0,8620.0
2021042705005466,JLI,51,34,10,862.0,8620.0
2021042705005482,JLI,57,57,10,863.0,8630.0
2021042705005481,JLI,57,19,10,863.0,8630.0
2021042705005480,JLI,57,6,10,863.0,8630.0
2021042705005479,JLI,57,8,10,863.0,8630.0
2021042705005478,JLI,57,8,10,863.0,8630.0
2021042705005476,JLI,57,28,10,863.0,8630.0
2021042705005489,JLI,51,57,60,862.0,51720.0
2021042705005488,JLI,51,8,10,862.0,8620.0
2021042705005487,JLI,51,46,10,862.0,8620.0
2021042705005486,JLI,51,13,10,862.0,8620.0
2021042705005485,JLI,51,13,10,862.0,8620.0
2021042705005484,JLI,51,8,10,862.0,8620.0
2021042705005495,JLI,57,11,10,863.0,8630.0
2021042705005494,JLI,57,57,70,863.0,60410.0
2021042705005493,JLI,57,57,70,862.0,60340.0
2021042705005492,JLI,3,57,30,862.0,25860.0
2021042705005491,JLI,48,57,30,862.0,25860.0
2021042705005490,JLI,32,57,50,862.0,43100.0
2021042705005501,JLI,29,28,10,860.0,8600.0
2021042705005500,JLI,57,19,10,863.0,8630.0
2021042705005499,JLI,57,1,10,863.0,8630.0
2021042705005498,JLI,57,8,10,863.0,8630.0
2021042705005497,JLI,57,7,10,863.0,8630.0
2021042705005496,JLI,57,3,10,863.0,8630.0
2021042705005507,JLI,1,38,10,859.0,8590.0
2021042705005506,JLI,57,34,100,860.0,86000.0
2021042705005505,JLI,51,34,300,860.0,258000.0
2021042705005504,JLI,58,34,186,860.0,159960.0
2021042705005503,JLI,44,34,20,860.0,17200.0
2021042705005502,JLI,29,8,10,860.0,8600.0
2021042705005521,JLI,51,38,10,858.0,8580.0
2021042705005520,JLI,51,50,10,858.0,8580.0
2021042705005519,JLI,51,8,10,858.0,8580.0
2021042705005515,JLI,51,38,10,858.0,8580.0
2021042705005514,JLI,51,8,10,858.0,8580.0
2021042705005512,JLI,1,38,10,859.0,8590.0
2021042705005513,MLBSL,10,38,10,2583.0,25830.0
2021042705005230,MLBSL,10,1,10,2583.0,25830.0
2021042705005193,MLBSL,10,13,10,2583.0,25830.0
2021042705005176,MLBSL,10,45,10,2583.0,25830.0
2021042705005147,MLBSL,10,16,10,2583.0,25830.0
2021042705005146,MLBSL,10,47,10,2583.0,25830.0
2021042705005142,MLBSL,10,36,10,2583.0,25830.0
2021042705005138,MLBSL,10,21,10,2583.0,25830.0
2021042705005070,MLBSL,10,29,10,2583.0,25830.0
2021042705005534,NICLBSL,5,58,10,1750.0,17500.0
2021042705005533,NICLBSL,5,49,10,1750.0,17500.0
2021042705005532,NICLBSL,5,34,10,1750.0,17500.0
2021042705005531,NICLBSL,5,17,10,1750.0,17500.0
2021042705005530,NICLBSL,5,42,10,1750.0,17500.0
2021042705005526,NICLBSL,5,40,51,1749.0,89199.0
2021042705005037,NICLBSL,34,58,12,1740.0,20880.0
2021042705005036,NICLBSL,34,50,10,1740.0,17400.0
2021042705005035,NICLBSL,34,29,10,1740.0,17400.0
2021042705005043,NICLBSL,55,1,10,1733.0,17330.0
2021042705005042,NICLBSL,55,16,50,1733.0,86650.0
2021042705005041,NICLBSL,55,35,10,1733.0,17330.0
2021042705005040,NICLBSL,55,7,10,1733.0,17330.0
2021042705005039,NICLBSL,34,47,20,1740.0,34800.0
2021042705005038,NICLBSL,34,42,10,1740.0,17400.0
2021042705005056,NICLBSL,29,7,10,1731.0,17310.0
2021042705005052,NICLBSL,29,7,10,1731.0,17310.0
2021042705005050,NICLBSL,29,47,10,1731.0,17310.0
2021042705005047,NICLBSL,16,35,10,1733.0,17330.0
2021042705005046,NICLBSL,55,37,10,1733.0,17330.0
2021042705005045,NICLBSL,55,35,10,1733.0,17330.0
2021042705005064,NICLBSL,52,7,10,1733.0,17330.0
2021042705005063,NICLBSL,52,7,10,1733.0,17330.0
2021042705005062,NICLBSL,52,45,10,1733.0,17330.0
2021042705005061,NICLBSL,52,47,10,1733.0,17330.0
2021042705005060,NICLBSL,52,7,10,1733.0,17330.0
2021042705005057,NICLBSL,29,42,20,1731.0,34620.0
2021042705005084,NICLBSL,6,41,10,1742.0,17420.0
2021042705005083,NICLBSL,6,7,10,1740.0,17400.0
2021042705005073,NICLBSL,48,7,10,1734.0,17340.0
2021042705005068,NICLBSL,6,45,50,1740.0,87000.0
2021042705005067,NICLBSL,52,7,10,1733.0,17330.0
2021042705005066,NICLBSL,52,7,20,1733.0,34660.0
2021042705005124,NICLBSL,8,35,10,1740.0,17400.0
2021042705005122,NICLBSL,29,7,11,1740.0,19140.0
2021042705005116,NICLBSL,55,7,10,1735.0,17350.0
2021042705005112,NICLBSL,48,7,10,1734.0,17340.0
2021042705005096,NICLBSL,48,7,10,1734.0,17340.0
2021042705005088,NICLBSL,48,7,10,1734.0,17340.0
2021042705005140,NICLBSL,8,7,20,1736.0,34720.0
2021042705005135,NICLBSL,8,6,10,1736.0,17360.0
2021042705005129,NICLBSL,55,56,20,1735.0,34700.0
2021042705005127,NICLBSL,8,35,10,1740.0,17400.0
2021042705005126,NICLBSL,8,6,10,1740.0,17400.0
2021042705005125,NICLBSL,8,6,10,1740.0,17400.0
2021042705005164,NICLBSL,48,7,10,1734.0,17340.0
2021042705005159,NICLBSL,34,7,10,1735.0,17350.0
2021042705005151,NICLBSL,55,7,10,1735.0,17350.0
2021042705005145,NICLBSL,8,7,10,1736.0,17360.0
2021042705005144,NICLBSL,8,39,10,1736.0,17360.0
2021042705005141,NICLBSL,8,35,10,1736.0,17360.0
2021042705005175,NICLBSL,5,49,20,1735.0,34700.0
2021042705005174,NICLBSL,48,7,10,1734.0,17340.0
2021042705005173,NICLBSL,26,7,10,1735.0,17350.0
2021042705005172,NICLBSL,26,41,10,1735.0,17350.0
2021042705005169,NICLBSL,48,7,10,1734.0,17340.0
2021042705005165,NICLBSL,6,56,20,1735.0,34700.0
2021042705005185,NICLBSL,47,38,10,1736.0,17360.0
2021042705005183,NICLBSL,5,6,10,1735.0,17350.0
2021042705005181,NICLBSL,5,6,10,1735.0,17350.0
2021042705005180,NICLBSL,5,7,10,1735.0,17350.0
2021042705005178,NICLBSL,5,39,10,1735.0,17350.0
2021042705005177,NICLBSL,5,7,10,1735.0,17350.0
2021042705005202,NICLBSL,35,36,10,1736.0,17360.0
2021042705005196,NICLBSL,21,45,10,1736.0,17360.0
2021042705005194,NICLBSL,21,58,10,1736.0,17360.0
2021042705005190,NICLBSL,1,33,10,1736.0,17360.0
2021042705005189,NICLBSL,1,6,10,1736.0,17360.0
2021042705005186,NICLBSL,47,34,10,1736.0,17360.0
2021042705005216,NICLBSL,5,58,10,1735.0,17350.0
2021042705005214,NICLBSL,6,28,10,1736.0,17360.0
2021042705005212,NICLBSL,46,57,10,1740.0,17400.0
2021042705005211,NICLBSL,46,6,10,1740.0,17400.0
2021042705005208,NICLBSL,21,16,10,1736.0,17360.0
2021042705005207,NICLBSL,35,58,10,1736.0,17360.0
2021042705005234,NICLBSL,43,1,10,1736.0,17360.0
2021042705005233,NICLBSL,43,33,10,1736.0,17360.0
2021042705005229,NICLBSL,43,38,10,1736.0,17360.0
2021042705005227,NICLBSL,39,21,16,1736.0,27776.0
2021042705005226,NICLBSL,44,21,10,1740.0,17400.0
2021042705005223,NICLBSL,44,58,10,1740.0,17400.0
2021042705005257,NICLBSL,43,45,10,1736.0,17360.0
2021042705005251,NICLBSL,43,52,10,1736.0,17360.0
2021042705005250,NICLBSL,28,45,20,1741.0,34820.0
2021042705005247,NICLBSL,43,1,10,1736.0,17360.0
2021042705005241,NICLBSL,43,28,10,1736.0,17360.0
2021042705005237,NICLBSL,43,45,10,1736.0,17360.0
2021042705005312,NICLBSL,34,16,10,1740.0,17400.0
2021042705005307,NICLBSL,5,13,10,1737.0,17370.0
2021042705005305,NICLBSL,5,52,10,1737.0,17370.0
2021042705005303,NICLBSL,5,45,10,1737.0,17370.0
2021042705005276,NICLBSL,43,48,10,1736.0,17360.0
2021042705005273,NICLBSL,43,45,10,1736.0,17360.0
2021042705005318,NICLBSL,34,25,10,1742.0,17420.0
2021042705005317,NICLBSL,34,41,10,1742.0,17420.0
2021042705005316,NICLBSL,34,42,20,1742.0,34840.0
2021042705005315,NICLBSL,34,35,46,1742.0,80132.0
2021042705005314,NICLBSL,34,45,10,1742.0,17420.0
2021042705005313,NICLBSL,34,57,10,1740.0,17400.0
2021042705005326,NICLBSL,34,57,10,1743.0,17430.0
2021042705005325,NICLBSL,34,36,10,1743.0,17430.0
2021042705005322,NICLBSL,34,16,50,1743.0,87150.0
2021042705005321,NICLBSL,34,43,30,1743.0,52290.0
2021042705005320,NICLBSL,34,13,20,1743.0,34860.0
2021042705005319,NICLBSL,34,42,10,1742.0,17420.0
2021042705005358,NICLBSL,5,36,10,1740.0,17400.0
2021042705005349,NICLBSL,5,34,10,1740.0,17400.0
2021042705005341,NICLBSL,55,48,10,1740.0,17400.0
2021042705005340,NICLBSL,55,36,10,1740.0,17400.0
2021042705005338,NICLBSL,55,36,10,1740.0,17400.0
2021042705005327,NICLBSL,34,48,10,1743.0,17430.0
2021042705005416,NICLBSL,5,57,10,1743.0,17430.0
2021042705005415,NICLBSL,5,17,10,1740.0,17400.0
2021042705005392,NICLBSL,5,48,10,1740.0,17400.0
2021042705005391,NICLBSL,5,59,10,1740.0,17400.0
2021042705005389,NICLBSL,5,38,10,1740.0,17400.0
2021042705005386,NICLBSL,5,41,10,1740.0,17400.0
2021042705005435,NICLBSL,56,28,12,1744.0,20928.0
2021042705005432,NICLBSL,5,58,10,1740.0,17400.0
2021042705005420,NICLBSL,16,28,90,1744.0,156960.0
2021042705005419,NICLBSL,16,58,10,1741.0,17410.0
2021042705005418,NICLBSL,5,28,188,1744.0,327872.0
2021042705005417,NICLBSL,5,13,22,1744.0,38368.0
2021042705005451,NICLBSL,5,16,10,1744.0,17440.0
2021042705005446,NICLBSL,5,5,10,1744.0,17440.0
2021042705005442,NICLBSL,5,58,10,1744.0,17440.0
2021042705005441,NICLBSL,5,34,10,1744.0,17440.0
2021042705005437,NICLBSL,56,52,10,1744.0,17440.0
2021042705005436,NICLBSL,56,57,12,1744.0,20928.0
2021042705005458,NICLBSL,34,1,163,1745.0,284435.0
2021042705005457,NICLBSL,34,4,31,1745.0,54095.0
2021042705005456,NICLBSL,34,19,10,1745.0,17450.0
2021042705005455,NICLBSL,34,45,20,1745.0,34900.0
2021042705005454,NICLBSL,34,42,10,1745.0,17450.0
2021042705005453,NICLBSL,34,58,10,1745.0,17450.0
2021042705005468,NICLBSL,28,18,10,1746.0,17460.0
2021042705005467,NICLBSL,6,7,10,1745.0,17450.0
2021042705005465,NICLBSL,6,16,10,1745.0,17450.0
2021042705005461,NICLBSL,6,45,31,1745.0,54095.0
2021042705005460,NICLBSL,6,1,37,1745.0,64565.0
2021042705005459,NICLBSL,5,42,10,1744.0,17440.0
2021042705005509,NICLBSL,56,29,10,1749.0,17490.0
2021042705005508,NICLBSL,56,48,10,1748.0,17480.0
2021042705005483,NICLBSL,38,53,10,1745.0,17450.0
2021042705005477,NICLBSL,5,21,10,1744.0,17440.0
2021042705005470,NICLBSL,6,44,12,1745.0,20940.0
2021042705005469,NICLBSL,28,50,10,1746.0,17460.0
2021042705005523,NICLBSL,58,40,60,1749.0,104940.0
2021042705005518,NICLBSL,39,36,10,1745.0,17450.0
2021042705005517,NICLBSL,5,40,71,1749.0,124179.0
2021042705005516,NICLBSL,5,16,39,1749.0,68211.0
2021042705005511,NICLBSL,56,16,11,1749.0,19239.0
2021042705005510,NICLBSL,56,36,10,1749.0,17490.0
2021042705005002,JLI,49,34,10,853.0,8530.0
2021042705004999,JLI,49,58,10,853.0,8530.0
2021042705004998,JLI,53,26,10,854.0,8540.0
2021042705004995,JLI,49,34,10,853.0,8530.0
2021042705004983,JLI,49,34,10,853.0,8530.0
2021042705004980,JLI,49,13,10,853.0,8530.0
2021042705004550,JLI,4,16,10,859.0,8590.0
2021042705004547,JLI,4,28,10,859.0,8590.0
2021042705004545,JLI,4,16,10,859.0,8590.0
2021042705004544,JLI,4,17,10,859.0,8590.0
2021042705004540,JLI,21,58,10,858.0,8580.0
2021042705004536,JLI,21,57,10,858.0,8580.0
2021042705004557,JLI,14,26,10,860.0,8600.0
2021042705004556,JLI,14,45,10,860.0,8600.0
2021042705004555,JLI,14,53,10,860.0,8600.0
2021042705004554,JLI,14,58,10,860.0,8600.0
2021042705004553,JLI,14,21,10,860.0,8600.0
2021042705004552,JLI,14,13,10,860.0,8600.0
2021042705004565,JLI,51,16,10,860.0,8600.0
2021042705004564,JLI,51,57,10,860.0,8600.0
2021042705004563,JLI,14,44,10,860.0,8600.0
2021042705004562,JLI,14,11,10,860.0,8600.0
2021042705004560,JLI,14,16,10,860.0,8600.0
2021042705004558,JLI,14,49,10,860.0,8600.0
2021042705004574,JLI,41,47,10,860.0,8600.0
2021042705004573,JLI,4,38,10,859.0,8590.0
2021042705004572,JLI,4,20,10,859.0,8590.0
2021042705004571,JLI,51,8,10,860.0,8600.0
2021042705004570,JLI,51,16,10,860.0,8600.0
2021042705004568,JLI,51,16,10,860.0,8600.0
2021042705004582,JLI,58,16,10,861.0,8610.0
2021042705004581,JLI,58,32,10,860.0,8600.0
2021042705004580,JLI,58,26,10,860.0,8600.0
2021042705004579,JLI,58,11,10,860.0,8600.0
2021042705004578,JLI,58,58,10,860.0,8600.0
2021042705004576,JLI,4,14,10,859.0,8590.0
2021042705004589,JLI,4,14,10,859.0,8590.0
2021042705004587,JLI,25,50,10,861.0,8610.0
2021042705004586,JLI,25,21,10,861.0,8610.0
2021042705004585,JLI,25,47,10,861.0,8610.0
2021042705004584,JLI,25,58,10,861.0,8610.0
2021042705004583,JLI,25,16,10,861.0,8610.0
2021042705004600,JLI,17,58,10,859.0,8590.0
2021042705004599,JLI,17,51,10,858.0,8580.0
2021042705004598,JLI,21,20,10,858.0,8580.0
2021042705004596,JLI,22,19,10,859.0,8590.0
2021042705004592,JLI,4,16,10,859.0,8590.0
2021042705004590,JLI,4,28,10,859.0,8590.0
2021042705004612,JLI,46,21,10,858.0,8580.0
2021042705004610,JLI,46,38,10,858.0,8580.0
2021042705004609,JLI,46,20,10,858.0,8580.0
2021042705004607,JLI,46,21,10,858.0,8580.0
2021042705004602,JLI,46,20,10,858.0,8580.0
2021042705004601,JLI,17,38,10,858.0,8580.0
2021042705004631,JLI,38,21,10,858.0,8580.0
2021042705004625,JLI,6,44,10,858.0,8580.0
2021042705004620,JLI,6,48,10,858.0,8580.0
2021042705004619,JLI,6,1,10,858.0,8580.0
2021042705004618,JLI,6,42,10,858.0,8580.0
2021042705004617,JLI,6,20,10,858.0,8580.0
2021042705004639,JLI,25,16,10,857.0,8570.0
2021042705004638,JLI,25,17,10,857.0,8570.0
2021042705004637,JLI,50,41,10,857.0,8570.0
2021042705004636,JLI,50,21,10,857.0,8570.0
2021042705004635,JLI,50,49,10,857.0,8570.0
2021042705004632,JLI,50,16,10,857.0,8570.0
2021042705004647,JLI,58,21,10,857.0,8570.0
2021042705004646,JLI,58,41,10,857.0,8570.0
2021042705004645,JLI,58,14,10,857.0,8570.0
2021042705004644,JLI,25,16,10,857.0,8570.0
2021042705004641,JLI,25,41,10,857.0,8570.0
2021042705004640,JLI,25,21,10,857.0,8570.0
2021042705004656,JLI,58,41,10,857.0,8570.0
2021042705004655,JLI,58,52,10,857.0,8570.0
2021042705004654,JLI,58,49,10,857.0,8570.0
2021042705004653,JLI,58,16,10,857.0,8570.0
2021042705004651,JLI,58,14,10,857.0,8570.0
2021042705004648,JLI,58,41,10,857.0,8570.0
2021042705004663,JLI,51,52,10,858.0,8580.0
2021042705004662,JLI,51,51,10,858.0,8580.0
2021042705004661,JLI,51,44,10,858.0,8580.0
2021042705004660,JLI,51,19,10,858.0,8580.0
2021042705004659,JLI,1,41,10,857.0,8570.0
2021042705004657,JLI,58,56,10,857.0,8570.0
2021042705004672,JLI,1,1,10,857.0,8570.0
2021042705004671,JLI,1,6,10,857.0,8570.0
2021042705004669,JLI,1,19,10,857.0,8570.0
2021042705004668,JLI,45,38,10,858.0,8580.0
2021042705004665,JLI,1,41,10,857.0,8570.0
2021042705004664,JLI,51,48,10,858.0,8580.0
2021042705004682,JLI,38,16,10,856.0,8560.0
2021042705004681,JLI,56,34,10,856.0,8560.0
2021042705004678,JLI,40,7,10,857.0,8570.0
2021042705004677,JLI,40,47,10,857.0,8570.0
2021042705004676,JLI,21,57,10,857.0,8570.0
2021042705004673,JLI,58,53,10,858.0,8580.0
2021042705004693,JLI,38,16,10,856.0,8560.0
2021042705004691,JLI,38,38,10,856.0,8560.0
2021042705004689,JLI,38,16,10,856.0,8560.0
2021042705004687,JLI,38,47,10,856.0,8560.0
2021042705004686,JLI,53,6,10,857.0,8570.0
2021042705004685,JLI,53,22,10,857.0,8570.0
2021042705004700,JLI,3,16,10,856.0,8560.0
2021042705004698,JLI,3,47,10,856.0,8560.0
2021042705004697,JLI,3,14,10,856.0,8560.0
2021042705004696,JLI,3,16,10,856.0,8560.0
2021042705004695,JLI,3,3,10,856.0,8560.0
2021042705004694,JLI,3,49,10,856.0,8560.0
2021042705004706,JLI,33,13,10,856.0,8560.0
2021042705004705,JLI,33,16,10,856.0,8560.0
2021042705004704,JLI,3,42,10,856.0,8560.0
2021042705004703,JLI,3,49,10,856.0,8560.0
2021042705004702,JLI,3,34,10,856.0,8560.0
2021042705004701,JLI,3,6,10,856.0,8560.0
2021042705004715,JLI,33,44,10,856.0,8560.0
2021042705004714,JLI,33,22,10,856.0,8560.0
2021042705004713,JLI,33,45,10,856.0,8560.0
2021042705004711,JLI,33,34,10,856.0,8560.0
2021042705004710,JLI,33,16,10,856.0,8560.0
2021042705004707,JLI,33,19,10,856.0,8560.0
2021042705004732,JLI,21,47,10,855.0,8550.0
2021042705004728,JLI,28,44,10,855.0,8550.0
2021042705004722,JLI,53,58,10,856.0,8560.0
2021042705004720,JLI,53,16,10,856.0,8560.0
2021042705004719,JLI,33,45,10,856.0,8560.0
2021042705004718,JLI,33,34,10,856.0,8560.0
2021042705004743,JLI,43,59,10,855.0,8550.0
2021042705004741,JLI,43,58,10,855.0,8550.0
2021042705004738,JLI,43,38,10,855.0,8550.0
2021042705004737,JLI,21,58,10,855.0,8550.0
2021042705004736,JLI,21,8,10,855.0,8550.0
2021042705004734,JLI,21,38,10,855.0,8550.0
2021042705004751,JLI,43,28,10,855.0,8550.0
2021042705004749,JLI,43,57,10,855.0,8550.0
2021042705004748,JLI,43,44,10,855.0,8550.0
2021042705004747,JLI,43,28,10,855.0,8550.0
2021042705004746,JLI,43,45,10,855.0,8550.0
2021042705004745,JLI,43,47,10,855.0,8550.0
2021042705004757,JLI,51,16,10,856.0,8560.0
2021042705004756,JLI,51,44,10,856.0,8560.0
2021042705004755,JLI,57,6,10,855.0,8550.0
2021042705004754,JLI,57,6,10,855.0,8550.0
2021042705004753,JLI,57,45,10,855.0,8550.0
2021042705004752,JLI,43,34,10,855.0,8550.0
2021042705004766,JLI,49,45,10,854.0,8540.0
2021042705004762,JLI,16,28,10,855.0,8550.0
2021042705004761,JLI,16,51,10,855.0,8550.0
2021042705004760,JLI,16,14,10,855.0,8550.0
2021042705004759,JLI,43,11,10,855.0,8550.0
2021042705004758,JLI,51,16,10,856.0,8560.0
2021042705004775,JLI,32,32,10,855.0,8550.0
2021042705004774,JLI,32,58,10,855.0,8550.0
2021042705004773,JLI,32,45,10,855.0,8550.0
2021042705004771,JLI,49,34,10,854.0,8540.0
2021042705004769,JLI,49,16,10,854.0,8540.0
2021042705004768,JLI,49,45,10,854.0,8540.0
2021042705004787,JLI,32,16,10,855.0,8550.0
2021042705004786,JLI,49,28,10,856.0,8560.0
2021042705004785,JLI,32,38,10,855.0,8550.0
2021042705004779,JLI,32,8,10,855.0,8550.0
2021042705004778,JLI,32,16,10,855.0,8550.0
2021042705004776,JLI,32,58,10,855.0,8550.0
2021042705004799,JLI,58,16,10,856.0,8560.0
2021042705004798,JLI,58,34,10,856.0,8560.0
2021042705004797,JLI,14,34,10,855.0,8550.0
2021042705004796,JLI,6,21,10,855.0,8550.0
2021042705004791,JLI,32,45,10,855.0,8550.0
2021042705004789,JLI,32,36,10,855.0,8550.0
2021042705004806,JLI,58,34,10,856.0,8560.0
2021042705004804,JLI,58,16,10,856.0,8560.0
2021042705004803,JLI,58,52,10,856.0,8560.0
2021042705004802,JLI,58,16,10,856.0,8560.0
2021042705004801,JLI,58,16,10,856.0,8560.0
2021042705004800,JLI,58,21,10,856.0,8560.0
2021042705004815,JLI,58,34,10,856.0,8560.0
2021042705004814,JLI,58,16,10,856.0,8560.0
2021042705004812,JLI,58,49,10,856.0,8560.0
2021042705004809,JLI,58,16,10,856.0,8560.0
2021042705004808,JLI,58,32,10,856.0,8560.0
2021042705004807,JLI,58,58,10,856.0,8560.0
2021042705004825,JLI,58,25,10,856.0,8560.0
2021042705004822,JLI,58,16,10,856.0,8560.0
2021042705004820,JLI,58,44,10,856.0,8560.0
2021042705004818,JLI,58,57,10,856.0,8560.0
2021042705004817,JLI,58,47,10,856.0,8560.0
2021042705004816,JLI,58,28,10,856.0,8560.0
2021042705004835,JLI,45,34,10,856.0,8560.0
2021042705004834,JLI,14,28,10,855.0,8550.0
2021042705004831,JLI,14,34,10,855.0,8550.0
2021042705004830,JLI,14,37,10,855.0,8550.0
2021042705004828,JLI,14,45,10,855.0,8550.0
2021042705004827,JLI,14,16,10,855.0,8550.0
2021042705004842,JLI,57,34,10,854.0,8540.0
2021042705004841,JLI,49,44,10,854.0,8540.0
2021042705004840,JLI,7,53,20,855.0,17100.0
2021042705004839,JLI,20,53,500,855.0,427500.0
2021042705004838,JLI,29,53,150,855.0,128250.0
2021042705004837,JLI,14,53,140,855.0,119700.0
2021042705004852,JLI,57,45,10,854.0,8540.0
2021042705004851,JLI,57,45,10,854.0,8540.0
2021042705004850,JLI,57,34,10,854.0,8540.0
2021042705004849,JLI,57,58,10,854.0,8540.0
2021042705004848,JLI,49,53,100,855.0,85500.0
2021042705004845,JLI,57,54,10,854.0,8540.0
2021042705004863,JLI,57,19,10,854.0,8540.0
2021042705004862,JLI,57,21,10,854.0,8540.0
2021042705004860,JLI,57,26,10,854.0,8540.0
2021042705004859,JLI,57,41,10,854.0,8540.0
2021042705004858,JLI,57,45,10,854.0,8540.0
2021042705004855,JLI,57,22,10,854.0,8540.0
2021042705004874,JLI,57,41,10,854.0,8540.0
2021042705004870,JLI,21,53,10,855.0,8550.0
2021042705004867,JLI,57,34,10,854.0,8540.0
2021042705004866,JLI,57,21,10,854.0,8540.0
2021042705004865,JLI,57,19,10,854.0,8540.0
2021042705004864,JLI,57,45,10,854.0,8540.0
2021042705004882,JLI,57,58,10,854.0,8540.0
2021042705004881,JLI,57,34,10,854.0,8540.0
2021042705004879,JLI,11,53,10,855.0,8550.0
2021042705004877,JLI,57,28,10,854.0,8540.0
2021042705004876,JLI,57,34,10,854.0,8540.0
2021042705004875,JLI,57,34,10,854.0,8540.0
2021042705004894,JLI,29,8,10,854.0,8540.0
2021042705004892,JLI,29,21,10,854.0,8540.0
2021042705004890,JLI,29,21,10,854.0,8540.0
2021042705004889,JLI,29,6,10,854.0,8540.0
2021042705004888,JLI,29,34,10,854.0,8540.0
2021042705004886,JLI,57,58,10,854.0,8540.0
2021042705004903,JLI,29,38,10,854.0,8540.0
2021042705004902,JLI,29,42,10,854.0,8540.0
2021042705004900,JLI,48,53,20,855.0,17100.0
2021042705004898,JLI,29,16,10,854.0,8540.0
2021042705004896,JLI,29,34,10,854.0,8540.0
2021042705004895,JLI,29,42,10,854.0,8540.0
2021042705004911,JLI,41,48,10,855.0,8550.0
2021042705004910,JLI,41,50,10,855.0,8550.0
2021042705004909,JLI,41,28,10,855.0,8550.0
2021042705004908,JLI,41,53,50,855.0,42750.0
2021042705004905,JLI,29,34,10,854.0,8540.0
2021042705004904,JLI,29,21,10,854.0,8540.0
2021042705004919,JLI,46,29,10,854.0,8540.0
2021042705004918,JLI,46,34,10,854.0,8540.0
2021042705004916,JLI,46,26,10,854.0,8540.0
2021042705004914,JLI,46,51,10,854.0,8540.0
2021042705004913,JLI,41,19,10,855.0,8550.0
2021042705004912,JLI,41,32,10,855.0,8550.0
2021042705004929,JLI,1,48,10,854.0,8540.0
2021042705004928,JLI,1,38,10,854.0,8540.0
2021042705004927,JLI,1,36,10,854.0,8540.0
2021042705004925,JLI,38,20,10,854.0,8540.0
2021042705004922,JLI,6,49,10,854.0,8540.0
2021042705004921,JLI,6,6,10,854.0,8540.0
2021042705004939,JLI,52,32,10,854.0,8540.0
2021042705004938,JLI,57,38,10,854.0,8540.0
2021042705004937,JLI,57,38,10,854.0,8540.0
2021042705004936,JLI,57,56,10,854.0,8540.0
2021042705004935,JLI,57,58,10,854.0,8540.0
2021042705004932,JLI,57,52,10,854.0,8540.0
2021042705004947,JLI,26,41,10,854.0,8540.0
2021042705004946,JLI,26,26,10,854.0,8540.0
2021042705004945,JLI,49,58,10,853.0,8530.0
2021042705004944,JLI,54,47,10,853.0,8530.0
2021042705004943,JLI,44,58,10,853.0,8530.0
2021042705004941,JLI,52,20,10,854.0,8540.0
2021042705004954,JLI,49,35,10,853.0,8530.0
2021042705004953,JLI,49,57,10,853.0,8530.0
2021042705004952,JLI,49,26,10,853.0,8530.0
2021042705004951,JLI,53,49,10,854.0,8540.0
2021042705004950,JLI,49,58,10,853.0,8530.0
2021042705004949,JLI,49,42,10,853.0,8530.0
2021042705004961,JLI,49,49,10,853.0,8530.0
2021042705004960,JLI,49,26,10,853.0,8530.0
2021042705004958,JLI,19,16,10,854.0,8540.0
2021042705004957,JLI,49,58,10,853.0,8530.0
2021042705004956,JLI,58,32,10,854.0,8540.0
2021042705004955,JLI,49,58,10,853.0,8530.0
2021042705004969,JLI,49,58,10,853.0,8530.0
2021042705004968,JLI,17,57,10,854.0,8540.0
2021042705004966,JLI,49,58,10,853.0,8530.0
2021042705004965,JLI,49,29,10,853.0,8530.0
2021042705004963,JLI,49,1,10,853.0,8530.0
2021042705004962,JLI,17,58,10,854.0,8540.0
2021042705004979,JLI,49,14,10,853.0,8530.0
2021042705004977,JLI,49,34,10,853.0,8530.0
2021042705004976,JLI,17,25,10,854.0,8540.0
2021042705004974,JLI,49,14,10,853.0,8530.0
2021042705004973,JLI,49,1,10,853.0,8530.0
2021042705004970,JLI,49,8,10,853.0,8530.0
2021042705004917,MLBSL,10,58,10,2583.0,25830.0
2021042705004856,MLBSL,10,40,10,2583.0,25830.0
2021042705004826,MLBSL,10,46,10,2583.0,25830.0
2021042705004819,MLBSL,10,35,10,2583.0,25830.0
2021042705004742,MLBSL,10,55,10,2583.0,25830.0
2021042705004688,MLBSL,10,57,10,2583.0,25830.0
2021042705004623,MLBSL,10,38,10,2583.0,25830.0
2021042705004595,MLBSL,10,36,10,2583.0,25830.0
2021042705004551,MLBSL,10,22,10,2583.0,25830.0
2021042705005034,NICLBSL,34,59,10,1740.0,17400.0
2021042705005033,NICLBSL,34,39,10,1740.0,17400.0
2021042705005032,NICLBSL,34,48,40,1740.0,69600.0
2021042705005031,NICLBSL,34,57,10,1740.0,17400.0
2021042705005030,NICLBSL,34,6,10,1740.0,17400.0
2021042705005029,NICLBSL,34,48,10,1740.0,17400.0
2021042705004541,NICLBSL,53,38,10,1731.0,17310.0
2021042705004539,NICLBSL,53,38,20,1731.0,34620.0
2021042705004538,NICLBSL,53,13,10,1731.0,17310.0
2021042705004537,NICLBSL,53,35,10,1731.0,17310.0
2021042705004535,NICLBSL,48,38,20,1730.0,34600.0
2021042705004559,NICLBSL,48,26,35,1730.0,60550.0
2021042705004549,NICLBSL,48,38,20,1730.0,34600.0
2021042705004548,NICLBSL,47,38,20,1731.0,34620.0
2021042705004546,NICLBSL,53,38,20,1731.0,34620.0
2021042705004543,NICLBSL,53,38,20,1731.0,34620.0
2021042705004542,NICLBSL,53,38,10,1731.0,17310.0
2021042705004577,NICLBSL,8,51,10,1731.0,17310.0
2021042705004575,NICLBSL,8,20,10,1731.0,17310.0
2021042705004569,NICLBSL,48,28,20,1730.0,34600.0
2021042705004567,NICLBSL,48,48,325,1730.0,562250.0
2021042705004566,NICLBSL,5,48,175,1731.0,302925.0
2021042705004561,NICLBSL,28,16,10,1733.0,17330.0
2021042705004603,NICLBSL,45,21,10,1731.0,17310.0
2021042705004597,NICLBSL,45,17,10,1731.0,17310.0
2021042705004594,NICLBSL,45,53,10,1731.0,17310.0
2021042705004593,NICLBSL,34,53,90,1732.0,155880.0
2021042705004591,NICLBSL,34,28,10,1732.0,17320.0
2021042705004588,NICLBSL,8,20,10,1731.0,17310.0
2021042705004613,NICLBSL,28,52,10,1731.0,17310.0
2021042705004611,NICLBSL,42,52,50,1731.0,86550.0
2021042705004608,NICLBSL,45,52,30,1731.0,51930.0
2021042705004606,NICLBSL,45,58,10,1731.0,17310.0
2021042705004605,NICLBSL,45,28,10,1731.0,17310.0
2021042705004604,NICLBSL,45,51,20,1731.0,34620.0
2021042705004624,NICLBSL,58,28,10,1732.0,17320.0
2021042705004622,NICLBSL,58,33,60,1732.0,103920.0
2021042705004621,NICLBSL,28,33,60,1734.0,104040.0
2021042705004616,NICLBSL,28,41,10,1734.0,17340.0
2021042705004615,NICLBSL,28,32,10,1734.0,17340.0
2021042705004614,NICLBSL,28,44,10,1734.0,17340.0
2021042705004633,NICLBSL,48,28,10,1730.0,17300.0
2021042705004630,NICLBSL,48,49,150,1730.0,259500.0
2021042705004629,NICLBSL,6,49,50,1731.0,86550.0
2021042705004628,NICLBSL,58,1,10,1732.0,17320.0
2021042705004627,NICLBSL,58,34,10,1732.0,17320.0
2021042705004626,NICLBSL,58,37,10,1732.0,17320.0
2021042705004652,NICLBSL,48,36,20,1730.0,34600.0
2021042705004650,NICLBSL,48,47,10,1730.0,17300.0
2021042705004649,NICLBSL,48,37,10,1730.0,17300.0
2021042705004643,NICLBSL,11,28,10,1733.0,17330.0
2021042705004642,NICLBSL,11,5,10,1733.0,17330.0
2021042705004634,NICLBSL,48,51,10,1730.0,17300.0
2021042705004675,NICLBSL,48,35,10,1730.0,17300.0
2021042705004674,NICLBSL,48,47,10,1730.0,17300.0
2021042705004670,NICLBSL,48,47,10,1730.0,17300.0
2021042705004667,NICLBSL,48,51,10,1730.0,17300.0
2021042705004666,NICLBSL,48,21,50,1730.0,86500.0
2021042705004658,NICLBSL,48,28,10,1730.0,17300.0
2021042705004692,NICLBSL,49,56,10,1730.0,17300.0
2021042705004690,NICLBSL,49,47,10,1730.0,17300.0
2021042705004684,NICLBSL,48,25,10,1730.0,17300.0
2021042705004683,NICLBSL,48,47,10,1730.0,17300.0
2021042705004680,NICLBSL,47,44,10,1733.0,17330.0
2021042705004679,NICLBSL,48,35,10,1730.0,17300.0
2021042705004717,NICLBSL,49,10,10,1730.0,17300.0
2021042705004716,NICLBSL,49,47,10,1730.0,17300.0
2021042705004712,NICLBSL,49,10,10,1730.0,17300.0
2021042705004709,NICLBSL,49,47,10,1730.0,17300.0
2021042705004708,NICLBSL,49,44,10,1730.0,17300.0
2021042705004699,NICLBSL,49,10,10,1730.0,17300.0
2021042705004727,NICLBSL,49,32,10,1730.0,17300.0
2021042705004726,NICLBSL,49,46,20,1730.0,34600.0
2021042705004725,NICLBSL,49,50,10,1730.0,17300.0
2021042705004724,NICLBSL,49,10,10,1730.0,17300.0
2021042705004723,NICLBSL,49,57,30,1730.0,51900.0
2021042705004721,NICLBSL,49,34,10,1730.0,17300.0
2021042705004739,NICLBSL,22,38,10,1731.0,17310.0
2021042705004735,NICLBSL,22,10,10,1731.0,17310.0
2021042705004733,NICLBSL,22,39,10,1731.0,17310.0
2021042705004731,NICLBSL,49,37,10,1730.0,17300.0
2021042705004730,NICLBSL,49,47,10,1730.0,17300.0
2021042705004729,NICLBSL,49,10,10,1730.0,17300.0
2021042705004765,NICLBSL,42,45,20,1732.0,34640.0
2021042705004764,NICLBSL,42,54,20,1732.0,34640.0
2021042705004763,NICLBSL,42,49,10,1732.0,17320.0
2021042705004750,NICLBSL,19,59,10,1730.0,17300.0
2021042705004744,NICLBSL,22,47,10,1731.0,17310.0
2021042705004740,NICLBSL,22,10,10,1731.0,17310.0
2021042705004781,NICLBSL,48,45,10,1731.0,17310.0
2021042705004780,NICLBSL,48,28,10,1731.0,17310.0
2021042705004777,NICLBSL,42,28,10,1731.0,17310.0
2021042705004772,NICLBSL,42,51,20,1731.0,34620.0
2021042705004770,NICLBSL,42,47,10,1731.0,17310.0
2021042705004767,NICLBSL,42,28,10,1731.0,17310.0
2021042705004792,NICLBSL,38,38,15,1730.0,25950.0
2021042705004790,NICLBSL,21,28,10,1730.0,17300.0
2021042705004788,NICLBSL,21,51,10,1730.0,17300.0
2021042705004784,NICLBSL,48,38,10,1733.0,17330.0
2021042705004783,NICLBSL,48,49,10,1732.0,17320.0
2021042705004782,NICLBSL,48,57,10,1732.0,17320.0
2021042705004811,NICLBSL,59,47,10,1731.0,17310.0
2021042705004810,NICLBSL,59,51,20,1731.0,34620.0
2021042705004805,NICLBSL,45,47,10,1731.0,17310.0
2021042705004795,NICLBSL,45,38,15,1730.0,25950.0
2021042705004794,NICLBSL,42,38,10,1730.0,17300.0
2021042705004793,NICLBSL,56,38,10,1730.0,17300.0
2021042705004832,NICLBSL,6,21,10,1733.0,17330.0
2021042705004829,NICLBSL,5,47,10,1732.0,17320.0
2021042705004824,NICLBSL,5,47,10,1732.0,17320.0
2021042705004823,NICLBSL,39,38,10,1733.0,17330.0
2021042705004821,NICLBSL,5,39,10,1732.0,17320.0
2021042705004813,NICLBSL,29,58,10,1731.0,17310.0
2021042705004847,NICLBSL,21,22,10,1733.0,17330.0
2021042705004846,NICLBSL,21,47,10,1733.0,17330.0
2021042705004844,NICLBSL,21,8,10,1733.0,17330.0
2021042705004843,NICLBSL,21,49,10,1733.0,17330.0
2021042705004836,NICLBSL,5,47,10,1732.0,17320.0
2021042705004833,NICLBSL,5,37,10,1732.0,17320.0
2021042705004869,NICLBSL,21,47,20,1733.0,34660.0
2021042705004868,NICLBSL,21,39,10,1733.0,17330.0
2021042705004861,NICLBSL,21,58,10,1733.0,17330.0
2021042705004857,NICLBSL,21,47,10,1733.0,17330.0
2021042705004854,NICLBSL,45,58,10,1734.0,17340.0
2021042705004853,NICLBSL,21,40,10,1733.0,17330.0
2021042705004883,NICLBSL,34,39,10,1733.0,17330.0
2021042705004880,NICLBSL,34,47,10,1733.0,17330.0
2021042705004878,NICLBSL,34,39,10,1733.0,17330.0
2021042705004873,NICLBSL,39,52,10,1733.0,17330.0
2021042705004872,NICLBSL,39,1,10,1733.0,17330.0
2021042705004871,NICLBSL,5,47,10,1732.0,17320.0
2021042705004897,NICLBSL,22,47,10,1732.0,17320.0
2021042705004893,NICLBSL,21,39,10,1732.0,17320.0
2021042705004891,NICLBSL,21,47,10,1732.0,17320.0
2021042705004887,NICLBSL,47,29,10,1735.0,17350.0
2021042705004885,NICLBSL,47,47,10,1733.0,17330.0
2021042705004884,NICLBSL,34,47,10,1733.0,17330.0
2021042705004920,NICLBSL,22,47,10,1732.0,17320.0
2021042705004915,NICLBSL,21,34,10,1733.0,17330.0
2021042705004907,NICLBSL,22,39,10,1732.0,17320.0
2021042705004906,NICLBSL,22,47,10,1732.0,17320.0
2021042705004901,NICLBSL,22,38,10,1732.0,17320.0
2021042705004899,NICLBSL,22,38,10,1732.0,17320.0
2021042705004933,NICLBSL,26,47,10,1732.0,17320.0
2021042705004931,NICLBSL,26,14,20,1732.0,34640.0
2021042705004930,NICLBSL,26,47,10,1732.0,17320.0
2021042705004926,NICLBSL,26,29,10,1732.0,17320.0
2021042705004924,NICLBSL,22,58,10,1732.0,17320.0
2021042705004923,NICLBSL,28,58,10,1733.0,17330.0
2021042705004964,NICLBSL,59,47,10,1733.0,17330.0
2021042705004959,NICLBSL,59,58,10,1733.0,17330.0
2021042705004948,NICLBSL,59,44,20,1733.0,34660.0
2021042705004942,NICLBSL,59,47,10,1733.0,17330.0
2021042705004940,NICLBSL,59,58,20,1733.0,34660.0
2021042705004934,NICLBSL,29,47,10,1731.0,17310.0
2021042705004981,NICLBSL,55,7,10,1733.0,17330.0
2021042705004978,NICLBSL,55,47,10,1733.0,17330.0
2021042705004975,NICLBSL,59,7,10,1733.0,17330.0
2021042705004972,NICLBSL,45,29,20,1735.0,34700.0
2021042705004971,NICLBSL,59,58,10,1733.0,17330.0
2021042705004967,NICLBSL,59,7,10,1733.0,17330.0
2021042705004988,NICLBSL,8,33,20,1735.0,34700.0
2021042705004987,NICLBSL,8,49,10,1735.0,17350.0
2021042705004986,NICLBSL,8,50,10,1735.0,17350.0
2021042705004985,NICLBSL,8,42,10,1735.0,17350.0
2021042705004984,NICLBSL,5,7,10,1735.0,17350.0
2021042705004982,NICLBSL,55,7,10,1733.0,17330.0
2021042705004994,NICLBSL,55,47,10,1733.0,17330.0
2021042705004993,NICLBSL,8,49,10,1735.0,17350.0
2021042705004992,NICLBSL,8,49,10,1735.0,17350.0
2021042705004991,NICLBSL,8,49,10,1735.0,17350.0
2021042705004990,NICLBSL,8,18,60,1735.0,104100.0
2021042705004989,NICLBSL,8,3,10,1735.0,17350.0
2021042705005004,NICLBSL,34,21,10,1735.0,17350.0
2021042705005003,NICLBSL,55,35,10,1733.0,17330.0
2021042705005001,NICLBSL,55,35,10,1733.0,17330.0
2021042705005000,NICLBSL,55,7,20,1733.0,34660.0
2021042705004997,NICLBSL,55,35,10,1733.0,17330.0
2021042705004996,NICLBSL,55,7,10,1733.0,17330.0
2021042705005010,NICLBSL,34,39,10,1739.0,17390.0
2021042705005009,NICLBSL,34,50,10,1739.0,17390.0
2021042705005008,NICLBSL,34,53,500,1738.0,869000.0
2021042705005007,NICLBSL,34,38,100,1738.0,173800.0
2021042705005006,NICLBSL,34,44,10,1738.0,17380.0
2021042705005005,NICLBSL,34,40,10,1736.0,17360.0
2021042705005016,NICLBSL,34,45,50,1740.0,87000.0
2021042705005015,NICLBSL,34,6,200,1740.0,348000.0
2021042705005014,NICLBSL,34,55,100,1740.0,174000.0
2021042705005013,NICLBSL,34,45,20,1740.0,34800.0
2021042705005012,NICLBSL,34,57,20,1740.0,34800.0
2021042705005011,NICLBSL,34,1,10,1739.0,17390.0
2021042705005022,NICLBSL,34,47,10,1740.0,17400.0
2021042705005021,NICLBSL,34,56,10,1740.0,17400.0
2021042705005020,NICLBSL,34,22,50,1740.0,87000.0
2021042705005019,NICLBSL,34,38,28,1740.0,48720.0
2021042705005018,NICLBSL,34,38,10,1740.0,17400.0
2021042705005017,NICLBSL,34,42,31,1740.0,53940.0
2021042705005028,NICLBSL,34,39,20,1740.0,34800.0
2021042705005027,NICLBSL,34,29,50,1740.0,87000.0
2021042705005026,NICLBSL,34,42,10,1740.0,17400.0
2021042705005025,NICLBSL,34,45,10,1740.0,17400.0
2021042705005024,NICLBSL,34,35,10,1740.0,17400.0
2021042705005023,NICLBSL,34,16,551,1740.0,958740.0
2021042705004534,JLI,21,58,10,858.0,8580.0
2021042705004533,JLI,28,44,10,860.0,8600.0
2021042705004532,JLI,28,56,10,859.0,8590.0
2021042705004529,JLI,14,42,10,860.0,8600.0
2021042705004528,JLI,14,42,10,860.0,8600.0
2021042705004527,JLI,49,44,10,859.0,8590.0
2021042705004038,JLI,10,38,10,857.0,8570.0
2021042705004036,JLI,29,38,10,858.0,8580.0
2021042705004044,JLI,42,45,10,860.0,8600.0
2021042705004043,JLI,42,49,10,858.0,8580.0
2021042705004042,JLI,42,6,10,858.0,8580.0
2021042705004041,JLI,42,1,10,858.0,8580.0
2021042705004040,JLI,10,38,10,857.0,8570.0
2021042705004039,JLI,10,38,10,857.0,8570.0
2021042705004050,JLI,42,17,10,860.0,8600.0
2021042705004049,JLI,42,51,10,860.0,8600.0
2021042705004048,JLI,42,55,10,860.0,8600.0
2021042705004047,JLI,42,28,10,860.0,8600.0
2021042705004046,JLI,42,32,10,860.0,8600.0
2021042705004045,JLI,42,28,10,860.0,8600.0
2021042705004057,JLI,10,46,10,857.0,8570.0
2021042705004056,JLI,10,38,10,857.0,8570.0
2021042705004055,JLI,10,20,10,857.0,8570.0
2021042705004054,JLI,10,38,10,857.0,8570.0
2021042705004053,JLI,10,35,10,857.0,8570.0
2021042705004051,JLI,42,16,10,860.0,8600.0
2021042705004063,JLI,10,38,10,857.0,8570.0
2021042705004062,JLI,10,44,10,857.0,8570.0
2021042705004061,JLI,10,38,10,857.0,8570.0
2021042705004060,JLI,10,38,10,857.0,8570.0
2021042705004059,JLI,10,38,10,857.0,8570.0
2021042705004058,JLI,10,32,10,857.0,8570.0
2021042705004070,JLI,10,38,10,857.0,8570.0
2021042705004069,JLI,10,48,10,857.0,8570.0
2021042705004068,JLI,10,38,10,857.0,8570.0
2021042705004067,JLI,10,38,10,857.0,8570.0
2021042705004066,JLI,10,38,10,857.0,8570.0
2021042705004065,JLI,10,38,10,857.0,8570.0
2021042705004078,JLI,10,38,10,857.0,8570.0
2021042705004077,JLI,10,10,10,857.0,8570.0
2021042705004076,JLI,10,38,10,857.0,8570.0
2021042705004074,JLI,13,32,10,860.0,8600.0
2021042705004072,JLI,10,38,10,857.0,8570.0
2021042705004071,JLI,10,54,10,857.0,8570.0
2021042705004087,JLI,44,52,10,860.0,8600.0
2021042705004086,JLI,44,58,10,860.0,8600.0
2021042705004085,JLI,38,36,10,858.0,8580.0
2021042705004084,JLI,38,44,10,858.0,8580.0
2021042705004081,JLI,10,16,10,857.0,8570.0
2021042705004080,JLI,10,38,10,857.0,8570.0
2021042705004093,JLI,44,38,10,860.0,8600.0
2021042705004092,JLI,44,35,10,860.0,8600.0
2021042705004091,JLI,44,45,10,860.0,8600.0
2021042705004090,JLI,44,1,10,860.0,8600.0
2021042705004089,JLI,44,58,10,860.0,8600.0
2021042705004088,JLI,44,58,10,860.0,8600.0
2021042705004100,JLI,38,38,10,858.0,8580.0
2021042705004098,JLI,38,57,10,858.0,8580.0
2021042705004097,JLI,38,34,10,858.0,8580.0
2021042705004096,JLI,44,38,10,860.0,8600.0
2021042705004095,JLI,44,58,10,860.0,8600.0
2021042705004094,JLI,44,58,10,860.0,8600.0
2021042705004108,JLI,52,38,10,858.0,8580.0
2021042705004107,JLI,38,14,10,858.0,8580.0
2021042705004106,JLI,38,53,10,858.0,8580.0
2021042705004105,JLI,38,38,10,858.0,8580.0
2021042705004104,JLI,38,57,10,858.0,8580.0
2021042705004102,JLI,38,38,10,858.0,8580.0
2021042705004115,JLI,33,38,10,859.0,8590.0
2021042705004114,JLI,52,38,10,858.0,8580.0
2021042705004112,JLI,52,38,10,858.0,8580.0
2021042705004111,JLI,52,38,10,858.0,8580.0
2021042705004110,JLI,52,38,10,858.0,8580.0
2021042705004109,JLI,52,38,10,858.0,8580.0
2021042705004123,JLI,45,58,10,860.0,8600.0
2021042705004122,JLI,45,25,10,860.0,8600.0
2021042705004120,JLI,52,38,10,858.0,8580.0
2021042705004119,JLI,52,14,10,858.0,8580.0
2021042705004117,JLI,52,38,10,858.0,8580.0
2021042705004116,JLI,52,14,10,858.0,8580.0
2021042705004131,JLI,29,38,10,858.0,8580.0
2021042705004130,JLI,29,14,10,858.0,8580.0
2021042705004129,JLI,29,38,10,858.0,8580.0
2021042705004128,JLI,29,14,10,858.0,8580.0
2021042705004127,JLI,29,38,10,858.0,8580.0
2021042705004124,JLI,45,49,10,860.0,8600.0
2021042705004142,JLI,10,38,10,857.0,8570.0
2021042705004141,JLI,45,35,10,860.0,8600.0
2021042705004140,JLI,45,45,10,860.0,8600.0
2021042705004139,JLI,45,49,10,860.0,8600.0
2021042705004138,JLI,10,38,10,857.0,8570.0
2021042705004137,JLI,10,57,10,857.0,8570.0
2021042705004149,JLI,10,38,10,857.0,8570.0
2021042705004148,JLI,10,14,10,857.0,8570.0
2021042705004147,JLI,10,38,10,857.0,8570.0
2021042705004145,JLI,10,14,10,857.0,8570.0
2021042705004144,JLI,10,38,10,857.0,8570.0
2021042705004143,JLI,10,38,10,857.0,8570.0
2021042705004160,JLI,10,38,10,857.0,8570.0
2021042705004159,JLI,10,49,10,857.0,8570.0
2021042705004158,JLI,10,14,10,857.0,8570.0
2021042705004156,JLI,10,45,10,857.0,8570.0
2021042705004151,JLI,10,38,10,857.0,8570.0
2021042705004150,JLI,10,38,10,857.0,8570.0
2021042705004166,JLI,10,14,10,857.0,8570.0
2021042705004165,JLI,10,21,10,857.0,8570.0
2021042705004164,JLI,10,26,10,857.0,8570.0
2021042705004163,JLI,10,38,10,857.0,8570.0
2021042705004162,JLI,10,49,10,857.0,8570.0
2021042705004161,JLI,10,38,10,857.0,8570.0
2021042705004176,JLI,10,38,10,857.0,8570.0
2021042705004175,JLI,10,45,10,857.0,8570.0
2021042705004172,JLI,10,38,10,857.0,8570.0
2021042705004170,JLI,3,38,10,858.0,8580.0
2021042705004168,JLI,43,13,10,858.0,8580.0
2021042705004167,JLI,10,38,10,857.0,8570.0
2021042705004182,JLI,10,49,10,857.0,8570.0
2021042705004181,JLI,10,38,10,857.0,8570.0
2021042705004180,JLI,10,49,10,857.0,8570.0
2021042705004179,JLI,10,38,10,857.0,8570.0
2021042705004178,JLI,10,38,10,857.0,8570.0
2021042705004177,JLI,10,14,10,857.0,8570.0
2021042705004196,JLI,45,49,10,857.0,8570.0
2021042705004195,JLI,45,38,10,857.0,8570.0
2021042705004194,JLI,45,14,10,857.0,8570.0
2021042705004185,JLI,45,38,10,857.0,8570.0
2021042705004184,JLI,10,38,10,857.0,8570.0
2021042705004183,JLI,10,14,10,857.0,8570.0
2021042705004202,JLI,17,38,10,857.0,8570.0
2021042705004201,JLI,17,21,10,857.0,8570.0
2021042705004200,JLI,34,49,10,857.0,8570.0
2021042705004199,JLI,34,38,10,857.0,8570.0
2021042705004198,JLI,34,7,10,857.0,8570.0
2021042705004197,JLI,45,14,10,857.0,8570.0
2021042705004208,JLI,17,8,10,857.0,8570.0
2021042705004207,JLI,17,38,10,857.0,8570.0
2021042705004206,JLI,21,34,10,858.0,8580.0
2021042705004205,JLI,17,44,10,857.0,8570.0
2021042705004204,JLI,17,49,10,857.0,8570.0
2021042705004203,JLI,17,38,10,857.0,8570.0
2021042705004216,JLI,50,38,10,857.0,8570.0
2021042705004215,JLI,50,8,10,857.0,8570.0
2021042705004214,JLI,50,14,10,857.0,8570.0
2021042705004212,JLI,17,8,10,857.0,8570.0
2021042705004211,JLI,17,14,10,857.0,8570.0
2021042705004210,JLI,17,8,10,857.0,8570.0
2021042705004226,JLI,35,14,10,858.0,8580.0
2021042705004224,JLI,35,49,10,858.0,8580.0
2021042705004222,JLI,50,14,10,857.0,8570.0
2021042705004220,JLI,26,17,20,859.0,17180.0
2021042705004218,JLI,50,58,10,857.0,8570.0
2021042705004217,JLI,50,53,10,857.0,8570.0
2021042705004233,JLI,35,17,10,858.0,8580.0
2021042705004231,JLI,35,17,10,858.0,8580.0
2021042705004230,JLI,35,14,10,858.0,8580.0
2021042705004229,JLI,35,14,10,858.0,8580.0
2021042705004228,JLI,35,45,10,858.0,8580.0
2021042705004227,JLI,35,38,10,858.0,8580.0
2021042705004239,JLI,35,17,10,858.0,8580.0
2021042705004238,JLI,35,34,10,858.0,8580.0
2021042705004237,JLI,35,25,10,858.0,8580.0
2021042705004236,JLI,35,14,10,858.0,8580.0
2021042705004235,JLI,35,17,10,858.0,8580.0
2021042705004234,JLI,35,41,10,858.0,8580.0
2021042705004246,JLI,32,8,10,859.0,8590.0
2021042705004245,JLI,32,13,10,859.0,8590.0
2021042705004244,JLI,35,14,10,858.0,8580.0
2021042705004242,JLI,35,33,10,858.0,8580.0
2021042705004241,JLI,35,42,10,858.0,8580.0
2021042705004240,JLI,35,14,10,858.0,8580.0
2021042705004253,JLI,55,32,10,859.0,8590.0
2021042705004252,JLI,55,14,10,859.0,8590.0
2021042705004251,JLI,55,58,10,859.0,8590.0
2021042705004249,JLI,32,8,10,859.0,8590.0
2021042705004248,JLI,32,8,10,859.0,8590.0
2021042705004247,JLI,32,8,10,859.0,8590.0
2021042705004264,JLI,35,14,10,858.0,8580.0
2021042705004262,JLI,25,57,10,859.0,8590.0
2021042705004259,JLI,35,14,10,858.0,8580.0
2021042705004257,JLI,55,58,10,859.0,8590.0
2021042705004256,JLI,55,14,10,859.0,8590.0
2021042705004254,JLI,55,14,10,859.0,8590.0
2021042705004276,JLI,55,17,10,860.0,8600.0
2021042705004275,JLI,55,57,10,860.0,8600.0
2021042705004274,JLI,55,49,10,860.0,8600.0
2021042705004273,JLI,55,55,10,860.0,8600.0
2021042705004267,JLI,34,53,10,859.0,8590.0
2021042705004266,JLI,34,32,10,859.0,8590.0
2021042705004282,JLI,42,17,10,860.0,8600.0
2021042705004281,JLI,42,35,10,860.0,8600.0
2021042705004280,JLI,42,7,10,860.0,8600.0
2021042705004279,JLI,42,49,10,860.0,8600.0
2021042705004278,JLI,55,58,10,860.0,8600.0
2021042705004277,JLI,55,52,10,860.0,8600.0
2021042705004292,JLI,10,53,10,859.0,8590.0
2021042705004291,JLI,10,14,10,859.0,8590.0
2021042705004290,JLI,34,17,10,859.0,8590.0
2021042705004288,JLI,34,17,10,859.0,8590.0
2021042705004286,JLI,34,53,10,859.0,8590.0
2021042705004283,JLI,42,42,10,860.0,8600.0
2021042705004300,JLI,10,13,10,859.0,8590.0
2021042705004298,JLI,10,17,10,859.0,8590.0
2021042705004297,JLI,10,36,10,859.0,8590.0
2021042705004295,JLI,10,17,10,859.0,8590.0
2021042705004294,JLI,10,17,10,859.0,8590.0
2021042705004293,JLI,10,16,10,859.0,8590.0
2021042705004310,JLI,10,17,10,859.0,8590.0
2021042705004309,JLI,10,16,10,859.0,8590.0
2021042705004307,JLI,10,17,10,859.0,8590.0
2021042705004305,JLI,10,57,10,859.0,8590.0
2021042705004304,JLI,10,57,10,859.0,8590.0
2021042705004303,JLI,10,6,10,859.0,8590.0
2021042705004319,JLI,10,17,10,859.0,8590.0
2021042705004318,JLI,10,36,10,859.0,8590.0
2021042705004316,JLI,10,16,10,859.0,8590.0
2021042705004315,JLI,10,17,10,859.0,8590.0
2021042705004313,JLI,10,16,10,859.0,8590.0
2021042705004312,JLI,10,47,10,859.0,8590.0
2021042705004329,JLI,10,14,10,859.0,8590.0
2021042705004327,JLI,10,34,10,859.0,8590.0
2021042705004326,JLI,10,17,10,859.0,8590.0
2021042705004325,JLI,10,16,10,859.0,8590.0
2021042705004323,JLI,10,40,10,859.0,8590.0
2021042705004322,JLI,10,52,10,859.0,8590.0
2021042705004339,JLI,10,16,10,859.0,8590.0
2021042705004338,JLI,10,40,10,859.0,8590.0
2021042705004337,JLI,10,6,10,859.0,8590.0
2021042705004334,JLI,10,17,10,859.0,8590.0
2021042705004333,JLI,10,20,10,859.0,8590.0
2021042705004331,JLI,10,16,10,859.0,8590.0
2021042705004348,JLI,10,17,10,859.0,8590.0
2021042705004346,JLI,10,34,60,859.0,51540.0
2021042705004345,JLI,10,20,10,859.0,8590.0
2021042705004344,JLI,10,55,10,859.0,8590.0
2021042705004342,JLI,10,45,10,859.0,8590.0
2021042705004341,JLI,10,17,10,859.0,8590.0
2021042705004360,JLI,10,17,10,859.0,8590.0
2021042705004357,JLI,10,16,10,859.0,8590.0
2021042705004356,JLI,38,48,10,860.0,8600.0
2021042705004355,JLI,38,28,10,860.0,8600.0
2021042705004353,JLI,10,17,10,859.0,8590.0
2021042705004349,JLI,10,36,10,859.0,8590.0
2021042705004369,JLI,10,40,10,859.0,8590.0
2021042705004367,JLI,10,21,10,859.0,8590.0
2021042705004366,JLI,10,53,10,859.0,8590.0
2021042705004365,JLI,10,11,10,859.0,8590.0
2021042705004363,JLI,10,17,10,859.0,8590.0
2021042705004362,JLI,10,16,10,859.0,8590.0
2021042705004377,JLI,10,16,10,859.0,8590.0
2021042705004376,JLI,10,17,10,859.0,8590.0
2021042705004375,JLI,10,40,10,859.0,8590.0
2021042705004372,JLI,10,38,10,859.0,8590.0
2021042705004371,JLI,10,16,10,859.0,8590.0
2021042705004370,JLI,10,17,10,859.0,8590.0
2021042705004386,JLI,10,40,10,859.0,8590.0
2021042705004384,JLI,10,17,10,859.0,8590.0
2021042705004383,JLI,10,40,10,859.0,8590.0
2021042705004382,JLI,10,40,10,859.0,8590.0
2021042705004381,JLI,10,16,10,859.0,8590.0
2021042705004379,JLI,10,17,10,859.0,8590.0
2021042705004393,JLI,36,58,10,860.0,8600.0
2021042705004392,JLI,36,51,10,860.0,8600.0
2021042705004391,JLI,36,21,10,860.0,8600.0
2021042705004390,JLI,10,16,10,859.0,8590.0
2021042705004388,JLI,10,16,10,859.0,8590.0
2021042705004387,JLI,10,58,10,859.0,8590.0
2021042705004399,JLI,8,50,10,860.0,8600.0
2021042705004398,JLI,10,16,10,859.0,8590.0
2021042705004397,JLI,10,57,10,859.0,8590.0
2021042705004396,JLI,10,55,10,859.0,8590.0
2021042705004395,JLI,36,28,10,860.0,8600.0
2021042705004394,JLI,36,16,10,860.0,8600.0
2021042705004410,JLI,10,16,10,859.0,8590.0
2021042705004409,JLI,10,14,10,859.0,8590.0
2021042705004407,JLI,10,16,10,859.0,8590.0
2021042705004406,JLI,10,40,10,859.0,8590.0
2021042705004401,JLI,10,21,10,859.0,8590.0
2021042705004400,JLI,10,56,10,859.0,8590.0
2021042705004419,JLI,10,13,10,859.0,8590.0
2021042705004416,JLI,10,45,10,859.0,8590.0
2021042705004415,JLI,44,58,10,860.0,8600.0
2021042705004413,JLI,10,16,10,859.0,8590.0
2021042705004412,JLI,10,40,10,859.0,8590.0
2021042705004411,JLI,10,45,10,859.0,8590.0
2021042705004425,JLI,8,26,10,860.0,8600.0
2021042705004424,JLI,10,21,10,859.0,8590.0
2021042705004423,JLI,10,16,10,859.0,8590.0
2021042705004422,JLI,10,38,10,859.0,8590.0
2021042705004421,JLI,10,16,10,859.0,8590.0
2021042705004420,JLI,10,22,10,859.0,8590.0
2021042705004431,JLI,57,49,10,860.0,8600.0
2021042705004430,JLI,57,32,10,860.0,8600.0
2021042705004429,JLI,57,48,10,860.0,8600.0
2021042705004428,JLI,10,16,10,859.0,8590.0
2021042705004427,JLI,10,52,10,859.0,8590.0
2021042705004426,JLI,10,45,10,859.0,8590.0
2021042705004439,JLI,10,11,10,859.0,8590.0
2021042705004438,JLI,10,58,10,859.0,8590.0
2021042705004437,JLI,21,7,10,860.0,8600.0
2021042705004436,JLI,10,16,10,859.0,8590.0
2021042705004433,JLI,57,26,10,860.0,8600.0
2021042705004432,JLI,57,50,10,860.0,8600.0
2021042705004446,JLI,10,16,10,859.0,8590.0
2021042705004445,JLI,10,19,10,859.0,8590.0
2021042705004444,JLI,10,39,10,859.0,8590.0
2021042705004443,JLI,10,51,10,859.0,8590.0
2021042705004442,JLI,10,16,10,859.0,8590.0
2021042705004441,JLI,10,58,10,859.0,8590.0
2021042705004453,JLI,45,1,10,859.0,8590.0
2021042705004451,JLI,45,19,10,859.0,8590.0
2021042705004450,JLI,45,16,10,859.0,8590.0
2021042705004449,JLI,45,17,10,859.0,8590.0
2021042705004448,JLI,45,7,10,859.0,8590.0
2021042705004447,JLI,10,48,10,859.0,8590.0
2021042705004463,JLI,45,42,10,859.0,8590.0
2021042705004462,JLI,45,16,10,859.0,8590.0
2021042705004461,JLI,45,51,10,859.0,8590.0
2021042705004459,JLI,45,17,10,859.0,8590.0
2021042705004458,JLI,45,38,10,859.0,8590.0
2021042705004456,JLI,45,16,10,859.0,8590.0
2021042705004471,JLI,45,58,10,859.0,8590.0
2021042705004470,JLI,45,16,10,859.0,8590.0
2021042705004469,JLI,45,22,10,859.0,8590.0
2021042705004468,JLI,45,39,10,859.0,8590.0
2021042705004466,JLI,45,38,10,859.0,8590.0
2021042705004464,JLI,45,17,10,859.0,8590.0
2021042705004484,JLI,14,39,10,859.0,8590.0
2021042705004483,JLI,14,14,10,859.0,8590.0
2021042705004479,JLI,14,16,10,859.0,8590.0
2021042705004478,JLI,14,17,10,859.0,8590.0
2021042705004475,JLI,14,17,10,859.0,8590.0
2021042705004474,JLI,14,38,10,859.0,8590.0
2021042705004497,JLI,14,51,10,859.0,8590.0
2021042705004496,JLI,14,16,10,859.0,8590.0
2021042705004495,JLI,14,56,10,859.0,8590.0
2021042705004493,JLI,14,17,10,859.0,8590.0
2021042705004487,JLI,14,16,10,859.0,8590.0
2021042705004486,JLI,14,11,10,859.0,8590.0
2021042705004515,JLI,14,17,10,859.0,8590.0
2021042705004513,JLI,14,16,10,859.0,8590.0
2021042705004512,JLI,14,39,10,859.0,8590.0
2021042705004511,JLI,14,17,10,859.0,8590.0
2021042705004509,JLI,14,16,10,859.0,8590.0
2021042705004506,JLI,14,16,10,859.0,8590.0
2021042705004523,JLI,57,58,10,859.0,8590.0
2021042705004522,JLI,22,55,10,860.0,8600.0
2021042705004521,JLI,22,52,10,860.0,8600.0
2021042705004519,JLI,57,39,10,859.0,8590.0
2021042705004518,JLI,14,17,10,859.0,8590.0
2021042705004517,JLI,14,16,10,859.0,8590.0
2021042705004408,MLBSL,10,58,10,2583.0,25830.0
2021042705004301,MLBSL,10,47,10,2583.0,25830.0
2021042705004255,MLBSL,10,38,10,2583.0,25830.0
2021042705004243,MLBSL,10,17,10,2583.0,25830.0
2021042705004232,MLBSL,10,45,10,2583.0,25830.0
2021042705004225,MLBSL,10,45,10,2583.0,25830.0
2021042705004213,MLBSL,10,45,10,2583.0,25830.0
2021042705004083,MLBSL,10,32,10,2583.0,25830.0
2021042705004531,NICLBSL,48,1,10,1730.0,17300.0
2021042705004530,NICLBSL,48,38,20,1730.0,34600.0
2021042705004526,NICLBSL,48,28,10,1730.0,17300.0
2021042705004525,NICLBSL,48,38,20,1730.0,34600.0
2021042705004524,NICLBSL,48,28,10,1730.0,17300.0
2021042705004520,NICLBSL,48,41,10,1730.0,17300.0
2021042705004064,NICLBSL,50,45,100,1730.0,173000.0
2021042705004052,NICLBSL,16,3,10,1730.0,17300.0
2021042705004037,NICLBSL,57,45,10,1730.0,17300.0
2021042705004035,NICLBSL,34,36,10,1727.0,17270.0
2021042705004101,NICLBSL,21,52,10,1732.0,17320.0
2021042705004099,NICLBSL,21,16,10,1732.0,17320.0
2021042705004082,NICLBSL,21,49,10,1732.0,17320.0
2021042705004079,NICLBSL,21,34,10,1732.0,17320.0
2021042705004075,NICLBSL,13,1,10,1726.0,17260.0
2021042705004073,NICLBSL,13,58,10,1726.0,17260.0
2021042705004126,NICLBSL,25,17,10,1730.0,17300.0
2021042705004125,NICLBSL,25,49,10,1730.0,17300.0
2021042705004121,NICLBSL,28,14,31,1730.0,53630.0
2021042705004118,NICLBSL,22,34,20,1727.0,34540.0
2021042705004113,NICLBSL,22,38,10,1727.0,17270.0
2021042705004103,NICLBSL,21,14,10,1732.0,17320.0
2021042705004146,NICLBSL,8,11,30,1726.0,51780.0
2021042705004136,NICLBSL,8,21,30,1726.0,51780.0
2021042705004135,NICLBSL,13,21,20,1726.0,34520.0
2021042705004134,NICLBSL,29,21,10,1727.0,17270.0
2021042705004133,NICLBSL,22,21,10,1727.0,17270.0
2021042705004132,NICLBSL,25,21,30,1730.0,51900.0
2021042705004169,NICLBSL,38,57,10,1730.0,17300.0
2021042705004157,NICLBSL,48,48,20,1727.0,34540.0
2021042705004155,NICLBSL,8,58,20,1735.0,34700.0
2021042705004154,NICLBSL,8,52,10,1735.0,17350.0
2021042705004153,NICLBSL,8,10,10,1735.0,17350.0
2021042705004152,NICLBSL,8,52,10,1735.0,17350.0
2021042705004188,NICLBSL,8,28,90,1726.0,155340.0
2021042705004187,NICLBSL,8,28,50,1730.0,86500.0
2021042705004186,NICLBSL,38,28,140,1730.0,242200.0
2021042705004174,NICLBSL,38,38,20,1730.0,34600.0
2021042705004173,NICLBSL,38,50,20,1730.0,34600.0
2021042705004171,NICLBSL,38,22,10,1730.0,17300.0
2021042705004209,NICLBSL,5,57,10,1731.0,17310.0
2021042705004193,NICLBSL,7,28,40,1725.0,69000.0
2021042705004192,NICLBSL,39,28,10,1725.0,17250.0
2021042705004191,NICLBSL,42,28,20,1725.0,34500.0
2021042705004190,NICLBSL,29,28,50,1725.0,86250.0
2021042705004189,NICLBSL,8,28,100,1726.0,172600.0
2021042705004260,NICLBSL,29,38,10,1727.0,17270.0
2021042705004258,NICLBSL,35,38,10,1728.0,17280.0
2021042705004250,NICLBSL,26,14,10,1730.0,17300.0
2021042705004223,NICLBSL,5,35,10,1731.0,17310.0
2021042705004221,NICLBSL,5,1,20,1731.0,34620.0
2021042705004219,NICLBSL,5,35,10,1731.0,17310.0
2021042705004270,NICLBSL,10,21,60,1726.0,103560.0
2021042705004269,NICLBSL,7,50,10,1725.0,17250.0
2021042705004268,NICLBSL,7,58,10,1725.0,17250.0
2021042705004265,NICLBSL,29,1,10,1727.0,17270.0
2021042705004263,NICLBSL,29,38,10,1727.0,17270.0
2021042705004261,NICLBSL,29,38,10,1727.0,17270.0
2021042705004289,NICLBSL,35,8,10,1727.0,17270.0
2021042705004287,NICLBSL,10,38,10,1726.0,17260.0
2021042705004285,NICLBSL,10,8,10,1726.0,17260.0
2021042705004284,NICLBSL,10,38,10,1726.0,17260.0
2021042705004272,NICLBSL,10,22,10,1726.0,17260.0
2021042705004271,NICLBSL,10,38,10,1726.0,17260.0
2021042705004311,NICLBSL,26,44,10,1727.0,17270.0
2021042705004308,NICLBSL,26,44,10,1727.0,17270.0
2021042705004306,NICLBSL,26,50,10,1727.0,17270.0
2021042705004302,NICLBSL,26,22,10,1727.0,17270.0
2021042705004299,NICLBSL,50,52,10,1727.0,17270.0
2021042705004296,NICLBSL,38,38,10,1729.0,17290.0
2021042705004328,NICLBSL,8,38,10,1728.0,17280.0
2021042705004324,NICLBSL,8,44,10,1728.0,17280.0
2021042705004321,NICLBSL,38,38,10,1729.0,17290.0
2021042705004320,NICLBSL,8,20,10,1728.0,17280.0
2021042705004317,NICLBSL,8,44,10,1728.0,17280.0
2021042705004314,NICLBSL,8,44,10,1728.0,17280.0
2021042705004343,NICLBSL,35,38,10,1728.0,17280.0
2021042705004340,NICLBSL,8,21,10,1728.0,17280.0
2021042705004336,NICLBSL,8,38,10,1728.0,17280.0
2021042705004335,NICLBSL,8,44,10,1728.0,17280.0
2021042705004332,NICLBSL,8,38,10,1728.0,17280.0
2021042705004330,NICLBSL,8,44,10,1728.0,17280.0
2021042705004358,NICLBSL,26,38,10,1727.0,17270.0
2021042705004354,NICLBSL,26,44,10,1727.0,17270.0
2021042705004352,NICLBSL,26,38,10,1727.0,17270.0
2021042705004351,NICLBSL,26,37,10,1727.0,17270.0
2021042705004350,NICLBSL,38,38,10,1729.0,17290.0
2021042705004347,NICLBSL,26,38,10,1727.0,17270.0
2021042705004374,NICLBSL,10,38,10,1726.0,17260.0
2021042705004373,NICLBSL,10,44,10,1726.0,17260.0
2021042705004368,NICLBSL,10,38,10,1726.0,17260.0
2021042705004364,NICLBSL,10,38,10,1726.0,17260.0
2021042705004361,NICLBSL,10,38,10,1726.0,17260.0
2021042705004359,NICLBSL,26,44,10,1727.0,17270.0
2021042705004403,NICLBSL,53,45,10,1728.0,17280.0
2021042705004402,NICLBSL,53,19,10,1728.0,17280.0
2021042705004389,NICLBSL,10,38,10,1726.0,17260.0
2021042705004385,NICLBSL,10,38,10,1726.0,17260.0
2021042705004380,NICLBSL,10,38,10,1726.0,17260.0
2021042705004378,NICLBSL,10,38,10,1726.0,17260.0
2021042705004434,NICLBSL,1,38,10,1727.0,17270.0
2021042705004418,NICLBSL,10,21,20,1726.0,34520.0
2021042705004417,NICLBSL,10,38,10,1726.0,17260.0
2021042705004414,NICLBSL,10,38,10,1726.0,17260.0
2021042705004405,NICLBSL,53,1,10,1728.0,17280.0
2021042705004404,NICLBSL,53,22,20,1728.0,34560.0
2021042705004457,NICLBSL,10,10,10,1726.0,17260.0
2021042705004455,NICLBSL,10,1,10,1726.0,17260.0
2021042705004454,NICLBSL,10,28,10,1726.0,17260.0
2021042705004452,NICLBSL,42,40,10,1728.0,17280.0
2021042705004440,NICLBSL,10,57,10,1726.0,17260.0
2021042705004435,NICLBSL,10,21,10,1726.0,17260.0
2021042705004476,NICLBSL,8,38,10,1729.0,17290.0
2021042705004473,NICLBSL,8,36,25,1729.0,43225.0
2021042705004472,NICLBSL,8,13,10,1729.0,17290.0
2021042705004467,NICLBSL,56,38,10,1728.0,17280.0
2021042705004465,NICLBSL,56,38,10,1728.0,17280.0
2021042705004460,NICLBSL,56,38,10,1728.0,17280.0
2021042705004488,NICLBSL,29,42,10,1730.0,17300.0
2021042705004485,NICLBSL,8,38,10,1729.0,17290.0
2021042705004482,NICLBSL,8,28,10,1729.0,17290.0
2021042705004481,NICLBSL,8,38,10,1729.0,17290.0
2021042705004480,NICLBSL,8,10,10,1729.0,17290.0
2021042705004477,NICLBSL,8,38,10,1729.0,17290.0
2021042705004498,NICLBSL,8,38,10,1729.0,17290.0
2021042705004494,NICLBSL,8,38,10,1729.0,17290.0
2021042705004492,NICLBSL,8,38,10,1729.0,17290.0
2021042705004491,NICLBSL,29,51,20,1730.0,34600.0
2021042705004490,NICLBSL,29,42,10,1730.0,17300.0
2021042705004489,NICLBSL,29,43,10,1730.0,17300.0
2021042705004504,NICLBSL,48,32,20,1730.0,34600.0
2021042705004503,NICLBSL,48,50,10,1730.0,17300.0
2021042705004502,NICLBSL,48,45,10,1730.0,17300.0
2021042705004501,NICLBSL,48,6,10,1730.0,17300.0
2021042705004500,NICLBSL,48,50,10,1730.0,17300.0
2021042705004499,NICLBSL,48,51,39,1730.0,67470.0
2021042705004516,NICLBSL,48,38,20,1730.0,34600.0
2021042705004514,NICLBSL,48,34,10,1730.0,17300.0
2021042705004510,NICLBSL,48,38,10,1730.0,17300.0
2021042705004508,NICLBSL,45,39,10,1731.0,17310.0
2021042705004507,NICLBSL,48,38,10,1730.0,17300.0
2021042705004505,NICLBSL,48,38,10,1730.0,17300.0
2021042705004032,JLI,29,38,10,858.0,8580.0
2021042705004031,JLI,29,38,10,858.0,8580.0
2021042705004030,JLI,29,32,10,858.0,8580.0
2021042705004029,JLI,29,38,10,858.0,8580.0
2021042705004027,JLI,10,38,10,857.0,8570.0
2021042705004024,JLI,28,44,10,858.0,8580.0
2021042705003540,JLI,14,44,10,850.0,8500.0
2021042705003539,JLI,25,28,10,851.0,8510.0
2021042705003538,JLI,14,38,10,850.0,8500.0
2021042705003537,JLI,14,1,10,850.0,8500.0
2021042705003536,JLI,14,26,10,850.0,8500.0
2021042705003535,JLI,14,10,10,850.0,8500.0
2021042705003547,JLI,16,38,10,850.0,8500.0
2021042705003546,JLI,16,42,10,850.0,8500.0
2021042705003544,JLI,16,6,10,850.0,8500.0
2021042705003543,JLI,44,28,15,851.0,12765.0
2021042705003542,JLI,16,38,10,850.0,8500.0
2021042705003541,JLI,16,48,10,850.0,8500.0
2021042705003554,JLI,8,44,10,850.0,8500.0
2021042705003553,JLI,16,8,10,850.0,8500.0
2021042705003552,JLI,16,38,10,850.0,8500.0
2021042705003551,JLI,16,13,10,850.0,8500.0
2021042705003549,JLI,16,42,10,850.0,8500.0
2021042705003548,JLI,16,1,10,850.0,8500.0
2021042705003563,JLI,11,28,10,850.0,8500.0
2021042705003560,JLI,11,45,10,850.0,8500.0
2021042705003558,JLI,11,58,10,850.0,8500.0
2021042705003557,JLI,13,41,10,851.0,8510.0
2021042705003556,JLI,34,58,10,855.0,8550.0
2021042705003555,JLI,29,32,10,852.0,8520.0
2021042705003569,JLI,58,49,10,855.0,8550.0
2021042705003568,JLI,58,49,10,855.0,8550.0
2021042705003567,JLI,58,58,10,851.0,8510.0
2021042705003566,JLI,58,1,10,851.0,8510.0
2021042705003565,JLI,58,22,10,851.0,8510.0
2021042705003564,JLI,45,28,5,850.0,4250.0
2021042705003575,JLI,3,38,10,850.0,8500.0
2021042705003574,JLI,58,45,10,860.0,8600.0
2021042705003573,JLI,58,51,10,860.0,8600.0
2021042705003572,JLI,58,58,10,859.0,8590.0
2021042705003571,JLI,58,42,10,858.0,8580.0
2021042705003570,JLI,58,54,10,857.0,8570.0
2021042705003584,JLI,44,1,10,851.0,8510.0
2021042705003583,JLI,55,22,10,851.0,8510.0
2021042705003581,JLI,55,25,10,851.0,8510.0
2021042705003580,JLI,55,6,10,851.0,8510.0
2021042705003579,JLI,55,38,10,851.0,8510.0
2021042705003576,JLI,55,22,10,851.0,8510.0
2021042705003592,JLI,36,45,10,855.0,8550.0
2021042705003591,JLI,44,48,10,851.0,8510.0
2021042705003590,JLI,44,38,10,851.0,8510.0
2021042705003589,JLI,44,6,10,851.0,8510.0
2021042705003588,JLI,44,38,10,851.0,8510.0
2021042705003585,JLI,44,38,10,851.0,8510.0
2021042705003599,JLI,44,38,10,851.0,8510.0
2021042705003598,JLI,44,35,10,851.0,8510.0
2021042705003597,JLI,44,38,10,851.0,8510.0
2021042705003596,JLI,44,38,10,851.0,8510.0
2021042705003595,JLI,44,38,10,851.0,8510.0
2021042705003593,JLI,44,38,10,851.0,8510.0
2021042705003607,JLI,45,32,10,855.0,8550.0
2021042705003606,JLI,45,41,10,855.0,8550.0
2021042705003604,JLI,44,49,10,851.0,8510.0
2021042705003602,JLI,44,38,10,851.0,8510.0
2021042705003601,JLI,44,58,10,851.0,8510.0
2021042705003600,JLI,44,6,10,851.0,8510.0
2021042705003613,JLI,44,38,10,851.0,8510.0
2021042705003612,JLI,44,38,10,851.0,8510.0
2021042705003611,JLI,44,38,10,851.0,8510.0
2021042705003610,JLI,45,52,10,855.0,8550.0
2021042705003609,JLI,45,45,10,855.0,8550.0
2021042705003608,JLI,45,35,10,855.0,8550.0
2021042705003621,JLI,3,38,10,850.0,8500.0
2021042705003619,JLI,3,38,10,850.0,8500.0
2021042705003618,JLI,3,38,10,850.0,8500.0
2021042705003616,JLI,34,45,10,851.0,8510.0
2021042705003615,JLI,3,38,10,850.0,8500.0
2021042705003614,JLI,44,38,10,851.0,8510.0
2021042705003628,JLI,17,55,10,851.0,8510.0
2021042705003627,JLI,17,38,10,851.0,8510.0
2021042705003626,JLI,17,56,10,851.0,8510.0
2021042705003625,JLI,17,56,10,851.0,8510.0
2021042705003624,JLI,17,38,10,851.0,8510.0
2021042705003623,JLI,3,6,10,850.0,8500.0
2021042705003634,JLI,17,38,10,851.0,8510.0
2021042705003633,JLI,17,59,10,851.0,8510.0
2021042705003632,JLI,17,45,10,851.0,8510.0
2021042705003631,JLI,17,58,10,851.0,8510.0
2021042705003630,JLI,17,38,10,851.0,8510.0
2021042705003629,JLI,17,38,10,851.0,8510.0
2021042705003640,JLI,17,38,10,851.0,8510.0
2021042705003639,JLI,17,41,10,851.0,8510.0
2021042705003638,JLI,17,38,10,851.0,8510.0
2021042705003637,JLI,17,38,10,851.0,8510.0
2021042705003636,JLI,17,6,10,851.0,8510.0
2021042705003635,JLI,17,38,10,851.0,8510.0
2021042705003646,JLI,49,42,10,855.0,8550.0
2021042705003645,JLI,49,59,10,855.0,8550.0
2021042705003644,JLI,41,33,10,855.0,8550.0
2021042705003643,JLI,41,25,10,852.0,8520.0
2021042705003642,JLI,17,38,10,851.0,8510.0
2021042705003641,JLI,17,45,10,851.0,8510.0
2021042705003655,JLI,55,56,10,851.0,8510.0
2021042705003654,JLI,55,38,10,851.0,8510.0
2021042705003650,JLI,42,21,10,852.0,8520.0
2021042705003649,JLI,55,11,10,851.0,8510.0
2021042705003648,JLI,17,38,10,851.0,8510.0
2021042705003647,JLI,49,42,10,855.0,8550.0
2021042705003661,JLI,55,38,10,851.0,8510.0
2021042705003660,JLI,55,21,10,851.0,8510.0
2021042705003659,JLI,4,38,10,852.0,8520.0
2021042705003658,JLI,4,7,10,851.0,8510.0
2021042705003657,JLI,55,26,10,851.0,8510.0
2021042705003656,JLI,55,58,10,851.0,8510.0
2021042705003667,JLI,43,52,10,852.0,8520.0
2021042705003666,JLI,43,38,10,851.0,8510.0
2021042705003665,JLI,3,56,10,850.0,8500.0
2021042705003664,JLI,3,56,10,850.0,8500.0
2021042705003663,JLI,3,45,10,850.0,8500.0
2021042705003662,JLI,3,36,10,850.0,8500.0
2021042705003675,JLI,43,49,10,855.0,8550.0
2021042705003673,JLI,43,38,10,855.0,8550.0
2021042705003671,JLI,43,38,10,855.0,8550.0
2021042705003670,JLI,43,51,10,855.0,8550.0
2021042705003669,JLI,43,58,10,855.0,8550.0
2021042705003668,JLI,43,21,10,855.0,8550.0
2021042705003687,JLI,17,44,10,852.0,8520.0
2021042705003685,JLI,1,38,10,851.0,8510.0
2021042705003684,JLI,4,38,10,852.0,8520.0
2021042705003683,JLI,4,45,10,852.0,8520.0
2021042705003678,JLI,4,38,10,852.0,8520.0
2021042705003677,JLI,43,58,10,855.0,8550.0
2021042705003694,JLI,55,44,10,852.0,8520.0
2021042705003693,JLI,55,57,10,852.0,8520.0
2021042705003692,JLI,17,34,170,859.0,146030.0
2021042705003691,JLI,17,39,10,859.0,8590.0
2021042705003690,JLI,17,22,10,859.0,8590.0
2021042705003689,JLI,17,38,10,855.0,8550.0
2021042705003703,JLI,55,45,10,852.0,8520.0
2021042705003702,JLI,55,57,10,852.0,8520.0
2021042705003701,JLI,55,56,10,852.0,8520.0
2021042705003700,JLI,55,36,10,852.0,8520.0
2021042705003699,JLI,55,19,10,852.0,8520.0
2021042705003697,JLI,55,45,10,852.0,8520.0
2021042705003711,JLI,52,38,10,853.0,8530.0
2021042705003710,JLI,52,52,10,853.0,8530.0
2021042705003708,JLI,52,36,10,853.0,8530.0
2021042705003707,JLI,52,49,10,853.0,8530.0
2021042705003705,JLI,52,57,10,853.0,8530.0
2021042705003704,JLI,55,38,10,852.0,8520.0
2021042705003728,JLI,52,38,10,853.0,8530.0
2021042705003727,JLI,52,38,10,853.0,8530.0
2021042705003726,JLI,52,36,10,853.0,8530.0
2021042705003724,JLI,52,57,10,853.0,8530.0
2021042705003722,JLI,52,6,10,853.0,8530.0
2021042705003721,JLI,52,38,10,853.0,8530.0
2021042705003734,JLI,55,52,10,855.0,8550.0
2021042705003733,JLI,55,7,10,855.0,8550.0
2021042705003732,JLI,55,13,10,855.0,8550.0
2021042705003731,JLI,55,7,10,855.0,8550.0
2021042705003730,JLI,55,41,10,855.0,8550.0
2021042705003729,JLI,55,52,10,854.0,8540.0
2021042705003742,JLI,52,38,10,853.0,8530.0
2021042705003741,JLI,46,38,10,854.0,8540.0
2021042705003740,JLI,55,45,10,855.0,8550.0
2021042705003738,JLI,55,38,10,855.0,8550.0
2021042705003737,JLI,55,26,10,855.0,8550.0
2021042705003735,JLI,55,38,10,855.0,8550.0
2021042705003750,JLI,54,44,10,855.0,8550.0
2021042705003749,JLI,54,14,10,855.0,8550.0
2021042705003748,JLI,52,38,10,853.0,8530.0
2021042705003746,JLI,52,38,10,853.0,8530.0
2021042705003745,JLI,52,7,10,853.0,8530.0
2021042705003744,JLI,52,57,10,853.0,8530.0
2021042705003757,JLI,52,44,10,853.0,8530.0
2021042705003756,JLI,52,57,10,853.0,8530.0
2021042705003755,JLI,52,38,10,853.0,8530.0
2021042705003753,JLI,35,44,10,855.0,8550.0
2021042705003752,JLI,52,45,10,853.0,8530.0
2021042705003751,JLI,54,34,10,855.0,8550.0
2021042705003764,JLI,55,44,10,853.0,8530.0
2021042705003763,JLI,17,38,10,852.0,8520.0
2021042705003761,JLI,13,7,10,855.0,8550.0
2021042705003760,JLI,51,38,10,853.0,8530.0
2021042705003759,JLI,32,45,10,855.0,8550.0
2021042705003758,JLI,51,42,10,853.0,8530.0
2021042705003772,JLI,43,58,10,858.0,8580.0
2021042705003771,JLI,43,7,10,858.0,8580.0
2021042705003770,JLI,43,42,10,858.0,8580.0
2021042705003768,JLI,55,56,10,853.0,8530.0
2021042705003766,JLI,55,57,10,853.0,8530.0
2021042705003765,JLI,55,45,10,853.0,8530.0
2021042705003779,JLI,22,38,10,852.0,8520.0
2021042705003778,JLI,22,49,10,852.0,8520.0
2021042705003777,JLI,22,38,10,852.0,8520.0
2021042705003776,JLI,22,45,10,852.0,8520.0
2021042705003774,JLI,55,44,10,853.0,8530.0
2021042705003773,JLI,43,34,69,859.0,59271.0
2021042705003790,JLI,44,38,10,853.0,8530.0
2021042705003789,JLI,44,38,10,853.0,8530.0
2021042705003788,JLI,44,44,10,853.0,8530.0
2021042705003787,JLI,44,55,10,853.0,8530.0
2021042705003786,JLI,44,49,10,853.0,8530.0
2021042705003784,JLI,22,35,10,852.0,8520.0
2021042705003805,JLI,33,45,10,854.0,8540.0
2021042705003800,JLI,33,38,10,854.0,8540.0
2021042705003799,JLI,44,38,10,853.0,8530.0
2021042705003797,JLI,44,55,10,853.0,8530.0
2021042705003796,JLI,44,38,10,853.0,8530.0
2021042705003795,JLI,44,48,10,853.0,8530.0
2021042705003813,JLI,33,38,10,854.0,8540.0
2021042705003812,JLI,33,16,10,854.0,8540.0
2021042705003811,JLI,33,58,10,854.0,8540.0
2021042705003810,JLI,33,38,10,854.0,8540.0
2021042705003807,JLI,33,55,10,854.0,8540.0
2021042705003806,JLI,33,17,10,854.0,8540.0
2021042705003825,JLI,43,14,10,854.0,8540.0
2021042705003819,JLI,43,38,10,854.0,8540.0
2021042705003818,JLI,43,38,10,854.0,8540.0
2021042705003817,JLI,33,55,10,854.0,8540.0
2021042705003815,JLI,33,29,10,854.0,8540.0
2021042705003814,JLI,17,19,10,855.0,8550.0
2021042705003837,JLI,19,49,10,858.0,8580.0
2021042705003836,JLI,57,55,10,855.0,8550.0
2021042705003834,JLI,43,7,10,858.0,8580.0
2021042705003833,JLI,43,52,10,858.0,8580.0
2021042705003832,JLI,57,26,10,855.0,8550.0
