Transact. No.,Symbol,Buyer,Seller,Quantity,Rate,Amount
2021042805003144,JLI,43,20,10,851.0,8510.0
2021042805003142,JLI,13,8,10,851.0,8510.0
2021042805003141,JLI,13,58,10,851.0,8510.0
2021042805003137,JLI,57,21,10,850.0,8500.0
2021042805003136,JLI,57,41,10,850.0,8500.0
2021042805003135,JLI,57,21,10,850.0,8500.0
2021042805002650,JLI,51,10,10,847.0,8470.0
2021042805002649,JLI,51,49,10,847.0,8470.0
2021042805002647,JLI,51,32,10,847.0,8470.0
2021042805002661,JLI,14,10,10,846.0,8460.0
2021042805002659,JLI,19,59,10,846.0,8460.0
2021042805002658,JLI,19,7,10,846.0,8460.0
2021042805002654,JLI,16,54,10,847.0,8470.0
2021042805002652,JLI,16,45,10,847.0,8470.0
2021042805002651,JLI,51,36,10,847.0,8470.0
2021042805002672,JLI,53,51,10,847.0,8470.0
2021042805002671,JLI,53,17,10,847.0,8470.0
2021042805002666,JLI,14,59,10,846.0,8460.0
2021042805002664,JLI,17,36,10,848.0,8480.0
2021042805002663,JLI,17,41,10,848.0,8480.0
2021042805002662,JLI,17,47,10,847.0,8470.0
2021042805002680,JLI,41,17,300,846.0,253800.0
2021042805002679,JLI,32,17,50,846.0,42300.0
2021042805002678,JLI,14,17,30,846.0,25380.0
2021042805002677,JLI,53,10,10,847.0,8470.0
2021042805002674,JLI,53,47,10,847.0,8470.0
2021042805002673,JLI,53,38,10,847.0,8470.0
2021042805002686,JLI,58,17,100,845.0,84500.0
2021042805002685,JLI,49,17,40,845.0,33800.0
2021042805002684,JLI,57,17,10,845.0,8450.0
2021042805002683,JLI,55,17,80,845.0,67600.0
2021042805002682,JLI,58,17,10,846.0,8460.0
2021042805002681,JLI,3,17,50,846.0,42300.0
2021042805002692,JLI,6,17,20,845.0,16900.0
2021042805002691,JLI,10,17,10,845.0,8450.0
2021042805002690,JLI,49,17,50,845.0,42250.0
2021042805002689,JLI,45,17,100,845.0,84500.0
2021042805002688,JLI,58,17,50,845.0,42250.0
2021042805002687,JLI,6,17,50,845.0,42250.0
2021042805002699,JLI,47,17,10,845.0,8450.0
2021042805002698,JLI,11,48,10,848.0,8480.0
2021042805002697,JLI,11,54,10,848.0,8480.0
2021042805002696,JLI,11,34,10,847.0,8470.0
2021042805002694,JLI,51,17,195,845.0,164775.0
2021042805002693,JLI,34,17,10,845.0,8450.0
2021042805002712,JLI,34,36,10,845.0,8450.0
2021042805002706,JLI,34,17,10,845.0,8450.0
2021042805002704,JLI,34,17,10,845.0,8450.0
2021042805002703,JLI,22,32,10,847.0,8470.0
2021042805002702,JLI,22,44,10,847.0,8470.0
2021042805002700,JLI,47,38,10,845.0,8450.0
2021042805002722,JLI,22,49,10,845.0,8450.0
2021042805002720,JLI,17,52,10,845.0,8450.0
2021042805002719,JLI,59,55,10,845.0,8450.0
2021042805002715,JLI,59,58,10,845.0,8450.0
2021042805002714,JLI,59,20,30,845.0,25350.0
2021042805002713,JLI,34,20,70,845.0,59150.0
2021042805002728,JLI,17,10,10,846.0,8460.0
2021042805002727,JLI,17,45,10,846.0,8460.0
2021042805002726,JLI,22,58,10,845.0,8450.0
2021042805002725,JLI,22,6,10,845.0,8450.0
2021042805002724,JLI,22,17,10,845.0,8450.0
2021042805002723,JLI,22,49,10,845.0,8450.0
2021042805002742,JLI,28,38,10,844.0,8440.0
2021042805002741,JLI,28,49,10,844.0,8440.0
2021042805002735,JLI,28,47,10,844.0,8440.0
2021042805002734,JLI,28,55,10,844.0,8440.0
2021042805002730,JLI,17,45,10,846.0,8460.0
2021042805002729,JLI,17,41,10,846.0,8460.0
2021042805002759,JLI,29,48,10,845.0,8450.0
2021042805002748,JLI,29,59,10,845.0,8450.0
2021042805002746,JLI,29,17,10,845.0,8450.0
2021042805002745,JLI,29,5,10,845.0,8450.0
2021042805002744,JLI,43,49,10,845.0,8450.0
2021042805002743,JLI,49,32,10,844.0,8440.0
2021042805002770,JLI,17,17,10,846.0,8460.0
2021042805002768,JLI,45,45,10,846.0,8460.0
2021042805002763,JLI,45,47,10,846.0,8460.0
2021042805002762,JLI,45,39,10,846.0,8460.0
2021042805002761,JLI,29,57,10,845.0,8450.0
2021042805002760,JLI,29,57,10,845.0,8450.0
2021042805002789,JLI,40,21,10,846.0,8460.0
2021042805002787,JLI,40,45,10,846.0,8460.0
2021042805002786,JLI,40,32,10,846.0,8460.0
2021042805002785,JLI,40,54,10,846.0,8460.0
2021042805002773,JLI,22,3,10,846.0,8460.0
2021042805002771,JLI,17,56,10,846.0,8460.0
2021042805002798,JLI,19,34,10,847.0,8470.0
2021042805002797,JLI,19,53,10,847.0,8470.0
2021042805002796,JLI,29,13,10,845.0,8450.0
2021042805002794,JLI,29,56,10,845.0,8450.0
2021042805002793,JLI,29,54,10,845.0,8450.0
2021042805002791,JLI,40,42,10,846.0,8460.0
2021042805002811,JLI,29,20,10,845.0,8450.0
2021042805002808,JLI,29,16,10,845.0,8450.0
2021042805002807,JLI,29,56,10,845.0,8450.0
2021042805002806,JLI,41,28,10,847.0,8470.0
2021042805002802,JLI,41,58,10,847.0,8470.0
2021042805002799,JLI,19,58,10,847.0,8470.0
2021042805002825,JLI,40,17,10,846.0,8460.0
2021042805002823,JLI,17,49,10,845.0,8450.0
2021042805002822,JLI,17,11,10,845.0,8450.0
2021042805002819,JLI,57,21,10,845.0,8450.0
2021042805002814,JLI,57,38,10,845.0,8450.0
2021042805002812,JLI,42,20,10,845.0,8450.0
2021042805002837,JLI,17,49,10,845.0,8450.0
2021042805002836,JLI,17,7,10,845.0,8450.0
2021042805002835,JLI,17,6,10,845.0,8450.0
2021042805002832,JLI,17,43,10,845.0,8450.0
2021042805002828,JLI,17,38,10,845.0,8450.0
2021042805002827,JLI,17,20,10,845.0,8450.0
2021042805002844,JLI,57,20,10,845.0,8450.0
2021042805002843,JLI,6,19,20,845.0,16900.0
2021042805002842,JLI,6,42,10,845.0,8450.0
2021042805002841,JLI,36,33,10,845.0,8450.0
2021042805002839,JLI,17,41,10,845.0,8450.0
2021042805002838,JLI,17,13,10,845.0,8450.0
2021042805002857,JLI,19,26,10,845.0,8450.0
2021042805002856,JLI,19,39,10,845.0,8450.0
2021042805002855,JLI,17,26,10,844.0,8440.0
2021042805002848,JLI,17,13,10,844.0,8440.0
2021042805002847,JLI,39,26,10,844.0,8440.0
2021042805002846,JLI,39,5,10,844.0,8440.0
2021042805002869,JLI,17,45,10,844.0,8440.0
2021042805002868,JLI,17,13,10,844.0,8440.0
2021042805002867,JLI,17,45,10,844.0,8440.0
2021042805002866,JLI,17,26,10,844.0,8440.0
2021042805002865,JLI,17,26,10,844.0,8440.0
2021042805002858,JLI,17,58,10,844.0,8440.0
2021042805002875,JLI,18,28,10,845.0,8450.0
2021042805002874,JLI,18,45,10,845.0,8450.0
2021042805002873,JLI,18,45,10,845.0,8450.0
2021042805002872,JLI,18,38,40,845.0,33800.0
2021042805002871,JLI,18,45,10,845.0,8450.0
2021042805002870,JLI,17,20,10,844.0,8440.0
2021042805002884,JLI,21,55,10,848.0,8480.0
2021042805002883,JLI,21,6,10,846.0,8460.0
2021042805002882,JLI,21,58,10,846.0,8460.0
2021042805002881,JLI,18,6,10,845.0,8450.0
2021042805002878,JLI,18,45,10,845.0,8450.0
2021042805002877,JLI,18,20,100,845.0,84500.0
2021042805002890,JLI,21,34,10,850.0,8500.0
2021042805002889,JLI,21,11,10,850.0,8500.0
2021042805002888,JLI,21,55,10,850.0,8500.0
2021042805002887,JLI,21,58,10,850.0,8500.0
2021042805002886,JLI,21,35,10,849.0,8490.0
2021042805002885,JLI,21,56,10,849.0,8490.0
2021042805002896,JLI,17,28,10,844.0,8440.0
2021042805002895,JLI,17,45,10,844.0,8440.0
2021042805002894,JLI,17,25,10,844.0,8440.0
2021042805002893,JLI,17,28,10,844.0,8440.0
2021042805002892,JLI,17,45,10,844.0,8440.0
2021042805002891,JLI,21,34,10,850.0,8500.0
2021042805002905,JLI,58,59,100,844.0,84400.0
2021042805002904,JLI,43,59,25,844.0,21100.0
2021042805002903,JLI,32,59,100,844.0,84400.0
2021042805002902,JLI,17,59,20,844.0,16880.0
2021042805002899,JLI,17,21,10,844.0,8440.0
2021042805002898,JLI,17,45,10,844.0,8440.0
2021042805002917,JLI,40,47,10,843.0,8430.0
2021042805002916,JLI,36,49,10,843.0,8430.0
2021042805002915,JLI,52,59,10,844.0,8440.0
2021042805002908,JLI,14,59,30,844.0,25320.0
2021042805002907,JLI,48,59,20,844.0,16880.0
2021042805002906,JLI,59,59,100,844.0,84400.0
2021042805002923,JLI,41,49,10,843.0,8430.0
2021042805002922,JLI,41,20,305,843.0,257115.0
2021042805002921,JLI,57,20,100,843.0,84300.0
2021042805002920,JLI,16,20,50,843.0,42150.0
2021042805002919,JLI,54,20,20,843.0,16860.0
2021042805002918,JLI,40,20,25,843.0,21075.0
2021042805002931,JLI,41,41,10,843.0,8430.0
2021042805002930,JLI,41,36,10,843.0,8430.0
2021042805002928,JLI,41,47,10,843.0,8430.0
2021042805002927,JLI,8,59,50,844.0,42200.0
2021042805002926,JLI,41,39,10,843.0,8430.0
2021042805002924,JLI,41,49,10,843.0,8430.0
2021042805002948,JLI,41,41,10,843.0,8430.0
2021042805002947,JLI,41,28,10,843.0,8430.0
2021042805002940,JLI,16,59,20,844.0,16880.0
2021042805002938,JLI,41,36,10,843.0,8430.0
2021042805002937,JLI,41,13,10,843.0,8430.0
2021042805002936,JLI,41,21,10,843.0,8430.0
2021042805002963,JLI,41,28,10,843.0,8430.0
2021042805002962,JLI,41,59,10,844.0,8440.0
2021042805002961,JLI,41,36,10,843.0,8430.0
2021042805002958,JLI,41,28,10,843.0,8430.0
2021042805002950,JLI,41,20,10,843.0,8430.0
2021042805002949,JLI,41,35,10,843.0,8430.0
2021042805002970,JLI,54,38,10,845.0,8450.0
2021042805002968,JLI,45,59,5,844.0,4220.0
2021042805002967,JLI,45,43,10,844.0,8440.0
2021042805002966,JLI,45,38,10,844.0,8440.0
2021042805002965,JLI,45,56,10,844.0,8440.0
2021042805002964,JLI,45,45,10,844.0,8440.0
2021042805002980,JLI,8,1,10,845.0,8450.0
2021042805002979,JLI,8,45,10,845.0,8450.0
2021042805002977,JLI,41,26,10,843.0,8430.0
2021042805002974,JLI,14,45,10,844.0,8440.0
2021042805002973,JLI,14,36,10,844.0,8440.0
2021042805002971,JLI,54,19,10,845.0,8450.0
2021042805003002,JLI,34,34,10,846.0,8460.0
2021042805003001,JLI,17,58,20,845.0,16900.0
2021042805003000,JLI,17,20,10,845.0,8450.0
2021042805002999,JLI,17,14,10,845.0,8450.0
2021042805002997,JLI,17,1,10,845.0,8450.0
2021042805002989,JLI,42,57,10,844.0,8440.0
2021042805003010,JLI,34,1,10,845.0,8450.0
2021042805003008,JLI,17,57,10,845.0,8450.0
2021042805003006,JLI,34,36,10,848.0,8480.0
2021042805003005,JLI,34,21,10,848.0,8480.0
2021042805003004,JLI,34,36,10,848.0,8480.0
2021042805003003,JLI,34,34,10,848.0,8480.0
2021042805003022,JLI,29,42,10,848.0,8480.0
2021042805003021,JLI,34,21,10,845.0,8450.0
2021042805003020,JLI,34,47,10,845.0,8450.0
2021042805003013,JLI,57,36,10,846.0,8460.0
2021042805003012,JLI,38,57,10,846.0,8460.0
2021042805003011,JLI,41,43,10,843.0,8430.0
2021042805003034,JLI,17,6,10,850.0,8500.0
2021042805003033,JLI,17,58,10,850.0,8500.0
2021042805003032,JLI,17,19,10,850.0,8500.0
2021042805003031,JLI,17,25,10,850.0,8500.0
2021042805003030,JLI,17,4,10,850.0,8500.0
2021042805003023,JLI,29,34,10,848.0,8480.0
2021042805003040,JLI,17,42,10,850.0,8500.0
2021042805003039,JLI,17,49,10,850.0,8500.0
2021042805003038,JLI,17,48,10,850.0,8500.0
2021042805003037,JLI,17,47,10,850.0,8500.0
2021042805003036,JLI,17,39,10,850.0,8500.0
2021042805003035,JLI,17,57,10,850.0,8500.0
2021042805003046,JLI,17,16,10,850.0,8500.0
2021042805003045,JLI,17,6,10,850.0,8500.0
2021042805003044,JLI,17,49,10,850.0,8500.0
2021042805003043,JLI,17,38,10,850.0,8500.0
2021042805003042,JLI,17,25,10,850.0,8500.0
2021042805003041,JLI,17,8,10,850.0,8500.0
2021042805003058,JLI,17,14,10,850.0,8500.0
2021042805003057,JLI,17,47,10,850.0,8500.0
2021042805003050,JLI,17,58,10,850.0,8500.0
2021042805003049,JLI,17,1,10,850.0,8500.0
2021042805003048,JLI,17,19,10,850.0,8500.0
2021042805003047,JLI,17,6,10,850.0,8500.0
2021042805003065,JLI,17,49,10,850.0,8500.0
2021042805003064,JLI,17,41,10,850.0,8500.0
2021042805003063,JLI,17,42,20,850.0,17000.0
2021042805003062,JLI,17,7,10,850.0,8500.0
2021042805003061,JLI,17,21,10,850.0,8500.0
2021042805003059,JLI,17,6,10,850.0,8500.0
2021042805003081,JLI,17,47,10,850.0,8500.0
2021042805003074,JLI,17,8,10,850.0,8500.0
2021042805003073,JLI,17,47,10,850.0,8500.0
2021042805003072,JLI,17,48,10,850.0,8500.0
2021042805003068,JLI,17,8,10,850.0,8500.0
2021042805003067,JLI,17,57,10,850.0,8500.0
2021042805003087,JLI,58,28,10,850.0,8500.0
2021042805003086,JLI,39,28,10,850.0,8500.0
2021042805003085,JLI,17,28,10,850.0,8500.0
2021042805003084,JLI,17,21,10,850.0,8500.0
2021042805003083,JLI,13,7,10,852.0,8520.0
2021042805003082,JLI,13,21,10,851.0,8510.0
2021042805003098,JLI,57,36,10,850.0,8500.0
2021042805003097,JLI,57,42,10,850.0,8500.0
2021042805003096,JLI,57,49,10,850.0,8500.0
2021042805003095,JLI,57,28,120,850.0,102000.0
2021042805003094,JLI,34,28,50,850.0,42500.0
2021042805003093,JLI,29,58,10,848.0,8480.0
2021042805003107,JLI,57,46,10,850.0,8500.0
2021042805003104,JLI,57,49,10,850.0,8500.0
2021042805003103,JLI,57,36,10,850.0,8500.0
2021042805003102,JLI,57,34,10,850.0,8500.0
2021042805003101,JLI,57,59,10,850.0,8500.0
2021042805003099,JLI,57,36,10,850.0,8500.0
2021042805003116,JLI,33,7,10,851.0,8510.0
2021042805003115,JLI,33,36,10,851.0,8510.0
2021042805003113,JLI,57,38,10,850.0,8500.0
2021042805003112,JLI,57,59,10,850.0,8500.0
2021042805003110,JLI,57,16,10,850.0,8500.0
2021042805003109,JLI,57,41,10,850.0,8500.0
2021042805003122,JLI,33,49,10,853.0,8530.0
2021042805003121,JLI,33,6,10,853.0,8530.0
2021042805003120,JLI,33,58,10,853.0,8530.0
2021042805003119,JLI,33,10,10,853.0,8530.0
2021042805003118,JLI,33,21,10,852.0,8520.0
2021042805003117,JLI,33,49,10,852.0,8520.0
2021042805003128,JLI,33,49,10,854.0,8540.0
2021042805003127,JLI,33,58,10,854.0,8540.0
2021042805003126,JLI,33,16,10,854.0,8540.0
2021042805003125,JLI,33,34,10,854.0,8540.0
2021042805003124,JLI,33,39,10,854.0,8540.0
2021042805003123,JLI,33,36,10,853.0,8530.0
2021042805003134,JLI,33,38,10,855.0,8550.0
2021042805003133,JLI,33,38,10,855.0,8550.0
2021042805003132,JLI,33,52,10,855.0,8550.0
2021042805003131,JLI,33,59,10,855.0,8550.0
2021042805003130,JLI,33,25,10,855.0,8550.0
2021042805003129,JLI,33,4,10,854.0,8540.0
2021042805003100,MLBSL,3,6,10,2841.0,28410.0
2021042805002998,MLBSL,3,48,10,2841.0,28410.0
2021042805002990,MLBSL,3,34,10,2841.0,28410.0
2021042805002941,MLBSL,3,39,10,2841.0,28410.0
2021042805002880,MLBSL,3,52,10,2841.0,28410.0
2021042805002834,MLBSL,3,45,10,2841.0,28410.0
2021042805002803,MLBSL,3,56,10,2841.0,28410.0
2021042805002788,MLBSL,3,28,10,2841.0,28410.0
2021042805003145,NICLBSL,59,57,50,1729.0,86450.0
2021042805003143,NICLBSL,52,19,10,1728.0,17280.0
2021042805003140,NICLBSL,16,33,20,1727.0,34540.0
2021042805003139,NICLBSL,45,33,100,1727.0,172700.0
2021042805003138,NICLBSL,22,42,10,1727.0,17270.0
2021042805003114,NICLBSL,14,57,50,1729.0,86450.0
2021042805002653,NICLBSL,56,22,10,1727.0,17270.0
2021042805002648,NICLBSL,56,22,10,1727.0,17270.0
2021042805002646,NICLBSL,56,45,10,1726.0,17260.0
2021042805002667,NICLBSL,56,36,10,1727.0,17270.0
2021042805002665,NICLBSL,56,10,10,1727.0,17270.0
2021042805002660,NICLBSL,56,58,10,1727.0,17270.0
2021042805002657,NICLBSL,56,22,10,1727.0,17270.0
2021042805002656,NICLBSL,56,36,10,1727.0,17270.0
2021042805002655,NICLBSL,56,10,10,1727.0,17270.0
2021042805002695,NICLBSL,56,10,10,1727.0,17270.0
2021042805002676,NICLBSL,49,3,10,1728.0,17280.0
2021042805002675,NICLBSL,56,10,10,1727.0,17270.0
2021042805002670,NICLBSL,56,10,10,1727.0,17270.0
2021042805002669,NICLBSL,56,20,40,1727.0,69080.0
2021042805002668,NICLBSL,33,20,20,1728.0,34560.0
2021042805002710,NICLBSL,42,37,15,1729.0,25935.0
2021042805002709,NICLBSL,42,58,10,1729.0,17290.0
2021042805002708,NICLBSL,56,16,10,1728.0,17280.0
2021042805002707,NICLBSL,16,29,10,1728.0,17280.0
2021042805002705,NICLBSL,16,3,10,1728.0,17280.0
2021042805002701,NICLBSL,56,57,10,1727.0,17270.0
2021042805002731,NICLBSL,56,3,30,1728.0,51840.0
2021042805002721,NICLBSL,56,36,10,1728.0,17280.0
2021042805002718,NICLBSL,38,32,10,1730.0,17300.0
2021042805002717,NICLBSL,38,16,10,1730.0,17300.0
2021042805002716,NICLBSL,58,3,20,1729.0,34580.0
2021042805002711,NICLBSL,58,36,10,1729.0,17290.0
2021042805002739,NICLBSL,20,16,10,1728.0,17280.0
2021042805002738,NICLBSL,53,16,10,1728.0,17280.0
2021042805002737,NICLBSL,16,45,10,1730.0,17300.0
2021042805002736,NICLBSL,16,52,10,1730.0,17300.0
2021042805002733,NICLBSL,53,44,10,1728.0,17280.0
2021042805002732,NICLBSL,53,3,30,1728.0,51840.0
2021042805002752,NICLBSL,56,38,95,1727.0,164065.0
2021042805002751,NICLBSL,47,38,10,1728.0,17280.0
2021042805002750,NICLBSL,29,38,20,1728.0,34560.0
2021042805002749,NICLBSL,29,44,20,1728.0,34560.0
2021042805002747,NICLBSL,29,44,10,1728.0,17280.0
2021042805002740,NICLBSL,38,16,30,1728.0,51840.0
2021042805002758,NICLBSL,48,38,195,1726.0,336570.0
2021042805002757,NICLBSL,21,38,30,1726.0,51780.0
2021042805002756,NICLBSL,49,38,50,1727.0,86350.0
2021042805002755,NICLBSL,29,38,20,1727.0,34540.0
2021042805002754,NICLBSL,34,38,50,1727.0,86350.0
2021042805002753,NICLBSL,38,38,30,1727.0,51810.0
2021042805002772,NICLBSL,48,45,20,1726.0,34520.0
2021042805002769,NICLBSL,48,29,10,1726.0,17260.0
2021042805002767,NICLBSL,48,44,10,1726.0,17260.0
2021042805002766,NICLBSL,48,34,90,1726.0,155340.0
2021042805002765,NICLBSL,22,44,10,1727.0,17270.0
2021042805002764,NICLBSL,48,29,31,1726.0,53506.0
2021042805002779,NICLBSL,48,45,84,1726.0,144984.0
2021042805002778,NICLBSL,48,59,50,1726.0,86300.0
2021042805002777,NICLBSL,41,59,20,1728.0,34560.0
2021042805002776,NICLBSL,41,45,10,1727.0,17270.0
2021042805002775,NICLBSL,41,39,10,1727.0,17270.0
2021042805002774,NICLBSL,48,17,10,1726.0,17260.0
2021042805002790,NICLBSL,22,35,10,1725.0,17250.0
2021042805002784,NICLBSL,21,45,10,1726.0,17260.0
2021042805002783,NICLBSL,45,45,10,1726.0,17260.0
2021042805002782,NICLBSL,49,45,30,1726.0,51780.0
2021042805002781,NICLBSL,51,45,50,1726.0,86300.0
2021042805002780,NICLBSL,11,45,10,1726.0,17260.0
2021042805002805,NICLBSL,51,20,10,1725.0,17250.0
2021042805002804,NICLBSL,51,32,10,1725.0,17250.0
2021042805002801,NICLBSL,22,17,10,1725.0,17250.0
2021042805002800,NICLBSL,22,54,10,1725.0,17250.0
2021042805002795,NICLBSL,22,32,10,1725.0,17250.0
2021042805002792,NICLBSL,22,10,12,1725.0,20700.0
2021042805002817,NICLBSL,47,25,10,1725.0,17250.0
2021042805002816,NICLBSL,56,25,10,1726.0,17260.0
2021042805002815,NICLBSL,56,32,10,1726.0,17260.0
2021042805002813,NICLBSL,51,20,10,1725.0,17250.0
2021042805002810,NICLBSL,51,32,10,1725.0,17250.0
2021042805002809,NICLBSL,51,13,10,1725.0,17250.0
2021042805002829,NICLBSL,10,58,10,1726.0,17260.0
2021042805002826,NICLBSL,47,20,10,1725.0,17250.0
2021042805002824,NICLBSL,26,48,20,1730.0,34600.0
2021042805002821,NICLBSL,10,20,20,1726.0,34520.0
2021042805002820,NICLBSL,10,13,10,1726.0,17260.0
2021042805002818,NICLBSL,47,39,10,1725.0,17250.0
2021042805002849,NICLBSL,33,13,10,1727.0,17270.0
2021042805002845,NICLBSL,33,20,10,1727.0,17270.0
2021042805002840,NICLBSL,55,13,10,1728.0,17280.0
2021042805002833,NICLBSL,10,26,10,1726.0,17260.0
2021042805002831,NICLBSL,26,26,10,1730.0,17300.0
2021042805002830,NICLBSL,26,45,10,1730.0,17300.0
2021042805002859,NICLBSL,10,20,10,1726.0,17260.0
2021042805002854,NICLBSL,40,25,10,1727.0,17270.0
2021042805002853,NICLBSL,40,16,10,1727.0,17270.0
2021042805002852,NICLBSL,51,16,50,1727.0,86350.0
2021042805002851,NICLBSL,33,16,20,1727.0,34540.0
2021042805002850,NICLBSL,39,13,20,1730.0,34600.0
2021042805002876,NICLBSL,10,20,10,1726.0,17260.0
2021042805002864,NICLBSL,51,16,10,1730.0,17300.0
2021042805002863,NICLBSL,51,57,10,1730.0,17300.0
2021042805002862,NICLBSL,51,6,10,1730.0,17300.0
2021042805002861,NICLBSL,51,54,10,1730.0,17300.0
2021042805002860,NICLBSL,51,56,10,1730.0,17300.0
2021042805002910,NICLBSL,42,16,10,1726.0,17260.0
2021042805002909,NICLBSL,55,16,10,1726.0,17260.0
2021042805002901,NICLBSL,55,49,10,1726.0,17260.0
2021042805002900,NICLBSL,55,59,10,1726.0,17260.0
2021042805002897,NICLBSL,17,4,280,1726.0,483280.0
2021042805002879,NICLBSL,10,13,10,1726.0,17260.0
2021042805002929,NICLBSL,52,39,10,1725.0,17250.0
2021042805002925,NICLBSL,52,16,10,1726.0,17260.0
2021042805002914,NICLBSL,26,16,30,1726.0,51780.0
2021042805002913,NICLBSL,52,29,31,1725.0,53475.0
2021042805002912,NICLBSL,32,16,20,1726.0,34520.0
2021042805002911,NICLBSL,58,16,20,1726.0,34520.0
2021042805002942,NICLBSL,58,14,10,1725.0,17250.0
2021042805002939,NICLBSL,58,38,10,1725.0,17250.0
2021042805002935,NICLBSL,58,36,10,1725.0,17250.0
2021042805002934,NICLBSL,58,16,100,1725.0,172500.0
2021042805002933,NICLBSL,58,20,10,1725.0,17250.0
2021042805002932,NICLBSL,58,13,10,1725.0,17250.0
2021042805002952,NICLBSL,53,42,185,1725.0,319125.0
2021042805002951,NICLBSL,53,36,10,1725.0,17250.0
2021042805002946,NICLBSL,53,14,89,1725.0,153525.0
2021042805002945,NICLBSL,54,14,50,1725.0,86250.0
2021042805002944,NICLBSL,53,14,11,1725.0,18975.0
2021042805002943,NICLBSL,41,14,40,1725.0,69000.0
2021042805002959,NICLBSL,26,39,36,1725.0,62100.0
2021042805002957,NICLBSL,57,42,45,1725.0,77625.0
2021042805002956,NICLBSL,34,42,50,1725.0,86250.0
2021042805002955,NICLBSL,58,42,70,1725.0,120750.0
2021042805002954,NICLBSL,8,42,50,1725.0,86250.0
2021042805002953,NICLBSL,39,42,100,1725.0,172500.0
2021042805002978,NICLBSL,56,20,10,1725.0,17250.0
2021042805002976,NICLBSL,3,36,10,1725.0,17250.0
2021042805002975,NICLBSL,3,38,10,1725.0,17250.0
2021042805002972,NICLBSL,25,38,10,1725.0,17250.0
2021042805002969,NICLBSL,25,36,10,1725.0,17250.0
2021042805002960,NICLBSL,26,38,10,1725.0,17250.0
2021042805002986,NICLBSL,48,20,10,1725.0,17250.0
2021042805002985,NICLBSL,48,38,40,1725.0,69000.0
2021042805002984,NICLBSL,19,38,30,1725.0,51750.0
2021042805002983,NICLBSL,19,38,30,1725.0,51750.0
2021042805002982,NICLBSL,19,56,10,1725.0,17250.0
2021042805002981,NICLBSL,48,57,10,1725.0,17250.0
2021042805002994,NICLBSL,38,58,10,1726.0,17260.0
2021042805002993,NICLBSL,38,39,10,1726.0,17260.0
2021042805002992,NICLBSL,52,57,9,1725.0,15525.0
2021042805002991,NICLBSL,49,57,11,1725.0,18975.0
2021042805002988,NICLBSL,49,45,39,1725.0,67275.0
2021042805002987,NICLBSL,48,45,50,1725.0,86250.0
2021042805003015,NICLBSL,35,16,10,1724.0,17240.0
2021042805003014,NICLBSL,26,16,30,1724.0,51720.0
2021042805003009,NICLBSL,35,13,10,1725.0,17250.0
2021042805003007,NICLBSL,21,34,70,1727.0,120890.0
2021042805002996,NICLBSL,38,6,10,1726.0,17260.0
2021042805002995,NICLBSL,38,41,10,1726.0,17260.0
2021042805003025,NICLBSL,57,20,10,1724.0,17240.0
2021042805003024,NICLBSL,57,41,10,1724.0,17240.0
2021042805003019,NICLBSL,57,59,10,1725.0,17250.0
2021042805003018,NICLBSL,45,16,20,1724.0,34480.0
2021042805003017,NICLBSL,11,16,10,1724.0,17240.0
2021042805003016,NICLBSL,39,16,50,1724.0,86200.0
2021042805003052,NICLBSL,46,59,90,1723.0,155070.0
2021042805003051,NICLBSL,14,59,50,1723.0,86150.0
2021042805003029,NICLBSL,57,50,80,1727.0,138160.0
2021042805003028,NICLBSL,57,34,30,1727.0,51810.0
2021042805003027,NICLBSL,57,51,10,1726.0,17260.0
2021042805003026,NICLBSL,57,42,260,1725.0,448500.0
2021042805003066,NICLBSL,16,6,10,1724.0,17240.0
2021042805003060,NICLBSL,16,58,10,1724.0,17240.0
2021042805003056,NICLBSL,56,38,10,1723.0,17230.0
2021042805003055,NICLBSL,14,32,20,1724.0,34480.0
2021042805003054,NICLBSL,56,59,49,1723.0,84427.0
2021042805003053,NICLBSL,49,59,10,1723.0,17230.0
2021042805003077,NICLBSL,48,16,50,1726.0,86300.0
2021042805003076,NICLBSL,47,43,20,1725.0,34500.0
2021042805003075,NICLBSL,47,29,20,1725.0,34500.0
2021042805003071,NICLBSL,47,38,10,1725.0,17250.0
2021042805003070,NICLBSL,14,6,10,1724.0,17240.0
2021042805003069,NICLBSL,14,13,10,1724.0,17240.0
2021042805003090,NICLBSL,14,34,10,1727.0,17270.0
2021042805003089,NICLBSL,14,50,20,1727.0,34540.0
2021042805003088,NICLBSL,14,6,10,1726.0,17260.0
2021042805003080,NICLBSL,34,16,50,1726.0,86300.0
2021042805003079,NICLBSL,47,59,10,1725.0,17250.0
2021042805003078,NICLBSL,47,20,10,1725.0,17250.0
2021042805003111,NICLBSL,11,57,31,1729.0,53599.0
2021042805003108,NICLBSL,22,20,10,1727.0,17270.0
2021042805003106,NICLBSL,21,25,10,1730.0,17300.0
2021042805003105,NICLBSL,21,16,90,1730.0,155700.0
2021042805003092,NICLBSL,14,34,10,1727.0,17270.0
2021042805003091,NICLBSL,14,42,10,1727.0,17270.0
2021042805002644,JLI,51,57,10,847.0,8470.0
2021042805002643,JLI,51,38,150,847.0,127050.0
2021042805002642,JLI,54,38,20,847.0,16940.0
2021042805002641,JLI,54,45,10,847.0,8470.0
2021042805002639,JLI,54,35,10,847.0,8470.0
2021042805002630,JLI,55,36,10,848.0,8480.0
2021042805002160,JLI,51,17,10,846.0,8460.0
2021042805002156,JLI,51,58,10,846.0,8460.0
2021042805002155,JLI,45,22,10,847.0,8470.0
2021042805002168,JLI,17,45,10,846.0,8460.0
2021042805002167,JLI,51,8,10,846.0,8460.0
2021042805002166,JLI,51,52,10,846.0,8460.0
2021042805002165,JLI,51,55,10,846.0,8460.0
2021042805002162,JLI,51,59,10,846.0,8460.0
2021042805002161,JLI,51,51,10,846.0,8460.0
2021042805002177,JLI,19,53,10,848.0,8480.0
2021042805002176,JLI,19,57,10,848.0,8480.0
2021042805002175,JLI,17,16,10,846.0,8460.0
2021042805002174,JLI,17,16,10,846.0,8460.0
2021042805002171,JLI,17,10,10,846.0,8460.0
2021042805002170,JLI,45,52,10,847.0,8470.0
2021042805002183,JLI,17,10,10,846.0,8460.0
2021042805002182,JLI,17,10,10,846.0,8460.0
2021042805002181,JLI,17,52,10,846.0,8460.0
2021042805002180,JLI,19,5,10,850.0,8500.0
2021042805002179,JLI,19,49,10,850.0,8500.0
2021042805002178,JLI,19,41,10,849.0,8490.0
2021042805002204,JLI,17,48,10,846.0,8460.0
2021042805002201,JLI,45,14,10,847.0,8470.0
2021042805002197,JLI,1,46,10,847.0,8470.0
2021042805002196,JLI,1,14,10,847.0,8470.0
2021042805002190,JLI,17,16,10,846.0,8460.0
2021042805002186,JLI,17,4,10,846.0,8460.0
2021042805002211,JLI,41,51,10,847.0,8470.0
2021042805002210,JLI,17,54,10,846.0,8460.0
2021042805002209,JLI,17,41,10,846.0,8460.0
2021042805002207,JLI,17,37,10,847.0,8470.0
2021042805002206,JLI,17,51,10,847.0,8470.0
2021042805002205,JLI,17,14,10,846.0,8460.0
2021042805002217,JLI,17,25,10,846.0,8460.0
2021042805002216,JLI,17,42,10,846.0,8460.0
2021042805002215,JLI,17,58,10,846.0,8460.0
2021042805002214,JLI,17,14,10,846.0,8460.0
2021042805002213,JLI,41,36,10,847.0,8470.0
2021042805002212,JLI,41,36,10,847.0,8470.0
2021042805002228,JLI,38,58,10,847.0,8470.0
2021042805002227,JLI,38,48,10,847.0,8470.0
2021042805002222,JLI,17,14,10,846.0,8460.0
2021042805002221,JLI,25,10,10,847.0,8470.0
2021042805002220,JLI,14,44,10,850.0,8500.0
2021042805002219,JLI,14,36,10,847.0,8470.0
2021042805002239,JLI,17,20,10,846.0,8460.0
2021042805002237,JLI,17,43,10,846.0,8460.0
2021042805002236,JLI,42,41,10,848.0,8480.0
2021042805002235,JLI,17,52,10,846.0,8460.0
2021042805002230,JLI,17,1,10,846.0,8460.0
2021042805002229,JLI,17,56,10,846.0,8460.0
2021042805002247,JLI,17,58,10,846.0,8460.0
2021042805002246,JLI,17,54,10,846.0,8460.0
2021042805002244,JLI,17,26,10,846.0,8460.0
2021042805002243,JLI,17,33,10,846.0,8460.0
2021042805002242,JLI,58,1,10,847.0,8470.0
2021042805002240,JLI,17,38,10,846.0,8460.0
2021042805002254,JLI,13,20,40,846.0,33840.0
2021042805002253,JLI,29,20,100,846.0,84600.0
2021042805002252,JLI,50,20,20,846.0,16920.0
2021042805002251,JLI,51,20,40,846.0,33840.0
2021042805002250,JLI,17,20,10,846.0,8460.0
2021042805002248,JLI,17,26,10,846.0,8460.0
2021042805002265,JLI,49,13,10,845.0,8450.0
2021042805002264,JLI,49,14,10,845.0,8450.0
2021042805002263,JLI,49,8,10,845.0,8450.0
2021042805002262,JLI,49,48,10,845.0,8450.0
2021042805002260,JLI,49,47,10,845.0,8450.0
2021042805002255,JLI,17,20,20,846.0,16920.0
2021042805002274,JLI,22,8,10,845.0,8450.0
2021042805002273,JLI,22,14,10,845.0,8450.0
2021042805002272,JLI,49,52,10,845.0,8450.0
2021042805002271,JLI,49,13,10,845.0,8450.0
2021042805002270,JLI,49,57,10,845.0,8450.0
2021042805002266,JLI,49,8,10,845.0,8450.0
2021042805002285,JLI,22,48,10,845.0,8450.0
2021042805002284,JLI,22,14,10,845.0,8450.0
2021042805002280,JLI,22,58,10,845.0,8450.0
2021042805002279,JLI,22,3,10,845.0,8450.0
2021042805002277,JLI,22,1,10,845.0,8450.0
2021042805002276,JLI,52,50,10,845.0,8450.0
2021042805002304,JLI,42,1,10,846.0,8460.0
2021042805002303,JLI,57,14,10,845.0,8450.0
2021042805002302,JLI,57,47,10,845.0,8450.0
2021042805002301,JLI,51,32,10,845.0,8450.0
2021042805002299,JLI,51,6,10,845.0,8450.0
2021042805002293,JLI,51,51,10,845.0,8450.0
2021042805002313,JLI,57,34,10,845.0,8450.0
2021042805002312,JLI,57,50,10,845.0,8450.0
2021042805002311,JLI,57,40,10,845.0,8450.0
2021042805002307,JLI,57,14,10,845.0,8450.0
2021042805002306,JLI,57,47,10,845.0,8450.0
2021042805002305,JLI,57,14,10,845.0,8450.0
2021042805002321,JLI,28,32,10,845.0,8450.0
2021042805002320,JLI,28,14,10,845.0,8450.0
2021042805002318,JLI,28,52,10,845.0,8450.0
2021042805002316,JLI,28,14,10,845.0,8450.0
2021042805002315,JLI,57,59,10,845.0,8450.0
2021042805002314,JLI,57,14,10,845.0,8450.0
2021042805002328,JLI,26,32,10,845.0,8450.0
2021042805002326,JLI,26,34,10,845.0,8450.0
2021042805002325,JLI,26,48,10,845.0,8450.0
2021042805002324,JLI,26,14,10,845.0,8450.0
2021042805002323,JLI,28,20,10,845.0,8450.0
2021042805002322,JLI,28,34,10,845.0,8450.0
2021042805002334,JLI,58,58,10,845.0,8450.0
2021042805002333,JLI,58,43,10,845.0,8450.0
2021042805002332,JLI,56,34,10,845.0,8450.0
2021042805002331,JLI,26,38,10,845.0,8450.0
2021042805002330,JLI,52,26,10,846.0,8460.0
2021042805002329,JLI,52,26,10,846.0,8460.0
2021042805002340,JLI,58,6,10,845.0,8450.0
2021042805002339,JLI,58,38,10,845.0,8450.0
2021042805002338,JLI,58,56,10,845.0,8450.0
2021042805002337,JLI,40,54,10,846.0,8460.0
2021042805002336,JLI,40,54,10,846.0,8460.0
2021042805002335,JLI,40,34,10,846.0,8460.0
2021042805002349,JLI,45,14,10,846.0,8460.0
2021042805002348,JLI,45,43,10,846.0,8460.0
2021042805002347,JLI,45,36,10,846.0,8460.0
2021042805002344,JLI,58,56,10,845.0,8450.0
2021042805002343,JLI,58,48,10,845.0,8450.0
2021042805002341,JLI,58,57,10,845.0,8450.0
2021042805002356,JLI,45,57,10,846.0,8460.0
2021042805002355,JLI,45,47,10,846.0,8460.0
2021042805002353,JLI,45,58,10,847.0,8470.0
2021042805002352,JLI,45,58,10,847.0,8470.0
2021042805002351,JLI,45,56,10,846.0,8460.0
2021042805002350,JLI,45,56,10,846.0,8460.0
2021042805002367,JLI,45,7,10,846.0,8460.0
2021042805002366,JLI,45,47,10,846.0,8460.0
2021042805002365,JLI,45,37,10,846.0,8460.0
2021042805002364,JLI,38,38,10,847.0,8470.0
2021042805002359,JLI,38,34,10,847.0,8470.0
2021042805002357,JLI,38,52,10,847.0,8470.0
2021042805002374,JLI,45,41,10,846.0,8460.0
2021042805002373,JLI,45,47,10,846.0,8460.0
2021042805002372,JLI,45,32,10,846.0,8460.0
2021042805002371,JLI,45,8,10,846.0,8460.0
2021042805002369,JLI,41,42,10,847.0,8470.0
2021042805002368,JLI,45,7,10,846.0,8460.0
2021042805002381,JLI,6,47,10,846.0,8460.0
2021042805002380,JLI,45,57,10,846.0,8460.0
2021042805002379,JLI,45,10,10,846.0,8460.0
2021042805002378,JLI,45,34,10,846.0,8460.0
2021042805002377,JLI,45,47,10,846.0,8460.0
2021042805002376,JLI,45,10,10,846.0,8460.0
2021042805002389,JLI,58,45,10,848.0,8480.0
2021042805002388,JLI,58,33,10,848.0,8480.0
2021042805002387,JLI,58,42,10,847.0,8470.0
2021042805002386,JLI,58,58,10,846.0,8460.0
2021042805002384,JLI,17,7,10,846.0,8460.0
2021042805002382,JLI,6,47,10,846.0,8460.0
2021042805002396,JLI,58,47,10,848.0,8480.0
2021042805002394,JLI,58,7,10,848.0,8480.0
2021042805002393,JLI,58,52,10,848.0,8480.0
2021042805002392,JLI,58,7,10,848.0,8480.0
2021042805002391,JLI,58,47,10,848.0,8480.0
2021042805002390,JLI,58,58,10,848.0,8480.0
2021042805002404,JLI,58,21,10,848.0,8480.0
2021042805002403,JLI,58,47,10,848.0,8480.0
2021042805002401,JLI,58,47,10,848.0,8480.0
2021042805002399,JLI,58,47,10,848.0,8480.0
2021042805002398,JLI,58,41,10,848.0,8480.0
2021042805002397,JLI,38,47,10,847.0,8470.0
2021042805002413,JLI,29,58,10,850.0,8500.0
2021042805002412,JLI,29,43,10,849.0,8490.0
2021042805002411,JLI,29,58,10,848.0,8480.0
2021042805002410,JLI,29,46,10,848.0,8480.0
2021042805002409,JLI,58,47,10,845.0,8450.0
2021042805002406,JLI,58,16,10,845.0,8450.0
2021042805002419,JLI,29,22,10,850.0,8500.0
2021042805002418,JLI,29,46,10,850.0,8500.0
2021042805002417,JLI,29,54,10,850.0,8500.0
2021042805002416,JLI,29,58,10,850.0,8500.0
2021042805002415,JLI,29,50,10,850.0,8500.0
2021042805002414,JLI,29,35,10,850.0,8500.0
2021042805002425,JLI,14,36,10,845.0,8450.0
2021042805002424,JLI,14,38,10,845.0,8450.0
2021042805002423,JLI,4,43,10,845.0,8450.0
2021042805002422,JLI,55,47,10,845.0,8450.0
2021042805002421,JLI,55,47,10,845.0,8450.0
2021042805002420,JLI,42,21,10,845.0,8450.0
2021042805002435,JLI,55,47,10,845.0,8450.0
2021042805002434,JLI,21,7,10,845.0,8450.0
2021042805002431,JLI,21,47,10,845.0,8450.0
2021042805002429,JLI,14,21,10,845.0,8450.0
2021042805002428,JLI,14,47,10,845.0,8450.0
2021042805002427,JLI,14,47,10,845.0,8450.0
2021042805002442,JLI,37,26,10,846.0,8460.0
2021042805002441,JLI,58,6,10,846.0,8460.0
2021042805002439,JLI,58,34,10,846.0,8460.0
2021042805002438,JLI,58,36,10,846.0,8460.0
2021042805002437,JLI,58,7,10,846.0,8460.0
2021042805002436,JLI,58,52,10,846.0,8460.0
2021042805002459,JLI,28,34,10,846.0,8460.0
2021042805002458,JLI,28,8,10,846.0,8460.0
2021042805002448,JLI,49,21,10,846.0,8460.0
2021042805002447,JLI,49,57,10,846.0,8460.0
2021042805002446,JLI,49,32,10,846.0,8460.0
2021042805002445,JLI,55,34,10,845.0,8450.0
2021042805002471,JLI,51,41,10,847.0,8470.0
2021042805002470,JLI,45,58,10,847.0,8470.0
2021042805002469,JLI,28,21,10,846.0,8460.0
2021042805002463,JLI,28,21,10,846.0,8460.0
2021042805002461,JLI,28,44,10,846.0,8460.0
2021042805002460,JLI,28,49,10,846.0,8460.0
2021042805002485,JLI,51,56,10,850.0,8500.0
2021042805002478,JLI,43,47,10,847.0,8470.0
2021042805002476,JLI,13,14,10,850.0,8500.0
2021042805002475,JLI,13,22,10,849.0,8490.0
2021042805002474,JLI,13,49,10,849.0,8490.0
2021042805002473,JLI,13,54,10,848.0,8480.0
2021042805002511,JLI,57,8,10,847.0,8470.0
2021042805002507,JLI,57,7,10,847.0,8470.0
2021042805002505,JLI,57,21,10,847.0,8470.0
2021042805002504,JLI,57,54,10,847.0,8470.0
2021042805002503,JLI,17,21,10,847.0,8470.0
2021042805002502,JLI,42,21,10,848.0,8480.0
2021042805002520,JLI,8,45,10,847.0,8470.0
2021042805002519,JLI,8,38,10,847.0,8470.0
2021042805002516,JLI,8,39,10,847.0,8470.0
2021042805002514,JLI,8,36,10,847.0,8470.0
2021042805002513,JLI,57,26,10,847.0,8470.0
2021042805002512,JLI,57,41,10,847.0,8470.0
2021042805002527,JLI,8,21,10,847.0,8470.0
2021042805002526,JLI,8,7,10,847.0,8470.0
2021042805002524,JLI,38,6,10,848.0,8480.0
2021042805002523,JLI,8,25,10,847.0,8470.0
2021042805002522,JLI,8,49,10,847.0,8470.0
2021042805002521,JLI,8,32,10,847.0,8470.0
2021042805002537,JLI,41,34,10,848.0,8480.0
2021042805002535,JLI,21,29,10,847.0,8470.0
2021042805002534,JLI,49,20,10,847.0,8470.0
2021042805002533,JLI,8,20,65,847.0,55055.0
2021042805002531,JLI,8,32,10,847.0,8470.0
2021042805002530,JLI,8,47,10,847.0,8470.0
2021042805002544,JLI,21,54,10,850.0,8500.0
2021042805002543,JLI,21,41,10,850.0,8500.0
2021042805002542,JLI,38,47,10,849.0,8490.0
2021042805002541,JLI,38,47,10,849.0,8490.0
2021042805002540,JLI,38,51,10,849.0,8490.0
2021042805002539,JLI,38,29,10,848.0,8480.0
2021042805002550,JLI,21,29,10,850.0,8500.0
2021042805002549,JLI,21,41,10,850.0,8500.0
2021042805002548,JLI,21,29,10,850.0,8500.0
2021042805002547,JLI,21,21,10,850.0,8500.0
2021042805002546,JLI,21,52,10,850.0,8500.0
2021042805002545,JLI,21,49,10,850.0,8500.0
2021042805002563,JLI,38,35,10,849.0,8490.0
2021042805002561,JLI,38,56,10,849.0,8490.0
2021042805002559,JLI,38,14,10,849.0,8490.0
2021042805002556,JLI,45,50,10,850.0,8500.0
2021042805002552,JLI,21,41,10,850.0,8500.0
2021042805002551,JLI,21,41,10,850.0,8500.0
2021042805002571,JLI,38,41,10,849.0,8490.0
2021042805002568,JLI,38,35,10,849.0,8490.0
2021042805002567,JLI,38,42,10,849.0,8490.0
2021042805002566,JLI,21,58,10,850.0,8500.0
2021042805002565,JLI,21,41,10,850.0,8500.0
2021042805002564,JLI,21,22,10,850.0,8500.0
2021042805002578,JLI,40,36,10,848.0,8480.0
2021042805002576,JLI,8,58,10,850.0,8500.0
2021042805002575,JLI,8,57,10,850.0,8500.0
2021042805002574,JLI,8,41,10,850.0,8500.0
2021042805002573,JLI,8,58,10,850.0,8500.0
2021042805002572,JLI,8,14,10,850.0,8500.0
2021042805002585,JLI,41,48,10,850.0,8500.0
2021042805002584,JLI,41,13,10,850.0,8500.0
2021042805002583,JLI,41,42,10,850.0,8500.0
2021042805002581,JLI,22,14,10,850.0,8500.0
2021042805002580,JLI,22,14,10,850.0,8500.0
2021042805002579,JLI,40,7,10,848.0,8480.0
2021042805002597,JLI,19,26,10,847.0,8470.0
2021042805002594,JLI,19,35,10,847.0,8470.0
2021042805002593,JLI,40,36,10,848.0,8480.0
2021042805002592,JLI,40,38,10,848.0,8480.0
2021042805002587,JLI,40,36,10,848.0,8480.0
2021042805002586,JLI,41,52,10,850.0,8500.0
2021042805002617,JLI,54,47,10,847.0,8470.0
2021042805002615,JLI,54,5,10,847.0,8470.0
2021042805002613,JLI,54,58,10,847.0,8470.0
2021042805002603,JLI,54,5,10,847.0,8470.0
2021042805002600,JLI,54,51,10,847.0,8470.0
2021042805002598,JLI,54,11,10,847.0,8470.0
2021042805002626,JLI,56,47,10,848.0,8480.0
2021042805002625,JLI,56,45,10,848.0,8480.0
2021042805002624,JLI,54,56,10,847.0,8470.0
2021042805002623,JLI,54,58,10,847.0,8470.0
2021042805002621,JLI,54,11,10,847.0,8470.0
2021042805002618,JLI,45,36,10,848.0,8480.0
2021042805002640,MLBSL,3,45,10,2841.0,28410.0
2021042805002629,MLBSL,3,42,10,2841.0,28410.0
2021042805002515,MLBSL,3,44,10,2841.0,28410.0
2021042805002506,MLBSL,3,16,10,2841.0,28410.0
2021042805002472,MLBSL,3,45,10,2841.0,28410.0
2021042805002443,MLBSL,3,10,10,2841.0,28410.0
2021042805002164,MLBSL,3,58,10,2841.0,28410.0
2021042805002159,MLBSL,3,17,10,2841.0,28410.0
2021042805002158,MLBSL,3,58,10,2841.0,28410.0
2021042805002300,MLBSL,3,56,10,2841.0,28410.0
2021042805002294,MLBSL,3,17,10,2841.0,28410.0
2021042805002249,MLBSL,3,34,10,2841.0,28410.0
2021042805002245,MLBSL,3,8,10,2841.0,28410.0
2021042805002234,MLBSL,3,14,10,2841.0,28410.0
2021042805002169,MLBSL,3,16,10,2841.0,28410.0
2021042805002645,NICLBSL,56,3,20,1726.0,34520.0
2021042805002638,NICLBSL,57,3,100,1726.0,172600.0
2021042805002637,NICLBSL,49,3,100,1726.0,172600.0
2021042805002636,NICLBSL,19,3,10,1726.0,17260.0
2021042805002635,NICLBSL,46,3,10,1726.0,17260.0
2021042805002634,NICLBSL,16,3,10,1729.0,17290.0
2021042805002147,NICLBSL,19,7,10,1730.0,17300.0
2021042805002146,NICLBSL,19,48,10,1730.0,17300.0
2021042805002153,NICLBSL,32,44,10,1730.0,17300.0
2021042805002152,NICLBSL,20,44,100,1730.0,173000.0
2021042805002151,NICLBSL,41,44,30,1730.0,51900.0
2021042805002150,NICLBSL,13,44,100,1730.0,173000.0
2021042805002149,NICLBSL,6,44,50,1730.0,86500.0
2021042805002148,NICLBSL,19,44,100,1730.0,173000.0
2021042805002184,NICLBSL,55,8,10,1727.0,17270.0
2021042805002173,NICLBSL,41,8,10,1728.0,17280.0
2021042805002172,NICLBSL,49,8,10,1728.0,17280.0
2021042805002163,NICLBSL,57,38,30,1729.0,51870.0
2021042805002157,NICLBSL,57,8,10,1729.0,17290.0
2021042805002154,NICLBSL,36,44,20,1730.0,34600.0
2021042805002192,NICLBSL,29,20,10,1727.0,17270.0
2021042805002191,NICLBSL,29,3,40,1727.0,69080.0
2021042805002189,NICLBSL,29,20,10,1727.0,17270.0
2021042805002188,NICLBSL,29,42,40,1727.0,69080.0
2021042805002187,NICLBSL,36,42,60,1727.0,103620.0
2021042805002185,NICLBSL,36,44,90,1727.0,155430.0
2021042805002200,NICLBSL,48,14,10,1726.0,17260.0
2021042805002199,NICLBSL,48,56,10,1726.0,17260.0
2021042805002198,NICLBSL,48,20,10,1726.0,17260.0
2021042805002195,NICLBSL,48,8,20,1726.0,34520.0
2021042805002194,NICLBSL,57,17,10,1727.0,17270.0
2021042805002193,NICLBSL,57,35,10,1727.0,17270.0
2021042805002224,NICLBSL,48,32,20,1726.0,34520.0
2021042805002223,NICLBSL,48,47,10,1726.0,17260.0
2021042805002218,NICLBSL,32,43,10,1727.0,17270.0
2021042805002208,NICLBSL,32,49,10,1727.0,17270.0
2021042805002203,NICLBSL,48,51,10,1726.0,17260.0
2021042805002202,NICLBSL,48,48,10,1726.0,17260.0
2021042805002238,NICLBSL,43,49,10,1726.0,17260.0
2021042805002233,NICLBSL,43,35,10,1726.0,17260.0
2021042805002232,NICLBSL,43,43,20,1726.0,34520.0
2021042805002231,NICLBSL,43,52,10,1726.0,17260.0
2021042805002226,NICLBSL,43,32,160,1726.0,276160.0
2021042805002225,NICLBSL,13,32,20,1726.0,34520.0
2021042805002261,NICLBSL,43,28,10,1726.0,17260.0
2021042805002259,NICLBSL,43,32,70,1726.0,120820.0
2021042805002258,NICLBSL,38,32,10,1727.0,17270.0
2021042805002257,NICLBSL,44,32,30,1727.0,51810.0
2021042805002256,NICLBSL,44,39,10,1727.0,17270.0
2021042805002241,NICLBSL,43,25,10,1726.0,17260.0
2021042805002281,NICLBSL,43,32,20,1726.0,34520.0
2021042805002278,NICLBSL,43,41,100,1726.0,172600.0
2021042805002275,NICLBSL,43,28,10,1726.0,17260.0
2021042805002269,NICLBSL,16,1,60,1727.0,103620.0
2021042805002268,NICLBSL,43,48,50,1726.0,86300.0
2021042805002267,NICLBSL,57,48,10,1727.0,17270.0
2021042805002289,NICLBSL,43,56,10,1726.0,17260.0
2021042805002288,NICLBSL,38,56,10,1727.0,17270.0
2021042805002287,NICLBSL,38,56,10,1727.0,17270.0
2021042805002286,NICLBSL,25,56,10,1727.0,17270.0
2021042805002283,NICLBSL,25,36,10,1727.0,17270.0
2021042805002282,NICLBSL,43,20,10,1726.0,17260.0
2021042805002297,NICLBSL,54,56,50,1726.0,86300.0
2021042805002296,NICLBSL,21,34,10,1725.0,17250.0
2021042805002295,NICLBSL,25,56,30,1726.0,51780.0
2021042805002292,NICLBSL,14,56,30,1726.0,51780.0
2021042805002291,NICLBSL,53,56,200,1726.0,345200.0
2021042805002290,NICLBSL,45,56,100,1726.0,172600.0
2021042805002319,NICLBSL,8,56,20,1725.0,34500.0
2021042805002317,NICLBSL,8,40,20,1725.0,34500.0
2021042805002310,NICLBSL,8,56,180,1725.0,310500.0
2021042805002309,NICLBSL,25,56,10,1725.0,17250.0
2021042805002308,NICLBSL,25,47,10,1725.0,17250.0
2021042805002298,NICLBSL,58,32,10,1725.0,17250.0
2021042805002358,NICLBSL,33,47,10,1727.0,17270.0
2021042805002354,NICLBSL,33,3,10,1727.0,17270.0
2021042805002346,NICLBSL,8,36,10,1725.0,17250.0
2021042805002345,NICLBSL,53,36,10,1726.0,17260.0
2021042805002342,NICLBSL,33,58,20,1728.0,34560.0
2021042805002327,NICLBSL,53,47,10,1726.0,17260.0
2021042805002375,NICLBSL,29,34,10,1726.0,17260.0
2021042805002370,NICLBSL,1,44,10,1726.0,17260.0
2021042805002363,NICLBSL,1,37,10,1726.0,17260.0
2021042805002362,NICLBSL,1,44,10,1726.0,17260.0
2021042805002361,NICLBSL,1,47,10,1726.0,17260.0
2021042805002360,NICLBSL,1,47,10,1726.0,17260.0
2021042805002405,NICLBSL,57,55,10,1727.0,17270.0
2021042805002402,NICLBSL,57,1,10,1726.0,17260.0
2021042805002400,NICLBSL,45,58,10,1726.0,17260.0
2021042805002395,NICLBSL,21,58,10,1726.0,17260.0
2021042805002385,NICLBSL,21,47,10,1726.0,17260.0
2021042805002383,NICLBSL,21,26,10,1726.0,17260.0
2021042805002433,NICLBSL,57,44,10,1726.0,17260.0
2021042805002432,NICLBSL,25,44,10,1727.0,17270.0
2021042805002430,NICLBSL,57,10,10,1727.0,17270.0
2021042805002426,NICLBSL,57,39,10,1727.0,17270.0
2021042805002408,NICLBSL,57,58,10,1727.0,17270.0
2021042805002407,NICLBSL,57,21,10,1727.0,17270.0
2021042805002452,NICLBSL,8,59,70,1725.0,120750.0
2021042805002451,NICLBSL,36,59,20,1726.0,34520.0
2021042805002450,NICLBSL,57,59,20,1726.0,34520.0
2021042805002449,NICLBSL,57,38,10,1726.0,17260.0
2021042805002444,NICLBSL,42,43,20,1727.0,34540.0
2021042805002440,NICLBSL,19,5,10,1727.0,17270.0
2021042805002462,NICLBSL,42,54,10,1727.0,17270.0
2021042805002457,NICLBSL,22,45,130,1725.0,224250.0
2021042805002456,NICLBSL,49,45,20,1726.0,34520.0
2021042805002455,NICLBSL,22,59,10,1725.0,17250.0
2021042805002454,NICLBSL,41,59,30,1725.0,51750.0
2021042805002453,NICLBSL,34,59,50,1725.0,86250.0
2021042805002477,NICLBSL,43,58,10,1727.0,17270.0
2021042805002468,NICLBSL,1,45,10,1726.0,17260.0
2021042805002467,NICLBSL,34,45,40,1726.0,69040.0
2021042805002466,NICLBSL,41,45,10,1727.0,17270.0
2021042805002465,NICLBSL,41,34,10,1727.0,17270.0
2021042805002464,NICLBSL,34,47,10,1726.0,17260.0
2021042805002484,NICLBSL,1,5,10,1726.0,17260.0
2021042805002483,NICLBSL,43,32,10,1727.0,17270.0
2021042805002482,NICLBSL,43,32,10,1727.0,17270.0
2021042805002481,NICLBSL,36,6,10,1729.0,17290.0
2021042805002480,NICLBSL,36,38,10,1729.0,17290.0
2021042805002479,NICLBSL,36,45,10,1728.0,17280.0
2021042805002491,NICLBSL,32,7,10,1730.0,17300.0
2021042805002490,NICLBSL,32,7,10,1730.0,17300.0
2021042805002489,NICLBSL,32,7,10,1730.0,17300.0
2021042805002488,NICLBSL,32,7,10,1730.0,17300.0
2021042805002487,NICLBSL,32,7,10,1730.0,17300.0
2021042805002486,NICLBSL,32,7,10,1730.0,17300.0
2021042805002497,NICLBSL,32,7,10,1730.0,17300.0
2021042805002496,NICLBSL,32,7,10,1730.0,17300.0
2021042805002495,NICLBSL,32,7,10,1730.0,17300.0
2021042805002494,NICLBSL,32,7,10,1730.0,17300.0
2021042805002493,NICLBSL,32,7,10,1730.0,17300.0
2021042805002492,NICLBSL,32,7,10,1730.0,17300.0
2021042805002509,NICLBSL,32,48,20,1735.0,34700.0
2021042805002508,NICLBSL,32,25,10,1735.0,17350.0
2021042805002501,NICLBSL,32,16,10,1730.0,17300.0
2021042805002500,NICLBSL,32,58,10,1730.0,17300.0
2021042805002499,NICLBSL,32,7,10,1730.0,17300.0
2021042805002498,NICLBSL,32,7,10,1730.0,17300.0
2021042805002529,NICLBSL,57,29,10,1730.0,17300.0
2021042805002528,NICLBSL,57,39,110,1730.0,190300.0
2021042805002525,NICLBSL,57,29,10,1729.0,17290.0
2021042805002518,NICLBSL,41,45,10,1730.0,17300.0
2021042805002517,NICLBSL,43,29,20,1729.0,34580.0
2021042805002510,NICLBSL,32,14,10,1735.0,17350.0
2021042805002555,NICLBSL,21,7,10,1731.0,17310.0
2021042805002554,NICLBSL,21,47,10,1731.0,17310.0
2021042805002553,NICLBSL,57,7,10,1730.0,17300.0
2021042805002538,NICLBSL,16,58,10,1734.0,17340.0
2021042805002536,NICLBSL,57,41,10,1730.0,17300.0
2021042805002532,NICLBSL,57,47,10,1730.0,17300.0
2021042805002570,NICLBSL,25,7,10,1731.0,17310.0
2021042805002569,NICLBSL,21,34,10,1731.0,17310.0
2021042805002562,NICLBSL,36,47,10,1732.0,17320.0
2021042805002560,NICLBSL,16,57,10,1736.0,17360.0
2021042805002558,NICLBSL,36,45,10,1732.0,17320.0
2021042805002557,NICLBSL,16,33,10,1735.0,17350.0
2021042805002591,NICLBSL,55,58,30,1730.0,51900.0
2021042805002590,NICLBSL,45,58,10,1730.0,17300.0
2021042805002589,NICLBSL,58,58,15,1730.0,25950.0
2021042805002588,NICLBSL,44,58,15,1731.0,25965.0
2021042805002582,NICLBSL,45,35,20,1730.0,34600.0
2021042805002577,NICLBSL,58,36,10,1730.0,17300.0
2021042805002604,NICLBSL,10,48,20,1731.0,34620.0
2021042805002602,NICLBSL,10,36,10,1731.0,17310.0
2021042805002601,NICLBSL,10,48,10,1731.0,17310.0
2021042805002599,NICLBSL,10,45,52,1731.0,90012.0
2021042805002596,NICLBSL,55,42,10,1730.0,17300.0
2021042805002595,NICLBSL,55,45,10,1730.0,17300.0
2021042805002610,NICLBSL,47,14,70,1729.0,121030.0
2021042805002609,NICLBSL,53,14,20,1730.0,34600.0
2021042805002608,NICLBSL,22,14,10,1730.0,17300.0
2021042805002607,NICLBSL,42,14,20,1730.0,34600.0
2021042805002606,NICLBSL,44,14,30,1730.0,51900.0
2021042805002605,NICLBSL,55,14,50,1730.0,86500.0
2021042805002620,NICLBSL,13,38,10,1729.0,17290.0
2021042805002619,NICLBSL,6,58,10,1729.0,17290.0
2021042805002616,NICLBSL,45,13,10,1729.0,17290.0
2021042805002614,NICLBSL,47,58,10,1729.0,17290.0
2021042805002612,NICLBSL,47,34,10,1729.0,17290.0
2021042805002611,NICLBSL,47,34,10,1729.0,17290.0
2021042805002633,NICLBSL,16,47,10,1729.0,17290.0
2021042805002632,NICLBSL,43,35,10,1726.0,17260.0
2021042805002631,NICLBSL,1,36,10,1726.0,17260.0
2021042805002628,NICLBSL,1,58,20,1726.0,34520.0
2021042805002627,NICLBSL,39,20,10,1728.0,17280.0
2021042805002622,NICLBSL,39,20,10,1728.0,17280.0
2021042805002144,JLI,56,57,10,847.0,8470.0
2021042805002142,JLI,56,35,10,847.0,8470.0
2021042805002141,JLI,56,52,10,847.0,8470.0
2021042805002140,JLI,56,56,10,847.0,8470.0
2021042805002138,JLI,56,53,10,847.0,8470.0
2021042805002132,JLI,58,19,10,847.0,8470.0
2021042805001652,JLI,39,17,30,853.0,25590.0
2021042805001651,JLI,33,17,40,855.0,34200.0
2021042805001650,JLI,48,17,20,855.0,17100.0
2021042805001661,JLI,58,17,88,850.0,74800.0
2021042805001660,JLI,49,17,50,850.0,42500.0
2021042805001659,JLI,6,17,20,851.0,17020.0
2021042805001658,JLI,36,17,40,851.0,34040.0
2021042805001657,JLI,36,55,10,851.0,8510.0
2021042805001653,JLI,6,17,100,852.0,85200.0
2021042805001667,JLI,57,16,10,855.0,8550.0
2021042805001666,JLI,57,8,10,855.0,8550.0
2021042805001665,JLI,57,17,10,850.0,8500.0
2021042805001664,JLI,6,17,200,850.0,170000.0
2021042805001663,JLI,49,17,20,850.0,17000.0
2021042805001662,JLI,51,17,20,850.0,17000.0
2021042805001692,JLI,6,11,10,848.0,8480.0
2021042805001691,JLI,45,43,10,848.0,8480.0
2021042805001690,JLI,37,47,10,848.0,8480.0
2021042805001675,JLI,37,55,10,848.0,8480.0
2021042805001671,JLI,57,17,60,856.0,51360.0
2021042805001670,JLI,57,49,10,856.0,8560.0
2021042805001702,JLI,6,28,10,848.0,8480.0
2021042805001701,JLI,6,43,10,848.0,8480.0
2021042805001698,JLI,6,58,10,848.0,8480.0
2021042805001697,JLI,6,3,10,848.0,8480.0
2021042805001695,JLI,6,43,10,848.0,8480.0
2021042805001693,JLI,56,45,10,850.0,8500.0
2021042805001715,JLI,6,21,10,848.0,8480.0
2021042805001711,JLI,6,36,10,848.0,8480.0
2021042805001709,JLI,6,58,10,848.0,8480.0
2021042805001708,JLI,6,43,10,848.0,8480.0
2021042805001707,JLI,22,58,10,850.0,8500.0
2021042805001703,JLI,6,21,10,848.0,8480.0
2021042805001727,JLI,17,11,10,849.0,8490.0
2021042805001726,JLI,6,46,10,848.0,8480.0
2021042805001725,JLI,6,58,10,848.0,8480.0
2021042805001724,JLI,6,56,10,848.0,8480.0
2021042805001721,JLI,6,43,10,848.0,8480.0
2021042805001719,JLI,17,57,10,850.0,8500.0
2021042805001741,JLI,58,21,10,848.0,8480.0
2021042805001738,JLI,58,36,10,848.0,8480.0
2021042805001733,JLI,6,46,10,848.0,8480.0
2021042805001732,JLI,49,6,10,849.0,8490.0
2021042805001731,JLI,49,36,10,850.0,8500.0
2021042805001730,JLI,49,51,10,850.0,8500.0
2021042805001748,JLI,6,1,10,847.0,8470.0
2021042805001747,JLI,58,49,10,848.0,8480.0
2021042805001746,JLI,58,58,10,848.0,8480.0
2021042805001745,JLI,58,51,10,848.0,8480.0
2021042805001743,JLI,58,16,10,848.0,8480.0
2021042805001742,JLI,58,25,10,848.0,8480.0
2021042805001760,JLI,14,16,10,847.0,8470.0
2021042805001757,JLI,14,6,10,847.0,8470.0
2021042805001756,JLI,14,51,10,847.0,8470.0
2021042805001755,JLI,6,49,10,847.0,8470.0
2021042805001752,JLI,6,46,10,847.0,8470.0
2021042805001750,JLI,6,6,10,847.0,8470.0
2021042805001776,JLI,56,36,10,848.0,8480.0
2021042805001769,JLI,28,50,10,848.0,8480.0
2021042805001766,JLI,49,58,10,848.0,8480.0
2021042805001764,JLI,49,54,10,848.0,8480.0
2021042805001763,JLI,49,58,10,848.0,8480.0
2021042805001761,JLI,14,51,10,847.0,8470.0
2021042805001789,JLI,35,58,10,848.0,8480.0
2021042805001785,JLI,56,58,10,848.0,8480.0
2021042805001784,JLI,56,58,10,848.0,8480.0
2021042805001783,JLI,56,58,10,848.0,8480.0
2021042805001782,JLI,56,43,10,848.0,8480.0
2021042805001777,JLI,56,52,10,848.0,8480.0
2021042805001798,JLI,35,45,10,848.0,8480.0
2021042805001797,JLI,35,16,10,848.0,8480.0
2021042805001796,JLI,35,34,10,848.0,8480.0
2021042805001795,JLI,35,59,10,848.0,8480.0
2021042805001794,JLI,35,43,10,848.0,8480.0
2021042805001793,JLI,35,45,10,848.0,8480.0
2021042805001809,JLI,45,51,10,850.0,8500.0
2021042805001808,JLI,45,57,10,850.0,8500.0
2021042805001807,JLI,45,13,10,850.0,8500.0
2021042805001803,JLI,40,58,10,849.0,8490.0
2021042805001802,JLI,35,34,10,848.0,8480.0
2021042805001800,JLI,35,38,10,848.0,8480.0
2021042805001815,JLI,35,38,10,848.0,8480.0
2021042805001814,JLI,35,38,10,848.0,8480.0
2021042805001813,JLI,40,47,10,849.0,8490.0
2021042805001812,JLI,40,38,10,849.0,8490.0
2021042805001811,JLI,45,59,10,850.0,8500.0
2021042805001810,JLI,45,58,10,850.0,8500.0
2021042805001824,JLI,35,52,10,848.0,8480.0
2021042805001821,JLI,16,17,10,849.0,8490.0
2021042805001820,JLI,35,7,10,848.0,8480.0
2021042805001819,JLI,35,52,10,848.0,8480.0
2021042805001817,JLI,35,38,10,848.0,8480.0
2021042805001816,JLI,35,57,10,848.0,8480.0
2021042805001832,JLI,41,45,10,850.0,8500.0
2021042805001831,JLI,47,39,10,849.0,8490.0
2021042805001830,JLI,47,52,10,849.0,8490.0
2021042805001829,JLI,47,16,10,849.0,8490.0
2021042805001828,JLI,47,17,10,849.0,8490.0
2021042805001826,JLI,47,52,10,849.0,8490.0
2021042805001843,JLI,29,38,10,850.0,8500.0
2021042805001842,JLI,29,47,10,849.0,8490.0
2021042805001841,JLI,17,52,10,849.0,8490.0
2021042805001836,JLI,17,6,10,849.0,8490.0
2021042805001834,JLI,40,52,10,849.0,8490.0
2021042805001833,JLI,40,52,10,849.0,8490.0
2021042805001850,JLI,51,51,10,848.0,8480.0
2021042805001848,JLI,59,6,10,848.0,8480.0
2021042805001847,JLI,35,34,10,848.0,8480.0
2021042805001846,JLI,35,47,10,848.0,8480.0
2021042805001845,JLI,35,56,10,848.0,8480.0
2021042805001844,JLI,35,52,10,848.0,8480.0
2021042805001864,JLI,14,49,10,847.0,8470.0
2021042805001863,JLI,14,1,10,847.0,8470.0
2021042805001862,JLI,14,49,10,847.0,8470.0
2021042805001854,JLI,34,56,10,848.0,8480.0
2021042805001852,JLI,4,35,10,848.0,8480.0
2021042805001851,JLI,4,49,10,848.0,8480.0
2021042805001872,JLI,14,49,10,847.0,8470.0
2021042805001871,JLI,14,13,10,847.0,8470.0
2021042805001870,JLI,53,19,10,848.0,8480.0
2021042805001869,JLI,14,34,10,847.0,8470.0
2021042805001868,JLI,14,49,10,847.0,8470.0
2021042805001867,JLI,14,34,10,847.0,8470.0
2021042805001880,JLI,14,49,10,847.0,8470.0
2021042805001878,JLI,14,57,10,847.0,8470.0
2021042805001877,JLI,14,21,10,847.0,8470.0
2021042805001876,JLI,14,52,10,847.0,8470.0
2021042805001875,JLI,25,48,10,848.0,8480.0
2021042805001873,JLI,14,49,10,847.0,8470.0
2021042805001890,JLI,54,49,10,847.0,8470.0
2021042805001889,JLI,54,21,10,847.0,8470.0
2021042805001888,JLI,54,21,10,847.0,8470.0
2021042805001887,JLI,14,48,10,847.0,8470.0
2021042805001882,JLI,14,59,10,847.0,8470.0
2021042805001881,JLI,14,34,10,847.0,8470.0
2021042805001899,JLI,54,28,10,847.0,8470.0
2021042805001897,JLI,54,49,10,847.0,8470.0
2021042805001896,JLI,54,8,10,847.0,8470.0
2021042805001895,JLI,54,49,10,847.0,8470.0
2021042805001892,JLI,54,34,10,847.0,8470.0
2021042805001891,JLI,54,42,10,847.0,8470.0
2021042805001908,JLI,58,6,10,850.0,8500.0
2021042805001907,JLI,58,41,10,850.0,8500.0
2021042805001906,JLI,58,32,10,849.0,8490.0
2021042805001905,JLI,17,28,10,847.0,8470.0
2021042805001902,JLI,17,21,10,847.0,8470.0
2021042805001901,JLI,54,34,10,847.0,8470.0
2021042805001915,JLI,11,7,10,846.0,8460.0
2021042805001913,JLI,11,35,10,846.0,8460.0
2021042805001912,JLI,43,21,10,847.0,8470.0
2021042805001911,JLI,43,34,10,847.0,8470.0
2021042805001910,JLI,58,54,10,850.0,8500.0
2021042805001909,JLI,58,58,10,850.0,8500.0
2021042805001928,JLI,21,16,10,847.0,8470.0
2021042805001927,JLI,21,52,10,847.0,8470.0
2021042805001925,JLI,21,21,10,847.0,8470.0
2021042805001924,JLI,21,16,10,847.0,8470.0
2021042805001919,JLI,21,48,10,847.0,8470.0
2021042805001918,JLI,51,21,10,846.0,8460.0
2021042805001934,JLI,19,21,10,850.0,8500.0
2021042805001933,JLI,19,58,10,850.0,8500.0
2021042805001932,JLI,19,58,10,850.0,8500.0
2021042805001931,JLI,19,49,10,848.0,8480.0
2021042805001930,JLI,42,34,10,847.0,8470.0
2021042805001929,JLI,42,36,10,847.0,8470.0
2021042805001940,JLI,45,14,10,847.0,8470.0
2021042805001939,JLI,45,36,10,847.0,8470.0
2021042805001938,JLI,35,16,10,847.0,8470.0
2021042805001937,JLI,19,47,10,850.0,8500.0
2021042805001936,JLI,19,55,10,850.0,8500.0
2021042805001935,JLI,19,42,10,850.0,8500.0
2021042805001954,JLI,49,26,10,847.0,8470.0
2021042805001953,JLI,6,29,10,847.0,8470.0
2021042805001952,JLI,6,52,10,847.0,8470.0
2021042805001946,JLI,51,21,10,846.0,8460.0
2021042805001942,JLI,51,21,10,846.0,8460.0
2021042805001941,JLI,45,21,10,847.0,8470.0
2021042805001960,JLI,1,41,10,848.0,8480.0
2021042805001959,JLI,56,58,10,847.0,8470.0
2021042805001958,JLI,56,51,10,847.0,8470.0
2021042805001957,JLI,56,21,10,847.0,8470.0
2021042805001956,JLI,56,55,10,847.0,8470.0
2021042805001955,JLI,56,6,10,847.0,8470.0
2021042805001973,JLI,56,59,10,847.0,8470.0
2021042805001969,JLI,56,29,10,847.0,8470.0
2021042805001968,JLI,56,45,10,847.0,8470.0
2021042805001964,JLI,1,1,10,850.0,8500.0
2021042805001962,JLI,1,38,10,850.0,8500.0
2021042805001961,JLI,1,49,10,850.0,8500.0
2021042805001980,JLI,56,58,10,847.0,8470.0
2021042805001979,JLI,56,59,10,847.0,8470.0
2021042805001978,JLI,20,21,10,848.0,8480.0
2021042805001976,JLI,20,59,10,850.0,8500.0
2021042805001975,JLI,20,6,10,850.0,8500.0
2021042805001974,JLI,20,49,10,848.0,8480.0
2021042805001987,JLI,58,48,10,850.0,8500.0
2021042805001986,JLI,56,57,10,847.0,8470.0
2021042805001985,JLI,56,1,10,847.0,8470.0
2021042805001984,JLI,20,38,10,849.0,8490.0
2021042805001982,JLI,38,42,10,850.0,8500.0
2021042805001981,JLI,56,29,10,847.0,8470.0
2021042805001994,JLI,58,57,10,852.0,8520.0
2021042805001992,JLI,58,42,10,852.0,8520.0
2021042805001991,JLI,58,58,10,852.0,8520.0
2021042805001990,JLI,58,13,10,852.0,8520.0
2021042805001989,JLI,58,41,10,851.0,8510.0
2021042805001988,JLI,58,47,10,851.0,8510.0
2021042805002003,JLI,55,34,10,850.0,8500.0
2021042805002002,JLI,21,17,50,853.0,42650.0
2021042805002001,JLI,58,45,10,852.0,8520.0
2021042805002000,JLI,58,57,10,852.0,8520.0
2021042805001999,JLI,58,6,10,852.0,8520.0
2021042805001995,JLI,38,17,10,853.0,8530.0
2021042805002015,JLI,45,21,10,852.0,8520.0
2021042805002013,JLI,56,6,10,847.0,8470.0
2021042805002012,JLI,56,19,10,847.0,8470.0
2021042805002006,JLI,56,38,10,847.0,8470.0
2021042805002005,JLI,56,48,10,847.0,8470.0
2021042805002004,JLI,55,45,10,850.0,8500.0
2021042805002021,JLI,45,6,10,853.0,8530.0
2021042805002020,JLI,45,6,10,853.0,8530.0
2021042805002019,JLI,45,48,10,853.0,8530.0
2021042805002018,JLI,45,17,140,853.0,119420.0
2021042805002017,JLI,45,58,10,852.0,8520.0
2021042805002016,JLI,45,58,10,852.0,8520.0
2021042805002032,JLI,17,13,10,848.0,8480.0
2021042805002030,JLI,17,42,10,848.0,8480.0
2021042805002026,JLI,34,51,10,847.0,8470.0
2021042805002025,JLI,56,49,10,847.0,8470.0
2021042805002024,JLI,56,34,10,847.0,8470.0
2021042805002022,JLI,56,38,10,847.0,8470.0
2021042805002040,JLI,19,26,10,852.0,8520.0
2021042805002039,JLI,19,51,10,852.0,8520.0
2021042805002038,JLI,19,41,10,852.0,8520.0
2021042805002037,JLI,19,38,10,852.0,8520.0
2021042805002036,JLI,19,7,10,850.0,8500.0
2021042805002035,JLI,34,38,10,847.0,8470.0
2021042805002051,JLI,19,58,10,852.0,8520.0
2021042805002050,JLI,32,56,10,853.0,8530.0
2021042805002047,JLI,32,6,10,853.0,8530.0
2021042805002044,JLI,32,26,10,853.0,8530.0
2021042805002043,JLI,32,26,10,853.0,8530.0
2021042805002042,JLI,32,51,10,853.0,8530.0
2021042805002062,JLI,34,38,10,847.0,8470.0
2021042805002061,JLI,51,17,10,850.0,8500.0
2021042805002059,JLI,19,6,60,852.0,51120.0
2021042805002058,JLI,19,46,10,852.0,8520.0
2021042805002057,JLI,19,33,10,852.0,8520.0
2021042805002056,JLI,19,28,10,852.0,8520.0
2021042805002072,JLI,51,38,10,847.0,8470.0
2021042805002071,JLI,47,6,30,847.0,25410.0
2021042805002070,JLI,36,6,10,847.0,8470.0
2021042805002069,JLI,49,6,21,847.0,17787.0
2021042805002068,JLI,36,6,10,847.0,8470.0
2021042805002063,JLI,18,47,10,847.0,8470.0
2021042805002099,JLI,51,50,10,846.0,8460.0
2021042805002096,JLI,51,39,90,846.0,76140.0
2021042805002090,JLI,51,17,10,846.0,8460.0
2021042805002088,JLI,58,6,10,847.0,8470.0
2021042805002074,JLI,51,34,10,847.0,8470.0
2021042805002073,JLI,49,34,10,850.0,8500.0
2021042805002115,JLI,51,56,10,846.0,8460.0
2021042805002109,JLI,51,58,10,846.0,8460.0
2021042805002106,JLI,43,58,10,847.0,8470.0
2021042805002104,JLI,51,34,10,846.0,8460.0
2021042805002101,JLI,51,54,10,846.0,8460.0
2021042805002100,JLI,51,8,10,846.0,8460.0
2021042805002129,JLI,58,52,10,847.0,8470.0
2021042805002127,JLI,51,48,10,846.0,8460.0
2021042805002125,JLI,51,38,10,846.0,8460.0
2021042805002123,JLI,51,6,10,846.0,8460.0
2021042805002120,JLI,51,49,10,846.0,8460.0
2021042805002117,JLI,41,51,10,847.0,8470.0
2021042805002134,MLBSL,3,8,10,2841.0,28410.0
2021042805002126,MLBSL,3,21,10,2841.0,28410.0
2021042805002102,MLBSL,3,55,10,2841.0,28410.0
2021042805002092,MLBSL,3,19,10,2841.0,28410.0
2021042805002053,MLBSL,3,41,10,2841.0,28410.0
2021042805001983,MLBSL,3,6,10,2841.0,28410.0
2021042805001716,MLBSL,3,28,10,2841.0,28410.0
2021042805001712,MLBSL,3,1,10,2841.0,28410.0
2021042805001689,MLBSL,3,36,10,2841.0,28410.0
2021042805001681,MLBSL,3,49,10,2841.0,28410.0
2021042805001668,MLBSL,3,28,10,2841.0,28410.0
2021042805001774,MLBSL,3,57,10,2841.0,28410.0
2021042805001773,MLBSL,3,58,10,2841.0,28410.0
2021042805001768,MLBSL,3,42,10,2841.0,28410.0
2021042805001759,MLBSL,3,8,10,2841.0,28410.0
2021042805001734,MLBSL,3,4,10,2841.0,28410.0
2021042805001728,MLBSL,3,43,10,2841.0,28410.0
2021042805001977,MLBSL,3,59,10,2841.0,28410.0
2021042805001920,MLBSL,3,35,10,2841.0,28410.0
2021042805001835,MLBSL,3,47,10,2841.0,28410.0
2021042805001827,MLBSL,3,58,10,2841.0,28410.0
2021042805001823,MLBSL,3,3,10,2841.0,28410.0
2021042805001806,MLBSL,3,38,10,2841.0,28410.0
2021042805002145,NICLBSL,19,7,10,1730.0,17300.0
2021042805002143,NICLBSL,19,7,10,1730.0,17300.0
2021042805002139,NICLBSL,19,7,10,1730.0,17300.0
2021042805002137,NICLBSL,34,8,10,1730.0,17300.0
2021042805002136,NICLBSL,34,7,10,1730.0,17300.0
2021042805002135,NICLBSL,34,59,10,1730.0,17300.0
2021042805001655,NICLBSL,57,49,10,1752.0,17520.0
2021042805001654,NICLBSL,57,39,10,1752.0,17520.0
2021042805001649,NICLBSL,39,45,29,1754.0,50866.0
2021042805001648,NICLBSL,39,45,21,1754.0,36834.0
2021042805001647,NICLBSL,32,45,59,1754.0,103486.0
2021042805001646,NICLBSL,41,45,20,1755.0,35100.0
2021042805001676,NICLBSL,51,28,10,1742.0,17420.0
2021042805001674,NICLBSL,56,42,10,1743.0,17430.0
2021042805001673,NICLBSL,45,28,10,1752.0,17520.0
2021042805001672,NICLBSL,45,39,10,1752.0,17520.0
2021042805001669,NICLBSL,45,42,10,1752.0,17520.0
2021042805001656,NICLBSL,51,49,10,1742.0,17420.0
2021042805001683,NICLBSL,34,16,15,1743.0,26145.0
2021042805001682,NICLBSL,34,56,10,1743.0,17430.0
2021042805001680,NICLBSL,51,51,10,1742.0,17420.0
2021042805001679,NICLBSL,51,7,10,1742.0,17420.0
2021042805001678,NICLBSL,51,45,10,1742.0,17420.0
2021042805001677,NICLBSL,51,48,10,1742.0,17420.0
2021042805001694,NICLBSL,22,56,10,1743.0,17430.0
2021042805001688,NICLBSL,58,16,10,1750.0,17500.0
2021042805001687,NICLBSL,58,49,10,1750.0,17500.0
2021042805001686,NICLBSL,58,42,10,1750.0,17500.0
2021042805001685,NICLBSL,34,45,19,1742.0,33098.0
2021042805001684,NICLBSL,51,45,20,1742.0,34840.0
2021042805001706,NICLBSL,53,45,29,1743.0,50547.0
2021042805001705,NICLBSL,56,45,10,1743.0,17430.0
2021042805001704,NICLBSL,34,36,10,1745.0,17450.0
2021042805001700,NICLBSL,34,1,10,1745.0,17450.0
2021042805001699,NICLBSL,22,42,10,1743.0,17430.0
2021042805001696,NICLBSL,22,47,10,1743.0,17430.0
2021042805001720,NICLBSL,56,42,10,1743.0,17430.0
2021042805001718,NICLBSL,41,56,10,1744.0,17440.0
2021042805001717,NICLBSL,41,56,10,1744.0,17440.0
2021042805001714,NICLBSL,34,37,10,1743.0,17430.0
2021042805001713,NICLBSL,56,36,10,1743.0,17430.0
2021042805001710,NICLBSL,53,42,10,1743.0,17430.0
2021042805001737,NICLBSL,41,14,100,1740.0,174000.0
2021042805001736,NICLBSL,41,14,20,1740.0,34800.0
2021042805001735,NICLBSL,41,57,10,1740.0,17400.0
2021042805001729,NICLBSL,41,42,10,1740.0,17400.0
2021042805001723,NICLBSL,41,51,10,1740.0,17400.0
2021042805001722,NICLBSL,50,45,10,1744.0,17440.0
2021042805001753,NICLBSL,55,32,10,1737.0,17370.0
2021042805001751,NICLBSL,32,42,10,1738.0,17380.0
2021042805001749,NICLBSL,32,56,10,1738.0,17380.0
2021042805001744,NICLBSL,46,17,10,1738.0,17380.0
2021042805001740,NICLBSL,22,42,10,1740.0,17400.0
2021042805001739,NICLBSL,22,14,10,1740.0,17400.0
2021042805001770,NICLBSL,25,51,10,1739.0,17390.0
2021042805001767,NICLBSL,25,25,10,1739.0,17390.0
2021042805001765,NICLBSL,34,42,10,1738.0,17380.0
2021042805001762,NICLBSL,34,16,10,1738.0,17380.0
2021042805001758,NICLBSL,50,51,10,1737.0,17370.0
2021042805001754,NICLBSL,55,56,10,1737.0,17370.0
2021042805001780,NICLBSL,14,6,10,1737.0,17370.0
2021042805001779,NICLBSL,14,6,10,1737.0,17370.0
2021042805001778,NICLBSL,38,50,10,1737.0,17370.0
2021042805001775,NICLBSL,25,42,10,1737.0,17370.0
2021042805001772,NICLBSL,25,37,10,1736.0,17360.0
2021042805001771,NICLBSL,25,42,10,1736.0,17360.0
2021042805001791,NICLBSL,38,47,16,1739.0,27824.0
2021042805001790,NICLBSL,38,25,10,1737.0,17370.0
2021042805001788,NICLBSL,47,45,10,1736.0,17360.0
2021042805001787,NICLBSL,25,44,10,1736.0,17360.0
2021042805001786,NICLBSL,25,51,10,1736.0,17360.0
2021042805001781,NICLBSL,50,56,10,1737.0,17370.0
2021042805001818,NICLBSL,57,58,10,1740.0,17400.0
2021042805001805,NICLBSL,57,25,10,1740.0,17400.0
2021042805001804,NICLBSL,57,51,10,1740.0,17400.0
2021042805001801,NICLBSL,38,26,10,1740.0,17400.0
2021042805001799,NICLBSL,38,5,10,1739.0,17390.0
2021042805001792,NICLBSL,38,51,10,1739.0,17390.0
2021042805001840,NICLBSL,38,21,10,1750.0,17500.0
2021042805001839,NICLBSL,38,19,10,1750.0,17500.0
2021042805001838,NICLBSL,38,51,10,1750.0,17500.0
2021042805001837,NICLBSL,38,14,80,1750.0,140000.0
2021042805001825,NICLBSL,38,54,10,1745.0,17450.0
2021042805001822,NICLBSL,57,57,10,1740.0,17400.0
2021042805001858,NICLBSL,41,50,10,1750.0,17500.0
2021042805001857,NICLBSL,41,38,60,1750.0,105000.0
2021042805001856,NICLBSL,21,38,40,1750.0,70000.0
2021042805001855,NICLBSL,21,19,10,1745.0,17450.0
2021042805001853,NICLBSL,49,8,10,1742.0,17420.0
2021042805001849,NICLBSL,49,38,10,1742.0,17420.0
2021042805001874,NICLBSL,49,49,10,1742.0,17420.0
2021042805001866,NICLBSL,41,35,130,1750.0,227500.0
2021042805001865,NICLBSL,41,38,10,1750.0,17500.0
2021042805001861,NICLBSL,41,47,10,1750.0,17500.0
2021042805001860,NICLBSL,41,8,10,1750.0,17500.0
2021042805001859,NICLBSL,41,17,20,1750.0,35000.0
2021042805001893,NICLBSL,38,51,10,1748.0,17480.0
2021042805001886,NICLBSL,49,49,10,1742.0,17420.0
2021042805001885,NICLBSL,49,21,10,1742.0,17420.0
2021042805001884,NICLBSL,49,38,20,1742.0,34840.0
2021042805001883,NICLBSL,49,50,10,1742.0,17420.0
2021042805001879,NICLBSL,49,50,10,1742.0,17420.0
2021042805001914,NICLBSL,49,26,10,1742.0,17420.0
2021042805001904,NICLBSL,49,21,10,1742.0,17420.0
2021042805001903,NICLBSL,49,48,10,1742.0,17420.0
2021042805001900,NICLBSL,49,21,10,1742.0,17420.0
2021042805001898,NICLBSL,49,48,10,1742.0,17420.0
2021042805001894,NICLBSL,38,43,20,1751.0,35020.0
2021042805001926,NICLBSL,49,48,10,1742.0,17420.0
2021042805001923,NICLBSL,49,45,10,1742.0,17420.0
2021042805001922,NICLBSL,38,38,10,1743.0,17430.0
2021042805001921,NICLBSL,49,48,10,1742.0,17420.0
2021042805001917,NICLBSL,49,21,10,1742.0,17420.0
2021042805001916,NICLBSL,49,48,10,1742.0,17420.0
2021042805001949,NICLBSL,49,4,50,1742.0,87100.0
2021042805001948,NICLBSL,49,48,10,1742.0,17420.0
2021042805001947,NICLBSL,49,49,10,1742.0,17420.0
2021042805001945,NICLBSL,49,48,10,1742.0,17420.0
2021042805001944,NICLBSL,49,6,20,1742.0,34840.0
2021042805001943,NICLBSL,49,48,10,1742.0,17420.0
2021042805001967,NICLBSL,34,4,20,1742.0,34840.0
2021042805001966,NICLBSL,34,21,10,1742.0,17420.0
2021042805001965,NICLBSL,34,51,10,1742.0,17420.0
2021042805001963,NICLBSL,34,57,10,1742.0,17420.0
2021042805001951,NICLBSL,34,4,20,1741.0,34820.0
2021042805001950,NICLBSL,49,4,250,1742.0,435500.0
2021042805001997,NICLBSL,22,4,10,1740.0,17400.0
2021042805001996,NICLBSL,22,4,30,1740.0,52200.0
2021042805001993,NICLBSL,22,6,10,1740.0,17400.0
2021042805001972,NICLBSL,22,48,10,1740.0,17400.0
2021042805001971,NICLBSL,26,48,280,1740.0,487200.0
2021042805001970,NICLBSL,57,48,10,1740.0,17400.0
2021042805002011,NICLBSL,26,4,96,1736.0,166656.0
2021042805002010,NICLBSL,21,4,20,1737.0,34740.0
2021042805002009,NICLBSL,32,4,10,1737.0,17370.0
2021042805002008,NICLBSL,25,4,10,1737.0,17370.0
2021042805002007,NICLBSL,6,46,10,1738.0,17380.0
2021042805001998,NICLBSL,32,4,10,1740.0,17400.0
2021042805002031,NICLBSL,22,19,10,1738.0,17380.0
2021042805002029,NICLBSL,34,51,10,1736.0,17360.0
2021042805002028,NICLBSL,34,57,36,1736.0,62496.0
2021042805002027,NICLBSL,38,13,10,1736.0,17360.0
2021042805002023,NICLBSL,38,51,10,1736.0,17360.0
2021042805002014,NICLBSL,32,1,10,1736.0,17360.0
2021042805002048,NICLBSL,34,33,20,1736.0,34720.0
2021042805002046,NICLBSL,34,58,18,1736.0,31248.0
2021042805002045,NICLBSL,34,45,10,1736.0,17360.0
2021042805002041,NICLBSL,34,3,10,1736.0,17360.0
2021042805002034,NICLBSL,34,10,10,1736.0,17360.0
2021042805002033,NICLBSL,34,39,10,1736.0,17360.0
2021042805002064,NICLBSL,6,42,70,1736.0,121520.0
2021042805002060,NICLBSL,6,33,10,1736.0,17360.0
2021042805002055,NICLBSL,6,33,20,1736.0,34720.0
2021042805002054,NICLBSL,49,33,10,1736.0,17360.0
2021042805002052,NICLBSL,49,33,10,1736.0,17360.0
2021042805002049,NICLBSL,49,3,10,1736.0,17360.0
2021042805002077,NICLBSL,46,44,10,1735.0,17350.0
2021042805002076,NICLBSL,49,44,40,1735.0,69400.0
2021042805002075,NICLBSL,57,44,20,1735.0,34700.0
2021042805002067,NICLBSL,57,42,20,1735.0,34700.0
2021042805002066,NICLBSL,34,42,50,1735.0,86750.0
2021042805002065,NICLBSL,22,42,100,1735.0,173500.0
2021042805002083,NICLBSL,45,44,20,1734.0,34680.0
2021042805002082,NICLBSL,49,44,20,1734.0,34680.0
2021042805002081,NICLBSL,21,44,30,1735.0,52050.0
2021042805002080,NICLBSL,58,44,20,1735.0,34700.0
2021042805002079,NICLBSL,38,44,50,1735.0,86750.0
2021042805002078,NICLBSL,47,44,50,1735.0,86750.0
2021042805002091,NICLBSL,19,44,40,1735.0,69400.0
2021042805002089,NICLBSL,19,5,10,1735.0,17350.0
2021042805002087,NICLBSL,37,44,412,1732.0,713584.0
2021042805002086,NICLBSL,55,44,50,1733.0,86650.0
2021042805002085,NICLBSL,33,44,90,1733.0,155970.0
2021042805002084,NICLBSL,58,44,23,1734.0,39882.0
2021042805002103,NICLBSL,36,7,20,1730.0,34600.0
2021042805002098,NICLBSL,36,57,10,1730.0,17300.0
2021042805002097,NICLBSL,34,54,10,1739.0,17390.0
2021042805002095,NICLBSL,36,44,282,1730.0,487860.0
2021042805002094,NICLBSL,38,44,100,1731.0,173100.0
2021042805002093,NICLBSL,37,44,78,1732.0,135096.0
2021042805002112,NICLBSL,34,45,43,1730.0,74390.0
2021042805002111,NICLBSL,49,45,300,1730.0,519000.0
2021042805002110,NICLBSL,36,45,157,1730.0,271610.0
2021042805002108,NICLBSL,36,7,10,1730.0,17300.0
2021042805002107,NICLBSL,25,7,10,1731.0,17310.0
2021042805002105,NICLBSL,25,8,10,1731.0,17310.0
2021042805002121,NICLBSL,41,7,10,1730.0,17300.0
2021042805002119,NICLBSL,41,51,10,1730.0,17300.0
2021042805002118,NICLBSL,41,7,10,1730.0,17300.0
2021042805002116,NICLBSL,41,7,10,1730.0,17300.0
2021042805002114,NICLBSL,41,7,10,1730.0,17300.0
2021042805002113,NICLBSL,41,8,10,1730.0,17300.0
2021042805002133,NICLBSL,34,7,10,1730.0,17300.0
2021042805002131,NICLBSL,34,7,10,1730.0,17300.0
2021042805002130,NICLBSL,41,17,10,1730.0,17300.0
2021042805002128,NICLBSL,41,7,10,1730.0,17300.0
2021042805002124,NICLBSL,41,40,10,1730.0,17300.0
2021042805002122,NICLBSL,41,7,10,1730.0,17300.0
2021042805001645,JLI,48,39,10,855.0,8550.0
2021042805001643,JLI,48,32,10,855.0,8550.0
2021042805001641,JLI,14,55,10,855.0,8550.0
2021042805001640,JLI,14,57,10,855.0,8550.0
2021042805001638,JLI,14,49,10,855.0,8550.0
2021042805001636,JLI,17,6,10,857.0,8570.0
2021042805001155,JLI,46,39,30,863.0,25890.0
2021042805001153,JLI,42,57,10,863.0,8630.0
2021042805001152,JLI,42,52,10,863.0,8630.0
2021042805001146,JLI,42,25,10,863.0,8630.0
2021042805001166,JLI,40,41,10,861.0,8610.0
2021042805001163,JLI,40,38,10,861.0,8610.0
2021042805001162,JLI,40,53,10,861.0,8610.0
2021042805001160,JLI,40,52,115,861.0,99015.0
2021042805001159,JLI,40,8,10,861.0,8610.0
2021042805001158,JLI,40,52,10,861.0,8610.0
2021042805001176,JLI,41,25,10,860.0,8600.0
2021042805001175,JLI,41,21,10,860.0,8600.0
2021042805001170,JLI,58,58,10,860.0,8600.0
2021042805001169,JLI,40,41,10,861.0,8610.0
2021042805001168,JLI,40,43,10,861.0,8610.0
2021042805001167,JLI,40,8,10,861.0,8610.0
2021042805001183,JLI,22,7,10,860.0,8600.0
2021042805001181,JLI,22,53,10,860.0,8600.0
2021042805001180,JLI,22,42,10,860.0,8600.0
2021042805001179,JLI,44,56,10,860.0,8600.0
2021042805001178,JLI,7,39,50,860.0,43000.0
2021042805001177,JLI,41,39,30,860.0,25800.0
2021042805001197,JLI,57,34,10,858.0,8580.0
2021042805001194,JLI,57,56,10,858.0,8580.0
2021042805001193,JLI,29,19,10,859.0,8590.0
2021042805001192,JLI,29,16,10,859.0,8590.0
2021042805001185,JLI,22,49,10,860.0,8600.0
2021042805001184,JLI,22,29,10,860.0,8600.0
2021042805001206,JLI,59,45,10,858.0,8580.0
2021042805001205,JLI,59,34,10,858.0,8580.0
2021042805001204,JLI,59,21,10,858.0,8580.0
2021042805001200,JLI,57,11,10,858.0,8580.0
2021042805001199,JLI,57,7,10,858.0,8580.0
2021042805001198,JLI,57,22,10,858.0,8580.0
2021042805001214,JLI,59,45,10,858.0,8580.0
2021042805001213,JLI,59,49,10,858.0,8580.0
2021042805001210,JLI,59,21,10,858.0,8580.0
2021042805001209,JLI,59,7,10,858.0,8580.0
2021042805001208,JLI,59,34,10,858.0,8580.0
2021042805001207,JLI,59,56,10,858.0,8580.0
2021042805001221,JLI,59,18,10,858.0,8580.0
2021042805001220,JLI,59,21,10,858.0,8580.0
2021042805001219,JLI,59,18,10,858.0,8580.0
2021042805001217,JLI,59,21,10,858.0,8580.0
2021042805001216,JLI,59,11,10,858.0,8580.0
2021042805001215,JLI,59,56,10,858.0,8580.0
2021042805001231,JLI,5,21,10,858.0,8580.0
2021042805001230,JLI,59,16,10,858.0,8580.0
2021042805001225,JLI,59,18,10,858.0,8580.0
2021042805001224,JLI,59,21,10,858.0,8580.0
2021042805001223,JLI,59,18,10,858.0,8580.0
2021042805001222,JLI,59,21,10,858.0,8580.0
2021042805001238,JLI,36,21,10,857.0,8570.0
2021042805001236,JLI,36,37,10,857.0,8570.0
2021042805001235,JLI,36,53,10,857.0,8570.0
2021042805001234,JLI,36,21,10,857.0,8570.0
2021042805001233,JLI,21,16,10,858.0,8580.0
2021042805001232,JLI,1,58,10,859.0,8590.0
2021042805001248,JLI,36,21,10,857.0,8570.0
2021042805001247,JLI,36,38,10,857.0,8570.0
2021042805001246,JLI,57,57,10,858.0,8580.0
2021042805001245,JLI,57,34,10,858.0,8580.0
2021042805001241,JLI,36,21,10,857.0,8570.0
2021042805001240,JLI,36,7,10,857.0,8570.0
2021042805001254,JLI,36,58,10,857.0,8570.0
2021042805001253,JLI,36,51,10,857.0,8570.0
2021042805001252,JLI,36,21,10,857.0,8570.0
2021042805001251,JLI,36,43,10,857.0,8570.0
2021042805001250,JLI,36,46,10,857.0,8570.0
2021042805001249,JLI,36,51,10,857.0,8570.0
2021042805001261,JLI,36,51,10,857.0,8570.0
2021042805001260,JLI,38,43,10,858.0,8580.0
2021042805001259,JLI,36,51,10,857.0,8570.0
2021042805001258,JLI,36,43,10,857.0,8570.0
2021042805001257,JLI,36,56,10,857.0,8570.0
2021042805001256,JLI,36,21,10,857.0,8570.0
2021042805001267,JLI,36,52,10,857.0,8570.0
2021042805001266,JLI,36,51,10,857.0,8570.0
2021042805001265,JLI,36,43,10,857.0,8570.0
2021042805001264,JLI,36,51,10,857.0,8570.0
2021042805001263,JLI,36,43,10,857.0,8570.0
2021042805001262,JLI,36,52,10,857.0,8570.0
2021042805001278,JLI,36,51,10,857.0,8570.0
2021042805001277,JLI,36,52,10,857.0,8570.0
2021042805001275,JLI,36,38,10,857.0,8570.0
2021042805001272,JLI,36,32,10,857.0,8570.0
2021042805001269,JLI,36,38,10,857.0,8570.0
2021042805001268,JLI,36,51,10,857.0,8570.0
2021042805001285,JLI,4,20,58,857.0,49706.0
2021042805001284,JLI,16,3,10,855.0,8550.0
2021042805001283,JLI,16,21,10,855.0,8550.0
2021042805001281,JLI,49,20,55,857.0,47135.0
2021042805001280,JLI,36,20,40,857.0,34280.0
2021042805001279,JLI,36,40,140,857.0,119980.0
2021042805001293,JLI,8,26,10,854.0,8540.0
2021042805001292,JLI,8,51,10,854.0,8540.0
2021042805001289,JLI,8,50,10,854.0,8540.0
2021042805001288,JLI,8,21,10,854.0,8540.0
2021042805001287,JLI,16,16,10,855.0,8550.0
2021042805001286,JLI,16,32,10,855.0,8550.0
2021042805001303,JLI,57,4,10,854.0,8540.0
2021042805001302,JLI,57,13,60,852.0,51120.0
2021042805001301,JLI,34,13,40,852.0,34080.0
2021042805001300,JLI,34,52,10,852.0,8520.0
2021042805001297,JLI,17,47,10,852.0,8520.0
2021042805001294,JLI,8,49,10,854.0,8540.0
2021042805001311,JLI,4,21,10,852.0,8520.0
2021042805001309,JLI,51,58,10,854.0,8540.0
2021042805001307,JLI,48,3,10,851.0,8510.0
2021042805001306,JLI,57,45,10,854.0,8540.0
2021042805001305,JLI,57,51,10,854.0,8540.0
2021042805001304,JLI,57,21,10,854.0,8540.0
2021042805001320,JLI,52,58,10,851.0,8510.0
2021042805001319,JLI,52,21,10,851.0,8510.0
2021042805001318,JLI,52,5,10,851.0,8510.0
2021042805001317,JLI,48,21,10,851.0,8510.0
2021042805001314,JLI,4,47,10,852.0,8520.0
2021042805001312,JLI,4,48,10,852.0,8520.0
2021042805001333,JLI,14,48,10,851.0,8510.0
2021042805001332,JLI,14,51,10,851.0,8510.0
2021042805001325,JLI,14,21,10,851.0,8510.0
2021042805001323,JLI,14,51,10,851.0,8510.0
2021042805001322,JLI,14,49,10,851.0,8510.0
2021042805001321,JLI,52,21,10,851.0,8510.0
2021042805001342,JLI,36,43,10,850.0,8500.0
2021042805001340,JLI,36,49,10,850.0,8500.0
2021042805001338,JLI,36,21,10,850.0,8500.0
2021042805001337,JLI,36,32,10,850.0,8500.0
2021042805001336,JLI,36,25,10,850.0,8500.0
2021042805001335,JLI,36,21,10,850.0,8500.0
2021042805001348,JLI,14,20,100,850.0,85000.0
2021042805001347,JLI,38,20,300,850.0,255000.0
2021042805001346,JLI,48,20,10,850.0,8500.0
2021042805001345,JLI,41,20,115,850.0,97750.0
2021042805001344,JLI,36,20,180,850.0,153000.0
2021042805001343,JLI,36,53,10,850.0,8500.0
2021042805001354,JLI,43,20,100,850.0,85000.0
2021042805001353,JLI,26,20,25,850.0,21250.0
2021042805001352,JLI,48,20,300,850.0,255000.0
2021042805001351,JLI,58,20,10,850.0,8500.0
2021042805001350,JLI,58,20,12,850.0,10200.0
2021042805001349,JLI,8,20,100,850.0,85000.0
2021042805001363,JLI,17,20,10,850.0,8500.0
2021042805001362,JLI,17,6,10,850.0,8500.0
2021042805001359,JLI,17,45,10,850.0,8500.0
2021042805001357,JLI,17,48,10,850.0,8500.0
2021042805001356,JLI,17,56,10,850.0,8500.0
2021042805001355,JLI,25,26,10,851.0,8510.0
2021042805001374,JLI,49,26,10,850.0,8500.0
2021042805001373,JLI,21,47,10,850.0,8500.0
2021042805001372,JLI,21,25,10,850.0,8500.0
2021042805001367,JLI,44,14,10,850.0,8500.0
2021042805001366,JLI,44,47,10,850.0,8500.0
2021042805001364,JLI,52,46,10,850.0,8500.0
2021042805001382,JLI,7,58,10,850.0,8500.0
2021042805001381,JLI,7,32,10,850.0,8500.0
2021042805001380,JLI,7,21,10,850.0,8500.0
2021042805001379,JLI,7,8,10,850.0,8500.0
2021042805001378,JLI,45,49,10,849.0,8490.0
2021042805001375,JLI,49,36,10,850.0,8500.0
2021042805001393,JLI,29,3,10,847.0,8470.0
2021042805001391,JLI,45,8,10,849.0,8490.0
2021042805001389,JLI,45,40,10,849.0,8490.0
2021042805001386,JLI,45,51,10,849.0,8490.0
2021042805001384,JLI,45,8,10,849.0,8490.0
2021042805001383,JLI,7,58,10,851.0,8510.0
2021042805001400,JLI,44,3,10,846.0,8460.0
2021042805001399,JLI,21,34,10,849.0,8490.0
2021042805001398,JLI,21,58,10,848.0,8480.0
2021042805001396,JLI,14,3,10,846.0,8460.0
2021042805001395,JLI,14,3,10,846.0,8460.0
2021042805001394,JLI,29,36,10,847.0,8470.0
2021042805001406,JLI,34,47,10,850.0,8500.0
2021042805001405,JLI,34,28,10,850.0,8500.0
2021042805001404,JLI,34,36,10,847.0,8470.0
2021042805001403,JLI,44,53,10,846.0,8460.0
2021042805001402,JLI,39,57,10,849.0,8490.0
2021042805001401,JLI,39,34,10,849.0,8490.0
2021042805001416,JLI,34,32,10,850.0,8500.0
2021042805001411,JLI,34,47,10,850.0,8500.0
2021042805001410,JLI,34,50,10,850.0,8500.0
2021042805001409,JLI,34,49,10,850.0,8500.0
2021042805001408,JLI,34,47,10,850.0,8500.0
2021042805001407,JLI,34,58,10,850.0,8500.0
2021042805001426,JLI,59,36,10,849.0,8490.0
2021042805001425,JLI,59,26,10,849.0,8490.0
2021042805001424,JLI,59,38,10,849.0,8490.0
2021042805001423,JLI,21,36,10,847.0,8470.0
2021042805001418,JLI,44,38,10,846.0,8460.0
2021042805001417,JLI,34,35,10,850.0,8500.0
2021042805001434,JLI,36,13,10,847.0,8470.0
2021042805001432,JLI,36,17,10,847.0,8470.0
2021042805001431,JLI,36,38,10,847.0,8470.0
2021042805001430,JLI,59,52,10,849.0,8490.0
2021042805001428,JLI,49,49,10,850.0,8500.0
2021042805001427,JLI,59,38,10,849.0,8490.0
2021042805001449,JLI,37,58,10,846.0,8460.0
2021042805001446,JLI,37,4,10,846.0,8460.0
2021042805001444,JLI,37,21,10,846.0,8460.0
2021042805001443,JLI,44,56,10,846.0,8460.0
2021042805001441,JLI,44,1,10,846.0,8460.0
2021042805001435,JLI,36,36,10,847.0,8470.0
2021042805001457,JLI,6,58,10,846.0,8460.0
2021042805001456,JLI,6,20,10,846.0,8460.0
2021042805001455,JLI,37,58,10,846.0,8460.0
2021042805001453,JLI,37,58,10,846.0,8460.0
2021042805001452,JLI,45,41,10,847.0,8470.0
2021042805001451,JLI,45,36,10,847.0,8470.0
2021042805001463,JLI,43,5,10,847.0,8470.0
2021042805001462,JLI,51,19,10,849.0,8490.0
2021042805001461,JLI,14,58,10,848.0,8480.0
2021042805001460,JLI,6,45,10,846.0,8460.0
2021042805001459,JLI,40,36,10,847.0,8470.0
2021042805001458,JLI,40,36,10,847.0,8470.0
2021042805001470,JLI,6,34,10,847.0,8470.0
2021042805001469,JLI,6,35,10,846.0,8460.0
2021042805001468,JLI,6,34,10,846.0,8460.0
2021042805001467,JLI,54,58,10,847.0,8470.0
2021042805001466,JLI,54,13,10,847.0,8470.0
2021042805001464,JLI,6,32,10,846.0,8460.0
2021042805001477,JLI,6,21,10,847.0,8470.0
2021042805001476,JLI,6,39,10,847.0,8470.0
2021042805001475,JLI,6,8,10,847.0,8470.0
2021042805001473,JLI,56,58,10,849.0,8490.0
2021042805001472,JLI,56,58,10,848.0,8480.0
2021042805001471,JLI,6,37,10,847.0,8470.0
2021042805001490,JLI,16,38,10,850.0,8500.0
2021042805001489,JLI,16,25,10,850.0,8500.0
2021042805001488,JLI,16,36,10,850.0,8500.0
2021042805001486,JLI,6,56,10,847.0,8470.0
2021042805001485,JLI,1,39,10,849.0,8490.0
2021042805001481,JLI,54,39,10,849.0,8490.0
2021042805001496,JLI,56,41,10,850.0,8500.0
2021042805001495,JLI,14,20,10,849.0,8490.0
2021042805001494,JLI,14,49,10,849.0,8490.0
2021042805001493,JLI,14,39,10,849.0,8490.0
2021042805001492,JLI,16,47,10,850.0,8500.0
2021042805001491,JLI,16,57,10,850.0,8500.0
2021042805001506,JLI,8,45,10,850.0,8500.0
2021042805001505,JLI,56,39,10,850.0,8500.0
2021042805001504,JLI,56,20,10,850.0,8500.0
2021042805001500,JLI,56,57,10,850.0,8500.0
2021042805001499,JLI,56,22,10,850.0,8500.0
2021042805001497,JLI,56,49,10,850.0,8500.0
2021042805001517,JLI,28,38,10,850.0,8500.0
2021042805001516,JLI,28,58,10,850.0,8500.0
2021042805001515,JLI,6,58,10,851.0,8510.0
2021042805001513,JLI,6,49,10,851.0,8510.0
2021042805001511,JLI,6,45,10,851.0,8510.0
2021042805001508,JLI,40,45,10,850.0,8500.0
2021042805001525,JLI,40,41,10,851.0,8510.0
2021042805001523,JLI,21,6,10,850.0,8500.0
2021042805001521,JLI,21,40,10,850.0,8500.0
2021042805001520,JLI,21,58,10,850.0,8500.0
2021042805001519,JLI,21,36,10,850.0,8500.0
2021042805001518,JLI,21,49,10,850.0,8500.0
2021042805001544,JLI,28,34,10,851.0,8510.0
2021042805001543,JLI,28,56,10,851.0,8510.0
2021042805001542,JLI,28,56,10,851.0,8510.0
2021042805001532,JLI,17,48,10,850.0,8500.0
2021042805001531,JLI,17,39,10,850.0,8500.0
2021042805001528,JLI,40,36,10,851.0,8510.0
2021042805001555,JLI,34,34,10,853.0,8530.0
2021042805001552,JLI,56,14,10,853.0,8530.0
2021042805001551,JLI,14,49,10,851.0,8510.0
2021042805001550,JLI,28,39,10,851.0,8510.0
2021042805001546,JLI,28,39,10,851.0,8510.0
2021042805001545,JLI,28,13,10,851.0,8510.0
2021042805001575,JLI,40,45,10,852.0,8520.0
2021042805001574,JLI,22,29,10,854.0,8540.0
2021042805001561,JLI,14,7,10,851.0,8510.0
2021042805001560,JLI,14,39,10,851.0,8510.0
2021042805001557,JLI,14,16,10,851.0,8510.0
2021042805001556,JLI,34,40,10,853.0,8530.0
2021042805001589,JLI,32,58,10,855.0,8550.0
2021042805001588,JLI,32,32,10,855.0,8550.0
2021042805001587,JLI,39,7,10,853.0,8530.0
2021042805001582,JLI,4,55,10,854.0,8540.0
2021042805001580,JLI,4,55,10,854.0,8540.0
2021042805001576,JLI,4,4,10,854.0,8540.0
2021042805001595,JLI,56,16,10,855.0,8550.0
2021042805001594,JLI,56,57,10,855.0,8550.0
2021042805001593,JLI,39,49,10,853.0,8530.0
2021042805001592,JLI,32,35,10,855.0,8550.0
2021042805001591,JLI,32,49,10,855.0,8550.0
2021042805001590,JLI,32,14,10,855.0,8550.0
2021042805001602,JLI,53,51,10,857.0,8570.0
2021042805001601,JLI,53,22,10,857.0,8570.0
2021042805001600,JLI,53,47,10,857.0,8570.0
2021042805001599,JLI,56,7,10,855.0,8550.0
2021042805001598,JLI,56,32,10,855.0,8550.0
2021042805001597,JLI,56,20,10,855.0,8550.0
2021042805001608,JLI,53,57,10,857.0,8570.0
2021042805001607,JLI,53,45,10,857.0,8570.0
2021042805001606,JLI,53,57,10,857.0,8570.0
2021042805001605,JLI,53,34,10,857.0,8570.0
2021042805001604,JLI,53,59,10,857.0,8570.0
2021042805001603,JLI,53,51,10,857.0,8570.0
2021042805001619,JLI,29,56,10,857.0,8570.0
2021042805001618,JLI,29,38,10,857.0,8570.0
2021042805001615,JLI,29,49,10,857.0,8570.0
2021042805001614,JLI,29,7,10,857.0,8570.0
2021042805001613,JLI,42,29,10,858.0,8580.0
2021042805001612,JLI,29,57,10,857.0,8570.0
2021042805001635,JLI,17,39,10,857.0,8570.0
2021042805001632,JLI,17,32,10,857.0,8570.0
2021042805001630,JLI,17,38,10,857.0,8570.0
2021042805001629,JLI,17,49,10,857.0,8570.0
2021042805001622,JLI,29,49,10,857.0,8570.0
2021042805001620,JLI,29,38,10,857.0,8570.0
2021042805001524,MLBSL,3,44,10,2841.0,28410.0
2021042805001514,MLBSL,3,44,10,2841.0,28410.0
2021042805001507,MLBSL,3,44,10,2841.0,28410.0
2021042805001501,MLBSL,3,59,10,2841.0,28410.0
2021042805001483,MLBSL,3,21,10,2841.0,28410.0
2021042805001370,MLBSL,3,56,10,2841.0,28410.0
2021042805001273,MLBSL,3,42,10,2841.0,28410.0
2021042805001203,MLBSL,3,42,10,2841.0,28410.0
2021042805001182,MLBSL,3,54,10,2841.0,28410.0
2021042805001365,MLBSL,3,56,10,2841.0,28410.0
2021042805001313,MLBSL,3,6,10,2841.0,28410.0
2021042805001298,MLBSL,3,56,10,2841.0,28410.0
2021042805001282,MLBSL,3,59,10,2841.0,28410.0
2021042805001276,MLBSL,3,5,10,2841.0,28410.0
2021042805001274,MLBSL,3,55,10,2841.0,28410.0
2021042805001644,NICLBSL,41,21,20,1755.0,35100.0
2021042805001642,NICLBSL,41,39,10,1755.0,17550.0
2021042805001639,NICLBSL,32,38,10,1754.0,17540.0
2021042805001637,NICLBSL,32,38,10,1754.0,17540.0
2021042805001634,NICLBSL,32,41,11,1754.0,19294.0
2021042805001633,NICLBSL,32,39,10,1754.0,17540.0
2021042805001147,NICLBSL,22,35,10,1752.0,17520.0
2021042805001156,NICLBSL,14,45,100,1746.0,174600.0
2021042805001154,NICLBSL,26,35,40,1750.0,70000.0
2021042805001151,NICLBSL,26,35,40,1750.0,70000.0
2021042805001150,NICLBSL,29,35,20,1750.0,35000.0
2021042805001149,NICLBSL,29,35,20,1750.0,35000.0
2021042805001148,NICLBSL,45,35,40,1751.0,70040.0
2021042805001172,NICLBSL,1,38,105,1742.0,182910.0
2021042805001171,NICLBSL,58,38,145,1742.0,252590.0
2021042805001165,NICLBSL,38,14,25,1745.0,43625.0
2021042805001164,NICLBSL,35,14,10,1745.0,17450.0
2021042805001161,NICLBSL,35,43,10,1745.0,17450.0
2021042805001157,NICLBSL,25,45,27,1746.0,47142.0
2021042805001189,NICLBSL,14,38,20,1740.0,34800.0
2021042805001188,NICLBSL,44,38,15,1740.0,26100.0
2021042805001187,NICLBSL,1,38,125,1742.0,217750.0
2021042805001186,NICLBSL,1,49,10,1742.0,17420.0
2021042805001174,NICLBSL,1,38,250,1742.0,435500.0
2021042805001173,NICLBSL,1,44,10,1742.0,17420.0
2021042805001202,NICLBSL,21,41,10,1740.0,17400.0
2021042805001201,NICLBSL,13,41,40,1740.0,69600.0
2021042805001196,NICLBSL,13,16,10,1740.0,17400.0
2021042805001195,NICLBSL,13,38,10,1740.0,17400.0
2021042805001191,NICLBSL,13,38,40,1740.0,69600.0
2021042805001190,NICLBSL,39,38,50,1740.0,87000.0
2021042805001228,NICLBSL,29,11,10,1735.0,17350.0
2021042805001227,NICLBSL,29,44,20,1733.0,34660.0
2021042805001226,NICLBSL,37,38,10,1732.0,17320.0
2021042805001218,NICLBSL,16,35,91,1735.0,157885.0
2021042805001212,NICLBSL,52,36,10,1736.0,17360.0
2021042805001211,NICLBSL,57,41,10,1740.0,17400.0
2021042805001244,NICLBSL,29,16,10,1735.0,17350.0
2021042805001243,NICLBSL,29,21,10,1735.0,17350.0
2021042805001242,NICLBSL,33,36,10,1736.0,17360.0
2021042805001239,NICLBSL,29,56,10,1735.0,17350.0
2021042805001237,NICLBSL,29,11,10,1735.0,17350.0
2021042805001229,NICLBSL,29,4,20,1735.0,34700.0
2021042805001295,NICLBSL,58,26,10,1736.0,17360.0
2021042805001291,NICLBSL,57,38,10,1736.0,17360.0
2021042805001290,NICLBSL,57,45,10,1736.0,17360.0
2021042805001271,NICLBSL,22,25,30,1735.0,52050.0
2021042805001270,NICLBSL,57,25,30,1737.0,52110.0
2021042805001255,NICLBSL,29,26,10,1735.0,17350.0
2021042805001316,NICLBSL,42,26,10,1736.0,17360.0
2021042805001315,NICLBSL,58,26,10,1736.0,17360.0
2021042805001310,NICLBSL,57,56,10,1739.0,17390.0
2021042805001308,NICLBSL,58,11,10,1736.0,17360.0
2021042805001299,NICLBSL,58,49,10,1736.0,17360.0
2021042805001296,NICLBSL,58,34,10,1736.0,17360.0
2021042805001330,NICLBSL,45,51,10,1739.0,17390.0
2021042805001329,NICLBSL,38,55,20,1736.0,34720.0
2021042805001328,NICLBSL,38,17,10,1736.0,17360.0
2021042805001327,NICLBSL,38,45,10,1736.0,17360.0
2021042805001326,NICLBSL,38,26,10,1736.0,17360.0
2021042805001324,NICLBSL,22,17,10,1735.0,17350.0
2021042805001360,NICLBSL,32,56,10,1736.0,17360.0
2021042805001358,NICLBSL,41,49,19,1739.0,33041.0
2021042805001341,NICLBSL,8,16,10,1735.0,17350.0
2021042805001339,NICLBSL,38,26,10,1735.0,17350.0
2021042805001334,NICLBSL,22,56,10,1735.0,17350.0
2021042805001331,NICLBSL,45,41,40,1740.0,69600.0
2021042805001377,NICLBSL,29,42,10,1735.0,17350.0
2021042805001376,NICLBSL,29,49,10,1735.0,17350.0
2021042805001371,NICLBSL,29,49,10,1735.0,17350.0
2021042805001369,NICLBSL,29,56,10,1735.0,17350.0
2021042805001368,NICLBSL,29,45,10,1735.0,17350.0
2021042805001361,NICLBSL,8,56,11,1735.0,19085.0
2021042805001397,NICLBSL,46,45,10,1735.0,17350.0
2021042805001392,NICLBSL,46,56,10,1735.0,17350.0
2021042805001390,NICLBSL,46,56,10,1735.0,17350.0
2021042805001388,NICLBSL,46,56,10,1735.0,17350.0
2021042805001387,NICLBSL,46,48,10,1735.0,17350.0
2021042805001385,NICLBSL,29,56,10,1735.0,17350.0
2021042805001420,NICLBSL,36,40,10,1739.0,17390.0
2021042805001419,NICLBSL,36,26,50,1739.0,86950.0
2021042805001415,NICLBSL,38,16,10,1735.0,17350.0
2021042805001414,NICLBSL,38,56,10,1735.0,17350.0
2021042805001413,NICLBSL,38,45,13,1735.0,22555.0
2021042805001412,NICLBSL,38,39,10,1735.0,17350.0
2021042805001437,NICLBSL,25,56,10,1735.0,17350.0
2021042805001436,NICLBSL,25,56,10,1735.0,17350.0
2021042805001433,NICLBSL,33,20,10,1733.0,17330.0
2021042805001429,NICLBSL,49,54,10,1735.0,17350.0
2021042805001422,NICLBSL,36,41,10,1740.0,17400.0
2021042805001421,NICLBSL,36,48,10,1739.0,17390.0
2021042805001447,NICLBSL,36,37,10,1735.0,17350.0
2021042805001445,NICLBSL,46,20,10,1734.0,17340.0
2021042805001442,NICLBSL,33,20,10,1733.0,17330.0
2021042805001440,NICLBSL,25,34,10,1735.0,17350.0
2021042805001439,NICLBSL,25,56,10,1735.0,17350.0
2021042805001438,NICLBSL,25,56,10,1735.0,17350.0
2021042805001478,NICLBSL,46,20,10,1734.0,17340.0
2021042805001474,NICLBSL,46,45,10,1734.0,17340.0
2021042805001465,NICLBSL,36,48,10,1735.0,17350.0
2021042805001454,NICLBSL,36,20,10,1735.0,17350.0
2021042805001450,NICLBSL,36,38,10,1735.0,17350.0
2021042805001448,NICLBSL,36,20,10,1735.0,17350.0
2021042805001498,NICLBSL,47,26,36,1735.0,62460.0
2021042805001487,NICLBSL,47,20,10,1735.0,17350.0
2021042805001484,NICLBSL,47,20,10,1735.0,17350.0
2021042805001482,NICLBSL,47,56,10,1735.0,17350.0
2021042805001480,NICLBSL,47,49,10,1735.0,17350.0
2021042805001479,NICLBSL,46,59,10,1734.0,17340.0
2021042805001522,NICLBSL,34,41,25,1740.0,43500.0
2021042805001512,NICLBSL,25,20,10,1736.0,17360.0
2021042805001510,NICLBSL,58,34,10,1739.0,17390.0
2021042805001509,NICLBSL,58,39,10,1739.0,17390.0
2021042805001503,NICLBSL,56,20,10,1735.0,17350.0
2021042805001502,NICLBSL,47,45,10,1735.0,17350.0
2021042805001534,NICLBSL,58,41,30,1740.0,52200.0
2021042805001533,NICLBSL,55,20,10,1737.0,17370.0
2021042805001530,NICLBSL,55,38,10,1737.0,17370.0
2021042805001529,NICLBSL,55,59,10,1737.0,17370.0
2021042805001527,NICLBSL,55,39,10,1737.0,17370.0
2021042805001526,NICLBSL,55,20,10,1737.0,17370.0
2021042805001540,NICLBSL,49,41,20,1740.0,34800.0
2021042805001539,NICLBSL,49,39,10,1740.0,17400.0
2021042805001538,NICLBSL,49,17,10,1740.0,17400.0
2021042805001537,NICLBSL,49,39,10,1740.0,17400.0
2021042805001536,NICLBSL,49,14,10,1740.0,17400.0
2021042805001535,NICLBSL,49,41,235,1740.0,408900.0
2021042805001554,NICLBSL,34,16,20,1746.0,34920.0
2021042805001553,NICLBSL,51,39,20,1742.0,34840.0
2021042805001549,NICLBSL,49,34,10,1742.0,17420.0
2021042805001548,NICLBSL,49,41,200,1742.0,348400.0
2021042805001547,NICLBSL,1,4,10,1742.0,17420.0
2021042805001541,NICLBSL,38,41,6,1740.0,10440.0
2021042805001565,NICLBSL,49,10,10,1750.0,17500.0
2021042805001564,NICLBSL,49,14,10,1750.0,17500.0
2021042805001563,NICLBSL,49,35,30,1750.0,52500.0
2021042805001562,NICLBSL,49,36,10,1746.0,17460.0
2021042805001559,NICLBSL,32,34,10,1745.0,17450.0
2021042805001558,NICLBSL,32,56,20,1745.0,34900.0
2021042805001571,NICLBSL,49,48,10,1750.0,17500.0
2021042805001570,NICLBSL,49,16,50,1750.0,87500.0
2021042805001569,NICLBSL,49,42,31,1750.0,54250.0
2021042805001568,NICLBSL,49,48,20,1750.0,35000.0
2021042805001567,NICLBSL,49,10,10,1750.0,17500.0
2021042805001566,NICLBSL,49,42,10,1750.0,17500.0
2021042805001581,NICLBSL,34,8,10,1752.0,17520.0
2021042805001579,NICLBSL,34,39,10,1752.0,17520.0
2021042805001578,NICLBSL,34,55,12,1752.0,21024.0
2021042805001577,NICLBSL,34,6,10,1752.0,17520.0
2021042805001573,NICLBSL,14,39,10,1750.0,17500.0
2021042805001572,NICLBSL,49,45,50,1750.0,87500.0
2021042805001609,NICLBSL,32,39,10,1754.0,17540.0
2021042805001596,NICLBSL,32,39,10,1754.0,17540.0
2021042805001586,NICLBSL,32,29,10,1754.0,17540.0
2021042805001585,NICLBSL,32,17,10,1754.0,17540.0
2021042805001584,NICLBSL,32,17,10,1754.0,17540.0
2021042805001583,NICLBSL,32,17,10,1754.0,17540.0
2021042805001623,NICLBSL,57,56,10,1760.0,17600.0
2021042805001621,NICLBSL,54,45,150,1759.0,263850.0
2021042805001617,NICLBSL,19,32,41,1758.0,72078.0
2021042805001616,NICLBSL,19,38,10,1758.0,17580.0
2021042805001611,NICLBSL,17,47,10,1755.0,17550.0
2021042805001610,NICLBSL,32,40,10,1754.0,17540.0
2021042805001631,NICLBSL,19,41,139,1758.0,244362.0
2021042805001628,NICLBSL,19,38,10,1758.0,17580.0
2021042805001627,NICLBSL,14,36,20,1760.0,35200.0
2021042805001626,NICLBSL,14,6,10,1760.0,17600.0
2021042805001625,NICLBSL,14,38,10,1760.0,17600.0
2021042805001624,NICLBSL,57,38,40,1760.0,70400.0
2021042805001145,JLI,42,45,10,863.0,8630.0
2021042805001142,JLI,42,48,10,863.0,8630.0
2021042805001138,JLI,57,36,10,864.0,8640.0
2021042805001137,JLI,57,58,10,864.0,8640.0
2021042805001135,JLI,57,52,10,864.0,8640.0
2021042805001134,JLI,57,32,10,864.0,8640.0
2021042805000647,JLI,52,13,10,860.0,8600.0
2021042805000646,JLI,52,41,10,860.0,8600.0
2021042805000654,JLI,29,48,10,859.0,8590.0
2021042805000652,JLI,25,38,10,860.0,8600.0
2021042805000651,JLI,25,49,10,860.0,8600.0
2021042805000650,JLI,29,34,10,859.0,8590.0
2021042805000649,JLI,29,10,10,859.0,8590.0
2021042805000648,JLI,52,55,10,860.0,8600.0
2021042805000667,JLI,29,38,10,860.0,8600.0
2021042805000665,JLI,29,37,10,860.0,8600.0
2021042805000664,JLI,29,51,10,860.0,8600.0
2021042805000659,JLI,56,21,10,861.0,8610.0
2021042805000658,JLI,29,19,10,860.0,8600.0
2021042805000656,JLI,29,21,10,860.0,8600.0
2021042805000674,JLI,56,6,10,861.0,8610.0
2021042805000673,JLI,56,38,10,861.0,8610.0
2021042805000672,JLI,56,59,10,861.0,8610.0
2021042805000671,JLI,56,58,10,861.0,8610.0
2021042805000670,JLI,56,38,10,861.0,8610.0
2021042805000669,JLI,56,55,10,861.0,8610.0
2021042805000680,JLI,41,22,10,861.0,8610.0
2021042805000679,JLI,26,21,10,863.0,8630.0
2021042805000678,JLI,26,21,10,863.0,8630.0
2021042805000677,JLI,26,14,10,863.0,8630.0
2021042805000676,JLI,26,58,10,862.0,8620.0
2021042805000675,JLI,26,40,10,862.0,8620.0
2021042805000695,JLI,41,14,10,863.0,8630.0
2021042805000694,JLI,41,38,10,863.0,8630.0
2021042805000693,JLI,41,6,10,863.0,8630.0
2021042805000692,JLI,41,54,10,863.0,8630.0
2021042805000683,JLI,58,11,10,860.0,8600.0
2021042805000682,JLI,58,6,10,860.0,8600.0
2021042805000706,JLI,46,42,23,863.0,19849.0
2021042805000705,JLI,25,42,10,864.0,8640.0
2021042805000704,JLI,25,34,10,864.0,8640.0
2021042805000703,JLI,25,58,10,864.0,8640.0
2021042805000702,JLI,25,36,10,864.0,8640.0
2021042805000696,JLI,41,35,10,864.0,8640.0
2021042805000713,JLI,42,58,10,863.0,8630.0
2021042805000711,JLI,42,8,10,863.0,8630.0
2021042805000710,JLI,42,8,10,863.0,8630.0
2021042805000709,JLI,42,54,10,863.0,8630.0
2021042805000708,JLI,42,13,10,863.0,8630.0
2021042805000707,JLI,42,42,27,863.0,23301.0
2021042805000721,JLI,58,32,10,865.0,8650.0
2021042805000720,JLI,58,47,10,865.0,8650.0
2021042805000719,JLI,58,57,60,864.0,51840.0
2021042805000717,JLI,42,57,20,864.0,17280.0
2021042805000716,JLI,42,19,10,863.0,8630.0
2021042805000714,JLI,22,57,10,864.0,8640.0
2021042805000729,JLI,25,49,10,865.0,8650.0
2021042805000728,JLI,25,49,10,865.0,8650.0
2021042805000727,JLI,25,49,10,865.0,8650.0
2021042805000726,JLI,25,45,10,865.0,8650.0
2021042805000724,JLI,21,38,10,864.0,8640.0
2021042805000722,JLI,42,36,10,863.0,8630.0
2021042805000741,JLI,57,49,10,865.0,8650.0
2021042805000740,JLI,57,6,30,865.0,25950.0
2021042805000733,JLI,19,6,20,865.0,17300.0
2021042805000732,JLI,36,6,50,865.0,43250.0
2021042805000731,JLI,21,43,10,864.0,8640.0
2021042805000730,JLI,25,6,10,865.0,8650.0
2021042805000747,JLI,45,22,10,865.0,8650.0
2021042805000746,JLI,45,49,10,865.0,8650.0
2021042805000745,JLI,21,51,10,864.0,8640.0
2021042805000744,JLI,57,49,10,865.0,8650.0
2021042805000743,JLI,57,58,10,865.0,8650.0
2021042805000742,JLI,57,49,10,865.0,8650.0
2021042805000753,JLI,45,58,10,865.0,8650.0
2021042805000752,JLI,45,58,10,865.0,8650.0
2021042805000751,JLI,45,11,10,865.0,8650.0
2021042805000750,JLI,45,52,10,865.0,8650.0
2021042805000749,JLI,45,11,10,865.0,8650.0
2021042805000748,JLI,45,38,10,865.0,8650.0
2021042805000768,JLI,59,52,10,865.0,8650.0
2021042805000766,JLI,59,19,10,865.0,8650.0
2021042805000765,JLI,59,44,10,865.0,8650.0
2021042805000763,JLI,59,51,10,865.0,8650.0
2021042805000761,JLI,45,52,10,865.0,8650.0
2021042805000758,JLI,45,36,10,865.0,8650.0
2021042805000779,JLI,56,52,10,865.0,8650.0
2021042805000778,JLI,56,17,10,865.0,8650.0
2021042805000776,JLI,56,22,10,865.0,8650.0
2021042805000774,JLI,59,52,10,865.0,8650.0
2021042805000773,JLI,34,42,10,866.0,8660.0
2021042805000772,JLI,34,39,10,866.0,8660.0
2021042805000789,JLI,58,14,10,867.0,8670.0
2021042805000788,JLI,58,22,10,867.0,8670.0
2021042805000787,JLI,58,53,10,867.0,8670.0
2021042805000785,JLI,56,52,10,865.0,8650.0
2021042805000784,JLI,56,52,10,865.0,8650.0
2021042805000783,JLI,44,50,10,866.0,8660.0
2021042805000805,JLI,58,44,10,867.0,8670.0
2021042805000794,JLI,58,57,10,867.0,8670.0
2021042805000793,JLI,58,57,10,867.0,8670.0
2021042805000792,JLI,58,57,10,867.0,8670.0
2021042805000791,JLI,58,57,10,867.0,8670.0
2021042805000790,JLI,58,57,10,867.0,8670.0
2021042805000813,JLI,58,50,10,868.0,8680.0
2021042805000811,JLI,58,28,10,868.0,8680.0
2021042805000809,JLI,58,54,10,868.0,8680.0
2021042805000808,JLI,58,36,50,868.0,43400.0
2021042805000807,JLI,58,40,10,867.0,8670.0
2021042805000806,JLI,3,6,10,868.0,8680.0
2021042805000824,JLI,53,26,10,870.0,8700.0
2021042805000823,JLI,41,55,10,868.0,8680.0
2021042805000821,JLI,41,52,10,868.0,8680.0
2021042805000820,JLI,58,49,10,868.0,8680.0
2021042805000818,JLI,58,16,10,868.0,8680.0
2021042805000816,JLI,3,52,10,870.0,8700.0
2021042805000831,JLI,3,47,10,867.0,8670.0
2021042805000829,JLI,58,43,10,867.0,8670.0
2021042805000828,JLI,53,38,10,870.0,8700.0
2021042805000827,JLI,53,11,10,870.0,8700.0
2021042805000826,JLI,53,17,10,870.0,8700.0
2021042805000825,JLI,53,52,10,870.0,8700.0
2021042805000843,JLI,21,42,10,868.0,8680.0
2021042805000840,JLI,21,25,10,868.0,8680.0
2021042805000837,JLI,21,39,10,868.0,8680.0
2021042805000834,JLI,3,45,10,868.0,8680.0
2021042805000833,JLI,6,34,10,868.0,8680.0
2021042805000832,JLI,3,55,10,867.0,8670.0
2021042805000850,JLI,58,26,10,868.0,8680.0
2021042805000849,JLI,58,29,10,868.0,8680.0
2021042805000848,JLI,58,3,10,868.0,8680.0
2021042805000847,JLI,21,21,10,868.0,8680.0
2021042805000846,JLI,21,51,10,868.0,8680.0
2021042805000845,JLI,21,36,10,868.0,8680.0
2021042805000862,JLI,58,32,10,868.0,8680.0
2021042805000861,JLI,58,38,10,868.0,8680.0
2021042805000860,JLI,35,45,40,869.0,34760.0
2021042805000859,JLI,35,22,10,869.0,8690.0
2021042805000857,JLI,58,38,10,868.0,8680.0
2021042805000851,JLI,58,41,10,868.0,8680.0
2021042805000868,JLI,58,54,10,868.0,8680.0
2021042805000867,JLI,58,38,10,868.0,8680.0
2021042805000866,JLI,58,32,10,868.0,8680.0
2021042805000865,JLI,58,38,10,868.0,8680.0
2021042805000864,JLI,58,52,10,868.0,8680.0
2021042805000863,JLI,58,45,10,868.0,8680.0
2021042805000878,JLI,20,32,10,869.0,8690.0
2021042805000877,JLI,20,16,10,869.0,8690.0
2021042805000874,JLI,58,41,10,868.0,8680.0
2021042805000873,JLI,55,26,10,869.0,8690.0
2021042805000872,JLI,55,45,10,869.0,8690.0
2021042805000871,JLI,58,38,10,868.0,8680.0
2021042805000885,JLI,42,53,10,869.0,8690.0
2021042805000884,JLI,42,56,10,869.0,8690.0
2021042805000883,JLI,42,52,10,869.0,8690.0
2021042805000881,JLI,29,17,10,870.0,8700.0
2021042805000880,JLI,29,38,10,870.0,8700.0
2021042805000879,JLI,42,49,10,869.0,8690.0
2021042805000894,JLI,58,48,10,868.0,8680.0
2021042805000893,JLI,58,14,10,868.0,8680.0
2021042805000891,JLI,36,40,10,869.0,8690.0
2021042805000890,JLI,58,52,10,868.0,8680.0
2021042805000889,JLI,58,47,10,868.0,8680.0
2021042805000886,JLI,42,45,10,869.0,8690.0
2021042805000905,JLI,34,13,10,869.0,8690.0
2021042805000902,JLI,34,36,10,869.0,8690.0
2021042805000900,JLI,34,45,10,869.0,8690.0
2021042805000899,JLI,38,35,10,869.0,8690.0
2021042805000896,JLI,38,6,10,869.0,8690.0
2021042805000895,JLI,38,22,10,869.0,8690.0
2021042805000914,JLI,58,38,10,868.0,8680.0
2021042805000913,JLI,44,6,10,870.0,8700.0
2021042805000912,JLI,44,6,10,870.0,8700.0
2021042805000910,JLI,58,56,10,868.0,8680.0
2021042805000908,JLI,53,38,10,869.0,8690.0
2021042805000907,JLI,34,45,10,869.0,8690.0
2021042805000928,JLI,46,45,10,869.0,8690.0
2021042805000925,JLI,57,26,10,870.0,8700.0
2021042805000924,JLI,57,42,10,870.0,8700.0
2021042805000922,JLI,58,38,10,868.0,8680.0
2021042805000919,JLI,58,38,10,868.0,8680.0
2021042805000918,JLI,58,7,10,868.0,8680.0
2021042805000941,JLI,43,44,10,870.0,8700.0
2021042805000940,JLI,43,40,10,870.0,8700.0
2021042805000939,JLI,43,38,10,870.0,8700.0
2021042805000934,JLI,58,3,10,868.0,8680.0
2021042805000933,JLI,58,57,160,868.0,138880.0
2021042805000931,JLI,46,32,10,869.0,8690.0
2021042805000947,JLI,43,41,10,870.0,8700.0
2021042805000946,JLI,43,32,10,870.0,8700.0
2021042805000945,JLI,43,54,10,870.0,8700.0
2021042805000944,JLI,43,42,10,870.0,8700.0
2021042805000943,JLI,43,21,10,870.0,8700.0
2021042805000942,JLI,43,19,10,870.0,8700.0
2021042805000961,JLI,58,40,60,868.0,52080.0
2021042805000960,JLI,58,33,10,868.0,8680.0
2021042805000959,JLI,58,38,10,868.0,8680.0
2021042805000955,JLI,58,36,10,868.0,8680.0
2021042805000952,JLI,38,25,10,870.0,8700.0
2021042805000948,JLI,43,25,10,870.0,8700.0
2021042805000968,JLI,45,45,10,870.0,8700.0
2021042805000967,JLI,45,45,10,870.0,8700.0
2021042805000966,JLI,45,35,10,869.0,8690.0
2021042805000964,JLI,41,40,10,868.0,8680.0
2021042805000963,JLI,35,40,10,868.0,8680.0
2021042805000962,JLI,38,40,20,868.0,17360.0
2021042805000976,JLI,41,52,10,868.0,8680.0
2021042805000974,JLI,41,17,10,868.0,8680.0
2021042805000973,JLI,41,38,10,868.0,8680.0
2021042805000971,JLI,42,6,10,870.0,8700.0
2021042805000970,JLI,45,21,10,870.0,8700.0
2021042805000969,JLI,45,32,10,870.0,8700.0
2021042805000989,JLI,3,52,10,867.0,8670.0
2021042805000985,JLI,29,58,10,869.0,8690.0
2021042805000984,JLI,29,22,10,869.0,8690.0
2021042805000982,JLI,54,42,10,868.0,8680.0
2021042805000980,JLI,5,52,10,868.0,8680.0
2021042805000977,JLI,41,26,10,868.0,8680.0
