Transact. No.,Symbol,Buyer,Seller,Quantity,Rate,Amount
2021042605009795,JLI,45,47,10,822.0,8220.0
2021042605009793,JLI,43,7,10,823.0,8230.0
2021042605009792,JLI,43,4,10,823.0,8230.0
2021042605009791,JLI,45,14,10,822.0,8220.0
2021042605009790,JLI,48,20,10,822.0,8220.0
2021042605009786,JLI,48,53,10,822.0,8220.0
2021042605009301,JLI,3,41,10,822.0,8220.0
2021042605009300,JLI,3,58,10,822.0,8220.0
2021042605009299,JLI,3,47,10,822.0,8220.0
2021042605009298,JLI,3,32,10,822.0,8220.0
2021042605009297,JLI,3,58,10,822.0,8220.0
2021042605009296,JLI,3,58,10,822.0,8220.0
2021042605009307,JLI,3,47,10,822.0,8220.0
2021042605009306,JLI,3,38,10,822.0,8220.0
2021042605009305,JLI,3,58,10,822.0,8220.0
2021042605009304,JLI,3,47,10,822.0,8220.0
2021042605009303,JLI,3,35,10,822.0,8220.0
2021042605009302,JLI,3,58,10,822.0,8220.0
2021042605009313,JLI,3,47,10,822.0,8220.0
2021042605009312,JLI,3,58,10,822.0,8220.0
2021042605009311,JLI,3,49,10,822.0,8220.0
2021042605009310,JLI,3,58,10,822.0,8220.0
2021042605009309,JLI,3,47,10,822.0,8220.0
2021042605009308,JLI,3,32,10,822.0,8220.0
2021042605009322,JLI,26,49,10,821.0,8210.0
2021042605009321,JLI,16,52,10,820.0,8200.0
2021042605009319,JLI,42,40,10,820.0,8200.0
2021042605009316,JLI,42,5,10,820.0,8200.0
2021042605009315,JLI,3,58,10,822.0,8220.0
2021042605009314,JLI,3,42,10,822.0,8220.0
2021042605009333,JLI,3,26,10,821.0,8210.0
2021042605009332,JLI,3,48,10,821.0,8210.0
2021042605009330,JLI,41,45,10,820.0,8200.0
2021042605009329,JLI,41,6,10,820.0,8200.0
2021042605009327,JLI,41,40,10,820.0,8200.0
2021042605009326,JLI,41,28,10,820.0,8200.0
2021042605009339,JLI,3,40,10,821.0,8210.0
2021042605009338,JLI,3,52,10,821.0,8210.0
2021042605009337,JLI,3,22,10,821.0,8210.0
2021042605009336,JLI,3,39,50,821.0,41050.0
2021042605009335,JLI,3,45,10,821.0,8210.0
2021042605009334,JLI,3,44,10,821.0,8210.0
2021042605009353,JLI,3,22,10,821.0,8210.0
2021042605009349,JLI,3,36,10,821.0,8210.0
2021042605009348,JLI,3,14,10,821.0,8210.0
2021042605009347,JLI,3,58,10,821.0,8210.0
2021042605009344,JLI,3,51,10,821.0,8210.0
2021042605009343,JLI,3,16,10,821.0,8210.0
2021042605009360,JLI,3,4,10,821.0,8210.0
2021042605009359,JLI,3,58,10,821.0,8210.0
2021042605009358,JLI,1,25,20,821.0,16420.0
2021042605009357,JLI,3,43,10,821.0,8210.0
2021042605009356,JLI,3,17,10,821.0,8210.0
2021042605009354,JLI,3,56,10,821.0,8210.0
2021042605009366,JLI,3,6,10,821.0,8210.0
2021042605009365,JLI,3,58,10,821.0,8210.0
2021042605009364,JLI,3,58,10,821.0,8210.0
2021042605009363,JLI,3,45,10,821.0,8210.0
2021042605009362,JLI,3,56,10,821.0,8210.0
2021042605009361,JLI,3,58,10,821.0,8210.0
2021042605009377,JLI,38,58,10,822.0,8220.0
2021042605009375,JLI,3,14,10,821.0,8210.0
2021042605009374,JLI,3,54,10,821.0,8210.0
2021042605009373,JLI,3,4,10,821.0,8210.0
2021042605009371,JLI,3,58,10,821.0,8210.0
2021042605009370,JLI,3,38,10,821.0,8210.0
2021042605009388,JLI,3,28,10,821.0,8210.0
2021042605009387,JLI,3,26,10,821.0,8210.0
2021042605009386,JLI,3,6,10,821.0,8210.0
2021042605009382,JLI,3,49,10,821.0,8210.0
2021042605009380,JLI,3,17,10,821.0,8210.0
2021042605009378,JLI,3,38,10,821.0,8210.0
2021042605009403,JLI,3,6,10,821.0,8210.0
2021042605009401,JLI,3,17,10,821.0,8210.0
2021042605009400,JLI,3,56,10,821.0,8210.0
2021042605009399,JLI,3,58,10,821.0,8210.0
2021042605009398,JLI,3,36,10,821.0,8210.0
2021042605009395,JLI,3,45,10,821.0,8210.0
2021042605009420,JLI,3,58,10,821.0,8210.0
2021042605009419,JLI,3,29,10,821.0,8210.0
2021042605009414,JLI,3,53,10,821.0,8210.0
2021042605009413,JLI,3,41,10,821.0,8210.0
2021042605009405,JLI,3,41,10,821.0,8210.0
2021042605009404,JLI,3,55,10,821.0,8210.0
2021042605009429,JLI,3,8,10,821.0,8210.0
2021042605009426,JLI,3,58,10,821.0,8210.0
2021042605009425,JLI,45,58,10,822.0,8220.0
2021042605009424,JLI,3,49,10,821.0,8210.0
2021042605009422,JLI,3,54,10,821.0,8210.0
2021042605009421,JLI,3,43,10,821.0,8210.0
2021042605009436,JLI,3,45,10,821.0,8210.0
2021042605009435,JLI,3,58,10,821.0,8210.0
2021042605009433,JLI,3,35,10,821.0,8210.0
2021042605009432,JLI,3,29,10,821.0,8210.0
2021042605009431,JLI,3,54,10,821.0,8210.0
2021042605009430,JLI,3,26,10,821.0,8210.0
2021042605009445,JLI,3,20,10,821.0,8210.0
2021042605009441,JLI,3,21,10,821.0,8210.0
2021042605009440,JLI,3,56,10,821.0,8210.0
2021042605009439,JLI,3,47,10,821.0,8210.0
2021042605009438,JLI,3,26,10,821.0,8210.0
2021042605009437,JLI,3,25,10,821.0,8210.0
2021042605009451,JLI,39,58,10,821.0,8210.0
2021042605009450,JLI,39,45,10,821.0,8210.0
2021042605009449,JLI,45,58,10,821.0,8210.0
2021042605009448,JLI,58,38,10,821.0,8210.0
2021042605009447,JLI,58,8,10,821.0,8210.0
2021042605009446,JLI,3,19,10,821.0,8210.0
2021042605009458,JLI,3,56,10,821.0,8210.0
2021042605009457,JLI,3,16,10,821.0,8210.0
2021042605009456,JLI,3,50,10,821.0,8210.0
2021042605009455,JLI,3,13,10,821.0,8210.0
2021042605009454,JLI,3,58,10,821.0,8210.0
2021042605009452,JLI,21,41,10,821.0,8210.0
2021042605009465,JLI,50,52,10,822.0,8220.0
2021042605009464,JLI,50,45,10,822.0,8220.0
2021042605009463,JLI,50,58,10,822.0,8220.0
2021042605009462,JLI,50,58,10,822.0,8220.0
2021042605009461,JLI,50,35,10,822.0,8220.0
2021042605009459,JLI,3,14,10,821.0,8210.0
2021042605009471,JLI,56,11,10,822.0,8220.0
2021042605009470,JLI,56,56,10,822.0,8220.0
2021042605009469,JLI,56,16,10,822.0,8220.0
2021042605009468,JLI,56,38,10,822.0,8220.0
2021042605009467,JLI,56,25,10,822.0,8220.0
2021042605009466,JLI,3,55,10,821.0,8210.0
2021042605009477,JLI,3,57,10,821.0,8210.0
2021042605009476,JLI,56,22,10,822.0,8220.0
2021042605009475,JLI,56,34,10,822.0,8220.0
2021042605009474,JLI,56,50,10,822.0,8220.0
2021042605009473,JLI,56,53,10,822.0,8220.0
2021042605009472,JLI,56,14,10,822.0,8220.0
2021042605009486,JLI,3,34,10,821.0,8210.0
2021042605009485,JLI,3,14,10,821.0,8210.0
2021042605009484,JLI,3,58,10,821.0,8210.0
2021042605009483,JLI,3,26,10,821.0,8210.0
2021042605009480,JLI,3,45,10,821.0,8210.0
2021042605009479,JLI,56,58,10,822.0,8220.0
2021042605009503,JLI,3,22,10,821.0,8210.0
2021042605009496,JLI,3,52,10,821.0,8210.0
2021042605009495,JLI,3,34,10,821.0,8210.0
2021042605009494,JLI,3,10,10,821.0,8210.0
2021042605009489,JLI,3,58,10,821.0,8210.0
2021042605009487,JLI,3,58,10,821.0,8210.0
2021042605009511,JLI,3,38,10,821.0,8210.0
2021042605009509,JLI,3,6,10,821.0,8210.0
2021042605009508,JLI,38,49,10,822.0,8220.0
2021042605009507,JLI,3,57,10,821.0,8210.0
2021042605009505,JLI,3,8,10,821.0,8210.0
2021042605009504,JLI,3,40,10,821.0,8210.0
2021042605009525,JLI,3,38,10,821.0,8210.0
2021042605009523,JLI,3,56,10,821.0,8210.0
2021042605009516,JLI,3,21,10,821.0,8210.0
2021042605009515,JLI,3,42,10,821.0,8210.0
2021042605009514,JLI,3,34,10,821.0,8210.0
2021042605009512,JLI,3,58,10,821.0,8210.0
2021042605009534,JLI,3,8,10,821.0,8210.0
2021042605009533,JLI,3,20,10,821.0,8210.0
2021042605009532,JLI,3,49,10,821.0,8210.0
2021042605009531,JLI,3,26,10,821.0,8210.0
2021042605009530,JLI,3,58,10,821.0,8210.0
2021042605009526,JLI,3,51,10,821.0,8210.0
2021042605009543,JLI,3,11,10,821.0,8210.0
2021042605009542,JLI,3,35,10,821.0,8210.0
2021042605009540,JLI,3,10,10,821.0,8210.0
2021042605009538,JLI,3,26,10,821.0,8210.0
2021042605009536,JLI,3,58,10,821.0,8210.0
2021042605009535,JLI,3,22,10,821.0,8210.0
2021042605009550,JLI,3,7,10,821.0,8210.0
2021042605009549,JLI,3,48,10,821.0,8210.0
2021042605009548,JLI,3,8,10,821.0,8210.0
2021042605009547,JLI,3,45,10,821.0,8210.0
2021042605009546,JLI,3,25,10,821.0,8210.0
2021042605009545,JLI,21,53,10,822.0,8220.0
2021042605009556,JLI,6,42,10,822.0,8220.0
2021042605009555,JLI,6,45,10,822.0,8220.0
2021042605009554,JLI,17,58,10,822.0,8220.0
2021042605009553,JLI,3,26,10,821.0,8210.0
2021042605009552,JLI,3,58,10,821.0,8210.0
2021042605009551,JLI,3,21,10,821.0,8210.0
2021042605009562,JLI,21,6,10,821.0,8210.0
2021042605009561,JLI,6,8,10,822.0,8220.0
2021042605009560,JLI,6,55,10,822.0,8220.0
2021042605009559,JLI,6,51,10,822.0,8220.0
2021042605009558,JLI,6,50,10,822.0,8220.0
2021042605009557,JLI,6,13,10,822.0,8220.0
2021042605009578,JLI,58,34,10,821.0,8210.0
2021042605009574,JLI,58,49,10,821.0,8210.0
2021042605009573,JLI,38,58,10,822.0,8220.0
2021042605009568,JLI,58,26,10,821.0,8210.0
2021042605009567,JLI,58,53,10,821.0,8210.0
2021042605009566,JLI,22,49,10,822.0,8220.0
2021042605009584,JLI,35,29,10,822.0,8220.0
2021042605009583,JLI,8,46,10,821.0,8210.0
2021042605009582,JLI,57,26,10,821.0,8210.0
2021042605009581,JLI,57,52,10,821.0,8210.0
2021042605009580,JLI,58,22,10,821.0,8210.0
2021042605009579,JLI,58,8,10,821.0,8210.0
2021042605009596,JLI,58,35,10,822.0,8220.0
2021042605009595,JLI,58,34,10,822.0,8220.0
2021042605009594,JLI,8,58,10,821.0,8210.0
2021042605009588,JLI,8,54,10,821.0,8210.0
2021042605009587,JLI,8,57,10,821.0,8210.0
2021042605009586,JLI,8,26,10,821.0,8210.0
2021042605009602,JLI,50,8,10,821.0,8210.0
2021042605009601,JLI,58,29,10,822.0,8220.0
2021042605009600,JLI,58,43,10,822.0,8220.0
2021042605009599,JLI,58,58,10,822.0,8220.0
2021042605009598,JLI,58,32,35,822.0,28770.0
2021042605009597,JLI,58,58,10,822.0,8220.0
2021042605009612,JLI,1,58,10,822.0,8220.0
2021042605009611,JLI,1,58,10,822.0,8220.0
2021042605009610,JLI,1,17,10,822.0,8220.0
2021042605009609,JLI,1,58,10,822.0,8220.0
2021042605009606,JLI,50,58,10,821.0,8210.0
2021042605009603,JLI,50,13,10,821.0,8210.0
2021042605009619,JLI,1,49,10,822.0,8220.0
2021042605009618,JLI,1,14,10,822.0,8220.0
2021042605009617,JLI,1,33,10,822.0,8220.0
2021042605009616,JLI,1,21,10,822.0,8220.0
2021042605009615,JLI,1,58,10,822.0,8220.0
2021042605009613,JLI,1,32,10,822.0,8220.0
2021042605009630,JLI,57,51,10,822.0,8220.0
2021042605009628,JLI,57,41,10,822.0,8220.0
2021042605009625,JLI,13,52,10,822.0,8220.0
2021042605009624,JLI,13,58,10,822.0,8220.0
2021042605009621,JLI,13,22,10,822.0,8220.0
2021042605009620,JLI,13,58,10,822.0,8220.0
2021042605009640,JLI,57,8,10,822.0,8220.0
2021042605009639,JLI,57,36,10,822.0,8220.0
2021042605009637,JLI,57,7,10,822.0,8220.0
2021042605009636,JLI,57,6,10,822.0,8220.0
2021042605009634,JLI,57,22,10,822.0,8220.0
2021042605009633,JLI,57,58,10,822.0,8220.0
2021042605009648,JLI,57,26,10,822.0,8220.0
2021042605009647,JLI,57,51,10,822.0,8220.0
2021042605009646,JLI,57,35,10,822.0,8220.0
2021042605009645,JLI,57,22,10,822.0,8220.0
2021042605009644,JLI,57,58,10,822.0,8220.0
2021042605009643,JLI,57,5,10,822.0,8220.0
2021042605009654,JLI,45,52,10,823.0,8230.0
2021042605009653,JLI,45,45,10,823.0,8230.0
2021042605009652,JLI,45,49,10,823.0,8230.0
2021042605009651,JLI,45,45,10,823.0,8230.0
2021042605009650,JLI,45,45,10,823.0,8230.0
2021042605009649,JLI,57,39,10,822.0,8220.0
2021042605009665,JLI,57,58,10,822.0,8220.0
2021042605009659,JLI,45,45,10,823.0,8230.0
2021042605009658,JLI,45,45,10,823.0,8230.0
2021042605009657,JLI,45,45,10,823.0,8230.0
2021042605009656,JLI,45,45,10,823.0,8230.0
2021042605009655,JLI,45,58,10,823.0,8230.0
2021042605009671,JLI,34,51,10,823.0,8230.0
2021042605009670,JLI,34,45,10,823.0,8230.0
2021042605009669,JLI,34,45,10,823.0,8230.0
2021042605009668,JLI,34,45,10,823.0,8230.0
2021042605009667,JLI,48,45,10,823.0,8230.0
2021042605009666,JLI,57,38,10,822.0,8220.0
2021042605009677,JLI,34,58,10,823.0,8230.0
2021042605009676,JLI,34,49,10,823.0,8230.0
2021042605009675,JLI,34,41,10,823.0,8230.0
2021042605009674,JLI,34,58,10,823.0,8230.0
2021042605009673,JLI,34,59,10,823.0,8230.0
2021042605009672,JLI,34,38,10,823.0,8230.0
2021042605009691,JLI,41,38,10,822.0,8220.0
2021042605009688,JLI,14,13,10,822.0,8220.0
2021042605009687,JLI,14,6,10,822.0,8220.0
2021042605009684,JLI,57,45,10,822.0,8220.0
2021042605009683,JLI,57,34,10,822.0,8220.0
2021042605009678,JLI,57,21,10,822.0,8220.0
2021042605009704,JLI,26,34,10,824.0,8240.0
2021042605009703,JLI,26,52,10,824.0,8240.0
2021042605009702,JLI,26,45,10,824.0,8240.0
2021042605009701,JLI,26,1,10,823.0,8230.0
2021042605009700,JLI,26,50,10,823.0,8230.0
2021042605009696,JLI,41,38,10,822.0,8220.0
2021042605009717,JLI,26,32,10,824.0,8240.0
2021042605009716,JLI,26,49,10,824.0,8240.0
2021042605009715,JLI,26,17,10,824.0,8240.0
2021042605009710,JLI,26,58,10,824.0,8240.0
2021042605009708,JLI,26,35,50,824.0,41200.0
2021042605009705,JLI,26,20,10,824.0,8240.0
2021042605009723,JLI,26,45,10,824.0,8240.0
2021042605009722,JLI,26,43,10,824.0,8240.0
2021042605009721,JLI,26,48,10,824.0,8240.0
2021042605009720,JLI,26,16,10,824.0,8240.0
2021042605009719,JLI,26,57,10,824.0,8240.0
2021042605009718,JLI,45,57,10,825.0,8250.0
2021042605009748,JLI,45,22,10,823.0,8230.0
2021042605009747,JLI,48,38,10,822.0,8220.0
2021042605009730,JLI,39,17,10,823.0,8230.0
2021042605009727,JLI,39,21,10,823.0,8230.0
2021042605009726,JLI,59,38,10,825.0,8250.0
2021042605009725,JLI,59,14,10,825.0,8250.0
2021042605009775,JLI,48,34,10,822.0,8220.0
2021042605009772,JLI,45,57,10,823.0,8230.0
2021042605009771,JLI,48,51,10,822.0,8220.0
2021042605009763,JLI,48,58,10,822.0,8220.0
2021042605009759,JLI,48,47,10,822.0,8220.0
2021042605009749,JLI,45,57,10,823.0,8230.0
2021042605009785,JLI,48,51,10,822.0,8220.0
2021042605009782,JLI,55,55,10,823.0,8230.0
2021042605009781,JLI,55,14,10,823.0,8230.0
2021042605009779,JLI,48,58,10,822.0,8220.0
2021042605009777,JLI,58,58,10,823.0,8230.0
2021042605009776,JLI,48,18,10,822.0,8220.0
2021042605009632,MLBSL,14,38,10,2349.0,23490.0
2021042605009442,MLBSL,14,34,10,2349.0,23490.0
2021042605009381,MLBSL,14,36,10,2349.0,23490.0
2021042605009794,NICLBSL,57,34,50,1701.0,85050.0
2021042605009789,NICLBSL,57,37,10,1701.0,17010.0
2021042605009788,NICLBSL,34,36,30,1701.0,51030.0
2021042605009787,NICLBSL,29,36,20,1701.0,34020.0
2021042605009784,NICLBSL,29,13,10,1701.0,17010.0
2021042605009783,NICLBSL,29,17,20,1701.0,34020.0
2021042605009324,NICLBSL,44,39,10,1703.0,17030.0
2021042605009323,NICLBSL,58,39,170,1703.0,289510.0
2021042605009320,NICLBSL,58,29,10,1703.0,17030.0
2021042605009318,NICLBSL,58,58,10,1703.0,17030.0
2021042605009317,NICLBSL,58,57,10,1703.0,17030.0
2021042605009342,NICLBSL,49,22,10,1701.0,17010.0
2021042605009341,NICLBSL,49,57,10,1701.0,17010.0
2021042605009340,NICLBSL,49,39,10,1701.0,17010.0
2021042605009331,NICLBSL,49,20,10,1701.0,17010.0
2021042605009328,NICLBSL,29,55,20,1701.0,34020.0
2021042605009325,NICLBSL,43,39,20,1701.0,34020.0
2021042605009355,NICLBSL,44,16,10,1701.0,17010.0
2021042605009352,NICLBSL,47,16,50,1701.0,85050.0
2021042605009351,NICLBSL,49,16,389,1701.0,661689.0
2021042605009350,NICLBSL,42,16,20,1701.0,34020.0
2021042605009346,NICLBSL,42,14,30,1701.0,51030.0
2021042605009345,NICLBSL,49,14,10,1701.0,17010.0
2021042605009379,NICLBSL,16,58,10,1700.0,17000.0
2021042605009376,NICLBSL,38,16,100,1701.0,170100.0
2021042605009372,NICLBSL,16,22,10,1700.0,17000.0
2021042605009369,NICLBSL,16,16,60,1700.0,102000.0
2021042605009368,NICLBSL,11,16,40,1700.0,68000.0
2021042605009367,NICLBSL,11,59,10,1700.0,17000.0
2021042605009391,NICLBSL,8,47,10,1700.0,17000.0
2021042605009390,NICLBSL,52,47,10,1700.0,17000.0
2021042605009389,NICLBSL,16,47,10,1700.0,17000.0
2021042605009385,NICLBSL,41,16,100,1701.0,170100.0
2021042605009384,NICLBSL,14,16,100,1700.0,170000.0
2021042605009383,NICLBSL,16,20,10,1700.0,17000.0
2021042605009402,NICLBSL,16,52,20,1700.0,34000.0
2021042605009397,NICLBSL,16,16,100,1700.0,170000.0
2021042605009396,NICLBSL,55,16,25,1701.0,42525.0
2021042605009394,NICLBSL,16,32,10,1700.0,17000.0
2021042605009393,NICLBSL,16,47,40,1700.0,68000.0
2021042605009392,NICLBSL,41,47,100,1700.0,170000.0
2021042605009411,NICLBSL,39,16,20,1700.0,34000.0
2021042605009410,NICLBSL,39,16,50,1700.0,85000.0
2021042605009409,NICLBSL,39,16,50,1700.0,85000.0
2021042605009408,NICLBSL,44,16,50,1700.0,85000.0
2021042605009407,NICLBSL,16,16,20,1700.0,34000.0
2021042605009406,NICLBSL,16,20,10,1700.0,17000.0
2021042605009423,NICLBSL,7,58,10,1701.0,17010.0
2021042605009418,NICLBSL,7,25,10,1701.0,17010.0
2021042605009417,NICLBSL,7,14,10,1701.0,17010.0
2021042605009416,NICLBSL,7,53,10,1701.0,17010.0
2021042605009415,NICLBSL,7,16,37,1701.0,62937.0
2021042605009412,NICLBSL,17,16,10,1700.0,17000.0
2021042605009453,NICLBSL,52,34,10,1702.0,17020.0
2021042605009444,NICLBSL,52,36,10,1702.0,17020.0
2021042605009443,NICLBSL,22,36,10,1702.0,17020.0
2021042605009434,NICLBSL,37,21,10,1700.0,17000.0
2021042605009428,NICLBSL,37,48,10,1700.0,17000.0
2021042605009427,NICLBSL,37,29,10,1700.0,17000.0
2021042605009490,NICLBSL,44,34,25,1701.0,42525.0
2021042605009488,NICLBSL,34,57,20,1702.0,34040.0
2021042605009482,NICLBSL,49,57,10,1701.0,17010.0
2021042605009481,NICLBSL,52,57,30,1702.0,51060.0
2021042605009478,NICLBSL,52,20,10,1702.0,17020.0
2021042605009460,NICLBSL,52,38,10,1702.0,17020.0
2021042605009499,NICLBSL,38,26,30,1700.0,51000.0
2021042605009498,NICLBSL,7,26,40,1700.0,68000.0
2021042605009497,NICLBSL,29,26,30,1700.0,51000.0
2021042605009493,NICLBSL,8,34,45,1700.0,76500.0
2021042605009492,NICLBSL,34,34,50,1700.0,85000.0
2021042605009491,NICLBSL,37,34,70,1700.0,119000.0
2021042605009513,NICLBSL,55,48,10,1702.0,17020.0
2021042605009510,NICLBSL,6,4,20,1700.0,34000.0
2021042605009506,NICLBSL,17,16,100,1702.0,170200.0
2021042605009502,NICLBSL,57,14,10,1702.0,17020.0
2021042605009501,NICLBSL,6,26,80,1700.0,136000.0
2021042605009500,NICLBSL,38,26,20,1700.0,34000.0
2021042605009522,NICLBSL,49,58,10,1702.0,17020.0
2021042605009521,NICLBSL,16,34,70,1700.0,119000.0
2021042605009520,NICLBSL,34,34,20,1700.0,34000.0
2021042605009519,NICLBSL,35,34,10,1701.0,17010.0
2021042605009518,NICLBSL,55,34,170,1702.0,289340.0
2021042605009517,NICLBSL,55,8,10,1702.0,17020.0
2021042605009539,NICLBSL,26,13,10,1701.0,17010.0
2021042605009537,NICLBSL,26,33,30,1701.0,51030.0
2021042605009529,NICLBSL,16,33,10,1700.0,17000.0
2021042605009528,NICLBSL,49,47,10,1702.0,17020.0
2021042605009527,NICLBSL,49,21,10,1702.0,17020.0
2021042605009524,NICLBSL,49,17,20,1702.0,34040.0
2021042605009569,NICLBSL,49,29,50,1701.0,85050.0
2021042605009565,NICLBSL,38,29,20,1701.0,34020.0
2021042605009564,NICLBSL,26,29,10,1700.0,17000.0
2021042605009563,NICLBSL,16,29,10,1700.0,17000.0
2021042605009544,NICLBSL,16,38,10,1700.0,17000.0
2021042605009541,NICLBSL,26,20,10,1701.0,17010.0
2021042605009577,NICLBSL,16,22,10,1701.0,17010.0
2021042605009576,NICLBSL,16,45,10,1701.0,17010.0
2021042605009575,NICLBSL,16,29,70,1701.0,119070.0
2021042605009572,NICLBSL,36,26,10,1700.0,17000.0
2021042605009571,NICLBSL,26,58,30,1700.0,51000.0
2021042605009570,NICLBSL,26,26,10,1700.0,17000.0
2021042605009593,NICLBSL,6,48,30,1700.0,51000.0
2021042605009592,NICLBSL,26,48,70,1700.0,119000.0
2021042605009591,NICLBSL,26,3,30,1700.0,51000.0
2021042605009590,NICLBSL,17,3,100,1700.0,170000.0
2021042605009589,NICLBSL,16,3,20,1701.0,34020.0
2021042605009585,NICLBSL,16,39,20,1701.0,34020.0
2021042605009622,NICLBSL,52,38,20,1701.0,34020.0
2021042605009614,NICLBSL,6,47,10,1700.0,17000.0
2021042605009608,NICLBSL,33,45,20,1701.0,34020.0
2021042605009607,NICLBSL,33,42,10,1701.0,17010.0
2021042605009605,NICLBSL,33,20,10,1701.0,17010.0
2021042605009604,NICLBSL,6,26,10,1700.0,17000.0
2021042605009635,NICLBSL,53,40,100,1701.0,170100.0
2021042605009631,NICLBSL,35,58,10,1700.0,17000.0
2021042605009629,NICLBSL,35,20,10,1700.0,17000.0
2021042605009627,NICLBSL,17,40,10,1701.0,17010.0
2021042605009626,NICLBSL,35,26,10,1700.0,17000.0
2021042605009623,NICLBSL,52,40,30,1701.0,51030.0
2021042605009662,NICLBSL,50,28,10,1701.0,17010.0
2021042605009661,NICLBSL,50,40,18,1701.0,30618.0
2021042605009660,NICLBSL,38,40,12,1701.0,20412.0
2021042605009642,NICLBSL,35,48,10,1700.0,17000.0
2021042605009641,NICLBSL,35,32,20,1700.0,34000.0
2021042605009638,NICLBSL,38,40,30,1701.0,51030.0
2021042605009682,NICLBSL,45,51,40,1700.0,68000.0
2021042605009681,NICLBSL,45,51,100,1700.0,170000.0
2021042605009680,NICLBSL,58,51,50,1700.0,85000.0
2021042605009679,NICLBSL,53,51,10,1700.0,17000.0
2021042605009664,NICLBSL,53,26,10,1700.0,17000.0
2021042605009663,NICLBSL,53,54,10,1700.0,17000.0
2021042605009693,NICLBSL,19,21,30,1700.0,51000.0
2021042605009692,NICLBSL,29,21,40,1700.0,68000.0
2021042605009690,NICLBSL,29,48,110,1700.0,187000.0
2021042605009689,NICLBSL,45,48,50,1700.0,85000.0
2021042605009686,NICLBSL,45,8,10,1700.0,17000.0
2021042605009685,NICLBSL,35,26,100,1701.0,170100.0
2021042605009706,NICLBSL,11,32,10,1700.0,17000.0
2021042605009699,NICLBSL,47,58,10,1700.0,17000.0
2021042605009698,NICLBSL,47,34,10,1700.0,17000.0
2021042605009697,NICLBSL,6,26,30,1701.0,51030.0
2021042605009695,NICLBSL,47,21,30,1700.0,51000.0
2021042605009694,NICLBSL,50,21,200,1700.0,340000.0
2021042605009714,NICLBSL,26,51,10,1701.0,17010.0
2021042605009713,NICLBSL,26,59,10,1701.0,17010.0
2021042605009712,NICLBSL,44,26,10,1701.0,17010.0
2021042605009711,NICLBSL,39,26,10,1701.0,17010.0
2021042605009709,NICLBSL,35,26,100,1701.0,170100.0
2021042605009707,NICLBSL,6,26,50,1701.0,85050.0
2021042605009733,NICLBSL,34,47,51,1702.0,86802.0
2021042605009732,NICLBSL,34,19,141,1702.0,239982.0
2021042605009731,NICLBSL,38,57,10,1701.0,17010.0
2021042605009729,NICLBSL,38,54,30,1701.0,51030.0
2021042605009728,NICLBSL,26,54,70,1701.0,119070.0
2021042605009724,NICLBSL,26,32,10,1701.0,17010.0
2021042605009739,NICLBSL,21,57,10,1703.0,17030.0
2021042605009738,NICLBSL,21,20,10,1703.0,17030.0
2021042605009737,NICLBSL,21,25,10,1703.0,17030.0
2021042605009736,NICLBSL,34,48,97,1703.0,165191.0
2021042605009735,NICLBSL,34,49,200,1702.0,340400.0
2021042605009734,NICLBSL,34,57,11,1702.0,18722.0
2021042605009745,NICLBSL,35,38,115,1701.0,195615.0
2021042605009744,NICLBSL,49,38,175,1701.0,297675.0
2021042605009743,NICLBSL,11,38,10,1701.0,17010.0
2021042605009742,NICLBSL,35,38,100,1702.0,170200.0
2021042605009741,NICLBSL,38,8,10,1701.0,17010.0
2021042605009740,NICLBSL,38,57,50,1701.0,85050.0
2021042605009754,NICLBSL,35,45,20,1701.0,34020.0
2021042605009753,NICLBSL,35,17,10,1701.0,17010.0
2021042605009752,NICLBSL,35,38,106,1701.0,180306.0
2021042605009751,NICLBSL,38,38,14,1702.0,23828.0
2021042605009750,NICLBSL,19,38,80,1702.0,136160.0
2021042605009746,NICLBSL,19,18,20,1702.0,34040.0
2021042605009761,NICLBSL,38,38,20,1700.0,34000.0
2021042605009760,NICLBSL,55,57,13,1701.0,22113.0
2021042605009758,NICLBSL,55,51,37,1701.0,62937.0
2021042605009757,NICLBSL,35,51,20,1701.0,34020.0
2021042605009756,NICLBSL,35,51,33,1701.0,56133.0
2021042605009755,NICLBSL,35,32,10,1701.0,17010.0
2021042605009768,NICLBSL,29,43,10,1704.0,17040.0
2021042605009767,NICLBSL,40,21,10,1703.0,17030.0
2021042605009766,NICLBSL,40,21,10,1703.0,17030.0
2021042605009765,NICLBSL,40,45,10,1703.0,17030.0
2021042605009764,NICLBSL,51,57,13,1701.0,22113.0
2021042605009762,NICLBSL,38,57,10,1701.0,17010.0
2021042605009780,NICLBSL,21,32,10,1701.0,17010.0
2021042605009778,NICLBSL,21,41,10,1701.0,17010.0
2021042605009774,NICLBSL,21,38,80,1701.0,136080.0
2021042605009773,NICLBSL,33,38,20,1701.0,34020.0
2021042605009770,NICLBSL,47,19,10,1701.0,17010.0
2021042605009769,NICLBSL,29,22,10,1704.0,17040.0
2021042605009295,JLI,3,11,10,821.0,8210.0
2021042605009293,JLI,42,40,10,820.0,8200.0
2021042605009291,JLI,33,45,10,821.0,8210.0
2021042605009290,JLI,33,49,10,821.0,8210.0
2021042605009288,JLI,42,39,10,820.0,8200.0
2021042605009287,JLI,42,45,10,820.0,8200.0
2021042605008797,JLI,29,36,10,821.0,8210.0
2021042605008806,JLI,6,45,10,822.0,8220.0
2021042605008805,JLI,51,45,10,821.0,8210.0
2021042605008804,JLI,48,58,10,821.0,8210.0
2021042605008803,JLI,29,56,10,821.0,8210.0
2021042605008799,JLI,29,39,10,821.0,8210.0
2021042605008798,JLI,29,6,10,821.0,8210.0
2021042605008814,JLI,8,19,10,822.0,8220.0
2021042605008813,JLI,8,57,10,822.0,8220.0
2021042605008810,JLI,6,58,10,823.0,8230.0
2021042605008809,JLI,6,58,10,823.0,8230.0
2021042605008808,JLI,6,22,10,823.0,8230.0
2021042605008807,JLI,6,1,10,823.0,8230.0
2021042605008823,JLI,8,58,10,822.0,8220.0
2021042605008821,JLI,8,45,10,822.0,8220.0
2021042605008819,JLI,8,42,10,822.0,8220.0
2021042605008818,JLI,8,5,10,822.0,8220.0
2021042605008817,JLI,8,45,10,822.0,8220.0
2021042605008815,JLI,8,21,10,822.0,8220.0
2021042605008834,JLI,8,51,10,822.0,8220.0
2021042605008833,JLI,8,52,10,822.0,8220.0
2021042605008831,JLI,8,45,10,822.0,8220.0
2021042605008830,JLI,8,19,10,822.0,8220.0
2021042605008825,JLI,8,6,10,822.0,8220.0
2021042605008824,JLI,8,58,10,822.0,8220.0
2021042605008842,JLI,8,45,10,822.0,8220.0
2021042605008841,JLI,8,56,10,822.0,8220.0
2021042605008840,JLI,8,32,10,822.0,8220.0
2021042605008839,JLI,8,19,10,822.0,8220.0
2021042605008837,JLI,8,38,10,822.0,8220.0
2021042605008835,JLI,8,45,10,822.0,8220.0
2021042605008851,JLI,47,41,10,824.0,8240.0
2021042605008850,JLI,47,34,10,824.0,8240.0
2021042605008849,JLI,47,35,10,824.0,8240.0
2021042605008847,JLI,8,42,10,822.0,8220.0
2021042605008846,JLI,8,21,10,822.0,8220.0
2021042605008843,JLI,8,57,10,822.0,8220.0
2021042605008858,JLI,8,45,10,822.0,8220.0
2021042605008857,JLI,57,58,10,823.0,8230.0
2021042605008856,JLI,8,3,10,822.0,8220.0
2021042605008855,JLI,8,26,10,822.0,8220.0
2021042605008853,JLI,8,32,10,822.0,8220.0
2021042605008852,JLI,8,40,10,822.0,8220.0
2021042605008868,JLI,8,19,10,822.0,8220.0
2021042605008867,JLI,8,40,10,822.0,8220.0
2021042605008865,JLI,8,58,10,822.0,8220.0
2021042605008864,JLI,8,38,10,822.0,8220.0
2021042605008860,JLI,8,19,10,822.0,8220.0
2021042605008859,JLI,8,40,10,822.0,8220.0
2021042605008878,JLI,8,40,10,822.0,8220.0
2021042605008877,JLI,8,58,10,822.0,8220.0
2021042605008874,JLI,8,51,10,822.0,8220.0
2021042605008873,JLI,8,6,10,822.0,8220.0
2021042605008871,JLI,8,52,10,822.0,8220.0
2021042605008869,JLI,8,38,10,822.0,8220.0
2021042605008889,JLI,8,49,10,822.0,8220.0
2021042605008888,JLI,42,19,10,823.0,8230.0
2021042605008883,JLI,42,56,10,823.0,8230.0
2021042605008881,JLI,42,45,10,823.0,8230.0
2021042605008880,JLI,42,19,10,823.0,8230.0
2021042605008879,JLI,42,41,10,823.0,8230.0
2021042605008900,JLI,8,14,10,822.0,8220.0
2021042605008898,JLI,8,49,10,822.0,8220.0
2021042605008897,JLI,8,16,10,822.0,8220.0
2021042605008896,JLI,8,58,10,822.0,8220.0
2021042605008891,JLI,8,45,10,822.0,8220.0
2021042605008890,JLI,8,58,10,822.0,8220.0
2021042605008908,JLI,38,41,10,822.0,8220.0
2021042605008906,JLI,38,35,10,822.0,8220.0
2021042605008905,JLI,8,36,10,822.0,8220.0
2021042605008904,JLI,8,57,10,822.0,8220.0
2021042605008903,JLI,8,43,10,822.0,8220.0
2021042605008901,JLI,29,45,10,823.0,8230.0
2021042605008920,JLI,49,14,10,822.0,8220.0
2021042605008919,JLI,49,34,10,822.0,8220.0
2021042605008918,JLI,49,41,10,822.0,8220.0
2021042605008915,JLI,51,49,10,821.0,8210.0
2021042605008913,JLI,51,48,10,821.0,8210.0
2021042605008909,JLI,38,51,10,822.0,8220.0
2021042605008937,JLI,49,14,10,822.0,8220.0
2021042605008936,JLI,49,29,10,822.0,8220.0
2021042605008935,JLI,49,45,10,822.0,8220.0
2021042605008934,JLI,49,58,10,822.0,8220.0
2021042605008933,JLI,49,56,10,822.0,8220.0
2021042605008932,JLI,49,19,10,822.0,8220.0
2021042605008962,JLI,1,44,10,821.0,8210.0
2021042605008961,JLI,1,19,10,821.0,8210.0
2021042605008959,JLI,1,47,10,821.0,8210.0
2021042605008958,JLI,51,57,10,821.0,8210.0
2021042605008948,JLI,51,19,10,821.0,8210.0
2021042605008938,JLI,49,16,10,822.0,8220.0
2021042605008968,JLI,57,38,10,822.0,8220.0
2021042605008967,JLI,57,46,10,822.0,8220.0
2021042605008966,JLI,57,44,10,822.0,8220.0
2021042605008965,JLI,29,14,10,821.0,8210.0
2021042605008964,JLI,29,35,10,821.0,8210.0
2021042605008963,JLI,22,37,10,821.0,8210.0
2021042605008977,JLI,1,41,10,821.0,8210.0
2021042605008976,JLI,29,36,10,821.0,8210.0
2021042605008975,JLI,29,19,10,821.0,8210.0
2021042605008974,JLI,29,4,10,821.0,8210.0
2021042605008973,JLI,57,46,10,822.0,8220.0
2021042605008969,JLI,57,21,10,822.0,8220.0
2021042605008984,JLI,1,21,10,821.0,8210.0
2021042605008983,JLI,1,58,10,821.0,8210.0
2021042605008982,JLI,1,42,10,821.0,8210.0
2021042605008981,JLI,1,26,10,821.0,8210.0
2021042605008980,JLI,1,58,10,821.0,8210.0
2021042605008978,JLI,1,14,10,821.0,8210.0
2021042605008996,JLI,57,58,10,822.0,8220.0
2021042605008991,JLI,57,38,10,822.0,8220.0
2021042605008990,JLI,57,45,10,822.0,8220.0
2021042605008989,JLI,57,57,10,822.0,8220.0
2021042605008988,JLI,57,17,10,822.0,8220.0
2021042605008985,JLI,57,41,10,822.0,8220.0
2021042605009003,JLI,1,57,10,821.0,8210.0
2021042605009002,JLI,1,34,10,821.0,8210.0
2021042605009001,JLI,57,49,10,822.0,8220.0
2021042605008999,JLI,57,58,10,822.0,8220.0
2021042605008998,JLI,57,36,10,822.0,8220.0
2021042605008997,JLI,57,21,10,822.0,8220.0
2021042605009025,JLI,1,29,10,821.0,8210.0
2021042605009016,JLI,1,21,10,821.0,8210.0
2021042605009008,JLI,1,54,10,821.0,8210.0
2021042605009007,JLI,1,58,10,821.0,8210.0
2021042605009006,JLI,1,34,10,821.0,8210.0
2021042605009004,JLI,1,26,10,821.0,8210.0
2021042605009032,JLI,1,51,10,821.0,8210.0
2021042605009031,JLI,1,42,10,821.0,8210.0
2021042605009029,JLI,1,16,10,821.0,8210.0
2021042605009028,JLI,16,54,100,821.0,82100.0
2021042605009027,JLI,1,11,10,821.0,8210.0
2021042605009026,JLI,1,58,10,821.0,8210.0
2021042605009040,JLI,48,17,10,821.0,8210.0
2021042605009039,JLI,48,11,10,821.0,8210.0
2021042605009036,JLI,48,38,10,821.0,8210.0
2021042605009035,JLI,48,45,10,821.0,8210.0
2021042605009034,JLI,25,21,10,821.0,8210.0
2021042605009033,JLI,51,52,10,821.0,8210.0
2021042605009047,JLI,57,35,10,821.0,8210.0
2021042605009046,JLI,57,14,10,821.0,8210.0
2021042605009045,JLI,57,21,10,821.0,8210.0
2021042605009043,JLI,48,58,10,821.0,8210.0
2021042605009042,JLI,45,49,10,822.0,8220.0
2021042605009041,JLI,45,16,10,822.0,8220.0
2021042605009055,JLI,57,45,10,821.0,8210.0
2021042605009054,JLI,57,13,10,821.0,8210.0
2021042605009053,JLI,57,21,10,821.0,8210.0
2021042605009052,JLI,57,38,10,821.0,8210.0
2021042605009050,JLI,57,11,10,821.0,8210.0
2021042605009049,JLI,57,35,10,821.0,8210.0
2021042605009062,JLI,29,5,10,822.0,8220.0
2021042605009061,JLI,29,13,10,822.0,8220.0
2021042605009060,JLI,29,58,10,822.0,8220.0
2021042605009059,JLI,29,4,10,822.0,8220.0
2021042605009058,JLI,57,13,10,821.0,8210.0
2021042605009056,JLI,57,33,10,821.0,8210.0
2021042605009084,JLI,29,35,10,822.0,8220.0
2021042605009076,JLI,29,57,10,822.0,8220.0
2021042605009074,JLI,29,41,10,822.0,8220.0
2021042605009070,JLI,29,11,10,822.0,8220.0
2021042605009069,JLI,29,58,10,822.0,8220.0
2021042605009067,JLI,29,53,10,822.0,8220.0
2021042605009093,JLI,29,58,10,822.0,8220.0
2021042605009089,JLI,29,11,10,822.0,8220.0
2021042605009088,JLI,29,58,10,822.0,8220.0
2021042605009087,JLI,29,45,10,822.0,8220.0
2021042605009086,JLI,29,32,10,822.0,8220.0
2021042605009085,JLI,29,38,10,822.0,8220.0
2021042605009103,JLI,29,47,10,822.0,8220.0
2021042605009101,JLI,29,58,10,822.0,8220.0
2021042605009100,JLI,29,58,10,822.0,8220.0
2021042605009099,JLI,29,45,10,822.0,8220.0
2021042605009097,JLI,29,51,10,822.0,8220.0
2021042605009095,JLI,29,47,10,822.0,8220.0
2021042605009110,JLI,29,6,10,822.0,8220.0
2021042605009109,JLI,29,45,10,822.0,8220.0
2021042605009107,JLI,29,8,10,822.0,8220.0
2021042605009106,JLI,29,29,10,822.0,8220.0
2021042605009105,JLI,29,58,10,822.0,8220.0
2021042605009104,JLI,29,45,10,822.0,8220.0
2021042605009123,JLI,29,54,10,822.0,8220.0
2021042605009122,JLI,29,7,10,822.0,8220.0
2021042605009121,JLI,29,35,10,822.0,8220.0
2021042605009120,JLI,29,17,10,822.0,8220.0
2021042605009113,JLI,29,49,10,822.0,8220.0
2021042605009112,JLI,29,58,10,822.0,8220.0
2021042605009130,JLI,29,33,10,822.0,8220.0
2021042605009129,JLI,29,21,10,822.0,8220.0
2021042605009128,JLI,29,58,10,822.0,8220.0
2021042605009127,JLI,29,58,10,822.0,8220.0
2021042605009125,JLI,29,52,10,822.0,8220.0
2021042605009124,JLI,29,47,10,822.0,8220.0
2021042605009138,JLI,29,47,10,822.0,8220.0
2021042605009137,JLI,29,45,10,822.0,8220.0
2021042605009136,JLI,29,51,10,822.0,8220.0
2021042605009134,JLI,29,42,10,822.0,8220.0
2021042605009133,JLI,29,58,10,822.0,8220.0
2021042605009132,JLI,29,45,10,822.0,8220.0
2021042605009148,JLI,44,54,10,822.0,8220.0
2021042605009144,JLI,41,52,10,822.0,8220.0
2021042605009143,JLI,29,58,10,822.0,8220.0
2021042605009142,JLI,29,42,10,822.0,8220.0
2021042605009140,JLI,29,53,10,822.0,8220.0
2021042605009139,JLI,29,56,10,822.0,8220.0
2021042605009162,JLI,32,49,50,822.0,41100.0
2021042605009154,JLI,44,47,10,822.0,8220.0
2021042605009153,JLI,44,49,10,822.0,8220.0
2021042605009152,JLI,44,56,10,822.0,8220.0
2021042605009150,JLI,49,52,10,823.0,8230.0
2021042605009149,JLI,44,56,10,822.0,8220.0
2021042605009168,JLI,42,4,50,821.0,41050.0
2021042605009167,JLI,57,4,90,821.0,73890.0
2021042605009166,JLI,1,4,10,822.0,8220.0
2021042605009165,JLI,32,4,440,822.0,361680.0
2021042605009164,JLI,32,38,10,822.0,8220.0
2021042605009163,JLI,6,46,10,823.0,8230.0
2021042605009174,JLI,59,4,50,821.0,41050.0
2021042605009173,JLI,57,4,50,821.0,41050.0
2021042605009172,JLI,41,4,20,821.0,16420.0
2021042605009171,JLI,56,4,20,821.0,16420.0
2021042605009170,JLI,29,4,50,821.0,41050.0
2021042605009169,JLI,8,4,20,821.0,16420.0
2021042605009180,JLI,29,4,50,821.0,41050.0
2021042605009179,JLI,57,4,100,821.0,82100.0
2021042605009178,JLI,7,4,50,821.0,41050.0
2021042605009177,JLI,41,4,20,821.0,16420.0
2021042605009176,JLI,28,4,30,821.0,24630.0
2021042605009175,JLI,52,4,150,821.0,123150.0
2021042605009203,JLI,11,4,50,821.0,41050.0
2021042605009202,JLI,34,28,10,820.0,8200.0
2021042605009194,JLI,34,57,10,820.0,8200.0
2021042605009186,JLI,34,6,10,820.0,8200.0
2021042605009184,JLI,28,4,220,821.0,180620.0
2021042605009181,JLI,45,4,50,821.0,41050.0
2021042605009214,JLI,28,45,10,821.0,8210.0
2021042605009213,JLI,28,55,10,821.0,8210.0
2021042605009212,JLI,28,58,10,821.0,8210.0
2021042605009211,JLI,28,4,970,821.0,796370.0
2021042605009208,JLI,45,4,10,821.0,8210.0
2021042605009207,JLI,34,45,10,820.0,8200.0
2021042605009223,JLI,38,58,10,820.0,8200.0
2021042605009221,JLI,58,58,10,820.0,8200.0
2021042605009219,JLI,58,49,10,820.0,8200.0
2021042605009218,JLI,49,52,10,820.0,8200.0
2021042605009217,JLI,28,57,10,820.0,8200.0
2021042605009215,JLI,34,42,10,820.0,8200.0
2021042605009230,JLI,36,14,10,820.0,8200.0
2021042605009229,JLI,36,25,10,820.0,8200.0
2021042605009227,JLI,38,46,10,820.0,8200.0
2021042605009226,JLI,38,58,10,820.0,8200.0
2021042605009225,JLI,38,38,10,820.0,8200.0
2021042605009224,JLI,38,49,10,820.0,8200.0
2021042605009248,JLI,45,26,10,820.0,8200.0
2021042605009247,JLI,45,17,10,820.0,8200.0
2021042605009246,JLI,45,40,10,820.0,8200.0
2021042605009245,JLI,45,44,10,820.0,8200.0
2021042605009232,JLI,45,58,10,820.0,8200.0
2021042605009231,JLI,36,49,10,820.0,8200.0
2021042605009263,JLI,6,6,10,820.0,8200.0
2021042605009262,JLI,45,58,10,820.0,8200.0
2021042605009261,JLI,45,47,10,820.0,8200.0
2021042605009257,JLI,45,38,10,820.0,8200.0
2021042605009250,JLI,45,6,10,820.0,8200.0
2021042605009249,JLI,45,56,10,820.0,8200.0
2021042605009278,JLI,42,13,10,820.0,8200.0
2021042605009277,JLI,42,42,10,820.0,8200.0
2021042605009273,JLI,42,58,10,820.0,8200.0
2021042605009272,JLI,42,59,10,820.0,8200.0
2021042605009266,JLI,41,51,10,820.0,8200.0
2021042605009264,JLI,6,10,10,820.0,8200.0
2021042605009286,JLI,56,58,10,821.0,8210.0
2021042605009285,JLI,56,42,10,821.0,8210.0
2021042605009283,JLI,56,58,10,821.0,8210.0
2021042605009282,JLI,56,29,10,821.0,8210.0
2021042605009281,JLI,56,54,10,821.0,8210.0
2021042605009280,JLI,42,56,10,820.0,8200.0
2021042605009015,MLBSL,14,36,10,2349.0,23490.0
2021042605008848,MLBSL,14,14,10,2349.0,23490.0
2021042605009294,NICLBSL,43,57,20,1701.0,34020.0
2021042605009292,NICLBSL,51,46,20,1702.0,34040.0
2021042605009289,NICLBSL,43,4,10,1701.0,17010.0
2021042605009284,NICLBSL,29,29,50,1704.0,85200.0
2021042605009279,NICLBSL,41,16,15,1705.0,25575.0
2021042605009276,NICLBSL,29,57,10,1704.0,17040.0
2021042605008811,NICLBSL,45,50,200,1710.0,342000.0
2021042605008802,NICLBSL,49,57,39,1714.0,66846.0
2021042605008801,NICLBSL,49,28,10,1713.0,17130.0
2021042605008800,NICLBSL,49,19,96,1711.0,164256.0
2021042605008796,NICLBSL,35,19,49,1711.0,83839.0
2021042605008827,NICLBSL,45,1,10,1710.0,17100.0
2021042605008826,NICLBSL,44,35,10,1711.0,17110.0
2021042605008822,NICLBSL,45,8,10,1710.0,17100.0
2021042605008820,NICLBSL,45,45,10,1710.0,17100.0
2021042605008816,NICLBSL,45,7,10,1710.0,17100.0
2021042605008812,NICLBSL,45,26,10,1710.0,17100.0
2021042605008844,NICLBSL,45,49,67,1710.0,114570.0
2021042605008838,NICLBSL,45,7,10,1710.0,17100.0
2021042605008836,NICLBSL,45,39,10,1710.0,17100.0
2021042605008832,NICLBSL,45,51,10,1710.0,17100.0
2021042605008829,NICLBSL,45,28,10,1710.0,17100.0
2021042605008828,NICLBSL,45,7,20,1710.0,34200.0
2021042605008866,NICLBSL,48,1,10,1710.0,17100.0
2021042605008863,NICLBSL,48,39,10,1710.0,17100.0
2021042605008862,NICLBSL,43,41,10,1711.0,17110.0
2021042605008861,NICLBSL,43,34,12,1711.0,20532.0
2021042605008854,NICLBSL,5,34,10,1711.0,17110.0
2021042605008845,NICLBSL,53,49,33,1710.0,56430.0
2021042605008884,NICLBSL,35,29,40,1710.0,68400.0
2021042605008882,NICLBSL,10,49,20,1711.0,34220.0
2021042605008876,NICLBSL,35,47,40,1710.0,68400.0
2021042605008875,NICLBSL,48,47,20,1710.0,34200.0
2021042605008872,NICLBSL,48,44,10,1710.0,17100.0
2021042605008870,NICLBSL,48,41,50,1710.0,85500.0
2021042605008894,NICLBSL,32,42,20,1711.0,34220.0
2021042605008893,NICLBSL,32,49,10,1711.0,17110.0
2021042605008892,NICLBSL,32,21,10,1711.0,17110.0
2021042605008887,NICLBSL,53,35,7,1710.0,11970.0
2021042605008886,NICLBSL,58,35,50,1710.0,85500.0
2021042605008885,NICLBSL,35,35,20,1710.0,34200.0
2021042605008911,NICLBSL,45,46,10,1710.0,17100.0
2021042605008910,NICLBSL,45,51,10,1710.0,17100.0
2021042605008907,NICLBSL,45,7,20,1710.0,34200.0
2021042605008902,NICLBSL,45,58,10,1710.0,17100.0
2021042605008899,NICLBSL,45,45,10,1710.0,17100.0
2021042605008895,NICLBSL,32,51,110,1712.0,188320.0
2021042605008922,NICLBSL,42,36,20,1710.0,34200.0
2021042605008921,NICLBSL,5,36,10,1710.0,17100.0
2021042605008917,NICLBSL,5,38,10,1710.0,17100.0
2021042605008916,NICLBSL,41,38,40,1710.0,68400.0
2021042605008914,NICLBSL,41,55,10,1710.0,17100.0
2021042605008912,NICLBSL,45,44,10,1710.0,17100.0
2021042605008928,NICLBSL,25,36,100,1710.0,171000.0
2021042605008927,NICLBSL,58,36,117,1710.0,200070.0
2021042605008926,NICLBSL,58,36,50,1710.0,85500.0
2021042605008925,NICLBSL,42,36,15,1710.0,25650.0
2021042605008924,NICLBSL,6,36,12,1710.0,20520.0
2021042605008923,NICLBSL,48,36,30,1710.0,51300.0
2021042605008941,NICLBSL,42,45,80,1710.0,136800.0
2021042605008940,NICLBSL,42,45,10,1710.0,17100.0
2021042605008939,NICLBSL,42,3,10,1710.0,17100.0
2021042605008931,NICLBSL,46,36,16,1710.0,27360.0
2021042605008930,NICLBSL,58,36,20,1710.0,34200.0
2021042605008929,NICLBSL,57,36,10,1710.0,17100.0
2021042605008947,NICLBSL,19,45,75,1710.0,128250.0
2021042605008946,NICLBSL,39,45,50,1710.0,85500.0
2021042605008945,NICLBSL,58,45,20,1710.0,34200.0
2021042605008944,NICLBSL,19,45,25,1710.0,42750.0
2021042605008943,NICLBSL,38,45,10,1710.0,17100.0
2021042605008942,NICLBSL,19,45,10,1710.0,17100.0
2021042605008954,NICLBSL,56,16,10,1710.0,17100.0
2021042605008953,NICLBSL,7,16,20,1710.0,34200.0
2021042605008952,NICLBSL,19,16,15,1710.0,25650.0
2021042605008951,NICLBSL,10,16,40,1711.0,68440.0
2021042605008950,NICLBSL,10,59,10,1711.0,17110.0
2021042605008949,NICLBSL,19,10,10,1710.0,17100.0
2021042605008971,NICLBSL,13,16,10,1710.0,17100.0
2021042605008970,NICLBSL,34,10,10,1709.0,17090.0
2021042605008960,NICLBSL,35,16,20,1710.0,34200.0
2021042605008957,NICLBSL,42,16,10,1710.0,17100.0
2021042605008956,NICLBSL,39,16,50,1710.0,85500.0
2021042605008955,NICLBSL,45,16,100,1710.0,171000.0
2021042605008993,NICLBSL,10,45,10,1709.0,17090.0
2021042605008992,NICLBSL,17,39,10,1709.0,17090.0
2021042605008987,NICLBSL,34,44,10,1709.0,17090.0
2021042605008986,NICLBSL,34,3,10,1709.0,17090.0
2021042605008979,NICLBSL,44,16,50,1710.0,85500.0
2021042605008972,NICLBSL,34,45,10,1709.0,17090.0
2021042605009010,NICLBSL,26,51,100,1708.0,170800.0
2021042605009009,NICLBSL,47,44,10,1708.0,17080.0
2021042605009005,NICLBSL,44,39,10,1709.0,17090.0
2021042605009000,NICLBSL,47,10,10,1708.0,17080.0
2021042605008995,NICLBSL,10,46,20,1709.0,34180.0
2021042605008994,NICLBSL,10,58,10,1709.0,17090.0
2021042605009018,NICLBSL,35,16,100,1708.0,170800.0
2021042605009017,NICLBSL,47,16,10,1708.0,17080.0
2021042605009014,NICLBSL,42,51,11,1708.0,18788.0
2021042605009013,NICLBSL,34,51,10,1708.0,17080.0
2021042605009012,NICLBSL,58,51,50,1708.0,85400.0
2021042605009011,NICLBSL,17,51,20,1708.0,34160.0
2021042605009024,NICLBSL,25,17,10,1706.0,17060.0
2021042605009023,NICLBSL,25,25,11,1706.0,18766.0
2021042605009022,NICLBSL,46,25,20,1706.0,34120.0
2021042605009021,NICLBSL,1,39,10,1706.0,17060.0
2021042605009020,NICLBSL,57,33,10,1707.0,17070.0
2021042605009019,NICLBSL,38,34,10,1707.0,17070.0
2021042605009051,NICLBSL,25,25,18,1706.0,30708.0
2021042605009048,NICLBSL,25,39,10,1706.0,17060.0
2021042605009044,NICLBSL,16,55,10,1707.0,17070.0
2021042605009038,NICLBSL,36,55,30,1707.0,51210.0
2021042605009037,NICLBSL,25,39,10,1706.0,17060.0
2021042605009030,NICLBSL,25,38,10,1706.0,17060.0
2021042605009068,NICLBSL,7,36,10,1706.0,17060.0
2021042605009066,NICLBSL,7,44,49,1706.0,83594.0
2021042605009065,NICLBSL,47,44,10,1706.0,17060.0
2021042605009064,NICLBSL,39,44,20,1706.0,34120.0
2021042605009063,NICLBSL,25,44,11,1706.0,18766.0
2021042605009057,NICLBSL,25,10,20,1706.0,34120.0
2021042605009078,NICLBSL,14,19,10,1708.0,17080.0
2021042605009077,NICLBSL,14,51,10,1708.0,17080.0
2021042605009075,NICLBSL,7,33,20,1706.0,34120.0
2021042605009073,NICLBSL,44,25,10,1707.0,17070.0
2021042605009072,NICLBSL,44,45,10,1707.0,17070.0
2021042605009071,NICLBSL,7,51,18,1706.0,30708.0
2021042605009090,NICLBSL,17,21,10,1707.0,17070.0
2021042605009083,NICLBSL,7,54,15,1706.0,25590.0
2021042605009082,NICLBSL,16,54,20,1707.0,34140.0
2021042605009081,NICLBSL,5,54,125,1707.0,213375.0
2021042605009080,NICLBSL,14,44,54,1709.0,92286.0
2021042605009079,NICLBSL,14,58,26,1708.0,44408.0
2021042605009102,NICLBSL,17,38,10,1707.0,17070.0
2021042605009098,NICLBSL,17,10,20,1707.0,34140.0
2021042605009096,NICLBSL,17,16,20,1707.0,34140.0
2021042605009094,NICLBSL,17,28,10,1707.0,17070.0
2021042605009092,NICLBSL,17,10,20,1707.0,34140.0
2021042605009091,NICLBSL,17,1,10,1707.0,17070.0
2021042605009117,NICLBSL,17,49,10,1707.0,17070.0
2021042605009116,NICLBSL,17,51,10,1707.0,17070.0
2021042605009115,NICLBSL,17,42,10,1707.0,17070.0
2021042605009114,NICLBSL,17,10,10,1707.0,17070.0
2021042605009111,NICLBSL,17,49,10,1707.0,17070.0
2021042605009108,NICLBSL,17,26,10,1707.0,17070.0
2021042605009141,NICLBSL,7,10,10,1706.0,17060.0
2021042605009135,NICLBSL,7,26,10,1706.0,17060.0
2021042605009131,NICLBSL,7,10,10,1706.0,17060.0
2021042605009126,NICLBSL,7,33,10,1706.0,17060.0
2021042605009119,NICLBSL,7,51,60,1706.0,102360.0
2021042605009118,NICLBSL,17,51,40,1707.0,68280.0
2021042605009156,NICLBSL,56,51,10,1706.0,17060.0
2021042605009155,NICLBSL,7,32,10,1706.0,17060.0
2021042605009151,NICLBSL,7,3,10,1706.0,17060.0
2021042605009147,NICLBSL,7,8,10,1706.0,17060.0
2021042605009146,NICLBSL,48,50,10,1707.0,17070.0
2021042605009145,NICLBSL,48,54,10,1707.0,17070.0
2021042605009182,NICLBSL,45,5,50,1706.0,85300.0
2021042605009161,NICLBSL,39,10,10,1705.0,17050.0
2021042605009160,NICLBSL,39,51,15,1705.0,25575.0
2021042605009159,NICLBSL,41,51,25,1705.0,42625.0
2021042605009158,NICLBSL,52,51,200,1706.0,341200.0
2021042605009157,NICLBSL,51,51,50,1706.0,85300.0
2021042605009190,NICLBSL,45,33,100,1705.0,170500.0
2021042605009189,NICLBSL,21,33,50,1705.0,85250.0
2021042605009188,NICLBSL,43,33,50,1705.0,85250.0
2021042605009187,NICLBSL,39,33,15,1705.0,25575.0
2021042605009185,NICLBSL,39,10,10,1705.0,17050.0
2021042605009183,NICLBSL,28,5,10,1706.0,17060.0
2021042605009197,NICLBSL,50,51,10,1702.0,17020.0
2021042605009196,NICLBSL,47,51,10,1702.0,17020.0
2021042605009195,NICLBSL,13,51,10,1702.0,17020.0
2021042605009193,NICLBSL,13,10,10,1702.0,17020.0
2021042605009192,NICLBSL,43,33,10,1705.0,17050.0
2021042605009191,NICLBSL,57,33,10,1705.0,17050.0
2021042605009205,NICLBSL,55,39,10,1705.0,17050.0
2021042605009204,NICLBSL,55,33,15,1705.0,25575.0
2021042605009201,NICLBSL,13,51,15,1701.0,25515.0
2021042605009200,NICLBSL,42,51,20,1701.0,34020.0
2021042605009199,NICLBSL,36,51,25,1701.0,42525.0
2021042605009198,NICLBSL,26,51,50,1701.0,85050.0
2021042605009222,NICLBSL,57,10,10,1702.0,17020.0
2021042605009220,NICLBSL,57,44,10,1702.0,17020.0
2021042605009216,NICLBSL,56,10,10,1701.0,17010.0
2021042605009210,NICLBSL,56,22,26,1701.0,44226.0
2021042605009209,NICLBSL,13,22,15,1701.0,25515.0
2021042605009206,NICLBSL,55,16,25,1705.0,42625.0
2021042605009237,NICLBSL,16,38,50,1701.0,85050.0
2021042605009236,NICLBSL,56,38,14,1701.0,23814.0
2021042605009235,NICLBSL,42,38,10,1702.0,17020.0
2021042605009234,NICLBSL,43,38,20,1702.0,34040.0
2021042605009233,NICLBSL,57,38,20,1702.0,34040.0
2021042605009228,NICLBSL,57,58,10,1702.0,17020.0
2021042605009243,NICLBSL,16,38,200,1700.0,340000.0
2021042605009242,NICLBSL,18,38,100,1700.0,170000.0
2021042605009241,NICLBSL,41,38,20,1700.0,34000.0
2021042605009240,NICLBSL,5,38,10,1700.0,17000.0
2021042605009239,NICLBSL,55,38,20,1700.0,34000.0
2021042605009238,NICLBSL,45,38,150,1701.0,255150.0
2021042605009255,NICLBSL,57,21,20,1700.0,34000.0
2021042605009254,NICLBSL,45,39,10,1702.0,17020.0
2021042605009253,NICLBSL,45,32,10,1702.0,17020.0
2021042605009252,NICLBSL,7,32,10,1702.0,17020.0
2021042605009251,NICLBSL,7,26,10,1702.0,17020.0
2021042605009244,NICLBSL,35,38,16,1700.0,27200.0
2021042605009267,NICLBSL,35,47,490,1701.0,833490.0
2021042605009265,NICLBSL,35,4,10,1701.0,17010.0
2021042605009260,NICLBSL,49,39,10,1700.0,17000.0
2021042605009259,NICLBSL,49,55,85,1700.0,144500.0
2021042605009258,NICLBSL,1,55,40,1700.0,68000.0
2021042605009256,NICLBSL,1,17,10,1700.0,17000.0
2021042605009275,NICLBSL,29,46,130,1704.0,221520.0
2021042605009274,NICLBSL,29,58,10,1701.0,17010.0
2021042605009271,NICLBSL,49,47,165,1700.0,280500.0
2021042605009270,NICLBSL,46,47,30,1700.0,51000.0
2021042605009269,NICLBSL,50,47,50,1700.0,85000.0
2021042605009268,NICLBSL,32,47,20,1700.0,34000.0
2021042605008795,JLI,29,28,10,821.0,8210.0
2021042605008794,JLI,29,45,10,821.0,8210.0
2021042605008793,JLI,29,58,10,821.0,8210.0
2021042605008792,JLI,29,39,10,821.0,8210.0
2021042605008790,JLI,29,8,10,821.0,8210.0
2021042605008786,JLI,29,21,10,821.0,8210.0
2021042605008310,JLI,16,58,10,823.0,8230.0
2021042605008309,JLI,16,11,10,823.0,8230.0
2021042605008308,JLI,16,49,10,823.0,8230.0
2021042605008307,JLI,16,21,10,823.0,8230.0
2021042605008316,JLI,16,34,10,823.0,8230.0
2021042605008315,JLI,16,21,10,823.0,8230.0
2021042605008314,JLI,16,28,10,823.0,8230.0
2021042605008313,JLI,16,35,10,823.0,8230.0
2021042605008312,JLI,16,29,10,823.0,8230.0
2021042605008311,JLI,16,47,10,823.0,8230.0
2021042605008327,JLI,47,53,10,822.0,8220.0
2021042605008326,JLI,34,58,10,822.0,8220.0
2021042605008325,JLI,34,29,10,822.0,8220.0
2021042605008324,JLI,26,57,10,823.0,8230.0
2021042605008323,JLI,34,28,10,822.0,8220.0
2021042605008318,JLI,34,59,10,822.0,8220.0
2021042605008334,JLI,51,54,10,822.0,8220.0
2021042605008332,JLI,51,29,10,823.0,8230.0
2021042605008331,JLI,51,58,10,823.0,8230.0
2021042605008330,JLI,51,41,10,823.0,8230.0
2021042605008329,JLI,51,58,10,823.0,8230.0
2021042605008328,JLI,51,29,10,823.0,8230.0
2021042605008351,JLI,58,34,10,823.0,8230.0
2021042605008339,JLI,57,29,10,822.0,8220.0
2021042605008338,JLI,17,11,10,822.0,8220.0
2021042605008337,JLI,17,10,10,822.0,8220.0
2021042605008336,JLI,51,29,10,822.0,8220.0
2021042605008335,JLI,22,28,10,823.0,8230.0
2021042605008389,JLI,57,32,10,822.0,8220.0
2021042605008388,JLI,57,55,10,822.0,8220.0
2021042605008363,JLI,57,42,10,822.0,8220.0
2021042605008362,JLI,57,47,10,822.0,8220.0
2021042605008358,JLI,22,26,10,823.0,8230.0
2021042605008352,JLI,58,58,10,823.0,8230.0
2021042605008397,JLI,57,21,10,822.0,8220.0
2021042605008394,JLI,57,45,10,822.0,8220.0
2021042605008393,JLI,57,25,10,822.0,8220.0
2021042605008392,JLI,57,58,10,822.0,8220.0
2021042605008391,JLI,57,43,10,822.0,8220.0
2021042605008390,JLI,57,58,10,822.0,8220.0
2021042605008404,JLI,57,10,10,822.0,8220.0
2021042605008403,JLI,57,32,10,822.0,8220.0
2021042605008402,JLI,57,43,10,822.0,8220.0
2021042605008401,JLI,57,56,10,822.0,8220.0
2021042605008400,JLI,57,58,10,822.0,8220.0
2021042605008398,JLI,57,36,10,822.0,8220.0
2021042605008412,JLI,57,34,10,822.0,8220.0
2021042605008411,JLI,57,51,10,822.0,8220.0
2021042605008410,JLI,57,34,10,822.0,8220.0
2021042605008409,JLI,57,49,10,822.0,8220.0
2021042605008408,JLI,57,45,10,822.0,8220.0
2021042605008406,JLI,57,45,10,822.0,8220.0
2021042605008424,JLI,57,45,10,822.0,8220.0
2021042605008421,JLI,57,45,10,822.0,8220.0
2021042605008420,JLI,42,4,10,823.0,8230.0
2021042605008419,JLI,42,7,10,823.0,8230.0
2021042605008418,JLI,42,8,10,823.0,8230.0
2021042605008417,JLI,42,4,10,823.0,8230.0
2021042605008433,JLI,57,36,10,822.0,8220.0
2021042605008430,JLI,57,45,10,822.0,8220.0
2021042605008429,JLI,57,45,10,822.0,8220.0
2021042605008428,JLI,57,8,10,822.0,8220.0
2021042605008426,JLI,57,34,10,822.0,8220.0
2021042605008425,JLI,57,45,10,822.0,8220.0
2021042605008450,JLI,57,58,10,822.0,8220.0
2021042605008449,JLI,57,58,10,822.0,8220.0
2021042605008448,JLI,57,57,10,822.0,8220.0
2021042605008444,JLI,57,14,10,822.0,8220.0
2021042605008437,JLI,57,14,10,822.0,8220.0
2021042605008436,JLI,57,34,10,822.0,8220.0
2021042605008466,JLI,57,59,10,822.0,8220.0
2021042605008465,JLI,57,35,10,822.0,8220.0
2021042605008458,JLI,57,41,10,822.0,8220.0
2021042605008457,JLI,57,43,10,822.0,8220.0
2021042605008454,JLI,57,41,10,822.0,8220.0
2021042605008452,JLI,57,32,10,822.0,8220.0
2021042605008473,JLI,57,34,10,822.0,8220.0
2021042605008472,JLI,57,11,10,822.0,8220.0
2021042605008471,JLI,57,56,10,822.0,8220.0
2021042605008470,JLI,57,6,10,822.0,8220.0
2021042605008469,JLI,57,39,10,822.0,8220.0
2021042605008468,JLI,57,47,10,822.0,8220.0
2021042605008483,JLI,4,35,10,822.0,8220.0
2021042605008482,JLI,4,55,10,822.0,8220.0
2021042605008481,JLI,4,8,10,822.0,8220.0
2021042605008480,JLI,4,58,10,822.0,8220.0
2021042605008476,JLI,4,59,10,822.0,8220.0
2021042605008474,JLI,57,21,10,822.0,8220.0
2021042605008489,JLI,26,41,10,823.0,8230.0
2021042605008488,JLI,26,21,10,823.0,8230.0
2021042605008487,JLI,26,36,10,823.0,8230.0
2021042605008486,JLI,26,55,10,823.0,8230.0
2021042605008485,JLI,11,6,10,822.0,8220.0
2021042605008484,JLI,11,29,10,822.0,8220.0
2021042605008498,JLI,11,58,10,822.0,8220.0
2021042605008496,JLI,11,4,10,822.0,8220.0
2021042605008495,JLI,11,35,10,822.0,8220.0
2021042605008492,JLI,11,13,10,822.0,8220.0
2021042605008491,JLI,11,51,10,822.0,8220.0
2021042605008490,JLI,26,21,10,823.0,8230.0
2021042605008506,JLI,11,17,10,822.0,8220.0
2021042605008505,JLI,11,54,10,822.0,8220.0
2021042605008503,JLI,11,6,10,822.0,8220.0
2021042605008502,JLI,4,58,10,823.0,8230.0
2021042605008501,JLI,11,35,10,822.0,8220.0
2021042605008499,JLI,11,59,10,822.0,8220.0
2021042605008517,JLI,11,13,10,822.0,8220.0
2021042605008516,JLI,11,59,10,822.0,8220.0
2021042605008515,JLI,11,6,10,822.0,8220.0
2021042605008513,JLI,11,35,10,822.0,8220.0
2021042605008511,JLI,11,21,10,822.0,8220.0
2021042605008507,JLI,11,59,10,822.0,8220.0
2021042605008531,JLI,32,42,10,822.0,8220.0
2021042605008530,JLI,32,45,10,822.0,8220.0
2021042605008526,JLI,32,32,10,822.0,8220.0
2021042605008525,JLI,47,19,10,822.0,8220.0
2021042605008523,JLI,11,48,10,822.0,8220.0
2021042605008520,JLI,11,17,10,822.0,8220.0
2021042605008541,JLI,32,10,10,822.0,8220.0
2021042605008539,JLI,32,58,10,822.0,8220.0
2021042605008537,JLI,32,17,10,822.0,8220.0
2021042605008536,JLI,32,45,10,822.0,8220.0
2021042605008535,JLI,32,38,10,822.0,8220.0
2021042605008532,JLI,32,14,10,822.0,8220.0
2021042605008551,JLI,32,38,10,822.0,8220.0
2021042605008550,JLI,32,37,10,822.0,8220.0
2021042605008549,JLI,32,6,10,822.0,8220.0
2021042605008547,JLI,32,59,10,822.0,8220.0
2021042605008546,JLI,32,45,10,822.0,8220.0
2021042605008542,JLI,32,49,10,822.0,8220.0
2021042605008560,JLI,32,1,10,822.0,8220.0
2021042605008558,JLI,32,34,10,822.0,8220.0
2021042605008557,JLI,32,46,10,822.0,8220.0
2021042605008555,JLI,32,45,10,822.0,8220.0
2021042605008554,JLI,32,58,10,822.0,8220.0
2021042605008553,JLI,32,33,10,822.0,8220.0
2021042605008567,JLI,32,6,10,822.0,8220.0
2021042605008566,JLI,32,54,10,822.0,8220.0
2021042605008565,JLI,32,38,10,822.0,8220.0
2021042605008563,JLI,32,58,10,822.0,8220.0
2021042605008562,JLI,32,41,10,822.0,8220.0
2021042605008561,JLI,32,21,10,822.0,8220.0
2021042605008582,JLI,58,45,10,822.0,8220.0
2021042605008578,JLI,58,38,10,822.0,8220.0
2021042605008576,JLI,4,58,10,822.0,8220.0
2021042605008574,JLI,32,7,10,822.0,8220.0
2021042605008572,JLI,32,46,10,822.0,8220.0
2021042605008568,JLI,32,49,10,822.0,8220.0
2021042605008589,JLI,38,28,10,822.0,8220.0
2021042605008587,JLI,38,46,10,822.0,8220.0
2021042605008586,JLI,38,58,10,822.0,8220.0
2021042605008585,JLI,38,26,10,822.0,8220.0
2021042605008584,JLI,38,46,10,822.0,8220.0
2021042605008583,JLI,38,57,10,822.0,8220.0
2021042605008598,JLI,38,21,10,822.0,8220.0
2021042605008597,JLI,38,21,10,822.0,8220.0
2021042605008595,JLI,38,14,10,822.0,8220.0
2021042605008594,JLI,38,38,10,822.0,8220.0
2021042605008593,JLI,38,37,10,822.0,8220.0
2021042605008592,JLI,38,6,10,822.0,8220.0
2021042605008613,JLI,38,38,10,822.0,8220.0
2021042605008612,JLI,38,38,10,822.0,8220.0
2021042605008611,JLI,38,41,10,822.0,8220.0
2021042605008602,JLI,38,45,10,822.0,8220.0
2021042605008601,JLI,38,58,10,822.0,8220.0
2021042605008600,JLI,38,57,10,822.0,8220.0
2021042605008619,JLI,38,28,10,822.0,8220.0
2021042605008618,JLI,17,6,10,823.0,8230.0
2021042605008617,JLI,17,52,10,823.0,8230.0
2021042605008616,JLI,17,57,10,823.0,8230.0
2021042605008615,JLI,17,21,10,823.0,8230.0
2021042605008614,JLI,17,19,10,823.0,8230.0
2021042605008628,JLI,38,45,10,822.0,8220.0
2021042605008625,JLI,38,21,10,822.0,8220.0
2021042605008624,JLI,38,41,10,822.0,8220.0
2021042605008623,JLI,38,38,10,822.0,8220.0
2021042605008622,JLI,38,45,10,822.0,8220.0
2021042605008620,JLI,38,21,10,822.0,8220.0
2021042605008634,JLI,17,49,10,823.0,8230.0
2021042605008633,JLI,17,35,10,823.0,8230.0
2021042605008632,JLI,17,16,10,823.0,8230.0
2021042605008631,JLI,38,17,10,822.0,8220.0
2021042605008630,JLI,38,6,10,822.0,8220.0
2021042605008629,JLI,38,13,10,822.0,8220.0
2021042605008640,JLI,46,49,10,822.0,8220.0
2021042605008639,JLI,45,41,10,822.0,8220.0
2021042605008638,JLI,38,35,10,822.0,8220.0
2021042605008637,JLI,38,52,10,822.0,8220.0
2021042605008636,JLI,17,21,10,823.0,8230.0
2021042605008635,JLI,17,6,10,823.0,8230.0
2021042605008649,JLI,57,45,10,822.0,8220.0
2021042605008648,JLI,57,51,10,822.0,8220.0
2021042605008644,JLI,46,49,10,822.0,8220.0
2021042605008643,JLI,46,38,10,822.0,8220.0
2021042605008642,JLI,46,38,10,822.0,8220.0
2021042605008641,JLI,46,21,10,822.0,8220.0
2021042605008655,JLI,45,49,10,822.0,8220.0
2021042605008654,JLI,57,21,10,823.0,8230.0
2021042605008653,JLI,57,21,10,823.0,8230.0
2021042605008652,JLI,57,57,10,823.0,8230.0
2021042605008651,JLI,57,45,10,822.0,8220.0
2021042605008650,JLI,57,25,10,822.0,8220.0
2021042605008676,JLI,52,38,10,822.0,8220.0
2021042605008669,JLI,48,25,10,822.0,8220.0
2021042605008659,JLI,45,6,10,823.0,8230.0
2021042605008658,JLI,45,17,10,823.0,8230.0
2021042605008657,JLI,45,38,10,823.0,8230.0
2021042605008656,JLI,45,17,10,823.0,8230.0
2021042605008684,JLI,57,55,10,822.0,8220.0
2021042605008683,JLI,57,58,10,822.0,8220.0
2021042605008682,JLI,57,28,10,822.0,8220.0
2021042605008681,JLI,57,45,10,822.0,8220.0
2021042605008680,JLI,57,6,10,822.0,8220.0
2021042605008677,JLI,38,17,10,821.0,8210.0
2021042605008692,JLI,1,36,10,822.0,8220.0
2021042605008691,JLI,1,21,10,822.0,8220.0
2021042605008690,JLI,1,21,10,822.0,8220.0
2021042605008689,JLI,49,17,10,822.0,8220.0
2021042605008688,JLI,38,38,10,821.0,8210.0
2021042605008685,JLI,38,25,10,821.0,8210.0
2021042605008699,JLI,38,58,10,821.0,8210.0
2021042605008697,JLI,1,58,10,822.0,8220.0
2021042605008696,JLI,1,29,10,822.0,8220.0
2021042605008695,JLI,1,45,10,822.0,8220.0
2021042605008694,JLI,1,58,10,822.0,8220.0
2021042605008693,JLI,1,28,10,822.0,8220.0
2021042605008711,JLI,59,35,10,821.0,8210.0
2021042605008709,JLI,38,58,10,821.0,8210.0
2021042605008708,JLI,38,38,10,821.0,8210.0
2021042605008702,JLI,1,1,10,822.0,8220.0
2021042605008701,JLI,1,21,10,822.0,8220.0
2021042605008700,JLI,38,21,10,821.0,8210.0
2021042605008720,JLI,59,6,10,821.0,8210.0
2021042605008718,JLI,59,51,10,821.0,8210.0
2021042605008717,JLI,59,38,10,821.0,8210.0
2021042605008716,JLI,59,56,10,821.0,8210.0
2021042605008714,JLI,59,58,10,821.0,8210.0
2021042605008712,JLI,59,49,10,821.0,8210.0
2021042605008728,JLI,45,49,10,822.0,8220.0
2021042605008727,JLI,59,45,10,821.0,8210.0
2021042605008726,JLI,59,45,10,821.0,8210.0
2021042605008725,JLI,59,49,10,821.0,8210.0
2021042605008724,JLI,59,28,10,821.0,8210.0
2021042605008723,JLI,59,20,10,821.0,8210.0
2021042605008740,JLI,59,19,10,821.0,8210.0
2021042605008739,JLI,59,6,10,821.0,8210.0
2021042605008738,JLI,59,42,10,821.0,8210.0
2021042605008737,JLI,59,51,10,821.0,8210.0
2021042605008734,JLI,59,48,10,821.0,8210.0
2021042605008729,JLI,45,45,10,822.0,8220.0
2021042605008746,JLI,59,51,10,821.0,8210.0
2021042605008745,JLI,17,54,10,822.0,8220.0
2021042605008744,JLI,17,1,10,822.0,8220.0
2021042605008743,JLI,17,34,10,822.0,8220.0
2021042605008742,JLI,17,21,10,822.0,8220.0
2021042605008741,JLI,17,58,10,822.0,8220.0
2021042605008754,JLI,59,38,10,821.0,8210.0
2021042605008753,JLI,59,45,10,821.0,8210.0
2021042605008752,JLI,59,7,10,821.0,8210.0
2021042605008749,JLI,59,10,10,821.0,8210.0
2021042605008748,JLI,59,45,10,821.0,8210.0
2021042605008747,JLI,59,58,10,821.0,8210.0
2021042605008761,JLI,36,28,10,821.0,8210.0
2021042605008760,JLI,36,29,10,821.0,8210.0
2021042605008759,JLI,52,45,10,821.0,8210.0
2021042605008757,JLI,38,21,10,822.0,8220.0
2021042605008756,JLI,14,36,10,821.0,8210.0
2021042605008755,JLI,59,41,10,821.0,8210.0
2021042605008768,JLI,36,43,10,821.0,8210.0
2021042605008767,JLI,36,28,10,821.0,8210.0
2021042605008766,JLI,36,49,10,821.0,8210.0
2021042605008765,JLI,36,55,10,821.0,8210.0
2021042605008763,JLI,36,51,10,821.0,8210.0
2021042605008762,JLI,36,51,10,821.0,8210.0
2021042605008778,JLI,35,45,10,821.0,8210.0
2021042605008777,JLI,35,25,10,821.0,8210.0
2021042605008776,JLI,35,39,10,821.0,8210.0
2021042605008774,JLI,35,45,10,821.0,8210.0
2021042605008771,JLI,36,45,10,821.0,8210.0
2021042605008770,JLI,36,39,10,821.0,8210.0
2021042605008785,JLI,35,39,10,821.0,8210.0
2021042605008783,JLI,16,49,10,822.0,8220.0
2021042605008782,JLI,16,39,10,822.0,8220.0
2021042605008781,JLI,16,35,10,822.0,8220.0
2021042605008780,JLI,16,1,10,822.0,8220.0
2021042605008779,JLI,16,41,10,822.0,8220.0
2021042605008769,MLBSL,14,56,10,2349.0,23490.0
2021042605008751,MLBSL,14,55,10,2349.0,23490.0
2021042605008715,MLBSL,14,42,10,2349.0,23490.0
2021042605008427,MLBSL,14,58,10,2349.0,23490.0
2021042605008791,NICLBSL,35,51,10,1711.0,17110.0
2021042605008789,NICLBSL,35,56,31,1711.0,53041.0
2021042605008788,NICLBSL,35,49,10,1711.0,17110.0
2021042605008787,NICLBSL,43,40,10,1711.0,17110.0
2021042605008784,NICLBSL,42,34,10,1711.0,17110.0
2021042605008775,NICLBSL,38,28,10,1711.0,17110.0
2021042605008301,NICLBSL,58,36,20,1715.0,34300.0
2021042605008300,NICLBSL,35,36,10,1715.0,17150.0
2021042605008299,NICLBSL,29,36,100,1715.0,171500.0
2021042605008298,NICLBSL,35,36,15,1715.0,25725.0
2021042605008297,NICLBSL,17,36,10,1716.0,17160.0
2021042605008296,NICLBSL,56,36,15,1718.0,25770.0
2021042605008317,NICLBSL,1,33,10,1716.0,17160.0
2021042605008306,NICLBSL,42,52,10,1715.0,17150.0
2021042605008305,NICLBSL,49,42,10,1717.0,17170.0
2021042605008304,NICLBSL,42,36,10,1715.0,17150.0
2021042605008303,NICLBSL,21,36,100,1715.0,171500.0
2021042605008302,NICLBSL,41,36,20,1715.0,34300.0
2021042605008340,NICLBSL,26,32,20,1715.0,34300.0
2021042605008333,NICLBSL,26,44,20,1715.0,34300.0
2021042605008322,NICLBSL,26,14,30,1715.0,51450.0
2021042605008321,NICLBSL,6,14,100,1715.0,171500.0
2021042605008320,NICLBSL,42,14,80,1715.0,137200.0
2021042605008319,NICLBSL,1,14,90,1716.0,154440.0
2021042605008346,NICLBSL,40,42,50,1715.0,85750.0
2021042605008345,NICLBSL,26,42,100,1715.0,171500.0
2021042605008344,NICLBSL,6,42,15,1715.0,25725.0
2021042605008343,NICLBSL,49,42,20,1715.0,34300.0
2021042605008342,NICLBSL,37,42,100,1715.0,171500.0
2021042605008341,NICLBSL,26,42,30,1715.0,51450.0
2021042605008354,NICLBSL,42,52,10,1715.0,17150.0
2021042605008353,NICLBSL,42,21,10,1715.0,17150.0
2021042605008350,NICLBSL,42,42,105,1715.0,180075.0
2021042605008349,NICLBSL,47,42,10,1715.0,17150.0
2021042605008348,NICLBSL,35,42,20,1715.0,34300.0
2021042605008347,NICLBSL,46,42,50,1715.0,85750.0
2021042605008361,NICLBSL,42,42,10,1715.0,17150.0
2021042605008360,NICLBSL,42,26,10,1715.0,17150.0
2021042605008359,NICLBSL,42,50,10,1715.0,17150.0
2021042605008357,NICLBSL,42,52,30,1715.0,51450.0
2021042605008356,NICLBSL,55,28,10,1716.0,17160.0
2021042605008355,NICLBSL,55,34,10,1716.0,17160.0
2021042605008369,NICLBSL,34,35,30,1715.0,51450.0
2021042605008368,NICLBSL,49,35,100,1715.0,171500.0
2021042605008367,NICLBSL,51,35,30,1715.0,51450.0
2021042605008366,NICLBSL,32,35,50,1715.0,85750.0
2021042605008365,NICLBSL,17,35,10,1715.0,17150.0
2021042605008364,NICLBSL,42,35,15,1715.0,25725.0
2021042605008375,NICLBSL,7,35,20,1715.0,34300.0
2021042605008374,NICLBSL,40,35,200,1715.0,343000.0
2021042605008373,NICLBSL,37,35,13,1715.0,22295.0
2021042605008372,NICLBSL,22,35,50,1715.0,85750.0
2021042605008371,NICLBSL,42,35,10,1715.0,17150.0
2021042605008370,NICLBSL,34,35,30,1715.0,51450.0
2021042605008381,NICLBSL,40,35,20,1715.0,34300.0
2021042605008380,NICLBSL,5,35,20,1715.0,34300.0
2021042605008379,NICLBSL,5,35,20,1715.0,34300.0
2021042605008378,NICLBSL,45,35,10,1715.0,17150.0
2021042605008377,NICLBSL,44,35,20,1715.0,34300.0
2021042605008376,NICLBSL,58,35,10,1715.0,17150.0
2021042605008387,NICLBSL,1,26,10,1713.0,17130.0
2021042605008386,NICLBSL,1,35,25,1715.0,42875.0
2021042605008385,NICLBSL,57,35,10,1715.0,17150.0
2021042605008384,NICLBSL,57,35,15,1715.0,25725.0
2021042605008383,NICLBSL,57,35,25,1715.0,42875.0
2021042605008382,NICLBSL,17,35,40,1715.0,68600.0
2021042605008413,NICLBSL,46,26,10,1714.0,17140.0
2021042605008407,NICLBSL,46,16,10,1714.0,17140.0
2021042605008405,NICLBSL,58,36,20,1712.0,34240.0
2021042605008399,NICLBSL,47,51,50,1715.0,85750.0
2021042605008396,NICLBSL,21,51,20,1715.0,34300.0
2021042605008395,NICLBSL,21,35,30,1715.0,51450.0
2021042605008431,NICLBSL,39,57,10,1712.0,17120.0
2021042605008423,NICLBSL,39,36,10,1712.0,17120.0
2021042605008422,NICLBSL,52,49,10,1712.0,17120.0
2021042605008416,NICLBSL,29,34,16,1712.0,27392.0
2021042605008415,NICLBSL,58,34,20,1712.0,34240.0
2021042605008414,NICLBSL,58,49,10,1712.0,17120.0
2021042605008440,NICLBSL,49,3,30,1711.0,51330.0
2021042605008439,NICLBSL,37,3,50,1711.0,85550.0
2021042605008438,NICLBSL,45,3,30,1712.0,51360.0
2021042605008435,NICLBSL,59,52,26,1714.0,44564.0
2021042605008434,NICLBSL,45,58,10,1712.0,17120.0
2021042605008432,NICLBSL,45,57,10,1712.0,17120.0
2021042605008447,NICLBSL,44,21,19,1711.0,32509.0
2021042605008446,NICLBSL,51,21,105,1711.0,179655.0
2021042605008445,NICLBSL,29,21,35,1711.0,59885.0
2021042605008443,NICLBSL,29,58,10,1711.0,17110.0
2021042605008442,NICLBSL,29,3,55,1711.0,94105.0
2021042605008441,NICLBSL,11,3,25,1711.0,42775.0
2021042605008460,NICLBSL,17,19,15,1712.0,25680.0
2021042605008459,NICLBSL,17,28,50,1712.0,85600.0
2021042605008456,NICLBSL,16,49,39,1711.0,66729.0
2021042605008455,NICLBSL,44,49,61,1711.0,104371.0
2021042605008453,NICLBSL,44,36,10,1711.0,17110.0
2021042605008451,NICLBSL,44,26,10,1711.0,17110.0
2021042605008475,NICLBSL,36,26,10,1711.0,17110.0
2021042605008467,NICLBSL,16,58,10,1711.0,17110.0
2021042605008464,NICLBSL,17,51,91,1715.0,156065.0
2021042605008463,NICLBSL,17,22,10,1714.0,17140.0
2021042605008462,NICLBSL,17,52,24,1714.0,41136.0
2021042605008461,NICLBSL,17,51,10,1712.0,17120.0
2021042605008497,NICLBSL,40,14,200,1710.0,342000.0
2021042605008494,NICLBSL,40,32,10,1710.0,17100.0
2021042605008493,NICLBSL,5,26,10,1710.0,17100.0
2021042605008479,NICLBSL,49,43,50,1711.0,85550.0
2021042605008478,NICLBSL,36,43,10,1711.0,17110.0
2021042605008477,NICLBSL,11,5,10,1712.0,17120.0
2021042605008512,NICLBSL,1,49,10,1711.0,17110.0
2021042605008510,NICLBSL,1,13,10,1711.0,17110.0
2021042605008509,NICLBSL,1,34,10,1711.0,17110.0
2021042605008508,NICLBSL,1,36,20,1711.0,34220.0
2021042605008504,NICLBSL,40,47,50,1710.0,85500.0
2021042605008500,NICLBSL,40,26,10,1710.0,17100.0
2021042605008524,NICLBSL,40,26,10,1710.0,17100.0
2021042605008522,NICLBSL,40,41,10,1710.0,17100.0
2021042605008521,NICLBSL,40,58,10,1710.0,17100.0
2021042605008519,NICLBSL,40,52,10,1710.0,17100.0
2021042605008518,NICLBSL,1,52,40,1711.0,68440.0
2021042605008514,NICLBSL,1,26,10,1711.0,17110.0
2021042605008538,NICLBSL,40,58,10,1710.0,17100.0
2021042605008534,NICLBSL,40,26,10,1710.0,17100.0
2021042605008533,NICLBSL,40,45,20,1710.0,34200.0
2021042605008529,NICLBSL,40,28,10,1710.0,17100.0
2021042605008528,NICLBSL,40,13,10,1710.0,17100.0
2021042605008527,NICLBSL,40,52,10,1710.0,17100.0
2021042605008552,NICLBSL,40,43,20,1710.0,34200.0
2021042605008548,NICLBSL,40,41,10,1710.0,17100.0
2021042605008545,NICLBSL,59,45,20,1711.0,34220.0
2021042605008544,NICLBSL,59,26,10,1711.0,17110.0
2021042605008543,NICLBSL,40,26,10,1710.0,17100.0
2021042605008540,NICLBSL,40,41,10,1710.0,17100.0
2021042605008571,NICLBSL,40,59,40,1710.0,68400.0
2021042605008570,NICLBSL,41,59,10,1711.0,17110.0
2021042605008569,NICLBSL,41,26,10,1711.0,17110.0
2021042605008564,NICLBSL,41,51,10,1711.0,17110.0
2021042605008559,NICLBSL,41,26,10,1711.0,17110.0
2021042605008556,NICLBSL,41,42,10,1711.0,17110.0
2021042605008581,NICLBSL,17,19,20,1714.0,34280.0
2021042605008580,NICLBSL,17,19,10,1714.0,17140.0
2021042605008579,NICLBSL,45,26,10,1710.0,17100.0
2021042605008577,NICLBSL,40,28,10,1710.0,17100.0
2021042605008575,NICLBSL,40,38,10,1710.0,17100.0
2021042605008573,NICLBSL,40,42,10,1710.0,17100.0
2021042605008603,NICLBSL,17,22,150,1714.0,257100.0
2021042605008599,NICLBSL,17,28,10,1714.0,17140.0
2021042605008596,NICLBSL,17,26,10,1714.0,17140.0
2021042605008591,NICLBSL,17,26,10,1714.0,17140.0
2021042605008590,NICLBSL,33,51,10,1715.0,17150.0
2021042605008588,NICLBSL,17,26,10,1714.0,17140.0
2021042605008609,NICLBSL,45,37,43,1710.0,73530.0
2021042605008608,NICLBSL,14,37,10,1711.0,17110.0
2021042605008607,NICLBSL,45,37,100,1711.0,171100.0
2021042605008606,NICLBSL,43,37,10,1711.0,17110.0
2021042605008605,NICLBSL,17,37,70,1714.0,119980.0
2021042605008604,NICLBSL,17,52,210,1714.0,359940.0
2021042605008646,NICLBSL,36,57,30,1711.0,51330.0
2021042605008645,NICLBSL,58,57,170,1712.0,291040.0
2021042605008627,NICLBSL,58,26,10,1712.0,17120.0
2021042605008626,NICLBSL,58,21,10,1712.0,17120.0
2021042605008621,NICLBSL,58,26,10,1712.0,17120.0
2021042605008610,NICLBSL,45,26,10,1710.0,17100.0
2021042605008664,NICLBSL,51,35,50,1711.0,85550.0
2021042605008663,NICLBSL,47,35,50,1711.0,85550.0
2021042605008662,NICLBSL,43,35,10,1711.0,17110.0
2021042605008661,NICLBSL,36,35,50,1711.0,85550.0
2021042605008660,NICLBSL,36,32,10,1711.0,17110.0
2021042605008647,NICLBSL,36,26,10,1711.0,17110.0
2021042605008671,NICLBSL,16,41,10,1711.0,17110.0
2021042605008670,NICLBSL,16,28,10,1711.0,17110.0
2021042605008668,NICLBSL,45,35,220,1710.0,376200.0
2021042605008667,NICLBSL,16,35,10,1711.0,17110.0
2021042605008666,NICLBSL,17,35,10,1711.0,17110.0
2021042605008665,NICLBSL,46,35,100,1711.0,171100.0
2021042605008679,NICLBSL,28,57,10,1712.0,17120.0
2021042605008678,NICLBSL,28,51,10,1712.0,17120.0
2021042605008675,NICLBSL,1,49,30,1713.0,51390.0
2021042605008674,NICLBSL,1,13,10,1712.0,17120.0
2021042605008673,NICLBSL,1,45,10,1712.0,17120.0
2021042605008672,NICLBSL,16,10,10,1711.0,17110.0
2021042605008705,NICLBSL,6,49,20,1713.0,34260.0
2021042605008704,NICLBSL,16,46,10,1711.0,17110.0
2021042605008703,NICLBSL,16,42,10,1711.0,17110.0
2021042605008698,NICLBSL,16,58,50,1711.0,85550.0
2021042605008687,NICLBSL,57,49,10,1713.0,17130.0
2021042605008686,NICLBSL,57,57,10,1712.0,17120.0
2021042605008721,NICLBSL,26,51,10,1713.0,17130.0
2021042605008719,NICLBSL,56,44,10,1713.0,17130.0
2021042605008713,NICLBSL,56,28,10,1713.0,17130.0
2021042605008710,NICLBSL,56,43,10,1713.0,17130.0
2021042605008707,NICLBSL,6,51,20,1715.0,34300.0
2021042605008706,NICLBSL,6,37,10,1714.0,17140.0
2021042605008735,NICLBSL,35,26,10,1712.0,17120.0
2021042605008733,NICLBSL,45,35,330,1710.0,564300.0
2021042605008732,NICLBSL,34,35,50,1711.0,85550.0
2021042605008731,NICLBSL,47,35,10,1711.0,17110.0
2021042605008730,NICLBSL,54,35,10,1712.0,17120.0
2021042605008722,NICLBSL,45,51,10,1712.0,17120.0
2021042605008773,NICLBSL,38,4,10,1711.0,17110.0
2021042605008772,NICLBSL,38,17,10,1711.0,17110.0
2021042605008764,NICLBSL,39,57,20,1714.0,34280.0
2021042605008758,NICLBSL,38,58,10,1711.0,17110.0
2021042605008750,NICLBSL,45,20,10,1710.0,17100.0
2021042605008736,NICLBSL,35,57,40,1714.0,68560.0
2021042605008295,JLI,41,48,10,823.0,8230.0
2021042605008294,JLI,41,32,10,823.0,8230.0
2021042605008293,JLI,37,21,10,823.0,8230.0
2021042605008292,JLI,22,57,10,823.0,8230.0
2021042605008291,JLI,22,8,10,823.0,8230.0
2021042605008290,JLI,22,35,10,823.0,8230.0
2021042605007796,JLI,59,51,10,825.0,8250.0
2021042605007808,JLI,59,59,10,825.0,8250.0
2021042605007803,JLI,59,33,10,825.0,8250.0
2021042605007801,JLI,56,45,10,826.0,8260.0
2021042605007800,JLI,59,51,10,825.0,8250.0
2021042605007798,JLI,59,45,10,825.0,8250.0
2021042605007797,JLI,59,56,10,825.0,8250.0
2021042605007819,JLI,42,33,10,825.0,8250.0
2021042605007818,JLI,49,44,10,826.0,8260.0
2021042605007817,JLI,42,45,10,825.0,8250.0
2021042605007816,JLI,42,3,10,825.0,8250.0
2021042605007815,JLI,42,57,10,825.0,8250.0
2021042605007814,JLI,59,50,10,825.0,8250.0
2021042605007829,JLI,17,4,10,825.0,8250.0
2021042605007828,JLI,17,33,10,825.0,8250.0
2021042605007827,JLI,38,16,10,826.0,8260.0
2021042605007824,JLI,51,49,10,825.0,8250.0
2021042605007821,JLI,51,38,10,825.0,8250.0
2021042605007820,JLI,42,26,10,825.0,8250.0
2021042605007835,JLI,21,48,30,826.0,24780.0
2021042605007834,JLI,21,21,10,826.0,8260.0
2021042605007833,JLI,7,1,10,825.0,8250.0
2021042605007832,JLI,7,6,10,825.0,8250.0
2021042605007831,JLI,7,45,10,825.0,8250.0
2021042605007830,JLI,7,58,10,825.0,8250.0
2021042605007841,JLI,20,59,70,825.0,57750.0
2021042605007840,JLI,45,59,110,825.0,90750.0
2021042605007839,JLI,20,14,10,825.0,8250.0
2021042605007838,JLI,20,52,10,825.0,8250.0
2021042605007837,JLI,20,33,10,825.0,8250.0
2021042605007836,JLI,7,26,10,825.0,8250.0
2021042605007847,JLI,22,45,10,825.0,8250.0
2021042605007846,JLI,22,59,10,825.0,8250.0
2021042605007845,JLI,57,59,50,825.0,41250.0
2021042605007844,JLI,52,59,10,825.0,8250.0
2021042605007843,JLI,21,59,10,825.0,8250.0
2021042605007842,JLI,25,59,40,825.0,33000.0
2021042605007858,JLI,48,35,10,825.0,8250.0
2021042605007856,JLI,48,1,10,825.0,8250.0
2021042605007852,JLI,48,32,10,825.0,8250.0
2021042605007851,JLI,48,1,10,825.0,8250.0
2021042605007850,JLI,48,26,10,825.0,8250.0
2021042605007848,JLI,58,6,10,825.0,8250.0
2021042605007864,JLI,54,34,10,825.0,8250.0
2021042605007863,JLI,54,47,10,825.0,8250.0
2021042605007862,JLI,54,1,10,825.0,8250.0
2021042605007861,JLI,54,55,10,825.0,8250.0
2021042605007860,JLI,54,6,10,825.0,8250.0
2021042605007859,JLI,42,17,10,825.0,8250.0
2021042605007874,JLI,45,28,10,826.0,8260.0
2021042605007873,JLI,45,39,10,826.0,8260.0
2021042605007872,JLI,45,48,10,826.0,8260.0
2021042605007870,JLI,56,56,10,825.0,8250.0
2021042605007869,JLI,56,1,10,825.0,8250.0
2021042605007868,JLI,53,48,60,826.0,49560.0
2021042605007881,JLI,6,47,10,825.0,8250.0
2021042605007880,JLI,13,6,10,825.0,8250.0
2021042605007879,JLI,57,38,10,826.0,8260.0
2021042605007878,JLI,56,49,10,825.0,8250.0
2021042605007876,JLI,56,34,10,825.0,8250.0
2021042605007875,JLI,56,26,10,825.0,8250.0
2021042605007892,JLI,34,45,10,825.0,8250.0
2021042605007891,JLI,34,34,10,825.0,8250.0
2021042605007890,JLI,58,58,10,826.0,8260.0
2021042605007889,JLI,6,49,10,825.0,8250.0
2021042605007884,JLI,6,56,10,825.0,8250.0
2021042605007883,JLI,6,45,10,825.0,8250.0
2021042605007901,JLI,50,45,10,825.0,8250.0
2021042605007900,JLI,7,6,10,825.0,8250.0
2021042605007899,JLI,7,25,10,825.0,8250.0
2021042605007898,JLI,7,58,10,825.0,8250.0
2021042605007897,JLI,7,26,10,825.0,8250.0
2021042605007896,JLI,34,6,10,825.0,8250.0
2021042605007910,JLI,45,57,10,825.0,8250.0
2021042605007909,JLI,58,11,10,825.0,8250.0
2021042605007908,JLI,58,28,10,825.0,8250.0
2021042605007906,JLI,58,41,10,825.0,8250.0
2021042605007905,JLI,58,58,10,825.0,8250.0
2021042605007904,JLI,58,51,10,825.0,8250.0
2021042605007918,JLI,48,55,10,826.0,8260.0
2021042605007917,JLI,48,57,10,826.0,8260.0
2021042605007916,JLI,48,28,10,826.0,8260.0
2021042605007915,JLI,48,21,10,826.0,8260.0
2021042605007914,JLI,48,25,10,826.0,8260.0
2021042605007911,JLI,58,6,10,825.0,8250.0
2021042605007924,JLI,41,57,10,826.0,8260.0
2021042605007923,JLI,41,44,10,826.0,8260.0
2021042605007922,JLI,46,45,10,825.0,8250.0
2021042605007921,JLI,45,41,10,825.0,8250.0
2021042605007920,JLI,38,57,10,825.0,8250.0
2021042605007919,JLI,38,46,10,825.0,8250.0
2021042605007931,JLI,46,6,10,825.0,8250.0
2021042605007930,JLI,41,51,10,826.0,8260.0
2021042605007928,JLI,41,58,10,826.0,8260.0
2021042605007927,JLI,41,21,10,826.0,8260.0
2021042605007926,JLI,41,19,10,826.0,8260.0
2021042605007925,JLI,41,6,10,826.0,8260.0
2021042605007940,JLI,45,6,10,826.0,8260.0
2021042605007937,JLI,26,51,10,825.0,8250.0
2021042605007936,JLI,26,21,10,825.0,8250.0
2021042605007935,JLI,26,45,10,825.0,8250.0
2021042605007933,JLI,26,38,10,825.0,8250.0
2021042605007932,JLI,45,16,10,827.0,8270.0
2021042605007949,JLI,26,35,10,825.0,8250.0
2021042605007948,JLI,26,51,10,825.0,8250.0
2021042605007945,JLI,26,45,10,825.0,8250.0
2021042605007944,JLI,26,42,10,825.0,8250.0
2021042605007942,JLI,45,21,10,826.0,8260.0
2021042605007941,JLI,45,50,10,826.0,8260.0
2021042605007956,JLI,14,26,10,825.0,8250.0
2021042605007954,JLI,14,6,10,825.0,8250.0
2021042605007953,JLI,14,51,10,825.0,8250.0
2021042605007952,JLI,26,45,10,825.0,8250.0
2021042605007951,JLI,45,41,10,826.0,8260.0
2021042605007950,JLI,26,56,10,825.0,8250.0
2021042605007965,JLI,14,35,10,825.0,8250.0
2021042605007964,JLI,14,45,10,825.0,8250.0
2021042605007963,JLI,14,51,10,825.0,8250.0
2021042605007961,JLI,14,6,10,825.0,8250.0
2021042605007958,JLI,14,35,10,825.0,8250.0
2021042605007957,JLI,14,11,10,825.0,8250.0
2021042605007974,JLI,14,45,10,825.0,8250.0
2021042605007973,JLI,26,57,5,830.0,4150.0
2021042605007972,JLI,14,58,10,825.0,8250.0
2021042605007971,JLI,14,45,10,825.0,8250.0
2021042605007967,JLI,14,58,10,825.0,8250.0
2021042605007966,JLI,14,16,10,825.0,8250.0
2021042605007980,JLI,49,48,100,825.0,82500.0
2021042605007979,JLI,39,48,10,825.0,8250.0
2021042605007978,JLI,14,48,340,825.0,280500.0
2021042605007977,JLI,45,48,15,825.0,12375.0
2021042605007976,JLI,14,6,10,825.0,8250.0
2021042605007975,JLI,14,54,10,825.0,8250.0
2021042605007990,JLI,49,28,10,824.0,8240.0
2021042605007989,JLI,49,58,10,824.0,8240.0
2021042605007987,JLI,43,34,10,824.0,8240.0
2021042605007986,JLI,43,47,10,824.0,8240.0
2021042605007985,JLI,43,45,10,824.0,8240.0
2021042605007984,JLI,43,56,10,824.0,8240.0
2021042605007999,JLI,3,58,10,824.0,8240.0
2021042605007998,JLI,3,45,10,824.0,8240.0
2021042605007997,JLI,3,57,10,824.0,8240.0
2021042605007996,JLI,3,43,10,824.0,8240.0
2021042605007992,JLI,3,45,10,824.0,8240.0
2021042605007991,JLI,3,6,10,824.0,8240.0
2021042605008006,JLI,3,38,10,824.0,8240.0
2021042605008005,JLI,3,39,120,824.0,98880.0
2021042605008004,JLI,16,39,100,824.0,82400.0
2021042605008003,JLI,3,57,10,824.0,8240.0
2021042605008002,JLI,3,26,10,824.0,8240.0
2021042605008001,JLI,3,49,10,824.0,8240.0
2021042605008014,JLI,3,43,10,824.0,8240.0
2021042605008013,JLI,3,58,10,824.0,8240.0
2021042605008010,JLI,3,1,10,824.0,8240.0
2021042605008009,JLI,3,6,10,824.0,8240.0
2021042605008008,JLI,3,47,10,824.0,8240.0
2021042605008007,JLI,3,45,10,824.0,8240.0
2021042605008027,JLI,43,34,10,824.0,8240.0
2021042605008020,JLI,56,48,10,825.0,8250.0
2021042605008019,JLI,43,8,10,824.0,8240.0
2021042605008018,JLI,43,45,10,824.0,8240.0
2021042605008017,JLI,3,6,10,824.0,8240.0
2021042605008015,JLI,3,17,10,824.0,8240.0
2021042605008038,JLI,38,36,10,824.0,8240.0
2021042605008034,JLI,35,48,30,825.0,24750.0
2021042605008032,JLI,38,6,10,824.0,8240.0
2021042605008031,JLI,5,58,10,824.0,8240.0
2021042605008029,JLI,43,56,10,824.0,8240.0
2021042605008028,JLI,43,6,10,824.0,8240.0
2021042605008047,JLI,5,50,10,824.0,8240.0
2021042605008046,JLI,5,47,10,824.0,8240.0
2021042605008043,JLI,5,58,10,824.0,8240.0
2021042605008042,JLI,6,48,50,825.0,41250.0
2021042605008041,JLI,5,45,10,824.0,8240.0
2021042605008040,JLI,5,58,10,824.0,8240.0
2021042605008055,JLI,44,45,10,824.0,8240.0
2021042605008054,JLI,57,32,10,824.0,8240.0
2021042605008053,JLI,57,38,80,824.0,65920.0
2021042605008051,JLI,57,6,10,824.0,8240.0
2021042605008049,JLI,5,28,10,824.0,8240.0
2021042605008048,JLI,5,45,10,824.0,8240.0
2021042605008065,JLI,45,48,12,824.0,9888.0
2021042605008064,JLI,53,48,10,824.0,8240.0
2021042605008062,JLI,44,46,10,824.0,8240.0
2021042605008058,JLI,44,26,10,824.0,8240.0
2021042605008057,JLI,44,35,10,824.0,8240.0
2021042605008056,JLI,44,28,10,824.0,8240.0
2021042605008072,JLI,52,51,10,823.0,8230.0
2021042605008071,JLI,52,34,10,823.0,8230.0
2021042605008069,JLI,52,39,10,823.0,8230.0
2021042605008068,JLI,52,11,10,823.0,8230.0
2021042605008067,JLI,52,26,10,823.0,8230.0
2021042605008066,JLI,52,6,10,823.0,8230.0
2021042605008085,JLI,36,48,20,823.0,16460.0
2021042605008083,JLI,36,58,10,823.0,8230.0
2021042605008081,JLI,36,56,10,823.0,8230.0
2021042605008079,JLI,36,48,10,823.0,8230.0
2021042605008078,JLI,34,55,10,823.0,8230.0
2021042605008073,JLI,54,48,30,824.0,24720.0
2021042605008091,JLI,17,20,10,823.0,8230.0
2021042605008090,JLI,17,48,235,823.0,193405.0
2021042605008089,JLI,41,48,100,823.0,82300.0
2021042605008088,JLI,6,48,50,823.0,41150.0
2021042605008087,JLI,45,48,10,823.0,8230.0
2021042605008086,JLI,49,48,30,823.0,24690.0
2021042605008098,JLI,34,25,10,824.0,8240.0
2021042605008097,JLI,34,32,10,824.0,8240.0
2021042605008096,JLI,34,48,78,824.0,64272.0
2021042605008095,JLI,17,58,10,823.0,8230.0
2021042605008093,JLI,17,48,10,823.0,8230.0
2021042605008092,JLI,17,26,10,823.0,8230.0
2021042605008106,JLI,17,36,10,823.0,8230.0
2021042605008105,JLI,17,26,10,823.0,8230.0
2021042605008103,JLI,17,48,10,823.0,8230.0
2021042605008102,JLI,17,26,10,823.0,8230.0
2021042605008100,JLI,17,28,10,823.0,8230.0
2021042605008099,JLI,17,38,10,823.0,8230.0
2021042605008117,JLI,17,38,10,823.0,8230.0
2021042605008116,JLI,17,49,10,823.0,8230.0
2021042605008115,JLI,17,47,10,823.0,8230.0
2021042605008114,JLI,17,28,10,823.0,8230.0
2021042605008110,JLI,17,42,10,823.0,8230.0
2021042605008107,JLI,17,33,10,823.0,8230.0
2021042605008124,JLI,17,28,10,823.0,8230.0
2021042605008123,JLI,17,28,10,823.0,8230.0
2021042605008121,JLI,17,6,10,823.0,8230.0
2021042605008120,JLI,17,38,10,823.0,8230.0
2021042605008119,JLI,17,59,10,823.0,8230.0
2021042605008118,JLI,17,44,10,823.0,8230.0
2021042605008130,JLI,17,53,10,823.0,8230.0
2021042605008129,JLI,17,49,10,824.0,8240.0
2021042605008128,JLI,17,57,10,824.0,8240.0
2021042605008127,JLI,17,55,10,824.0,8240.0
2021042605008126,JLI,17,47,10,824.0,8240.0
2021042605008125,JLI,17,34,10,824.0,8240.0
2021042605008137,JLI,46,16,10,823.0,8230.0
2021042605008136,JLI,57,58,10,823.0,8230.0
2021042605008135,JLI,13,47,10,823.0,8230.0
2021042605008134,JLI,17,59,10,823.0,8230.0
2021042605008133,JLI,17,6,10,823.0,8230.0
2021042605008131,JLI,17,21,10,823.0,8230.0
2021042605008144,JLI,49,14,10,824.0,8240.0
2021042605008143,JLI,49,33,10,824.0,8240.0
2021042605008142,JLI,46,47,10,823.0,8230.0
2021042605008140,JLI,46,21,10,823.0,8230.0
2021042605008139,JLI,58,58,9,808.0,7272.0
2021042605008138,JLI,46,50,10,823.0,8230.0
2021042605008154,JLI,46,17,10,823.0,8230.0
2021042605008153,JLI,46,41,10,823.0,8230.0
2021042605008151,JLI,46,21,10,823.0,8230.0
2021042605008147,JLI,46,1,10,823.0,8230.0
2021042605008146,JLI,46,28,10,823.0,8230.0
2021042605008145,JLI,46,34,10,823.0,8230.0
2021042605008163,JLI,45,56,10,823.0,8230.0
2021042605008162,JLI,45,38,10,823.0,8230.0
2021042605008160,JLI,45,32,10,823.0,8230.0
2021042605008157,JLI,45,41,10,823.0,8230.0
2021042605008156,JLI,45,58,10,823.0,8230.0
2021042605008155,JLI,45,6,10,823.0,8230.0
2021042605008170,JLI,35,58,10,823.0,8230.0
2021042605008169,JLI,35,19,10,823.0,8230.0
2021042605008168,JLI,45,16,10,823.0,8230.0
2021042605008166,JLI,45,28,10,823.0,8230.0
2021042605008165,JLI,45,6,10,823.0,8230.0
2021042605008164,JLI,45,6,10,823.0,8230.0
2021042605008184,JLI,35,41,10,823.0,8230.0
2021042605008183,JLI,35,16,10,823.0,8230.0
2021042605008180,JLI,35,39,10,823.0,8230.0
2021042605008179,JLI,35,56,10,823.0,8230.0
2021042605008178,JLI,35,55,10,823.0,8230.0
2021042605008172,JLI,35,48,10,823.0,8230.0
2021042605008190,JLI,35,10,10,823.0,8230.0
2021042605008189,JLI,35,48,10,823.0,8230.0
2021042605008188,JLI,56,54,10,824.0,8240.0
2021042605008187,JLI,56,34,10,824.0,8240.0
2021042605008186,JLI,56,25,10,824.0,8240.0
2021042605008185,JLI,35,49,10,823.0,8230.0
2021042605008196,JLI,17,32,10,823.0,8230.0
2021042605008195,JLI,17,38,10,823.0,8230.0
2021042605008194,JLI,17,6,10,823.0,8230.0
2021042605008193,JLI,17,19,10,823.0,8230.0
2021042605008192,JLI,17,50,10,823.0,8230.0
2021042605008191,JLI,35,28,10,823.0,8230.0
2021042605008204,JLI,8,16,10,823.0,8230.0
2021042605008202,JLI,17,28,10,823.0,8230.0
2021042605008200,JLI,17,56,10,823.0,8230.0
2021042605008199,JLI,17,17,10,823.0,8230.0
2021042605008198,JLI,17,32,10,823.0,8230.0
2021042605008197,JLI,17,48,10,823.0,8230.0
2021042605008214,JLI,51,42,10,823.0,8230.0
2021042605008213,JLI,51,8,10,823.0,8230.0
2021042605008212,JLI,34,6,10,822.0,8220.0
2021042605008211,JLI,34,59,10,822.0,8220.0
2021042605008207,JLI,34,58,10,822.0,8220.0
2021042605008205,JLI,34,6,10,822.0,8220.0
2021042605008220,JLI,51,54,10,823.0,8230.0
2021042605008219,JLI,51,55,10,823.0,8230.0
2021042605008218,JLI,51,57,10,823.0,8230.0
2021042605008217,JLI,51,13,10,823.0,8230.0
2021042605008216,JLI,51,19,10,823.0,8230.0
2021042605008215,JLI,51,52,10,823.0,8230.0
2021042605008230,JLI,17,29,10,823.0,8230.0
2021042605008229,JLI,17,13,10,823.0,8230.0
2021042605008227,JLI,34,33,10,822.0,8220.0
2021042605008224,JLI,34,33,10,822.0,8220.0
2021042605008222,JLI,51,21,10,823.0,8230.0
2021042605008221,JLI,51,58,10,823.0,8230.0
2021042605008240,JLI,8,22,10,823.0,8230.0
2021042605008239,JLI,8,35,10,823.0,8230.0
2021042605008237,JLI,34,59,10,822.0,8220.0
2021042605008233,JLI,17,58,10,824.0,8240.0
2021042605008232,JLI,17,56,10,824.0,8240.0
2021042605008231,JLI,17,58,10,824.0,8240.0
2021042605008246,JLI,8,5,10,824.0,8240.0
2021042605008245,JLI,8,13,10,823.0,8230.0
2021042605008244,JLI,8,29,10,823.0,8230.0
2021042605008243,JLI,8,34,10,823.0,8230.0
2021042605008242,JLI,8,54,10,823.0,8230.0
2021042605008241,JLI,8,58,10,823.0,8230.0
2021042605008252,JLI,8,58,10,825.0,8250.0
2021042605008251,JLI,8,54,10,825.0,8250.0
2021042605008250,JLI,8,47,10,825.0,8250.0
2021042605008249,JLI,8,35,10,825.0,8250.0
2021042605008248,JLI,8,58,10,824.0,8240.0
2021042605008247,JLI,8,49,10,824.0,8240.0
2021042605008258,JLI,8,8,10,825.0,8250.0
2021042605008257,JLI,8,32,10,825.0,8250.0
2021042605008256,JLI,8,29,10,825.0,8250.0
2021042605008255,JLI,8,53,120,825.0,99000.0
2021042605008254,JLI,8,13,10,825.0,8250.0
2021042605008253,JLI,8,51,10,825.0,8250.0
2021042605008264,JLI,8,58,10,825.0,8250.0
2021042605008263,JLI,8,45,10,825.0,8250.0
2021042605008262,JLI,8,6,10,825.0,8250.0
2021042605008261,JLI,8,45,10,825.0,8250.0
2021042605008260,JLI,8,34,10,825.0,8250.0
2021042605008259,JLI,8,53,10,825.0,8250.0
2021042605008270,JLI,8,47,10,825.0,8250.0
2021042605008269,JLI,8,55,10,825.0,8250.0
2021042605008268,JLI,8,1,10,825.0,8250.0
2021042605008267,JLI,8,39,10,825.0,8250.0
2021042605008266,JLI,8,41,10,825.0,8250.0
2021042605008265,JLI,8,57,10,825.0,8250.0
2021042605008276,JLI,8,58,10,825.0,8250.0
2021042605008275,JLI,8,52,10,825.0,8250.0
2021042605008274,JLI,8,42,10,825.0,8250.0
2021042605008273,JLI,8,39,10,825.0,8250.0
2021042605008272,JLI,8,34,10,825.0,8250.0
2021042605008271,JLI,8,58,10,825.0,8250.0
2021042605008282,JLI,22,13,10,823.0,8230.0
2021042605008281,JLI,22,58,10,823.0,8230.0
2021042605008280,JLI,22,34,10,823.0,8230.0
2021042605008279,JLI,34,33,10,822.0,8220.0
2021042605008278,JLI,34,6,10,822.0,8220.0
2021042605008277,JLI,8,49,10,825.0,8250.0
2021042605008289,JLI,22,6,10,823.0,8230.0
2021042605008288,JLI,22,47,10,823.0,8230.0
2021042605008287,JLI,22,29,10,823.0,8230.0
2021042605008286,JLI,22,35,10,823.0,8230.0
2021042605008284,JLI,22,38,10,823.0,8230.0
2021042605008283,JLI,22,48,10,823.0,8230.0
2021042605008035,MLBSL,14,34,10,2349.0,23490.0
2021042605007994,MLBSL,14,20,10,2349.0,23490.0
2021042605007857,MLBSL,14,26,10,2349.0,23490.0
2021042605007811,MLBSL,14,25,10,2349.0,23490.0
2021042605008285,NICLBSL,26,22,10,1716.0,17160.0
2021042605008238,NICLBSL,26,17,10,1716.0,17160.0
2021042605008236,NICLBSL,26,29,80,1716.0,137280.0
2021042605008235,NICLBSL,35,32,10,1715.0,17150.0
2021042605008234,NICLBSL,35,33,10,1715.0,17150.0
2021042605008228,NICLBSL,35,6,10,1715.0,17150.0
2021042605007804,NICLBSL,58,28,10,1720.0,17200.0
2021042605007802,NICLBSL,57,44,10,1720.0,17200.0
2021042605007799,NICLBSL,47,6,20,1720.0,34400.0
2021042605007812,NICLBSL,43,39,10,1721.0,17210.0
2021042605007810,NICLBSL,57,25,10,1721.0,17210.0
2021042605007809,NICLBSL,57,21,10,1721.0,17210.0
2021042605007807,NICLBSL,14,45,169,1720.0,290680.0
2021042605007806,NICLBSL,19,45,100,1720.0,172000.0
2021042605007805,NICLBSL,58,45,40,1720.0,68800.0
2021042605007849,NICLBSL,14,51,10,1720.0,17200.0
2021042605007826,NICLBSL,14,28,10,1720.0,17200.0
2021042605007825,NICLBSL,43,50,20,1721.0,34420.0
2021042605007823,NICLBSL,25,5,40,1722.0,68880.0
2021042605007822,NICLBSL,25,26,10,1722.0,17220.0
2021042605007813,NICLBSL,43,29,10,1721.0,17210.0
2021042605007867,NICLBSL,45,41,40,1719.0,68760.0
2021042605007866,NICLBSL,38,41,20,1719.0,34380.0
2021042605007865,NICLBSL,26,41,49,1719.0,84231.0
2021042605007855,NICLBSL,57,50,50,1720.0,86000.0
2021042605007854,NICLBSL,19,50,20,1720.0,34400.0
2021042605007853,NICLBSL,14,50,11,1720.0,18920.0
2021042605007887,NICLBSL,45,40,20,1718.0,34360.0
2021042605007886,NICLBSL,35,40,30,1718.0,51540.0
2021042605007885,NICLBSL,19,40,90,1718.0,154620.0
2021042605007882,NICLBSL,19,26,10,1718.0,17180.0
2021042605007877,NICLBSL,49,28,10,1719.0,17190.0
2021042605007871,NICLBSL,21,50,20,1720.0,34400.0
2021042605007903,NICLBSL,17,51,10,1717.0,17170.0
2021042605007902,NICLBSL,17,49,10,1717.0,17170.0
2021042605007895,NICLBSL,17,45,77,1717.0,132209.0
2021042605007894,NICLBSL,57,45,50,1717.0,85850.0
2021042605007893,NICLBSL,45,45,20,1718.0,34360.0
2021042605007888,NICLBSL,45,51,10,1718.0,17180.0
2021042605007938,NICLBSL,39,39,10,1718.0,17180.0
2021042605007934,NICLBSL,17,51,10,1717.0,17170.0
2021042605007929,NICLBSL,17,28,10,1717.0,17170.0
2021042605007913,NICLBSL,43,36,100,1718.0,171800.0
2021042605007912,NICLBSL,43,47,10,1718.0,17180.0
2021042605007907,NICLBSL,17,51,10,1717.0,17170.0
2021042605007959,NICLBSL,14,44,10,1718.0,17180.0
2021042605007955,NICLBSL,14,21,10,1718.0,17180.0
2021042605007947,NICLBSL,14,56,10,1718.0,17180.0
2021042605007946,NICLBSL,17,28,10,1717.0,17170.0
2021042605007943,NICLBSL,17,42,10,1717.0,17170.0
2021042605007939,NICLBSL,17,45,10,1717.0,17170.0
2021042605007981,NICLBSL,57,6,10,1719.0,17190.0
2021042605007970,NICLBSL,57,28,10,1719.0,17190.0
2021042605007969,NICLBSL,57,8,10,1719.0,17190.0
2021042605007968,NICLBSL,57,52,10,1719.0,17190.0
2021042605007962,NICLBSL,17,42,10,1717.0,17170.0
2021042605007960,NICLBSL,14,51,10,1718.0,17180.0
2021042605008000,NICLBSL,57,41,10,1719.0,17190.0
2021042605007995,NICLBSL,57,51,10,1719.0,17190.0
2021042605007993,NICLBSL,57,49,10,1719.0,17190.0
2021042605007988,NICLBSL,14,40,5,1720.0,8600.0
2021042605007983,NICLBSL,57,51,10,1719.0,17190.0
2021042605007982,NICLBSL,57,32,10,1719.0,17190.0
2021042605008023,NICLBSL,57,47,10,1719.0,17190.0
2021042605008022,NICLBSL,57,51,10,1719.0,17190.0
2021042605008021,NICLBSL,34,56,10,1718.0,17180.0
2021042605008016,NICLBSL,34,28,10,1718.0,17180.0
2021042605008012,NICLBSL,29,46,14,1719.0,24066.0
2021042605008011,NICLBSL,57,45,10,1719.0,17190.0
2021042605008036,NICLBSL,34,47,10,1718.0,17180.0
2021042605008033,NICLBSL,34,38,20,1718.0,34360.0
2021042605008030,NICLBSL,34,26,10,1718.0,17180.0
2021042605008026,NICLBSL,34,47,10,1718.0,17180.0
2021042605008025,NICLBSL,57,50,10,1720.0,17200.0
2021042605008024,NICLBSL,57,51,10,1719.0,17190.0
2021042605008052,NICLBSL,17,32,10,1717.0,17170.0
2021042605008050,NICLBSL,54,58,100,1718.0,171800.0
2021042605008045,NICLBSL,1,58,50,1718.0,85900.0
2021042605008044,NICLBSL,34,58,10,1718.0,17180.0
2021042605008039,NICLBSL,34,47,10,1718.0,17180.0
2021042605008037,NICLBSL,34,33,10,1718.0,17180.0
2021042605008074,NICLBSL,39,58,10,1718.0,17180.0
2021042605008070,NICLBSL,17,52,20,1717.0,34340.0
2021042605008063,NICLBSL,17,53,10,1717.0,17170.0
2021042605008061,NICLBSL,17,47,10,1717.0,17170.0
2021042605008060,NICLBSL,17,49,20,1717.0,34340.0
2021042605008059,NICLBSL,17,25,10,1717.0,17170.0
2021042605008084,NICLBSL,8,38,50,1718.0,85900.0
2021042605008082,NICLBSL,8,58,10,1718.0,17180.0
2021042605008080,NICLBSL,8,39,10,1718.0,17180.0
2021042605008077,NICLBSL,8,51,10,1718.0,17180.0
2021042605008076,NICLBSL,8,11,10,1718.0,17180.0
2021042605008075,NICLBSL,8,58,296,1718.0,508528.0
2021042605008111,NICLBSL,8,34,44,1718.0,75592.0
2021042605008109,NICLBSL,8,20,10,1718.0,17180.0
2021042605008108,NICLBSL,8,52,10,1718.0,17180.0
2021042605008104,NICLBSL,8,14,20,1718.0,34360.0
2021042605008101,NICLBSL,8,51,20,1718.0,34360.0
2021042605008094,NICLBSL,8,16,10,1718.0,17180.0
2021042605008148,NICLBSL,29,32,10,1716.0,17160.0
2021042605008141,NICLBSL,52,25,10,1717.0,17170.0
2021042605008132,NICLBSL,52,38,10,1717.0,17170.0
2021042605008122,NICLBSL,52,39,10,1717.0,17170.0
2021042605008113,NICLBSL,19,34,79,1717.0,135643.0
2021042605008112,NICLBSL,17,34,253,1717.0,434401.0
2021042605008161,NICLBSL,44,55,10,1718.0,17180.0
2021042605008159,NICLBSL,44,38,10,1718.0,17180.0
2021042605008158,NICLBSL,44,39,10,1718.0,17180.0
2021042605008152,NICLBSL,44,38,10,1717.0,17170.0
2021042605008150,NICLBSL,17,32,10,1716.0,17160.0
2021042605008149,NICLBSL,51,32,10,1716.0,17160.0
2021042605008176,NICLBSL,19,10,20,1716.0,34320.0
2021042605008175,NICLBSL,10,10,50,1716.0,85800.0
2021042605008174,NICLBSL,17,10,40,1716.0,68640.0
2021042605008173,NICLBSL,44,10,40,1718.0,68720.0
2021042605008171,NICLBSL,44,38,10,1718.0,17180.0
2021042605008167,NICLBSL,44,55,10,1718.0,17180.0
2021042605008206,NICLBSL,35,26,20,1715.0,34300.0
2021042605008203,NICLBSL,35,56,10,1715.0,17150.0
2021042605008201,NICLBSL,49,58,10,1717.0,17170.0
2021042605008182,NICLBSL,47,58,10,1719.0,17190.0
2021042605008181,NICLBSL,47,28,10,1718.0,17180.0
2021042605008177,NICLBSL,35,10,214,1715.0,367010.0
2021042605008226,NICLBSL,28,29,20,1716.0,34320.0
2021042605008225,NICLBSL,35,51,10,1715.0,17150.0
2021042605008223,NICLBSL,35,17,10,1715.0,17150.0
2021042605008210,NICLBSL,35,38,10,1715.0,17150.0
2021042605008209,NICLBSL,35,39,10,1715.0,17150.0
2021042605008208,NICLBSL,35,55,20,1715.0,34300.0
2021042605007786,JLI,59,6,10,825.0,8250.0
2021042605007785,JLI,59,48,50,825.0,41250.0
2021042605007784,JLI,45,48,50,825.0,41250.0
2021042605007783,JLI,35,21,10,826.0,8260.0
2021042605007782,JLI,35,25,10,826.0,8260.0
2021042605007781,JLI,35,28,10,826.0,8260.0
2021042605007304,JLI,16,36,10,829.0,8290.0
2021042605007303,JLI,16,58,10,829.0,8290.0
2021042605007302,JLI,16,34,10,829.0,8290.0
2021042605007301,JLI,16,32,10,829.0,8290.0
2021042605007299,JLI,50,28,10,829.0,8290.0
2021042605007296,JLI,50,6,10,829.0,8290.0
2021042605007314,JLI,16,58,10,829.0,8290.0
2021042605007312,JLI,16,22,10,829.0,8290.0
2021042605007311,JLI,16,22,10,829.0,8290.0
2021042605007309,JLI,16,36,10,829.0,8290.0
2021042605007307,JLI,16,58,10,829.0,8290.0
2021042605007305,JLI,16,17,10,829.0,8290.0
2021042605007323,JLI,16,44,10,829.0,8290.0
2021042605007321,JLI,16,32,10,829.0,8290.0
2021042605007319,JLI,16,44,10,829.0,8290.0
2021042605007318,JLI,16,59,10,829.0,8290.0
2021042605007317,JLI,16,20,10,829.0,8290.0
2021042605007316,JLI,16,42,10,829.0,8290.0
2021042605007330,JLI,8,52,10,829.0,8290.0
2021042605007329,JLI,16,6,10,829.0,8290.0
2021042605007328,JLI,16,44,10,829.0,8290.0
2021042605007327,JLI,48,38,10,830.0,8300.0
2021042605007326,JLI,16,57,10,829.0,8290.0
2021042605007325,JLI,16,21,10,829.0,8290.0
2021042605007337,JLI,42,55,10,829.0,8290.0
2021042605007336,JLI,42,21,10,829.0,8290.0
2021042605007335,JLI,42,44,10,829.0,8290.0
2021042605007334,JLI,42,41,10,829.0,8290.0
2021042605007333,JLI,8,41,10,829.0,8290.0
2021042605007331,JLI,8,48,10,829.0,8290.0
2021042605007347,JLI,42,21,10,829.0,8290.0
2021042605007344,JLI,42,57,10,829.0,8290.0
2021042605007343,JLI,42,44,10,829.0,8290.0
2021042605007342,JLI,42,52,10,829.0,8290.0
2021042605007340,JLI,42,58,10,829.0,8290.0
2021042605007339,JLI,42,58,10,829.0,8290.0
2021042605007355,JLI,42,44,10,829.0,8290.0
2021042605007353,JLI,42,44,10,829.0,8290.0
2021042605007352,JLI,42,41,10,829.0,8290.0
2021042605007350,JLI,42,28,10,829.0,8290.0
2021042605007349,JLI,42,57,10,829.0,8290.0
2021042605007348,JLI,42,44,10,829.0,8290.0
2021042605007363,JLI,42,58,10,829.0,8290.0
2021042605007362,JLI,42,55,10,829.0,8290.0
2021042605007361,JLI,42,44,10,829.0,8290.0
2021042605007360,JLI,42,21,10,829.0,8290.0
2021042605007358,JLI,42,52,10,829.0,8290.0
2021042605007357,JLI,42,49,10,829.0,8290.0
2021042605007371,JLI,42,21,10,829.0,8290.0
2021042605007370,JLI,42,53,10,829.0,8290.0
2021042605007369,JLI,42,51,10,829.0,8290.0
2021042605007368,JLI,42,3,10,829.0,8290.0
2021042605007366,JLI,42,44,10,829.0,8290.0
2021042605007364,JLI,42,38,10,829.0,8290.0
2021042605007384,JLI,42,21,10,829.0,8290.0
2021042605007380,JLI,42,41,10,829.0,8290.0
2021042605007378,JLI,42,41,10,829.0,8290.0
2021042605007376,JLI,42,44,10,829.0,8290.0
2021042605007375,JLI,42,14,10,829.0,8290.0
2021042605007372,JLI,42,47,10,829.0,8290.0
2021042605007408,JLI,42,44,10,829.0,8290.0
2021042605007392,JLI,42,34,10,829.0,8290.0
2021042605007391,JLI,42,44,10,829.0,8290.0
2021042605007389,JLI,42,58,10,829.0,8290.0
2021042605007388,JLI,42,46,10,829.0,8290.0
2021042605007385,JLI,42,14,10,829.0,8290.0
2021042605007415,JLI,42,41,10,829.0,8290.0
2021042605007414,JLI,42,46,10,829.0,8290.0
2021042605007413,JLI,42,39,10,829.0,8290.0
2021042605007411,JLI,42,3,10,829.0,8290.0
2021042605007410,JLI,42,21,10,829.0,8290.0
2021042605007409,JLI,42,41,10,829.0,8290.0
2021042605007422,JLI,17,57,10,829.0,8290.0
2021042605007420,JLI,17,58,10,829.0,8290.0
2021042605007419,JLI,42,57,10,829.0,8290.0
2021042605007418,JLI,42,32,10,829.0,8290.0
2021042605007417,JLI,42,21,10,829.0,8290.0
2021042605007416,JLI,42,19,10,829.0,8290.0
2021042605007431,JLI,17,13,10,829.0,8290.0
2021042605007430,JLI,17,58,10,829.0,8290.0
2021042605007429,JLI,17,52,10,829.0,8290.0
2021042605007428,JLI,17,57,10,829.0,8290.0
2021042605007426,JLI,17,58,10,829.0,8290.0
2021042605007425,JLI,17,57,10,829.0,8290.0
2021042605007439,JLI,5,57,10,829.0,8290.0
2021042605007438,JLI,5,49,10,829.0,8290.0
2021042605007437,JLI,5,48,10,829.0,8290.0
2021042605007436,JLI,5,32,10,829.0,8290.0
2021042605007435,JLI,17,56,10,829.0,8290.0
2021042605007434,JLI,17,1,10,829.0,8290.0
2021042605007446,JLI,5,35,10,829.0,8290.0
2021042605007445,JLI,22,6,10,830.0,8300.0
2021042605007444,JLI,22,38,10,830.0,8300.0
2021042605007443,JLI,5,52,10,829.0,8290.0
2021042605007441,JLI,5,58,10,829.0,8290.0
2021042605007440,JLI,5,26,10,829.0,8290.0
2021042605007456,JLI,5,51,10,829.0,8290.0
2021042605007454,JLI,5,21,10,829.0,8290.0
2021042605007453,JLI,5,56,10,829.0,8290.0
2021042605007452,JLI,5,17,10,829.0,8290.0
2021042605007451,JLI,5,32,10,829.0,8290.0
2021042605007448,JLI,5,44,10,829.0,8290.0
2021042605007467,JLI,5,57,10,829.0,8290.0
2021042605007466,JLI,5,32,10,829.0,8290.0
2021042605007465,JLI,5,58,10,829.0,8290.0
2021042605007464,JLI,5,44,10,829.0,8290.0
2021042605007460,JLI,5,57,10,829.0,8290.0
2021042605007459,JLI,5,17,10,829.0,8290.0
2021042605007476,JLI,16,17,10,828.0,8280.0
2021042605007475,JLI,14,44,10,828.0,8280.0
2021042605007471,JLI,14,17,10,828.0,8280.0
2021042605007470,JLI,57,39,100,829.0,82900.0
2021042605007469,JLI,52,39,10,829.0,8290.0
2021042605007468,JLI,52,38,10,829.0,8290.0
2021042605007483,JLI,17,17,50,828.0,41400.0
2021042605007482,JLI,17,17,30,828.0,24840.0
2021042605007481,JLI,41,17,30,828.0,24840.0
2021042605007480,JLI,16,17,20,828.0,16560.0
2021042605007479,JLI,14,17,390,828.0,322920.0
2021042605007478,JLI,14,17,10,828.0,8280.0
2021042605007489,JLI,28,17,160,828.0,132480.0
2021042605007488,JLI,52,17,40,828.0,33120.0
2021042605007487,JLI,25,17,50,828.0,41400.0
2021042605007486,JLI,26,17,10,828.0,8280.0
2021042605007485,JLI,26,17,20,828.0,16560.0
2021042605007484,JLI,39,17,50,828.0,41400.0
2021042605007495,JLI,55,17,80,828.0,66240.0
2021042605007494,JLI,19,17,100,828.0,82800.0
2021042605007493,JLI,21,17,80,828.0,66240.0
2021042605007492,JLI,41,17,50,828.0,41400.0
2021042605007491,JLI,43,17,100,828.0,82800.0
2021042605007490,JLI,14,17,10,828.0,8280.0
2021042605007509,JLI,41,42,10,827.0,8270.0
2021042605007508,JLI,41,59,10,827.0,8270.0
2021042605007504,JLI,41,19,10,827.0,8270.0
2021042605007498,JLI,41,44,10,827.0,8270.0
2021042605007497,JLI,14,17,50,828.0,41400.0
2021042605007496,JLI,58,17,10,828.0,8280.0
2021042605007518,JLI,13,17,20,828.0,16560.0
2021042605007517,JLI,37,35,10,827.0,8270.0
2021042605007516,JLI,19,44,10,827.0,8270.0
2021042605007514,JLI,19,58,10,827.0,8270.0
2021042605007513,JLI,25,59,10,827.0,8270.0
2021042605007512,JLI,41,58,10,827.0,8270.0
2021042605007525,JLI,58,6,50,827.0,41350.0
2021042605007524,JLI,34,6,10,827.0,8270.0
2021042605007523,JLI,19,6,100,827.0,82700.0
2021042605007522,JLI,37,59,10,827.0,8270.0
2021042605007520,JLI,37,17,10,827.0,8270.0
2021042605007519,JLI,37,53,10,827.0,8270.0
2021042605007534,JLI,48,58,10,826.0,8260.0
2021042605007533,JLI,48,59,10,826.0,8260.0
2021042605007532,JLI,48,17,10,826.0,8260.0
2021042605007531,JLI,48,50,10,826.0,8260.0
2021042605007530,JLI,48,59,10,826.0,8260.0
2021042605007529,JLI,48,45,10,826.0,8260.0
2021042605007546,JLI,56,6,10,826.0,8260.0
2021042605007544,JLI,56,22,10,826.0,8260.0
2021042605007543,JLI,56,38,10,826.0,8260.0
2021042605007539,JLI,58,6,20,827.0,16540.0
2021042605007538,JLI,56,17,10,826.0,8260.0
2021042605007536,JLI,48,42,10,826.0,8260.0
2021042605007555,JLI,56,21,10,826.0,8260.0
2021042605007554,JLI,56,17,10,826.0,8260.0
2021042605007553,JLI,56,41,10,826.0,8260.0
2021042605007551,JLI,56,17,10,826.0,8260.0
2021042605007550,JLI,56,34,10,826.0,8260.0
2021042605007549,JLI,56,59,10,826.0,8260.0
2021042605007562,JLI,34,41,10,826.0,8260.0
2021042605007561,JLI,34,26,10,826.0,8260.0
2021042605007559,JLI,34,8,10,826.0,8260.0
2021042605007558,JLI,34,6,10,826.0,8260.0
2021042605007557,JLI,34,43,10,826.0,8260.0
2021042605007556,JLI,34,11,10,826.0,8260.0
2021042605007571,JLI,57,38,10,826.0,8260.0
2021042605007569,JLI,57,6,10,826.0,8260.0
2021042605007567,JLI,34,41,10,826.0,8260.0
2021042605007566,JLI,34,58,10,826.0,8260.0
2021042605007564,JLI,34,28,10,826.0,8260.0
2021042605007563,JLI,34,17,10,826.0,8260.0
2021042605007580,JLI,57,38,10,826.0,8260.0
2021042605007579,JLI,57,41,10,826.0,8260.0
2021042605007577,JLI,57,32,10,826.0,8260.0
2021042605007576,JLI,57,17,10,826.0,8260.0
2021042605007575,JLI,45,6,30,827.0,24810.0
2021042605007573,JLI,57,40,10,826.0,8260.0
2021042605007589,JLI,57,38,10,826.0,8260.0
2021042605007587,JLI,57,41,10,826.0,8260.0
2021042605007586,JLI,57,57,10,826.0,8260.0
2021042605007584,JLI,57,38,10,826.0,8260.0
2021042605007583,JLI,57,4,10,826.0,8260.0
2021042605007582,JLI,57,46,10,826.0,8260.0
2021042605007595,JLI,36,48,100,826.0,82600.0
2021042605007594,JLI,41,48,10,826.0,8260.0
2021042605007593,JLI,50,48,50,826.0,41300.0
2021042605007592,JLI,50,48,20,826.0,16520.0
2021042605007591,JLI,57,48,10,826.0,8260.0
2021042605007590,JLI,57,52,10,826.0,8260.0
2021042605007602,JLI,35,8,10,825.0,8250.0
2021042605007601,JLI,35,11,10,825.0,8250.0
2021042605007600,JLI,45,58,10,825.0,8250.0
2021042605007599,JLI,45,13,10,825.0,8250.0
2021042605007598,JLI,45,38,10,825.0,8250.0
2021042605007596,JLI,11,48,40,826.0,33040.0
2021042605007609,JLI,6,48,40,826.0,33040.0
2021042605007608,JLI,34,57,10,825.0,8250.0
2021042605007607,JLI,34,47,10,825.0,8250.0
2021042605007605,JLI,34,48,10,825.0,8250.0
2021042605007604,JLI,35,36,10,825.0,8250.0
2021042605007603,JLI,35,17,10,825.0,8250.0
2021042605007615,JLI,6,6,10,826.0,8260.0
2021042605007614,JLI,6,6,10,826.0,8260.0
2021042605007613,JLI,6,41,10,826.0,8260.0
2021042605007612,JLI,6,19,10,826.0,8260.0
2021042605007611,JLI,6,47,10,826.0,8260.0
2021042605007610,JLI,6,41,10,826.0,8260.0
2021042605007623,JLI,6,42,10,825.0,8250.0
2021042605007621,JLI,6,41,10,825.0,8250.0
2021042605007620,JLI,25,1,10,825.0,8250.0
2021042605007619,JLI,34,14,10,825.0,8250.0
2021042605007618,JLI,34,19,10,825.0,8250.0
2021042605007617,JLI,34,13,10,825.0,8250.0
2021042605007631,JLI,16,6,55,825.0,45375.0
