Transact. No.,Symbol,Buyer,Seller,Quantity,Rate,Amount
2021042105004340,JLI,3,20,10,826.0,8260.0
2021042105004333,JLI,3,29,10,826.0,8260.0
2021042105004327,JLI,3,10,10,826.0,8260.0
2021042105004320,JLI,3,39,10,826.0,8260.0
2021042105004315,JLI,3,10,10,826.0,8260.0
2021042105004311,JLI,3,54,10,826.0,8260.0
2021042105003842,JLI,3,57,10,826.0,8260.0
2021042105003902,JLI,3,36,10,826.0,8260.0
2021042105003894,JLI,3,45,10,826.0,8260.0
2021042105003866,JLI,3,14,10,826.0,8260.0
2021042105003865,JLI,3,42,10,826.0,8260.0
2021042105003863,JLI,3,16,10,826.0,8260.0
2021042105003855,JLI,3,49,10,826.0,8260.0
2021042105003935,JLI,3,48,10,826.0,8260.0
2021042105003929,JLI,3,33,10,826.0,8260.0
2021042105003922,JLI,3,45,10,826.0,8260.0
2021042105003921,JLI,3,14,10,826.0,8260.0
2021042105003910,JLI,3,16,10,826.0,8260.0
2021042105003906,JLI,3,39,10,826.0,8260.0
2021042105003963,JLI,3,16,10,826.0,8260.0
2021042105003958,JLI,3,45,10,826.0,8260.0
2021042105003957,JLI,3,32,10,826.0,8260.0
2021042105003953,JLI,3,8,10,826.0,8260.0
2021042105003952,JLI,3,7,10,826.0,8260.0
2021042105003939,JLI,3,36,10,826.0,8260.0
2021042105003984,JLI,3,59,10,826.0,8260.0
2021042105003977,JLI,3,44,10,826.0,8260.0
2021042105003976,JLI,3,7,10,826.0,8260.0
2021042105003975,JLI,3,7,10,826.0,8260.0
2021042105003973,JLI,3,32,10,826.0,8260.0
2021042105003971,JLI,3,58,10,826.0,8260.0
2021042105004013,JLI,3,59,10,826.0,8260.0
2021042105004012,JLI,3,16,10,826.0,8260.0
2021042105004010,JLI,3,58,10,826.0,8260.0
2021042105003997,JLI,3,58,10,826.0,8260.0
2021042105003988,JLI,3,57,10,826.0,8260.0
2021042105003987,JLI,3,16,10,826.0,8260.0
2021042105004030,JLI,3,21,10,826.0,8260.0
2021042105004029,JLI,3,58,10,826.0,8260.0
2021042105004027,JLI,3,59,10,826.0,8260.0
2021042105004024,JLI,3,55,10,826.0,8260.0
2021042105004022,JLI,3,59,10,826.0,8260.0
2021042105004021,JLI,3,52,10,826.0,8260.0
2021042105004044,JLI,3,59,10,826.0,8260.0
2021042105004038,JLI,3,59,10,826.0,8260.0
2021042105004035,JLI,3,16,10,826.0,8260.0
2021042105004033,JLI,3,35,10,826.0,8260.0
2021042105004032,JLI,3,59,10,826.0,8260.0
2021042105004031,JLI,3,13,10,826.0,8260.0
2021042105004078,JLI,3,57,10,826.0,8260.0
2021042105004070,JLI,3,50,10,826.0,8260.0
2021042105004069,JLI,3,58,10,826.0,8260.0
2021042105004067,JLI,3,16,10,826.0,8260.0
2021042105004066,JLI,3,58,10,826.0,8260.0
2021042105004048,JLI,3,57,10,826.0,8260.0
2021042105004106,JLI,3,56,10,826.0,8260.0
2021042105004099,JLI,3,58,10,826.0,8260.0
2021042105004098,JLI,3,58,10,826.0,8260.0
2021042105004095,JLI,3,58,10,826.0,8260.0
2021042105004086,JLI,3,58,10,826.0,8260.0
2021042105004084,JLI,3,57,10,826.0,8260.0
2021042105004142,JLI,3,38,10,826.0,8260.0
2021042105004132,JLI,3,58,10,826.0,8260.0
2021042105004122,JLI,3,50,10,826.0,8260.0
2021042105004115,JLI,3,39,10,826.0,8260.0
2021042105004114,JLI,3,50,10,826.0,8260.0
2021042105004108,JLI,3,57,10,826.0,8260.0
2021042105004172,JLI,3,21,10,826.0,8260.0
2021042105004166,JLI,3,22,10,826.0,8260.0
2021042105004165,JLI,3,36,10,826.0,8260.0
2021042105004161,JLI,3,32,10,826.0,8260.0
2021042105004155,JLI,3,6,10,826.0,8260.0
2021042105004154,JLI,3,57,10,826.0,8260.0
2021042105004218,JLI,3,37,10,826.0,8260.0
2021042105004215,JLI,3,16,10,826.0,8260.0
2021042105004213,JLI,3,1,10,826.0,8260.0
2021042105004201,JLI,3,50,10,826.0,8260.0
2021042105004182,JLI,3,36,10,826.0,8260.0
2021042105004174,JLI,3,26,10,826.0,8260.0
2021042105004242,JLI,3,58,10,826.0,8260.0
2021042105004236,JLI,3,36,10,826.0,8260.0
2021042105004230,JLI,3,34,10,826.0,8260.0
2021042105004228,JLI,3,28,10,826.0,8260.0
2021042105004223,JLI,3,48,10,826.0,8260.0
2021042105004219,JLI,3,22,10,826.0,8260.0
2021042105004269,JLI,3,10,10,826.0,8260.0
2021042105004267,JLI,3,49,10,826.0,8260.0
2021042105004262,JLI,3,6,10,826.0,8260.0
2021042105004258,JLI,3,49,10,826.0,8260.0
2021042105004247,JLI,3,55,10,826.0,8260.0
2021042105004244,JLI,3,58,10,826.0,8260.0
2021042105004291,JLI,3,10,10,826.0,8260.0
2021042105004287,JLI,3,10,10,826.0,8260.0
2021042105004283,JLI,3,10,10,826.0,8260.0
2021042105004279,JLI,3,8,10,826.0,8260.0
2021042105004274,JLI,3,48,10,826.0,8260.0
2021042105004272,JLI,3,19,10,826.0,8260.0
2021042105004309,JLI,3,8,10,826.0,8260.0
2021042105004307,JLI,3,54,10,826.0,8260.0
2021042105004304,JLI,3,10,10,826.0,8260.0
2021042105004301,JLI,3,10,10,826.0,8260.0
2021042105004299,JLI,3,29,10,826.0,8260.0
2021042105004294,JLI,3,10,10,826.0,8260.0
2021042105004326,MLBSL,34,35,10,1766.0,17660.0
2021042105004110,MLBSL,34,58,10,1766.0,17660.0
2021042105004041,MLBSL,34,8,10,1766.0,17660.0
2021042105003927,MLBSL,34,38,10,1766.0,17660.0
2021042105004341,NICLBSL,45,47,10,1793.0,17930.0
2021042105004339,NICLBSL,45,8,10,1793.0,17930.0
2021042105004338,NICLBSL,45,19,10,1793.0,17930.0
2021042105004337,NICLBSL,3,13,100,1794.0,179400.0
2021042105004336,NICLBSL,45,3,10,1793.0,17930.0
2021042105004335,NICLBSL,45,11,10,1793.0,17930.0
2021042105003845,NICLBSL,54,49,10,1789.0,17890.0
2021042105003844,NICLBSL,54,58,20,1789.0,35780.0
2021042105003843,NICLBSL,35,44,10,1787.0,17870.0
2021042105003851,NICLBSL,38,41,11,1790.0,19690.0
2021042105003850,NICLBSL,54,10,10,1789.0,17890.0
2021042105003849,NICLBSL,54,44,10,1789.0,17890.0
2021042105003848,NICLBSL,54,21,10,1789.0,17890.0
2021042105003847,NICLBSL,54,52,10,1789.0,17890.0
2021042105003846,NICLBSL,54,29,10,1789.0,17890.0
2021042105003858,NICLBSL,54,59,20,1789.0,35780.0
2021042105003857,NICLBSL,54,44,10,1789.0,17890.0
2021042105003856,NICLBSL,54,58,10,1789.0,17890.0
2021042105003854,NICLBSL,35,1,51,1790.0,91290.0
2021042105003853,NICLBSL,13,41,20,1790.0,35800.0
2021042105003852,NICLBSL,54,44,10,1789.0,17890.0
2021042105003867,NICLBSL,54,58,10,1789.0,17890.0
2021042105003864,NICLBSL,54,44,10,1789.0,17890.0
2021042105003862,NICLBSL,54,58,10,1789.0,17890.0
2021042105003861,NICLBSL,47,1,15,1790.0,26850.0
2021042105003860,NICLBSL,47,1,15,1790.0,26850.0
2021042105003859,NICLBSL,54,58,10,1789.0,17890.0
2021042105003873,NICLBSL,17,41,10,1790.0,17900.0
2021042105003872,NICLBSL,17,42,10,1790.0,17900.0
2021042105003871,NICLBSL,17,48,50,1790.0,89500.0
2021042105003870,NICLBSL,17,58,20,1790.0,35800.0
2021042105003869,NICLBSL,17,44,10,1790.0,17900.0
2021042105003868,NICLBSL,43,41,99,1790.0,177210.0
2021042105003879,NICLBSL,17,20,10,1790.0,17900.0
2021042105003878,NICLBSL,17,25,10,1790.0,17900.0
2021042105003877,NICLBSL,17,36,10,1790.0,17900.0
2021042105003876,NICLBSL,17,41,10,1790.0,17900.0
2021042105003875,NICLBSL,17,34,10,1790.0,17900.0
2021042105003874,NICLBSL,17,17,50,1790.0,89500.0
2021042105003885,NICLBSL,35,59,40,1790.0,71600.0
2021042105003884,NICLBSL,45,58,10,1790.0,17900.0
2021042105003883,NICLBSL,45,22,36,1790.0,64440.0
2021042105003882,NICLBSL,54,58,10,1789.0,17890.0
2021042105003881,NICLBSL,35,22,64,1790.0,114560.0
2021042105003880,NICLBSL,35,16,36,1790.0,64440.0
2021042105003891,NICLBSL,28,36,10,1791.0,17910.0
2021042105003890,NICLBSL,28,45,18,1791.0,32238.0
2021042105003889,NICLBSL,22,44,10,1790.0,17900.0
2021042105003888,NICLBSL,43,45,10,1790.0,17900.0
2021042105003887,NICLBSL,43,16,20,1790.0,35800.0
2021042105003886,NICLBSL,43,59,11,1790.0,19690.0
2021042105003898,NICLBSL,6,43,10,1791.0,17910.0
2021042105003897,NICLBSL,6,45,36,1791.0,64476.0
2021042105003896,NICLBSL,22,44,20,1790.0,35800.0
2021042105003895,NICLBSL,28,44,16,1791.0,28656.0
2021042105003893,NICLBSL,28,45,36,1791.0,64476.0
2021042105003892,NICLBSL,28,45,20,1791.0,35820.0
2021042105003905,NICLBSL,6,44,10,1791.0,17910.0
2021042105003904,NICLBSL,6,35,10,1791.0,17910.0
2021042105003903,NICLBSL,6,57,10,1791.0,17910.0
2021042105003901,NICLBSL,6,43,10,1791.0,17910.0
2021042105003900,NICLBSL,19,22,100,1792.0,179200.0
2021042105003899,NICLBSL,6,36,10,1791.0,17910.0
2021042105003913,NICLBSL,5,17,10,1790.0,17900.0
2021042105003912,NICLBSL,22,17,10,1790.0,17900.0
2021042105003911,NICLBSL,6,39,20,1791.0,35820.0
2021042105003909,NICLBSL,57,18,10,1791.0,17910.0
2021042105003908,NICLBSL,19,25,10,1792.0,17920.0
2021042105003907,NICLBSL,19,8,20,1791.0,35820.0
2021042105003919,NICLBSL,36,45,60,1790.0,107400.0
2021042105003918,NICLBSL,44,45,30,1790.0,53700.0
2021042105003917,NICLBSL,6,45,10,1790.0,17900.0
2021042105003916,NICLBSL,6,44,10,1790.0,17900.0
2021042105003915,NICLBSL,6,49,10,1790.0,17900.0
2021042105003914,NICLBSL,5,17,10,1790.0,17900.0
2021042105003928,NICLBSL,21,52,10,1790.0,17900.0
2021042105003926,NICLBSL,21,39,30,1790.0,53700.0
2021042105003925,NICLBSL,59,8,20,1790.0,35800.0
2021042105003924,NICLBSL,59,46,10,1790.0,17900.0
2021042105003923,NICLBSL,59,36,20,1790.0,35800.0
2021042105003920,NICLBSL,14,21,10,1790.0,17900.0
2021042105003936,NICLBSL,19,46,10,1791.0,17910.0
2021042105003934,NICLBSL,19,52,10,1791.0,17910.0
2021042105003933,NICLBSL,45,45,33,1790.0,59070.0
2021042105003932,NICLBSL,45,45,10,1790.0,17900.0
2021042105003931,NICLBSL,21,45,10,1790.0,17900.0
2021042105003930,NICLBSL,26,45,18,1791.0,32238.0
2021042105003943,NICLBSL,19,46,10,1792.0,17920.0
2021042105003942,NICLBSL,19,52,10,1792.0,17920.0
2021042105003941,NICLBSL,19,58,10,1792.0,17920.0
2021042105003940,NICLBSL,43,54,20,1792.0,35840.0
2021042105003938,NICLBSL,59,36,10,1791.0,17910.0
2021042105003937,NICLBSL,45,46,10,1790.0,17900.0
2021042105003949,NICLBSL,6,56,10,1792.0,17920.0
2021042105003948,NICLBSL,59,39,20,1791.0,35820.0
2021042105003947,NICLBSL,8,47,30,1793.0,53790.0
2021042105003946,NICLBSL,8,28,10,1793.0,17930.0
2021042105003945,NICLBSL,8,59,10,1793.0,17930.0
2021042105003944,NICLBSL,8,4,100,1793.0,179300.0
2021042105003959,NICLBSL,45,45,57,1790.0,102030.0
2021042105003956,NICLBSL,53,32,10,1792.0,17920.0
2021042105003955,NICLBSL,14,17,10,1791.0,17910.0
2021042105003954,NICLBSL,14,43,10,1791.0,17910.0
2021042105003951,NICLBSL,14,36,10,1791.0,17910.0
2021042105003950,NICLBSL,47,47,50,1793.0,89650.0
2021042105003966,NICLBSL,39,19,43,1790.0,76970.0
2021042105003965,NICLBSL,21,19,20,1790.0,35800.0
2021042105003964,NICLBSL,42,19,40,1792.0,71680.0
2021042105003962,NICLBSL,42,8,10,1791.0,17910.0
2021042105003961,NICLBSL,42,38,10,1791.0,17910.0
2021042105003960,NICLBSL,45,45,4,1790.0,7160.0
2021042105003974,NICLBSL,11,25,10,1791.0,17910.0
2021042105003972,NICLBSL,11,45,10,1791.0,17910.0
2021042105003970,NICLBSL,11,58,10,1791.0,17910.0
2021042105003969,NICLBSL,11,49,25,1791.0,44775.0
2021042105003968,NICLBSL,47,57,10,1790.0,17900.0
2021042105003967,NICLBSL,47,19,47,1790.0,84130.0
2021042105003983,NICLBSL,42,48,20,1791.0,35820.0
2021042105003982,NICLBSL,18,59,64,1792.0,114688.0
2021042105003981,NICLBSL,18,17,36,1792.0,64512.0
2021042105003980,NICLBSL,58,45,25,1791.0,44775.0
2021042105003979,NICLBSL,11,45,35,1791.0,62685.0
2021042105003978,NICLBSL,11,36,10,1791.0,17910.0
2021042105003992,NICLBSL,33,7,10,1790.0,17900.0
2021042105003991,NICLBSL,33,57,36,1790.0,64440.0
2021042105003990,NICLBSL,33,37,50,1790.0,89500.0
2021042105003989,NICLBSL,47,57,20,1790.0,35800.0
2021042105003986,NICLBSL,42,45,10,1791.0,17910.0
2021042105003985,NICLBSL,42,8,10,1791.0,17910.0
2021042105003999,NICLBSL,59,22,10,1791.0,17910.0
2021042105003998,NICLBSL,59,16,46,1791.0,82386.0
2021042105003996,NICLBSL,32,7,10,1791.0,17910.0
2021042105003995,NICLBSL,32,57,40,1791.0,71640.0
2021042105003994,NICLBSL,33,21,10,1790.0,17900.0
2021042105003993,NICLBSL,33,22,10,1790.0,17900.0
2021042105004005,NICLBSL,59,49,10,1792.0,17920.0
2021042105004004,NICLBSL,59,50,10,1792.0,17920.0
2021042105004003,NICLBSL,59,52,10,1792.0,17920.0
2021042105004002,NICLBSL,59,42,10,1792.0,17920.0
2021042105004001,NICLBSL,59,47,10,1792.0,17920.0
2021042105004000,NICLBSL,59,59,136,1792.0,243712.0
2021042105004014,NICLBSL,33,45,94,1790.0,168260.0
2021042105004011,NICLBSL,33,42,20,1790.0,35800.0
2021042105004009,NICLBSL,33,7,10,1790.0,17900.0
2021042105004008,NICLBSL,33,20,10,1790.0,17900.0
2021042105004007,NICLBSL,33,45,10,1790.0,17900.0
2021042105004006,NICLBSL,33,50,10,1790.0,17900.0
2021042105004020,NICLBSL,11,7,10,1790.0,17900.0
2021042105004019,NICLBSL,11,45,86,1790.0,153940.0
2021042105004018,NICLBSL,40,45,200,1790.0,358000.0
2021042105004017,NICLBSL,41,45,50,1790.0,89500.0
2021042105004016,NICLBSL,52,45,10,1790.0,17900.0
2021042105004015,NICLBSL,28,45,20,1790.0,35800.0
2021042105004036,NICLBSL,53,45,10,1790.0,17900.0
2021042105004034,NICLBSL,59,17,10,1791.0,17910.0
2021042105004028,NICLBSL,41,47,50,1793.0,89650.0
2021042105004026,NICLBSL,42,46,5,1791.0,8955.0
2021042105004025,NICLBSL,10,46,20,1791.0,35820.0
2021042105004023,NICLBSL,53,7,10,1790.0,17900.0
2021042105004045,NICLBSL,8,56,10,1791.0,17910.0
2021042105004043,NICLBSL,8,7,10,1791.0,17910.0
2021042105004042,NICLBSL,13,7,10,1790.0,17900.0
2021042105004040,NICLBSL,13,50,10,1790.0,17900.0
2021042105004039,NICLBSL,13,20,10,1790.0,17900.0
2021042105004037,NICLBSL,13,58,10,1790.0,17900.0
2021042105004052,NICLBSL,21,14,10,1790.0,17900.0
2021042105004051,NICLBSL,59,14,50,1790.0,89500.0
2021042105004050,NICLBSL,50,14,140,1790.0,250600.0
2021042105004049,NICLBSL,50,36,10,1790.0,17900.0
2021042105004047,NICLBSL,13,7,10,1790.0,17900.0
2021042105004046,NICLBSL,8,44,10,1791.0,17910.0
2021042105004058,NICLBSL,47,45,10,1791.0,17910.0
2021042105004057,NICLBSL,47,7,10,1791.0,17910.0
2021042105004056,NICLBSL,54,50,10,1790.0,17900.0
2021042105004055,NICLBSL,54,14,20,1790.0,35800.0
2021042105004054,NICLBSL,21,14,100,1790.0,179000.0
2021042105004053,NICLBSL,21,14,50,1790.0,89500.0
2021042105004064,NICLBSL,59,46,10,1791.0,17910.0
2021042105004063,NICLBSL,54,21,10,1790.0,17900.0
2021042105004062,NICLBSL,47,50,10,1791.0,17910.0
2021042105004061,NICLBSL,47,35,10,1791.0,17910.0
2021042105004060,NICLBSL,6,33,28,1792.0,50176.0
2021042105004059,NICLBSL,47,28,10,1791.0,17910.0
2021042105004074,NICLBSL,38,57,10,1791.0,17910.0
2021042105004073,NICLBSL,38,10,12,1791.0,21492.0
2021042105004072,NICLBSL,38,39,10,1791.0,17910.0
2021042105004071,NICLBSL,38,7,10,1791.0,17910.0
2021042105004068,NICLBSL,54,50,20,1790.0,35800.0
2021042105004065,NICLBSL,59,50,10,1791.0,17910.0
2021042105004081,NICLBSL,11,7,20,1790.0,35800.0
2021042105004080,NICLBSL,11,16,10,1790.0,17900.0
2021042105004079,NICLBSL,11,58,10,1790.0,17900.0
2021042105004077,NICLBSL,11,6,10,1790.0,17900.0
2021042105004076,NICLBSL,52,48,10,1790.0,17900.0
2021042105004075,NICLBSL,54,7,20,1790.0,35800.0
2021042105004089,NICLBSL,53,56,10,1790.0,17900.0
2021042105004088,NICLBSL,11,50,20,1790.0,35800.0
2021042105004087,NICLBSL,11,59,10,1790.0,17900.0
2021042105004085,NICLBSL,29,7,10,1791.0,17910.0
2021042105004083,NICLBSL,29,39,30,1791.0,53730.0
2021042105004082,NICLBSL,11,50,20,1790.0,35800.0
2021042105004096,NICLBSL,57,21,10,1791.0,17910.0
2021042105004094,NICLBSL,28,7,10,1790.0,17900.0
2021042105004093,NICLBSL,28,50,10,1790.0,17900.0
2021042105004092,NICLBSL,28,59,10,1790.0,17900.0
2021042105004091,NICLBSL,53,58,10,1790.0,17900.0
2021042105004090,NICLBSL,57,28,10,1791.0,17910.0
2021042105004104,NICLBSL,21,7,10,1791.0,17910.0
2021042105004103,NICLBSL,21,28,10,1791.0,17910.0
2021042105004102,NICLBSL,21,32,10,1790.0,17900.0
2021042105004101,NICLBSL,21,17,10,1790.0,17900.0
2021042105004100,NICLBSL,28,50,10,1790.0,17900.0
2021042105004097,NICLBSL,28,20,10,1790.0,17900.0
2021042105004113,NICLBSL,59,33,20,1792.0,35840.0
2021042105004112,NICLBSL,59,26,10,1791.0,17910.0
2021042105004111,NICLBSL,21,7,20,1790.0,35800.0
2021042105004109,NICLBSL,21,58,10,1791.0,17910.0
2021042105004107,NICLBSL,21,21,10,1791.0,17910.0
2021042105004105,NICLBSL,21,59,10,1791.0,17910.0
2021042105004121,NICLBSL,59,17,10,1790.0,17900.0
2021042105004120,NICLBSL,59,6,10,1790.0,17900.0
2021042105004119,NICLBSL,59,38,10,1790.0,17900.0
2021042105004118,NICLBSL,8,7,10,1790.0,17900.0
2021042105004117,NICLBSL,8,40,10,1790.0,17900.0
2021042105004116,NICLBSL,21,50,10,1790.0,17900.0
2021042105004128,NICLBSL,51,26,80,1791.0,143280.0
2021042105004127,NICLBSL,51,28,10,1791.0,17910.0
2021042105004126,NICLBSL,51,38,10,1791.0,17910.0
2021042105004125,NICLBSL,55,16,41,1790.0,73390.0
2021042105004124,NICLBSL,59,36,10,1790.0,17900.0
2021042105004123,NICLBSL,59,50,10,1790.0,17900.0
2021042105004135,NICLBSL,43,20,10,1791.0,17910.0
2021042105004134,NICLBSL,19,18,10,1790.0,17900.0
2021042105004133,NICLBSL,19,50,50,1790.0,89500.0
2021042105004131,NICLBSL,19,36,10,1790.0,17900.0
2021042105004130,NICLBSL,19,26,161,1790.0,288190.0
2021042105004129,NICLBSL,55,26,59,1790.0,105610.0
2021042105004141,NICLBSL,7,59,10,1793.0,17930.0
2021042105004140,NICLBSL,7,28,10,1793.0,17930.0
2021042105004139,NICLBSL,7,6,10,1793.0,17930.0
2021042105004138,NICLBSL,7,59,200,1793.0,358600.0
2021042105004137,NICLBSL,7,47,410,1793.0,735130.0
2021042105004136,NICLBSL,7,33,352,1792.0,630784.0
2021042105004148,NICLBSL,7,8,10,1791.0,17910.0
2021042105004147,NICLBSL,7,55,10,1791.0,17910.0
2021042105004146,NICLBSL,19,28,10,1790.0,17900.0
2021042105004145,NICLBSL,19,20,10,1790.0,17900.0
2021042105004144,NICLBSL,19,38,20,1790.0,35800.0
2021042105004143,NICLBSL,19,19,20,1790.0,35800.0
2021042105004156,NICLBSL,7,38,10,1791.0,17910.0
2021042105004153,NICLBSL,7,43,20,1791.0,35820.0
2021042105004152,NICLBSL,7,28,10,1791.0,17910.0
2021042105004151,NICLBSL,7,42,20,1791.0,35820.0
2021042105004150,NICLBSL,7,48,10,1791.0,17910.0
2021042105004149,NICLBSL,7,20,20,1791.0,35820.0
2021042105004163,NICLBSL,11,20,10,1792.0,17920.0
2021042105004162,NICLBSL,11,17,10,1792.0,17920.0
2021042105004160,NICLBSL,7,39,94,1791.0,168354.0
2021042105004159,NICLBSL,7,11,10,1791.0,17910.0
2021042105004158,NICLBSL,7,20,10,1791.0,17910.0
2021042105004157,NICLBSL,7,14,10,1791.0,17910.0
2021042105004171,NICLBSL,57,48,48,1794.0,86112.0
2021042105004170,NICLBSL,57,45,10,1794.0,17940.0
2021042105004169,NICLBSL,57,48,20,1794.0,35880.0
2021042105004168,NICLBSL,57,38,100,1794.0,179400.0
2021042105004167,NICLBSL,7,39,30,1791.0,53730.0
2021042105004164,NICLBSL,7,5,10,1791.0,17910.0
2021042105004179,NICLBSL,7,49,10,1791.0,17910.0
2021042105004178,NICLBSL,7,20,10,1791.0,17910.0
2021042105004177,NICLBSL,1,50,10,1792.0,17920.0
2021042105004176,NICLBSL,7,21,10,1791.0,17910.0
2021042105004175,NICLBSL,7,22,10,1791.0,17910.0
2021042105004173,NICLBSL,7,22,10,1791.0,17910.0
2021042105004186,NICLBSL,7,51,20,1792.0,35840.0
2021042105004185,NICLBSL,21,42,10,1792.0,17920.0
2021042105004184,NICLBSL,21,50,40,1792.0,71680.0
2021042105004183,NICLBSL,7,38,10,1791.0,17910.0
2021042105004181,NICLBSL,7,46,10,1791.0,17910.0
2021042105004180,NICLBSL,7,28,10,1791.0,17910.0
2021042105004192,NICLBSL,7,28,10,1792.0,17920.0
2021042105004191,NICLBSL,7,49,10,1792.0,17920.0
2021042105004190,NICLBSL,7,36,10,1792.0,17920.0
2021042105004189,NICLBSL,7,16,10,1792.0,17920.0
2021042105004188,NICLBSL,7,20,10,1792.0,17920.0
2021042105004187,NICLBSL,7,41,60,1792.0,107520.0
2021042105004198,NICLBSL,16,32,10,1791.0,17910.0
2021042105004197,NICLBSL,16,48,10,1791.0,17910.0
2021042105004196,NICLBSL,16,44,28,1791.0,50148.0
2021042105004195,NICLBSL,57,44,25,1791.0,44775.0
2021042105004194,NICLBSL,7,44,46,1791.0,82386.0
2021042105004193,NICLBSL,7,44,70,1792.0,125440.0
2021042105004205,NICLBSL,10,6,10,1794.0,17940.0
2021042105004204,NICLBSL,10,36,10,1794.0,17940.0
2021042105004203,NICLBSL,10,48,152,1794.0,272688.0
2021042105004202,NICLBSL,13,34,20,1792.0,35840.0
2021042105004200,NICLBSL,13,20,10,1792.0,17920.0
2021042105004199,NICLBSL,13,14,10,1792.0,17920.0
2021042105004211,NICLBSL,38,20,10,1794.0,17940.0
2021042105004210,NICLBSL,38,28,10,1794.0,17940.0
2021042105004209,NICLBSL,35,6,25,1793.0,44825.0
2021042105004208,NICLBSL,35,32,10,1793.0,17930.0
2021042105004207,NICLBSL,10,21,238,1795.0,427210.0
2021042105004206,NICLBSL,10,16,90,1795.0,161550.0
2021042105004221,NICLBSL,58,45,10,1794.0,17940.0
2021042105004220,NICLBSL,58,38,10,1794.0,17940.0
2021042105004217,NICLBSL,58,47,10,1794.0,17940.0
2021042105004216,NICLBSL,57,39,10,1794.0,17940.0
2021042105004214,NICLBSL,35,33,10,1793.0,17930.0
2021042105004212,NICLBSL,35,21,10,1793.0,17930.0
2021042105004229,NICLBSL,58,38,10,1794.0,17940.0
2021042105004227,NICLBSL,59,21,100,1795.0,179500.0
2021042105004226,NICLBSL,58,50,10,1794.0,17940.0
2021042105004225,NICLBSL,58,46,10,1794.0,17940.0
2021042105004224,NICLBSL,58,47,20,1794.0,35880.0
2021042105004222,NICLBSL,58,36,20,1794.0,35880.0
2021042105004237,NICLBSL,49,45,100,1794.0,179400.0
2021042105004235,NICLBSL,8,45,100,1794.0,179400.0
2021042105004234,NICLBSL,55,45,50,1794.0,89700.0
2021042105004233,NICLBSL,13,45,10,1794.0,17940.0
2021042105004232,NICLBSL,58,45,18,1794.0,32292.0
2021042105004231,NICLBSL,58,42,10,1794.0,17940.0
2021042105004245,NICLBSL,36,34,10,1793.0,17930.0
2021042105004243,NICLBSL,36,34,10,1793.0,17930.0
2021042105004241,NICLBSL,36,21,10,1793.0,17930.0
2021042105004240,NICLBSL,36,47,10,1793.0,17930.0
2021042105004239,NICLBSL,33,38,10,1793.0,17930.0
2021042105004238,NICLBSL,55,45,11,1794.0,19734.0
2021042105004252,NICLBSL,36,49,10,1793.0,17930.0
2021042105004251,NICLBSL,36,42,13,1793.0,23309.0
2021042105004250,NICLBSL,36,38,10,1793.0,17930.0
2021042105004249,NICLBSL,13,45,10,1794.0,17940.0
2021042105004248,NICLBSL,14,45,90,1794.0,161460.0
2021042105004246,NICLBSL,38,45,20,1794.0,35880.0
2021042105004259,NICLBSL,36,17,10,1793.0,17930.0
2021042105004257,NICLBSL,36,32,10,1793.0,17930.0
2021042105004256,NICLBSL,42,45,20,1794.0,35880.0
2021042105004255,NICLBSL,36,45,200,1794.0,358800.0
2021042105004254,NICLBSL,57,45,10,1794.0,17940.0
2021042105004253,NICLBSL,36,59,10,1793.0,17930.0
2021042105004266,NICLBSL,36,6,10,1793.0,17930.0
2021042105004265,NICLBSL,36,33,10,1793.0,17930.0
2021042105004264,NICLBSL,36,47,10,1793.0,17930.0
2021042105004263,NICLBSL,39,45,20,1794.0,35880.0
2021042105004261,NICLBSL,36,38,10,1793.0,17930.0
2021042105004260,NICLBSL,56,45,100,1794.0,179400.0
2021042105004276,NICLBSL,26,1,10,1793.0,17930.0
2021042105004275,NICLBSL,28,47,10,1793.0,17930.0
2021042105004273,NICLBSL,28,13,10,1793.0,17930.0
2021042105004271,NICLBSL,28,38,20,1793.0,35860.0
2021042105004270,NICLBSL,28,44,10,1793.0,17930.0
2021042105004268,NICLBSL,51,45,50,1794.0,89700.0
2021042105004284,NICLBSL,28,58,10,1793.0,17930.0
2021042105004282,NICLBSL,28,44,10,1793.0,17930.0
2021042105004281,NICLBSL,57,45,10,1794.0,17940.0
2021042105004280,NICLBSL,28,38,20,1793.0,35860.0
2021042105004278,NICLBSL,36,45,20,1794.0,35880.0
2021042105004277,NICLBSL,26,6,10,1793.0,17930.0
2021042105004292,NICLBSL,14,1,40,1793.0,71720.0
2021042105004290,NICLBSL,14,38,10,1793.0,17930.0
2021042105004289,NICLBSL,14,52,10,1793.0,17930.0
2021042105004288,NICLBSL,28,58,10,1793.0,17930.0
2021042105004286,NICLBSL,6,45,10,1794.0,17940.0
2021042105004285,NICLBSL,58,45,20,1794.0,35880.0
2021042105004300,NICLBSL,14,21,10,1793.0,17930.0
2021042105004298,NICLBSL,14,58,30,1793.0,53790.0
2021042105004297,NICLBSL,14,21,10,1793.0,17930.0
2021042105004296,NICLBSL,14,38,10,1793.0,17930.0
2021042105004295,NICLBSL,14,47,20,1793.0,35860.0
2021042105004293,NICLBSL,14,41,10,1793.0,17930.0
2021042105004310,NICLBSL,39,45,20,1794.0,35880.0
2021042105004308,NICLBSL,32,47,20,1793.0,35860.0
2021042105004306,NICLBSL,14,20,20,1793.0,35860.0
2021042105004305,NICLBSL,14,41,15,1793.0,26895.0
2021042105004303,NICLBSL,14,47,10,1793.0,17930.0
2021042105004302,NICLBSL,39,45,20,1794.0,35880.0
2021042105004318,NICLBSL,45,52,40,1793.0,71720.0
2021042105004317,NICLBSL,11,52,104,1793.0,186472.0
2021042105004316,NICLBSL,45,57,20,1793.0,35860.0
2021042105004314,NICLBSL,13,45,50,1794.0,89700.0
2021042105004313,NICLBSL,45,59,20,1793.0,35860.0
2021042105004312,NICLBSL,45,47,20,1793.0,35860.0
2021042105004325,NICLBSL,21,33,10,1793.0,17930.0
2021042105004324,NICLBSL,42,33,75,1793.0,134475.0
2021042105004323,NICLBSL,37,33,30,1793.0,53790.0
2021042105004322,NICLBSL,58,33,74,1793.0,132682.0
2021042105004321,NICLBSL,58,52,36,1793.0,64548.0
2021042105004319,NICLBSL,29,52,20,1793.0,35860.0
2021042105004334,NICLBSL,45,40,22,1793.0,39446.0
2021042105004332,NICLBSL,53,52,1,1793.0,1793.0
2021042105004331,NICLBSL,19,52,19,1793.0,34067.0
2021042105004330,NICLBSL,19,29,10,1793.0,17930.0
2021042105004329,NICLBSL,19,57,10,1793.0,17930.0
2021042105004328,NICLBSL,19,33,11,1793.0,19723.0
2021042105003840,JLI,3,35,10,826.0,8260.0
2021042105003838,JLI,3,8,10,826.0,8260.0
2021042105003833,JLI,3,56,10,826.0,8260.0
2021042105003827,JLI,3,39,10,826.0,8260.0
2021042105003813,JLI,3,16,10,826.0,8260.0
2021042105003803,JLI,3,3,10,826.0,8260.0
2021042105003342,JLI,3,4,10,826.0,8260.0
2021042105003357,JLI,3,4,10,826.0,8260.0
2021042105003355,JLI,3,47,10,826.0,8260.0
2021042105003354,JLI,3,28,10,826.0,8260.0
2021042105003351,JLI,3,18,10,826.0,8260.0
2021042105003348,JLI,3,25,10,826.0,8260.0
2021042105003345,JLI,3,4,10,826.0,8260.0
2021042105003445,JLI,3,18,10,826.0,8260.0
2021042105003444,JLI,3,46,10,826.0,8260.0
2021042105003386,JLI,3,46,10,826.0,8260.0
2021042105003373,JLI,3,18,10,826.0,8260.0
2021042105003370,JLI,3,18,10,826.0,8260.0
2021042105003368,JLI,3,46,10,826.0,8260.0
2021042105003490,JLI,3,33,10,826.0,8260.0
2021042105003485,JLI,3,21,10,826.0,8260.0
2021042105003484,JLI,3,6,10,826.0,8260.0
2021042105003480,JLI,3,45,10,826.0,8260.0
2021042105003462,JLI,3,14,10,826.0,8260.0
2021042105003450,JLI,3,21,10,826.0,8260.0
2021042105003534,JLI,3,36,10,826.0,8260.0
2021042105003530,JLI,3,36,10,826.0,8260.0
2021042105003528,JLI,3,36,10,826.0,8260.0
2021042105003507,JLI,3,28,10,826.0,8260.0
2021042105003500,JLI,3,55,10,826.0,8260.0
2021042105003494,JLI,3,55,10,826.0,8260.0
2021042105003567,JLI,3,21,10,826.0,8260.0
2021042105003564,JLI,3,36,10,826.0,8260.0
2021042105003544,JLI,3,36,10,826.0,8260.0
2021042105003542,JLI,3,42,10,826.0,8260.0
2021042105003541,JLI,3,36,10,826.0,8260.0
2021042105003537,JLI,3,17,10,826.0,8260.0
2021042105003588,JLI,3,49,10,826.0,8260.0
2021042105003587,JLI,3,45,10,826.0,8260.0
2021042105003585,JLI,3,58,10,826.0,8260.0
2021042105003581,JLI,3,33,10,826.0,8260.0
2021042105003575,JLI,3,55,10,826.0,8260.0
2021042105003570,JLI,3,59,10,826.0,8260.0
2021042105003615,JLI,3,39,10,826.0,8260.0
2021042105003614,JLI,3,6,10,826.0,8260.0
2021042105003612,JLI,3,39,10,826.0,8260.0
2021042105003605,JLI,3,6,10,826.0,8260.0
2021042105003596,JLI,3,6,10,826.0,8260.0
2021042105003595,JLI,3,6,10,826.0,8260.0
2021042105003656,JLI,3,18,10,826.0,8260.0
2021042105003651,JLI,3,18,10,826.0,8260.0
2021042105003646,JLI,3,18,10,826.0,8260.0
2021042105003642,JLI,3,18,10,826.0,8260.0
2021042105003630,JLI,3,18,10,826.0,8260.0
2021042105003621,JLI,3,39,10,826.0,8260.0
2021042105003679,JLI,3,39,10,826.0,8260.0
2021042105003678,JLI,3,28,10,826.0,8260.0
2021042105003671,JLI,3,41,10,826.0,8260.0
2021042105003667,JLI,3,18,10,826.0,8260.0
2021042105003662,JLI,3,7,10,826.0,8260.0
2021042105003658,JLI,3,28,10,826.0,8260.0
2021042105003725,JLI,3,10,10,826.0,8260.0
2021042105003720,JLI,3,10,10,826.0,8260.0
2021042105003716,JLI,3,10,10,826.0,8260.0
2021042105003708,JLI,3,28,10,826.0,8260.0
2021042105003706,JLI,3,17,10,826.0,8260.0
2021042105003683,JLI,3,38,10,826.0,8260.0
2021042105003738,JLI,3,48,10,826.0,8260.0
2021042105003737,JLI,3,38,10,826.0,8260.0
2021042105003735,JLI,3,48,10,826.0,8260.0
2021042105003734,JLI,3,52,10,826.0,8260.0
2021042105003732,JLI,3,48,10,826.0,8260.0
2021042105003728,JLI,3,35,10,826.0,8260.0
2021042105003778,JLI,3,49,10,826.0,8260.0
2021042105003757,JLI,3,20,10,826.0,8260.0
2021042105003748,JLI,3,45,10,826.0,8260.0
2021042105003746,JLI,3,48,10,826.0,8260.0
2021042105003740,JLI,3,28,10,826.0,8260.0
2021042105003739,JLI,3,38,10,826.0,8260.0
2021042105003801,JLI,3,17,10,826.0,8260.0
2021042105003795,JLI,3,17,10,826.0,8260.0
2021042105003789,JLI,3,16,10,826.0,8260.0
2021042105003785,JLI,3,28,10,826.0,8260.0
2021042105003782,JLI,3,16,10,826.0,8260.0
2021042105003781,JLI,3,21,10,826.0,8260.0
2021042105003407,MLBSL,34,6,10,1766.0,17660.0
2021042105003841,NICLBSL,35,10,10,1787.0,17870.0
2021042105003839,NICLBSL,35,44,10,1787.0,17870.0
2021042105003837,NICLBSL,35,10,10,1787.0,17870.0
2021042105003836,NICLBSL,21,25,10,1789.0,17890.0
2021042105003835,NICLBSL,28,44,10,1788.0,17880.0
2021042105003834,NICLBSL,35,44,10,1787.0,17870.0
2021042105003350,NICLBSL,14,5,60,1792.0,107520.0
2021042105003349,NICLBSL,38,5,40,1793.0,71720.0
2021042105003347,NICLBSL,51,16,40,1795.0,71800.0
2021042105003346,NICLBSL,51,56,10,1795.0,17950.0
2021042105003344,NICLBSL,14,42,10,1794.0,17940.0
2021042105003343,NICLBSL,14,41,10,1794.0,17940.0
2021042105003360,NICLBSL,45,45,10,1792.0,17920.0
2021042105003359,NICLBSL,45,49,10,1792.0,17920.0
2021042105003358,NICLBSL,45,28,10,1792.0,17920.0
2021042105003356,NICLBSL,14,26,10,1792.0,17920.0
2021042105003353,NICLBSL,35,16,10,1795.0,17950.0
2021042105003352,NICLBSL,35,58,10,1794.0,17940.0
2021042105003366,NICLBSL,45,22,15,1792.0,26880.0
2021042105003365,NICLBSL,21,16,190,1795.0,341050.0
2021042105003364,NICLBSL,21,47,10,1793.0,17930.0
2021042105003363,NICLBSL,45,45,10,1792.0,17920.0
2021042105003362,NICLBSL,45,38,10,1792.0,17920.0
2021042105003361,NICLBSL,44,55,20,1793.0,35860.0
2021042105003375,NICLBSL,35,45,60,1791.0,107460.0
2021042105003374,NICLBSL,44,56,10,1792.0,17920.0
2021042105003372,NICLBSL,45,39,107,1792.0,191744.0
2021042105003371,NICLBSL,45,37,10,1792.0,17920.0
2021042105003369,NICLBSL,56,48,10,1794.0,17940.0
2021042105003367,NICLBSL,45,21,20,1792.0,35840.0
2021042105003381,NICLBSL,50,45,100,1791.0,179100.0
2021042105003380,NICLBSL,57,45,200,1791.0,358200.0
2021042105003379,NICLBSL,43,45,30,1791.0,53730.0
2021042105003378,NICLBSL,57,45,100,1791.0,179100.0
2021042105003377,NICLBSL,22,45,50,1791.0,89550.0
2021042105003376,NICLBSL,48,45,40,1791.0,71640.0
2021042105003388,NICLBSL,16,4,190,1790.0,340100.0
2021042105003387,NICLBSL,16,56,10,1790.0,17900.0
2021042105003385,NICLBSL,49,45,"1,000",1791.0,1791000.0
2021042105003384,NICLBSL,8,45,10,1791.0,17910.0
2021042105003383,NICLBSL,19,45,100,1791.0,179100.0
2021042105003382,NICLBSL,1,45,10,1791.0,17910.0
2021042105003394,NICLBSL,35,4,50,1790.0,89500.0
2021042105003393,NICLBSL,21,4,10,1790.0,17900.0
2021042105003392,NICLBSL,35,4,10,1790.0,17900.0
2021042105003391,NICLBSL,11,4,13,1790.0,23270.0
2021042105003390,NICLBSL,44,4,20,1790.0,35800.0
2021042105003389,NICLBSL,26,4,50,1790.0,89500.0
2021042105003400,NICLBSL,11,4,20,1790.0,35800.0
2021042105003399,NICLBSL,20,4,50,1790.0,89500.0
2021042105003398,NICLBSL,53,4,200,1790.0,358000.0
2021042105003397,NICLBSL,47,4,50,1790.0,89500.0
2021042105003396,NICLBSL,22,4,10,1790.0,17900.0
2021042105003395,NICLBSL,51,4,100,1790.0,179000.0
2021042105003406,NICLBSL,14,4,127,1790.0,227330.0
2021042105003405,NICLBSL,36,4,50,1790.0,89500.0
2021042105003404,NICLBSL,1,4,10,1790.0,17900.0
2021042105003403,NICLBSL,11,4,10,1790.0,17900.0
2021042105003402,NICLBSL,26,4,20,1790.0,35800.0
2021042105003401,NICLBSL,7,4,10,1790.0,17900.0
2021042105003413,NICLBSL,32,38,42,1790.0,75180.0
2021042105003412,NICLBSL,22,38,50,1790.0,89500.0
2021042105003411,NICLBSL,42,38,200,1790.0,358000.0
2021042105003410,NICLBSL,14,38,20,1790.0,35800.0
2021042105003409,NICLBSL,55,38,50,1790.0,89500.0
2021042105003408,NICLBSL,14,38,73,1790.0,130670.0
2021042105003419,NICLBSL,47,38,100,1790.0,179000.0
2021042105003418,NICLBSL,35,38,20,1790.0,35800.0
2021042105003417,NICLBSL,1,38,50,1790.0,89500.0
2021042105003416,NICLBSL,34,38,50,1790.0,89500.0
2021042105003415,NICLBSL,29,38,100,1790.0,179000.0
2021042105003414,NICLBSL,29,38,100,1790.0,179000.0
2021042105003425,NICLBSL,26,38,20,1790.0,35800.0
2021042105003424,NICLBSL,13,38,350,1790.0,626500.0
2021042105003423,NICLBSL,32,38,10,1790.0,17900.0
2021042105003422,NICLBSL,21,38,50,1790.0,89500.0
2021042105003421,NICLBSL,56,38,100,1790.0,179000.0
2021042105003420,NICLBSL,34,38,50,1790.0,89500.0
2021042105003431,NICLBSL,21,38,100,1790.0,179000.0
2021042105003430,NICLBSL,3,38,50,1790.0,89500.0
2021042105003429,NICLBSL,8,38,35,1790.0,62650.0
2021042105003428,NICLBSL,14,38,30,1790.0,53700.0
2021042105003427,NICLBSL,29,38,10,1790.0,17900.0
2021042105003426,NICLBSL,37,38,10,1790.0,17900.0
2021042105003437,NICLBSL,19,38,10,1790.0,17900.0
2021042105003436,NICLBSL,58,38,50,1790.0,89500.0
2021042105003435,NICLBSL,59,38,12,1790.0,21480.0
2021042105003434,NICLBSL,1,38,30,1790.0,53700.0
2021042105003433,NICLBSL,45,38,50,1790.0,89500.0
2021042105003432,NICLBSL,32,38,20,1790.0,35800.0
2021042105003443,NICLBSL,57,38,10,1790.0,17900.0
2021042105003442,NICLBSL,44,38,100,1790.0,179000.0
2021042105003441,NICLBSL,59,38,20,1790.0,35800.0
2021042105003440,NICLBSL,57,38,10,1790.0,17900.0
2021042105003439,NICLBSL,47,38,50,1790.0,89500.0
2021042105003438,NICLBSL,57,38,10,1790.0,17900.0
2021042105003452,NICLBSL,47,28,10,1790.0,17900.0
2021042105003451,NICLBSL,47,19,20,1790.0,35800.0
2021042105003449,NICLBSL,52,7,10,1790.0,17900.0
2021042105003448,NICLBSL,44,38,10,1789.0,17890.0
2021042105003447,NICLBSL,14,39,10,1789.0,17890.0
2021042105003446,NICLBSL,14,36,10,1789.0,17890.0
2021042105003458,NICLBSL,47,14,10,1790.0,17900.0
2021042105003457,NICLBSL,47,48,10,1790.0,17900.0
2021042105003456,NICLBSL,47,21,10,1790.0,17900.0
2021042105003455,NICLBSL,47,42,10,1790.0,17900.0
2021042105003454,NICLBSL,47,28,10,1790.0,17900.0
2021042105003453,NICLBSL,47,45,10,1790.0,17900.0
2021042105003465,NICLBSL,32,33,30,1790.0,53700.0
2021042105003464,NICLBSL,35,41,10,1792.0,17920.0
2021042105003463,NICLBSL,35,28,10,1792.0,17920.0
2021042105003461,NICLBSL,35,28,10,1792.0,17920.0
2021042105003460,NICLBSL,35,37,10,1792.0,17920.0
2021042105003459,NICLBSL,47,4,10,1790.0,17900.0
2021042105003471,NICLBSL,19,57,80,1792.0,143360.0
2021042105003470,NICLBSL,19,4,10,1792.0,17920.0
2021042105003469,NICLBSL,19,41,10,1790.0,17900.0
2021042105003468,NICLBSL,59,26,10,1787.0,17870.0
2021042105003467,NICLBSL,26,33,48,1788.0,85824.0
2021042105003466,NICLBSL,35,33,100,1788.0,178800.0
2021042105003477,NICLBSL,21,57,10,1790.0,17900.0
2021042105003476,NICLBSL,21,51,10,1790.0,17900.0
2021042105003475,NICLBSL,21,59,10,1790.0,17900.0
2021042105003474,NICLBSL,58,37,10,1794.0,17940.0
2021042105003473,NICLBSL,21,57,70,1790.0,125300.0
2021042105003472,NICLBSL,19,57,30,1790.0,53700.0
2021042105003486,NICLBSL,54,28,10,1790.0,17900.0
2021042105003483,NICLBSL,54,28,10,1790.0,17900.0
2021042105003482,NICLBSL,57,38,10,1790.0,17900.0
2021042105003481,NICLBSL,8,47,10,1790.0,17900.0
2021042105003479,NICLBSL,59,38,10,1790.0,17900.0
2021042105003478,NICLBSL,59,28,10,1790.0,17900.0
2021042105003493,NICLBSL,54,18,10,1790.0,17900.0
2021042105003492,NICLBSL,54,21,10,1790.0,17900.0
2021042105003491,NICLBSL,54,38,10,1790.0,17900.0
2021042105003489,NICLBSL,44,45,80,1792.0,143360.0
2021042105003488,NICLBSL,44,55,30,1792.0,53760.0
2021042105003487,NICLBSL,44,38,10,1792.0,17920.0
2021042105003501,NICLBSL,6,45,10,1789.0,17890.0
2021042105003499,NICLBSL,19,38,10,1789.0,17890.0
2021042105003498,NICLBSL,54,45,130,1790.0,232700.0
2021042105003497,NICLBSL,11,47,10,1791.0,17910.0
2021042105003496,NICLBSL,54,21,10,1790.0,17900.0
2021042105003495,NICLBSL,54,28,10,1790.0,17900.0
2021042105003508,NICLBSL,14,28,10,1790.0,17900.0
2021042105003506,NICLBSL,14,28,10,1790.0,17900.0
2021042105003505,NICLBSL,14,49,20,1790.0,35800.0
2021042105003504,NICLBSL,6,42,10,1790.0,17900.0
2021042105003503,NICLBSL,6,45,20,1790.0,35800.0
2021042105003502,NICLBSL,35,45,40,1790.0,71600.0
2021042105003514,NICLBSL,6,46,10,1789.0,17890.0
2021042105003513,NICLBSL,39,45,20,1790.0,35800.0
2021042105003512,NICLBSL,14,45,20,1790.0,35800.0
2021042105003511,NICLBSL,14,58,20,1790.0,35800.0
2021042105003510,NICLBSL,14,58,10,1790.0,17900.0
2021042105003509,NICLBSL,14,4,100,1790.0,179000.0
2021042105003520,NICLBSL,58,48,10,1789.0,17890.0
2021042105003519,NICLBSL,6,8,40,1790.0,71600.0
2021042105003518,NICLBSL,13,28,10,1790.0,17900.0
2021042105003517,NICLBSL,56,28,10,1790.0,17900.0
2021042105003516,NICLBSL,56,45,10,1790.0,17900.0
2021042105003515,NICLBSL,38,45,50,1790.0,89500.0
2021042105003526,NICLBSL,22,8,10,1790.0,17900.0
2021042105003525,NICLBSL,22,34,10,1789.0,17890.0
2021042105003524,NICLBSL,46,28,10,1789.0,17890.0
2021042105003523,NICLBSL,46,26,10,1789.0,17890.0
2021042105003522,NICLBSL,46,1,10,1789.0,17890.0
2021042105003521,NICLBSL,58,8,10,1790.0,17900.0
2021042105003535,NICLBSL,40,42,20,1789.0,35780.0
2021042105003533,NICLBSL,40,28,10,1789.0,17890.0
2021042105003532,NICLBSL,57,38,20,1789.0,35780.0
2021042105003531,NICLBSL,57,49,10,1789.0,17890.0
2021042105003529,NICLBSL,22,29,20,1790.0,35800.0
2021042105003527,NICLBSL,22,28,10,1790.0,17900.0
2021042105003545,NICLBSL,19,49,10,1791.0,17910.0
2021042105003543,NICLBSL,40,28,10,1789.0,17890.0
2021042105003540,NICLBSL,17,48,10,1790.0,17900.0
2021042105003539,NICLBSL,17,28,10,1790.0,17900.0
2021042105003538,NICLBSL,17,29,20,1790.0,35800.0
2021042105003536,NICLBSL,40,38,10,1789.0,17890.0
2021042105003551,NICLBSL,50,43,100,1788.0,178800.0
2021042105003550,NICLBSL,1,43,50,1788.0,89400.0
2021042105003549,NICLBSL,38,43,30,1788.0,53640.0
2021042105003548,NICLBSL,38,42,10,1788.0,17880.0
2021042105003547,NICLBSL,38,48,10,1788.0,17880.0
2021042105003546,NICLBSL,19,45,40,1792.0,71680.0
2021042105003557,NICLBSL,57,43,10,1789.0,17890.0
2021042105003556,NICLBSL,57,38,10,1788.0,17880.0
2021042105003555,NICLBSL,57,17,10,1788.0,17880.0
2021042105003554,NICLBSL,34,58,10,1787.0,17870.0
2021042105003553,NICLBSL,34,43,434,1787.0,775558.0
2021042105003552,NICLBSL,59,43,31,1787.0,55397.0
2021042105003563,NICLBSL,34,58,10,1787.0,17870.0
2021042105003562,NICLBSL,34,58,10,1787.0,17870.0
2021042105003561,NICLBSL,34,36,10,1787.0,17870.0
2021042105003560,NICLBSL,46,43,10,1789.0,17890.0
2021042105003559,NICLBSL,46,19,36,1788.0,64368.0
2021042105003558,NICLBSL,34,22,10,1787.0,17870.0
2021042105003572,NICLBSL,21,42,70,1788.0,125160.0
2021042105003571,NICLBSL,35,42,30,1788.0,53640.0
2021042105003569,NICLBSL,21,39,10,1788.0,17880.0
2021042105003568,NICLBSL,21,58,10,1788.0,17880.0
2021042105003566,NICLBSL,34,47,10,1787.0,17870.0
2021042105003565,NICLBSL,34,29,10,1787.0,17870.0
2021042105003579,NICLBSL,22,26,10,1789.0,17890.0
2021042105003578,NICLBSL,34,59,20,1787.0,35740.0
2021042105003577,NICLBSL,34,58,10,1787.0,17870.0
2021042105003576,NICLBSL,34,40,10,1787.0,17870.0
2021042105003574,NICLBSL,34,58,10,1787.0,17870.0
2021042105003573,NICLBSL,21,21,10,1788.0,17880.0
2021042105003589,NICLBSL,59,38,10,1788.0,17880.0
2021042105003586,NICLBSL,7,22,70,1788.0,125160.0
2021042105003584,NICLBSL,7,38,10,1788.0,17880.0
2021042105003583,NICLBSL,7,25,10,1788.0,17880.0
2021042105003582,NICLBSL,7,25,10,1788.0,17880.0
2021042105003580,NICLBSL,22,42,10,1790.0,17900.0
2021042105003597,NICLBSL,4,36,10,1786.0,17860.0
2021042105003594,NICLBSL,52,25,10,1787.0,17870.0
2021042105003593,NICLBSL,19,40,10,1787.0,17870.0
2021042105003592,NICLBSL,34,40,446,1787.0,797002.0
2021042105003591,NICLBSL,58,40,20,1788.0,35760.0
2021042105003590,NICLBSL,59,40,20,1788.0,35760.0
2021042105003603,NICLBSL,4,45,10,1786.0,17860.0
2021042105003602,NICLBSL,4,38,10,1786.0,17860.0
2021042105003601,NICLBSL,4,43,98,1786.0,175028.0
2021042105003600,NICLBSL,4,38,10,1786.0,17860.0
2021042105003599,NICLBSL,4,52,10,1786.0,17860.0
2021042105003598,NICLBSL,4,29,10,1786.0,17860.0
2021042105003610,NICLBSL,17,36,10,1788.0,17880.0
2021042105003609,NICLBSL,17,35,10,1788.0,17880.0
2021042105003608,NICLBSL,6,20,10,1788.0,17880.0
2021042105003607,NICLBSL,6,11,10,1788.0,17880.0
2021042105003606,NICLBSL,6,38,20,1788.0,35760.0
2021042105003604,NICLBSL,21,57,10,1787.0,17870.0
2021042105003619,NICLBSL,17,38,10,1788.0,17880.0
2021042105003618,NICLBSL,17,41,10,1788.0,17880.0
2021042105003617,NICLBSL,17,28,10,1788.0,17880.0
2021042105003616,NICLBSL,17,21,10,1788.0,17880.0
2021042105003613,NICLBSL,17,38,10,1788.0,17880.0
2021042105003611,NICLBSL,17,38,10,1788.0,17880.0
2021042105003626,NICLBSL,28,40,100,1786.0,178600.0
2021042105003625,NICLBSL,4,40,142,1786.0,253612.0
2021042105003624,NICLBSL,58,40,10,1787.0,17870.0
2021042105003623,NICLBSL,41,40,20,1787.0,35740.0
2021042105003622,NICLBSL,41,38,10,1787.0,17870.0
2021042105003620,NICLBSL,41,38,10,1787.0,17870.0
2021042105003633,NICLBSL,34,40,108,1786.0,192888.0
2021042105003632,NICLBSL,14,42,10,1785.0,17850.0
2021042105003631,NICLBSL,14,58,10,1785.0,17850.0
2021042105003629,NICLBSL,39,45,10,1785.0,17850.0
2021042105003628,NICLBSL,19,40,20,1786.0,35720.0
2021042105003627,NICLBSL,42,40,100,1786.0,178600.0
2021042105003639,NICLBSL,34,58,10,1788.0,17880.0
2021042105003638,NICLBSL,34,22,10,1788.0,17880.0
2021042105003637,NICLBSL,34,38,10,1788.0,17880.0
2021042105003636,NICLBSL,34,36,10,1787.0,17870.0
2021042105003635,NICLBSL,34,57,20,1787.0,35740.0
2021042105003634,NICLBSL,34,34,10,1786.0,17860.0
2021042105003647,NICLBSL,42,22,10,1788.0,17880.0
2021042105003645,NICLBSL,42,35,10,1788.0,17880.0
2021042105003644,NICLBSL,29,47,10,1789.0,17890.0
2021042105003643,NICLBSL,29,35,10,1788.0,17880.0
2021042105003641,NICLBSL,34,28,10,1788.0,17880.0
2021042105003640,NICLBSL,34,22,10,1788.0,17880.0
2021042105003654,NICLBSL,21,8,10,1788.0,17880.0
2021042105003653,NICLBSL,19,35,20,1788.0,35760.0
2021042105003652,NICLBSL,3,56,50,1787.0,89350.0
2021042105003650,NICLBSL,6,45,10,1788.0,17880.0
2021042105003649,NICLBSL,42,28,10,1788.0,17880.0
2021042105003648,NICLBSL,42,39,20,1788.0,35760.0
2021042105003663,NICLBSL,14,42,10,1790.0,17900.0
2021042105003661,NICLBSL,29,45,20,1788.0,35760.0
2021042105003660,NICLBSL,29,52,10,1788.0,17880.0
2021042105003659,NICLBSL,29,53,10,1787.0,17870.0
2021042105003657,NICLBSL,21,53,30,1788.0,53640.0
2021042105003655,NICLBSL,21,35,10,1788.0,17880.0
2021042105003670,NICLBSL,20,43,20,1788.0,35760.0
2021042105003669,NICLBSL,29,43,20,1788.0,35760.0
2021042105003668,NICLBSL,29,28,10,1788.0,17880.0
2021042105003666,NICLBSL,29,7,10,1788.0,17880.0
2021042105003665,NICLBSL,29,28,10,1788.0,17880.0
2021042105003664,NICLBSL,29,56,10,1788.0,17880.0
2021042105003677,NICLBSL,45,55,10,1788.0,17880.0
2021042105003676,NICLBSL,41,19,110,1788.0,196680.0
2021042105003675,NICLBSL,41,7,10,1788.0,17880.0
2021042105003674,NICLBSL,20,7,10,1788.0,17880.0
2021042105003673,NICLBSL,45,42,50,1790.0,89500.0
2021042105003672,NICLBSL,20,7,20,1788.0,35760.0
2021042105003686,NICLBSL,19,21,10,1786.0,17860.0
2021042105003685,NICLBSL,19,1,20,1788.0,35760.0
2021042105003684,NICLBSL,34,28,10,1787.0,17870.0
2021042105003682,NICLBSL,53,38,10,1787.0,17870.0
2021042105003681,NICLBSL,51,55,10,1789.0,17890.0
2021042105003680,NICLBSL,51,7,10,1788.0,17880.0
2021042105003692,NICLBSL,29,10,10,1786.0,17860.0
2021042105003691,NICLBSL,29,8,10,1786.0,17860.0
2021042105003690,NICLBSL,29,7,10,1786.0,17860.0
2021042105003689,NICLBSL,29,56,60,1786.0,107160.0
2021042105003688,NICLBSL,29,22,5,1787.0,8935.0
2021042105003687,NICLBSL,29,21,10,1786.0,17860.0
2021042105003698,NICLBSL,47,45,150,1786.0,267900.0
2021042105003697,NICLBSL,1,45,40,1786.0,71440.0
2021042105003696,NICLBSL,21,45,10,1786.0,17860.0
2021042105003695,NICLBSL,21,59,10,1786.0,17860.0
2021042105003694,NICLBSL,21,42,30,1786.0,53580.0
2021042105003693,NICLBSL,21,42,20,1786.0,35720.0
2021042105003704,NICLBSL,47,34,100,1786.0,178600.0
2021042105003703,NICLBSL,22,21,10,1788.0,17880.0
2021042105003702,NICLBSL,22,42,10,1788.0,17880.0
2021042105003701,NICLBSL,47,55,10,1786.0,17860.0
2021042105003700,NICLBSL,47,47,50,1786.0,89300.0
2021042105003699,NICLBSL,47,7,20,1786.0,35720.0
2021042105003712,NICLBSL,45,11,50,1785.0,89250.0
2021042105003711,NICLBSL,5,11,20,1785.0,35700.0
2021042105003710,NICLBSL,47,11,16,1786.0,28576.0
2021042105003709,NICLBSL,51,11,10,1787.0,17870.0
2021042105003707,NICLBSL,51,7,10,1787.0,17870.0
2021042105003705,NICLBSL,47,16,79,1786.0,141094.0
2021042105003719,NICLBSL,16,17,10,1787.0,17870.0
2021042105003718,NICLBSL,16,34,10,1787.0,17870.0
2021042105003717,NICLBSL,38,38,10,1786.0,17860.0
2021042105003715,NICLBSL,38,35,10,1786.0,17860.0
2021042105003714,NICLBSL,38,28,10,1786.0,17860.0
2021042105003713,NICLBSL,38,7,10,1786.0,17860.0
2021042105003727,NICLBSL,38,7,10,1787.0,17870.0
2021042105003726,NICLBSL,38,29,10,1787.0,17870.0
2021042105003724,NICLBSL,38,38,50,1787.0,89350.0
2021042105003723,NICLBSL,41,38,20,1787.0,35740.0
2021042105003722,NICLBSL,38,7,10,1786.0,17860.0
2021042105003721,NICLBSL,16,38,30,1787.0,53610.0
2021042105003741,NICLBSL,36,21,10,1788.0,17880.0
2021042105003736,NICLBSL,38,7,20,1787.0,35740.0
2021042105003733,NICLBSL,45,22,100,1788.0,178800.0
2021042105003731,NICLBSL,17,42,10,1788.0,17880.0
2021042105003730,NICLBSL,17,42,140,1788.0,250320.0
2021042105003729,NICLBSL,17,28,10,1785.0,17850.0
2021042105003749,NICLBSL,36,7,10,1786.0,17860.0
2021042105003747,NICLBSL,36,45,10,1786.0,17860.0
2021042105003745,NICLBSL,36,39,25,1786.0,44650.0
2021042105003744,NICLBSL,36,39,50,1787.0,89350.0
2021042105003743,NICLBSL,38,39,35,1787.0,62545.0
2021042105003742,NICLBSL,36,39,40,1788.0,71520.0
2021042105003755,NICLBSL,51,49,10,1786.0,17860.0
2021042105003754,NICLBSL,22,7,10,1786.0,17860.0
2021042105003753,NICLBSL,22,8,10,1786.0,17860.0
2021042105003752,NICLBSL,22,53,10,1786.0,17860.0
2021042105003751,NICLBSL,22,16,10,1786.0,17860.0
2021042105003750,NICLBSL,22,7,10,1786.0,17860.0
2021042105003762,NICLBSL,17,49,22,1787.0,39314.0
2021042105003761,NICLBSL,17,21,20,1787.0,35740.0
2021042105003760,NICLBSL,51,44,10,1786.0,17860.0
2021042105003759,NICLBSL,51,44,10,1786.0,17860.0
2021042105003758,NICLBSL,51,42,20,1786.0,35720.0
2021042105003756,NICLBSL,51,7,10,1786.0,17860.0
2021042105003768,NICLBSL,51,26,20,1786.0,35720.0
2021042105003767,NICLBSL,17,28,10,1788.0,17880.0
2021042105003766,NICLBSL,17,44,10,1788.0,17880.0
2021042105003765,NICLBSL,17,28,10,1788.0,17880.0
2021042105003764,NICLBSL,17,28,10,1788.0,17880.0
2021042105003763,NICLBSL,17,28,10,1788.0,17880.0
2021042105003774,NICLBSL,38,21,10,1786.0,17860.0
2021042105003773,NICLBSL,38,44,10,1786.0,17860.0
2021042105003772,NICLBSL,52,44,10,1786.0,17860.0
2021042105003771,NICLBSL,52,41,10,1786.0,17860.0
2021042105003770,NICLBSL,51,44,10,1786.0,17860.0
2021042105003769,NICLBSL,51,4,10,1786.0,17860.0
2021042105003783,NICLBSL,17,44,10,1787.0,17870.0
2021042105003780,NICLBSL,17,44,10,1787.0,17870.0
2021042105003779,NICLBSL,17,40,10,1787.0,17870.0
2021042105003777,NICLBSL,17,59,10,1787.0,17870.0
2021042105003776,NICLBSL,17,40,10,1787.0,17870.0
2021042105003775,NICLBSL,38,44,10,1786.0,17860.0
2021042105003791,NICLBSL,36,38,70,1787.0,125090.0
2021042105003790,NICLBSL,36,44,10,1787.0,17870.0
2021042105003788,NICLBSL,36,10,10,1787.0,17870.0
2021042105003787,NICLBSL,36,22,10,1787.0,17870.0
2021042105003786,NICLBSL,17,41,10,1787.0,17870.0
2021042105003784,NICLBSL,17,44,10,1787.0,17870.0
2021042105003798,NICLBSL,36,41,10,1786.0,17860.0
2021042105003797,NICLBSL,36,44,10,1786.0,17860.0
2021042105003796,NICLBSL,36,44,10,1786.0,17860.0
2021042105003794,NICLBSL,36,44,10,1786.0,17860.0
2021042105003793,NICLBSL,36,38,20,1786.0,35720.0
2021042105003792,NICLBSL,38,38,20,1786.0,35720.0
2021042105003806,NICLBSL,35,16,36,1787.0,64332.0
2021042105003805,NICLBSL,35,10,10,1787.0,17870.0
2021042105003804,NICLBSL,36,44,10,1786.0,17860.0
2021042105003802,NICLBSL,36,20,10,1786.0,17860.0
2021042105003800,NICLBSL,36,44,10,1786.0,17860.0
2021042105003799,NICLBSL,36,38,10,1786.0,17860.0
2021042105003812,NICLBSL,35,10,10,1787.0,17870.0
2021042105003811,NICLBSL,35,56,10,1787.0,17870.0
2021042105003810,NICLBSL,35,10,10,1787.0,17870.0
2021042105003809,NICLBSL,35,56,10,1787.0,17870.0
2021042105003808,NICLBSL,35,10,10,1787.0,17870.0
2021042105003807,NICLBSL,35,28,10,1787.0,17870.0
2021042105003819,NICLBSL,47,49,10,1788.0,17880.0
2021042105003818,NICLBSL,47,1,10,1788.0,17880.0
2021042105003817,NICLBSL,35,44,10,1787.0,17870.0
2021042105003816,NICLBSL,35,22,10,1787.0,17870.0
2021042105003815,NICLBSL,35,44,10,1787.0,17870.0
2021042105003814,NICLBSL,35,10,10,1787.0,17870.0
2021042105003825,NICLBSL,47,46,10,1788.0,17880.0
2021042105003824,NICLBSL,47,44,10,1788.0,17880.0
2021042105003823,NICLBSL,47,51,10,1788.0,17880.0
2021042105003822,NICLBSL,47,44,10,1788.0,17880.0
2021042105003821,NICLBSL,47,41,20,1788.0,35760.0
2021042105003820,NICLBSL,47,44,10,1788.0,17880.0
2021042105003832,NICLBSL,35,10,10,1787.0,17870.0
2021042105003831,NICLBSL,16,28,10,1788.0,17880.0
2021042105003830,NICLBSL,45,49,10,1788.0,17880.0
2021042105003829,NICLBSL,45,42,10,1788.0,17880.0
2021042105003828,NICLBSL,35,20,10,1787.0,17870.0
2021042105003826,NICLBSL,47,44,10,1788.0,17880.0
2021042105003334,JLI,3,58,10,826.0,8260.0
2021042105003333,JLI,3,39,10,826.0,8260.0
2021042105003332,JLI,3,21,10,826.0,8260.0
2021042105003331,JLI,3,18,10,826.0,8260.0
2021042105003327,JLI,3,4,10,826.0,8260.0
2021042105003323,JLI,3,59,10,826.0,8260.0
2021042105002865,JLI,3,28,10,826.0,8260.0
2021042105002852,JLI,3,45,10,826.0,8260.0
2021042105002843,JLI,3,45,10,826.0,8260.0
2021042105002905,JLI,3,25,10,826.0,8260.0
2021042105002904,JLI,3,47,10,826.0,8260.0
2021042105002888,JLI,3,35,10,826.0,8260.0
2021042105002887,JLI,3,33,10,826.0,8260.0
2021042105002885,JLI,3,6,10,826.0,8260.0
2021042105002869,JLI,3,6,10,826.0,8260.0
2021042105002997,JLI,3,36,10,826.0,8260.0
2021042105002935,JLI,3,49,10,826.0,8260.0
2021042105002928,JLI,3,7,10,826.0,8260.0
2021042105002924,JLI,3,20,10,826.0,8260.0
2021042105002921,JLI,3,21,10,826.0,8260.0
2021042105002907,JLI,3,26,10,826.0,8260.0
2021042105003044,JLI,3,10,10,826.0,8260.0
2021042105003039,JLI,3,29,10,826.0,8260.0
2021042105003035,JLI,3,41,10,826.0,8260.0
2021042105003012,JLI,3,36,10,826.0,8260.0
2021042105003003,JLI,3,55,10,826.0,8260.0
2021042105003002,JLI,3,46,10,826.0,8260.0
2021042105003080,JLI,3,43,10,826.0,8260.0
2021042105003077,JLI,3,10,10,826.0,8260.0
2021042105003074,JLI,3,32,10,826.0,8260.0
2021042105003063,JLI,3,41,10,826.0,8260.0
2021042105003060,JLI,3,28,10,826.0,8260.0
2021042105003047,JLI,3,26,10,826.0,8260.0
2021042105003137,JLI,3,6,10,826.0,8260.0
2021042105003131,JLI,3,41,10,826.0,8260.0
2021042105003100,JLI,3,10,10,826.0,8260.0
2021042105003092,JLI,3,41,10,826.0,8260.0
2021042105003087,JLI,3,19,10,826.0,8260.0
2021042105003085,JLI,3,29,10,826.0,8260.0
2021042105003215,JLI,3,18,10,826.0,8260.0
2021042105003184,JLI,3,28,10,826.0,8260.0
2021042105003183,JLI,3,56,10,826.0,8260.0
2021042105003163,JLI,3,47,10,826.0,8260.0
2021042105003145,JLI,3,41,10,826.0,8260.0
2021042105003139,JLI,3,58,10,826.0,8260.0
2021042105003236,JLI,3,6,10,826.0,8260.0
2021042105003235,JLI,3,6,10,826.0,8260.0
2021042105003231,JLI,3,18,10,826.0,8260.0
2021042105003229,JLI,3,21,10,826.0,8260.0
2021042105003224,JLI,3,18,10,826.0,8260.0
2021042105003222,JLI,3,18,10,826.0,8260.0
2021042105003270,JLI,3,25,10,826.0,8260.0
2021042105003266,JLI,3,47,10,826.0,8260.0
2021042105003245,JLI,3,32,10,826.0,8260.0
2021042105003242,JLI,3,29,10,826.0,8260.0
2021042105003241,JLI,3,45,10,826.0,8260.0
2021042105003240,JLI,3,51,10,826.0,8260.0
2021042105003294,JLI,3,28,10,826.0,8260.0
2021042105003288,JLI,3,39,10,826.0,8260.0
2021042105003284,JLI,3,18,10,826.0,8260.0
2021042105003278,JLI,3,21,10,826.0,8260.0
2021042105003277,JLI,3,18,10,826.0,8260.0
2021042105003274,JLI,3,29,10,826.0,8260.0
2021042105003322,JLI,3,18,10,826.0,8260.0
2021042105003319,JLI,3,59,10,826.0,8260.0
2021042105003309,JLI,3,18,10,826.0,8260.0
2021042105003305,JLI,3,18,10,826.0,8260.0
2021042105003297,JLI,3,57,10,826.0,8260.0
2021042105003295,JLI,3,18,10,826.0,8260.0
2021042105003324,MLBSL,34,19,10,1766.0,17660.0
2021042105003065,MLBSL,34,57,10,1766.0,17660.0
2021042105003341,NICLBSL,14,46,10,1794.0,17940.0
2021042105003340,NICLBSL,14,59,10,1794.0,17940.0
2021042105003339,NICLBSL,14,40,10,1794.0,17940.0
2021042105003338,NICLBSL,14,45,40,1793.0,71720.0
2021042105003337,NICLBSL,14,4,10,1792.0,17920.0
2021042105003336,NICLBSL,14,58,10,1792.0,17920.0
2021042105002845,NICLBSL,38,16,20,1802.0,36040.0
2021042105002844,NICLBSL,39,58,10,1801.0,18010.0
2021042105002842,NICLBSL,39,36,10,1801.0,18010.0
2021042105002851,NICLBSL,39,34,20,1801.0,36020.0
2021042105002850,NICLBSL,39,41,10,1801.0,18010.0
2021042105002849,NICLBSL,39,38,10,1801.0,18010.0
2021042105002848,NICLBSL,39,7,125,1801.0,225125.0
2021042105002847,NICLBSL,39,20,10,1801.0,18010.0
2021042105002846,NICLBSL,39,39,10,1801.0,18010.0
2021042105002858,NICLBSL,41,38,10,1801.0,18010.0
2021042105002857,NICLBSL,41,28,10,1801.0,18010.0
2021042105002856,NICLBSL,39,46,10,1801.0,18010.0
2021042105002855,NICLBSL,39,34,10,1801.0,18010.0
2021042105002854,NICLBSL,39,48,20,1801.0,36020.0
2021042105002853,NICLBSL,39,49,10,1801.0,18010.0
2021042105002864,NICLBSL,57,46,10,1801.0,18010.0
2021042105002863,NICLBSL,49,16,10,1802.0,18020.0
2021042105002862,NICLBSL,57,38,10,1801.0,18010.0
2021042105002861,NICLBSL,57,20,10,1801.0,18010.0
2021042105002860,NICLBSL,57,46,10,1801.0,18010.0
2021042105002859,NICLBSL,57,58,10,1801.0,18010.0
2021042105002872,NICLBSL,11,20,10,1801.0,18010.0
2021042105002871,NICLBSL,11,28,10,1801.0,18010.0
2021042105002870,NICLBSL,57,46,10,1801.0,18010.0
2021042105002868,NICLBSL,57,58,10,1801.0,18010.0
2021042105002867,NICLBSL,57,56,20,1801.0,36020.0
2021042105002866,NICLBSL,57,49,10,1801.0,18010.0
2021042105002878,NICLBSL,50,35,100,1801.0,180100.0
2021042105002877,NICLBSL,39,35,11,1801.0,19811.0
2021042105002876,NICLBSL,42,35,30,1801.0,54030.0
2021042105002875,NICLBSL,11,35,70,1801.0,126070.0
2021042105002874,NICLBSL,11,28,10,1801.0,18010.0
2021042105002873,NICLBSL,36,16,30,1802.0,54060.0
2021042105002884,NICLBSL,16,35,109,1800.0,196200.0
2021042105002883,NICLBSL,21,35,20,1800.0,36000.0
2021042105002882,NICLBSL,42,35,20,1800.0,36000.0
2021042105002881,NICLBSL,59,35,80,1800.0,144000.0
2021042105002880,NICLBSL,6,35,40,1801.0,72040.0
2021042105002879,NICLBSL,59,35,20,1801.0,36020.0
2021042105002893,NICLBSL,16,25,50,1800.0,90000.0
2021042105002892,NICLBSL,16,43,40,1800.0,72000.0
2021042105002891,NICLBSL,16,26,10,1800.0,18000.0
2021042105002890,NICLBSL,41,36,10,1801.0,18010.0
2021042105002889,NICLBSL,16,42,10,1800.0,18000.0
2021042105002886,NICLBSL,16,6,10,1800.0,18000.0
2021042105002899,NICLBSL,16,28,231,1800.0,415800.0
2021042105002898,NICLBSL,16,58,10,1800.0,18000.0
2021042105002897,NICLBSL,16,59,10,1800.0,18000.0
2021042105002896,NICLBSL,38,48,6,1801.0,10806.0
2021042105002895,NICLBSL,16,54,10,1800.0,18000.0
2021042105002894,NICLBSL,16,28,10,1800.0,18000.0
2021042105002908,NICLBSL,11,43,80,1800.0,144000.0
2021042105002906,NICLBSL,11,28,10,1800.0,18000.0
2021042105002903,NICLBSL,11,20,10,1800.0,18000.0
2021042105002902,NICLBSL,32,28,99,1800.0,178200.0
2021042105002901,NICLBSL,55,28,50,1800.0,90000.0
2021042105002900,NICLBSL,45,28,20,1800.0,36000.0
2021042105002914,NICLBSL,57,7,10,1800.0,18000.0
2021042105002913,NICLBSL,57,25,10,1800.0,18000.0
2021042105002912,NICLBSL,57,52,10,1800.0,18000.0
2021042105002911,NICLBSL,45,43,41,1800.0,73800.0
2021042105002910,NICLBSL,54,43,20,1800.0,36000.0
2021042105002909,NICLBSL,6,43,30,1800.0,54000.0
2021042105002920,NICLBSL,45,28,10,1800.0,18000.0
2021042105002919,NICLBSL,45,41,150,1800.0,270000.0
2021042105002918,NICLBSL,58,41,100,1800.0,180000.0
2021042105002917,NICLBSL,38,41,50,1800.0,90000.0
2021042105002916,NICLBSL,57,41,10,1800.0,18000.0
2021042105002915,NICLBSL,57,38,10,1800.0,18000.0
2021042105002929,NICLBSL,25,20,10,1800.0,18000.0
2021042105002927,NICLBSL,25,16,10,1800.0,18000.0
2021042105002926,NICLBSL,45,49,10,1800.0,18000.0
2021042105002925,NICLBSL,45,26,10,1800.0,18000.0
2021042105002923,NICLBSL,45,38,10,1800.0,18000.0
2021042105002922,NICLBSL,45,28,10,1800.0,18000.0
2021042105002936,NICLBSL,42,45,50,1800.0,90000.0
2021042105002934,NICLBSL,32,29,10,1800.0,18000.0
2021042105002933,NICLBSL,14,34,10,1800.0,18000.0
2021042105002932,NICLBSL,25,21,10,1800.0,18000.0
2021042105002931,NICLBSL,25,25,10,1800.0,18000.0
2021042105002930,NICLBSL,25,58,10,1800.0,18000.0
2021042105002942,NICLBSL,28,53,30,1800.0,54000.0
2021042105002941,NICLBSL,39,53,100,1800.0,180000.0
2021042105002940,NICLBSL,56,53,10,1800.0,18000.0
2021042105002939,NICLBSL,49,53,80,1800.0,144000.0
2021042105002938,NICLBSL,49,45,420,1800.0,756000.0
2021042105002937,NICLBSL,21,45,30,1800.0,54000.0
2021042105002948,NICLBSL,41,53,10,1800.0,18000.0
2021042105002947,NICLBSL,37,53,200,1800.0,360000.0
2021042105002946,NICLBSL,26,53,30,1800.0,54000.0
2021042105002945,NICLBSL,52,53,100,1800.0,180000.0
2021042105002944,NICLBSL,49,53,50,1800.0,90000.0
2021042105002943,NICLBSL,4,53,50,1800.0,90000.0
2021042105002954,NICLBSL,6,53,50,1800.0,90000.0
2021042105002953,NICLBSL,39,53,30,1800.0,54000.0
2021042105002952,NICLBSL,29,53,20,1800.0,36000.0
2021042105002951,NICLBSL,52,53,20,1800.0,36000.0
2021042105002950,NICLBSL,35,53,50,1800.0,90000.0
2021042105002949,NICLBSL,51,53,15,1800.0,27000.0
2021042105002960,NICLBSL,42,53,50,1800.0,90000.0
2021042105002959,NICLBSL,25,53,20,1800.0,36000.0
2021042105002958,NICLBSL,11,53,10,1800.0,18000.0
2021042105002957,NICLBSL,42,53,100,1800.0,180000.0
2021042105002956,NICLBSL,50,53,10,1800.0,18000.0
2021042105002955,NICLBSL,17,53,30,1800.0,54000.0
2021042105002966,NICLBSL,21,53,100,1800.0,180000.0
2021042105002965,NICLBSL,38,53,30,1800.0,54000.0
2021042105002964,NICLBSL,14,53,20,1800.0,36000.0
2021042105002963,NICLBSL,21,53,10,1800.0,18000.0
2021042105002962,NICLBSL,56,53,100,1800.0,180000.0
2021042105002961,NICLBSL,41,53,100,1800.0,180000.0
2021042105002972,NICLBSL,44,39,40,1801.0,72040.0
2021042105002971,NICLBSL,44,55,84,1801.0,151284.0
2021042105002970,NICLBSL,19,55,10,1801.0,18010.0
2021042105002969,NICLBSL,52,53,29,1800.0,52200.0
2021042105002968,NICLBSL,32,53,20,1800.0,36000.0
2021042105002967,NICLBSL,44,53,40,1800.0,72000.0
2021042105002978,NICLBSL,52,39,61,1800.0,109800.0
2021042105002977,NICLBSL,44,39,66,1801.0,118866.0
2021042105002976,NICLBSL,44,58,150,1801.0,270150.0
2021042105002975,NICLBSL,44,45,100,1801.0,180100.0
2021042105002974,NICLBSL,44,33,50,1801.0,90050.0
2021042105002973,NICLBSL,44,38,10,1801.0,18010.0
2021042105002984,NICLBSL,49,39,10,1800.0,18000.0
2021042105002983,NICLBSL,1,39,50,1800.0,90000.0
2021042105002982,NICLBSL,22,39,30,1800.0,54000.0
2021042105002981,NICLBSL,48,39,15,1800.0,27000.0
2021042105002980,NICLBSL,29,39,50,1800.0,90000.0
2021042105002979,NICLBSL,49,39,40,1800.0,72000.0
2021042105002990,NICLBSL,41,39,50,1800.0,90000.0
2021042105002989,NICLBSL,20,39,200,1800.0,360000.0
2021042105002988,NICLBSL,21,39,50,1800.0,90000.0
2021042105002987,NICLBSL,35,39,100,1800.0,180000.0
2021042105002986,NICLBSL,51,39,10,1800.0,18000.0
2021042105002985,NICLBSL,35,39,10,1800.0,18000.0
2021042105002996,NICLBSL,48,39,100,1800.0,180000.0
2021042105002995,NICLBSL,47,39,10,1800.0,18000.0
2021042105002994,NICLBSL,49,39,10,1800.0,18000.0
2021042105002993,NICLBSL,58,39,30,1800.0,54000.0
2021042105002992,NICLBSL,49,39,50,1800.0,90000.0
2021042105002991,NICLBSL,40,39,50,1800.0,90000.0
2021042105003005,NICLBSL,36,25,50,1799.0,89950.0
2021042105003004,NICLBSL,38,25,10,1799.0,17990.0
2021042105003001,NICLBSL,38,6,10,1799.0,17990.0
2021042105003000,NICLBSL,38,58,10,1799.0,17990.0
2021042105002999,NICLBSL,38,3,10,1799.0,17990.0
2021042105002998,NICLBSL,38,7,10,1799.0,17990.0
2021042105003011,NICLBSL,47,6,10,1799.0,17990.0
2021042105003010,NICLBSL,47,25,38,1799.0,68362.0
2021042105003009,NICLBSL,5,25,20,1799.0,35980.0
2021042105003008,NICLBSL,8,25,10,1799.0,17990.0
2021042105003007,NICLBSL,57,25,10,1799.0,17990.0
2021042105003006,NICLBSL,38,25,10,1799.0,17990.0
2021042105003018,NICLBSL,57,39,20,1798.0,35960.0
2021042105003017,NICLBSL,45,39,50,1798.0,89900.0
2021042105003016,NICLBSL,58,39,100,1798.0,179800.0
2021042105003015,NICLBSL,40,39,50,1798.0,89900.0
2021042105003014,NICLBSL,29,39,10,1799.0,17990.0
2021042105003013,NICLBSL,47,39,52,1799.0,93548.0
2021042105003024,NICLBSL,45,39,100,1795.0,179500.0
2021042105003023,NICLBSL,35,39,100,1796.0,179600.0
2021042105003022,NICLBSL,21,39,100,1797.0,179700.0
2021042105003021,NICLBSL,45,39,20,1797.0,35940.0
2021042105003020,NICLBSL,50,39,50,1798.0,89900.0
2021042105003019,NICLBSL,17,39,20,1798.0,35960.0
2021042105003030,NICLBSL,52,39,10,1795.0,17950.0
2021042105003029,NICLBSL,47,39,30,1795.0,53850.0
2021042105003028,NICLBSL,38,39,10,1795.0,17950.0
2021042105003027,NICLBSL,55,39,20,1795.0,35900.0
2021042105003026,NICLBSL,6,39,40,1795.0,71800.0
2021042105003025,NICLBSL,45,39,100,1795.0,179500.0
2021042105003037,NICLBSL,55,45,10,1800.0,18000.0
2021042105003036,NICLBSL,55,38,10,1799.0,17990.0
2021042105003034,NICLBSL,58,39,150,1795.0,269250.0
2021042105003033,NICLBSL,42,39,200,1795.0,359000.0
2021042105003032,NICLBSL,34,39,100,1795.0,179500.0
2021042105003031,NICLBSL,21,39,10,1795.0,17950.0
2021042105003045,NICLBSL,19,58,10,1796.0,17960.0
2021042105003043,NICLBSL,19,38,15,1796.0,26940.0
2021042105003042,NICLBSL,19,4,15,1796.0,26940.0
2021042105003041,NICLBSL,19,52,10,1796.0,17960.0
2021042105003040,NICLBSL,57,57,20,1799.0,35980.0
2021042105003038,NICLBSL,55,57,80,1800.0,144000.0
2021042105003052,NICLBSL,19,38,10,1796.0,17960.0
2021042105003051,NICLBSL,19,44,10,1796.0,17960.0
2021042105003050,NICLBSL,19,28,10,1796.0,17960.0
2021042105003049,NICLBSL,19,38,10,1796.0,17960.0
2021042105003048,NICLBSL,19,4,15,1796.0,26940.0
2021042105003046,NICLBSL,19,26,10,1796.0,17960.0
2021042105003058,NICLBSL,19,58,10,1796.0,17960.0
2021042105003057,NICLBSL,34,44,10,1797.0,17970.0
2021042105003056,NICLBSL,19,28,5,1796.0,8980.0
2021042105003055,NICLBSL,45,28,15,1797.0,26955.0
2021042105003054,NICLBSL,19,58,10,1796.0,17960.0
2021042105003053,NICLBSL,44,22,15,1797.0,26955.0
2021042105003067,NICLBSL,45,49,20,1799.0,35980.0
2021042105003066,NICLBSL,45,32,10,1796.0,17960.0
2021042105003064,NICLBSL,19,38,10,1796.0,17960.0
2021042105003062,NICLBSL,19,28,10,1796.0,17960.0
2021042105003061,NICLBSL,34,38,5,1797.0,8985.0
2021042105003059,NICLBSL,19,52,10,1796.0,17960.0
2021042105003073,NICLBSL,45,36,200,1796.0,359200.0
2021042105003072,NICLBSL,38,36,20,1796.0,35920.0
2021042105003071,NICLBSL,44,36,10,1796.0,17960.0
2021042105003070,NICLBSL,21,36,100,1796.0,179600.0
2021042105003069,NICLBSL,45,36,10,1799.0,17990.0
2021042105003068,NICLBSL,45,28,10,1796.0,17960.0
2021042105003082,NICLBSL,35,36,10,1796.0,17960.0
2021042105003081,NICLBSL,21,43,10,1795.0,17950.0
2021042105003079,NICLBSL,21,21,10,1795.0,17950.0
2021042105003078,NICLBSL,21,50,10,1795.0,17950.0
2021042105003076,NICLBSL,56,6,10,1795.0,17950.0
2021042105003075,NICLBSL,34,36,10,1796.0,17960.0
2021042105003090,NICLBSL,16,26,10,1795.0,17950.0
2021042105003089,NICLBSL,16,28,10,1795.0,17950.0
2021042105003088,NICLBSL,21,26,10,1795.0,17950.0
2021042105003086,NICLBSL,21,49,10,1795.0,17950.0
2021042105003084,NICLBSL,45,36,100,1796.0,179600.0
2021042105003083,NICLBSL,8,36,100,1796.0,179600.0
2021042105003097,NICLBSL,21,38,75,1795.0,134625.0
2021042105003096,NICLBSL,57,38,95,1795.0,170525.0
2021042105003095,NICLBSL,53,36,300,1796.0,538800.0
2021042105003094,NICLBSL,21,44,10,1795.0,17950.0
2021042105003093,NICLBSL,48,52,10,1795.0,17950.0
2021042105003091,NICLBSL,48,26,40,1795.0,71800.0
2021042105003104,NICLBSL,21,39,10,1795.0,17950.0
2021042105003103,NICLBSL,21,44,10,1795.0,17950.0
2021042105003102,NICLBSL,45,36,10,1796.0,17960.0
2021042105003101,NICLBSL,21,44,10,1795.0,17950.0
2021042105003099,NICLBSL,21,44,10,1795.0,17950.0
2021042105003098,NICLBSL,50,36,150,1796.0,269400.0
2021042105003110,NICLBSL,57,45,25,1795.0,44875.0
2021042105003109,NICLBSL,45,45,20,1795.0,35900.0
2021042105003108,NICLBSL,21,45,45,1795.0,80775.0
2021042105003107,NICLBSL,21,28,10,1795.0,17950.0
2021042105003106,NICLBSL,50,36,100,1796.0,179600.0
2021042105003105,NICLBSL,21,34,20,1795.0,35900.0
2021042105003116,NICLBSL,29,58,10,1794.0,17940.0
2021042105003115,NICLBSL,35,45,20,1795.0,35900.0
2021042105003114,NICLBSL,45,45,10,1795.0,17950.0
2021042105003113,NICLBSL,21,45,20,1795.0,35900.0
2021042105003112,NICLBSL,57,45,50,1795.0,89750.0
2021042105003111,NICLBSL,42,45,20,1795.0,35900.0
2021042105003122,NICLBSL,57,45,11,1795.0,19745.0
2021042105003121,NICLBSL,45,6,20,1794.0,35880.0
2021042105003120,NICLBSL,58,49,10,1794.0,17940.0
2021042105003119,NICLBSL,35,45,40,1795.0,71800.0
2021042105003118,NICLBSL,58,10,10,1794.0,17940.0
2021042105003117,NICLBSL,58,28,10,1794.0,17940.0
2021042105003128,NICLBSL,45,44,10,1795.0,17950.0
2021042105003127,NICLBSL,57,36,39,1796.0,70044.0
2021042105003126,NICLBSL,57,34,20,1795.0,35900.0
2021042105003125,NICLBSL,57,44,10,1795.0,17950.0
2021042105003124,NICLBSL,57,44,10,1795.0,17950.0
2021042105003123,NICLBSL,57,44,10,1795.0,17950.0
2021042105003135,NICLBSL,14,54,10,1795.0,17950.0
2021042105003134,NICLBSL,14,44,10,1795.0,17950.0
2021042105003133,NICLBSL,45,28,10,1795.0,17950.0
2021042105003132,NICLBSL,45,28,10,1795.0,17950.0
2021042105003130,NICLBSL,45,44,10,1795.0,17950.0
2021042105003129,NICLBSL,45,16,10,1795.0,17950.0
2021042105003143,NICLBSL,14,21,11,1795.0,19745.0
2021042105003142,NICLBSL,14,45,10,1795.0,17950.0
2021042105003141,NICLBSL,14,28,10,1795.0,17950.0
2021042105003140,NICLBSL,45,36,150,1796.0,269400.0
2021042105003138,NICLBSL,14,28,10,1795.0,17950.0
2021042105003136,NICLBSL,14,45,10,1795.0,17950.0
2021042105003150,NICLBSL,38,28,10,1795.0,17950.0
2021042105003149,NICLBSL,38,28,10,1795.0,17950.0
2021042105003148,NICLBSL,38,26,10,1795.0,17950.0
2021042105003147,NICLBSL,38,26,10,1795.0,17950.0
2021042105003146,NICLBSL,17,38,10,1795.0,17950.0
2021042105003144,NICLBSL,17,26,10,1795.0,17950.0
2021042105003156,NICLBSL,38,34,10,1795.0,17950.0
2021042105003155,NICLBSL,38,56,10,1795.0,17950.0
2021042105003154,NICLBSL,38,28,10,1795.0,17950.0
2021042105003153,NICLBSL,41,36,1,1796.0,1796.0
2021042105003152,NICLBSL,11,36,190,1796.0,341240.0
2021042105003151,NICLBSL,11,6,10,1795.0,17950.0
2021042105003162,NICLBSL,45,25,11,1795.0,19745.0
2021042105003161,NICLBSL,45,35,20,1795.0,35900.0
2021042105003160,NICLBSL,38,5,10,1795.0,17950.0
2021042105003159,NICLBSL,38,49,10,1795.0,17950.0
2021042105003158,NICLBSL,38,38,10,1795.0,17950.0
2021042105003157,NICLBSL,14,28,10,1796.0,17960.0
2021042105003169,NICLBSL,48,19,10,1794.0,17940.0
2021042105003168,NICLBSL,49,19,10,1794.0,17940.0
2021042105003167,NICLBSL,38,19,20,1794.0,35880.0
2021042105003166,NICLBSL,45,19,180,1794.0,322920.0
2021042105003165,NICLBSL,45,21,9,1795.0,16155.0
2021042105003164,NICLBSL,45,38,10,1795.0,17950.0
2021042105003175,NICLBSL,43,45,75,1795.0,134625.0
2021042105003174,NICLBSL,25,45,42,1795.0,75390.0
2021042105003173,NICLBSL,25,50,10,1795.0,17950.0
2021042105003172,NICLBSL,44,49,20,1795.0,35900.0
2021042105003171,NICLBSL,45,43,10,1794.0,17940.0
2021042105003170,NICLBSL,45,19,94,1794.0,168636.0
2021042105003181,NICLBSL,45,1,10,1794.0,17940.0
2021042105003180,NICLBSL,45,45,10,1794.0,17940.0
2021042105003179,NICLBSL,8,45,20,1795.0,35900.0
2021042105003178,NICLBSL,45,32,10,1794.0,17940.0
2021042105003177,NICLBSL,45,47,10,1794.0,17940.0
2021042105003176,NICLBSL,45,26,10,1794.0,17940.0
2021042105003189,NICLBSL,20,45,20,1794.0,35880.0
2021042105003188,NICLBSL,45,45,120,1794.0,215280.0
2021042105003187,NICLBSL,45,8,10,1794.0,17940.0
2021042105003186,NICLBSL,45,6,10,1794.0,17940.0
2021042105003185,NICLBSL,45,28,10,1794.0,17940.0
2021042105003182,NICLBSL,45,21,10,1794.0,17940.0
2021042105003195,NICLBSL,42,45,28,1794.0,50232.0
2021042105003194,NICLBSL,48,45,10,1794.0,17940.0
2021042105003193,NICLBSL,36,45,65,1794.0,116610.0
2021042105003192,NICLBSL,36,38,10,1794.0,17940.0
2021042105003191,NICLBSL,36,45,25,1794.0,44850.0
2021042105003190,NICLBSL,22,45,15,1794.0,26910.0
2021042105003201,NICLBSL,45,49,190,1794.0,340860.0
2021042105003200,NICLBSL,21,49,60,1794.0,107640.0
2021042105003199,NICLBSL,21,8,10,1794.0,17940.0
2021042105003198,NICLBSL,57,20,10,1795.0,17950.0
2021042105003197,NICLBSL,57,41,10,1795.0,17950.0
2021042105003196,NICLBSL,21,3,10,1794.0,17940.0
2021042105003207,NICLBSL,44,56,10,1793.0,17930.0
2021042105003206,NICLBSL,26,58,30,1794.0,53820.0
2021042105003205,NICLBSL,44,28,10,1793.0,17930.0
2021042105003204,NICLBSL,44,38,10,1793.0,17930.0
2021042105003203,NICLBSL,44,14,10,1793.0,17930.0
2021042105003202,NICLBSL,45,8,10,1794.0,17940.0
2021042105003213,NICLBSL,44,17,10,1793.0,17930.0
2021042105003212,NICLBSL,6,51,10,1794.0,17940.0
2021042105003211,NICLBSL,6,8,20,1794.0,35880.0
2021042105003210,NICLBSL,6,58,20,1794.0,35880.0
2021042105003209,NICLBSL,44,42,10,1793.0,17930.0
2021042105003208,NICLBSL,44,39,10,1793.0,17930.0
2021042105003220,NICLBSL,44,43,10,1793.0,17930.0
2021042105003219,NICLBSL,19,34,10,1795.0,17950.0
2021042105003218,NICLBSL,19,43,10,1795.0,17950.0
2021042105003217,NICLBSL,19,58,10,1795.0,17950.0
2021042105003216,NICLBSL,19,8,10,1794.0,17940.0
2021042105003214,NICLBSL,44,10,10,1793.0,17930.0
2021042105003228,NICLBSL,58,8,10,1794.0,17940.0
2021042105003227,NICLBSL,58,8,10,1794.0,17940.0
2021042105003226,NICLBSL,44,59,10,1793.0,17930.0
2021042105003225,NICLBSL,44,34,10,1793.0,17930.0
2021042105003223,NICLBSL,44,10,10,1793.0,17930.0
2021042105003221,NICLBSL,44,28,10,1793.0,17930.0
2021042105003238,NICLBSL,44,28,10,1793.0,17930.0
2021042105003237,NICLBSL,44,39,10,1793.0,17930.0
2021042105003234,NICLBSL,44,4,10,1793.0,17930.0
2021042105003233,NICLBSL,44,8,10,1794.0,17940.0
2021042105003232,NICLBSL,44,32,10,1793.0,17930.0
2021042105003230,NICLBSL,44,28,10,1793.0,17930.0
2021042105003248,NICLBSL,38,58,10,1794.0,17940.0
2021042105003247,NICLBSL,38,58,10,1794.0,17940.0
2021042105003246,NICLBSL,38,13,10,1794.0,17940.0
2021042105003244,NICLBSL,38,41,10,1794.0,17940.0
2021042105003243,NICLBSL,59,28,10,1795.0,17950.0
2021042105003239,NICLBSL,38,49,10,1794.0,17940.0
2021042105003254,NICLBSL,19,48,20,1794.0,35880.0
2021042105003253,NICLBSL,38,28,10,1794.0,17940.0
2021042105003252,NICLBSL,38,41,10,1794.0,17940.0
2021042105003251,NICLBSL,38,47,10,1794.0,17940.0
2021042105003250,NICLBSL,38,4,10,1794.0,17940.0
2021042105003249,NICLBSL,38,7,10,1794.0,17940.0
2021042105003260,NICLBSL,57,4,10,1793.0,17930.0
2021042105003259,NICLBSL,43,4,30,1793.0,53790.0
2021042105003258,NICLBSL,43,4,50,1793.0,89650.0
2021042105003257,NICLBSL,44,4,20,1793.0,35860.0
2021042105003256,NICLBSL,6,4,40,1794.0,71760.0
2021042105003255,NICLBSL,6,49,10,1794.0,17940.0
2021042105003267,NICLBSL,44,4,20,1793.0,35860.0
2021042105003265,NICLBSL,29,4,30,1793.0,53790.0
2021042105003264,NICLBSL,45,4,100,1793.0,179300.0
2021042105003263,NICLBSL,6,4,30,1793.0,53790.0
2021042105003262,NICLBSL,26,4,90,1793.0,161370.0
2021042105003261,NICLBSL,14,4,50,1793.0,89650.0
2021042105003275,NICLBSL,16,7,10,1793.0,17930.0
2021042105003273,NICLBSL,49,16,40,1794.0,71760.0
2021042105003272,NICLBSL,49,49,10,1794.0,17940.0
2021042105003271,NICLBSL,16,4,30,1793.0,53790.0
2021042105003269,NICLBSL,38,21,10,1792.0,17920.0
2021042105003268,NICLBSL,57,58,10,1792.0,17920.0
2021042105003283,NICLBSL,14,42,10,1795.0,17950.0
2021042105003282,NICLBSL,14,46,10,1795.0,17950.0
2021042105003281,NICLBSL,14,16,60,1794.0,107640.0
2021042105003280,NICLBSL,14,58,10,1793.0,17930.0
2021042105003279,NICLBSL,42,55,20,1792.0,35840.0
2021042105003276,NICLBSL,42,58,10,1792.0,17920.0
2021042105003291,NICLBSL,42,39,10,1792.0,17920.0
2021042105003290,NICLBSL,42,4,10,1792.0,17920.0
2021042105003289,NICLBSL,42,46,10,1792.0,17920.0
2021042105003287,NICLBSL,42,58,10,1792.0,17920.0
2021042105003286,NICLBSL,50,42,15,1795.0,26925.0
2021042105003285,NICLBSL,14,42,10,1795.0,17950.0
2021042105003300,NICLBSL,42,39,10,1792.0,17920.0
2021042105003299,NICLBSL,42,40,10,1792.0,17920.0
2021042105003298,NICLBSL,42,3,10,1792.0,17920.0
2021042105003296,NICLBSL,42,49,900,1792.0,1612800.0
2021042105003293,NICLBSL,58,42,10,1795.0,17950.0
2021042105003292,NICLBSL,58,58,10,1794.0,17940.0
2021042105003307,NICLBSL,29,28,10,1792.0,17920.0
2021042105003306,NICLBSL,29,58,10,1792.0,17920.0
2021042105003304,NICLBSL,35,45,50,1794.0,89700.0
2021042105003303,NICLBSL,29,39,10,1792.0,17920.0
2021042105003302,NICLBSL,29,41,10,1792.0,17920.0
2021042105003301,NICLBSL,29,39,60,1792.0,107520.0
2021042105003314,NICLBSL,29,54,10,1792.0,17920.0
2021042105003313,NICLBSL,56,42,10,1795.0,17950.0
2021042105003312,NICLBSL,35,42,80,1795.0,143600.0
2021042105003311,NICLBSL,35,39,50,1795.0,89750.0
2021042105003310,NICLBSL,35,45,40,1794.0,71760.0
2021042105003308,NICLBSL,29,28,10,1792.0,17920.0
2021042105003321,NICLBSL,34,58,10,1795.0,17950.0
2021042105003320,NICLBSL,34,42,10,1795.0,17950.0
2021042105003318,NICLBSL,38,58,10,1792.0,17920.0
2021042105003317,NICLBSL,38,46,10,1792.0,17920.0
2021042105003316,NICLBSL,38,17,20,1792.0,35840.0
2021042105003315,NICLBSL,29,17,80,1792.0,143360.0
2021042105003335,NICLBSL,14,49,10,1792.0,17920.0
2021042105003330,NICLBSL,51,40,10,1792.0,17920.0
2021042105003329,NICLBSL,40,45,40,1793.0,71720.0
2021042105003328,NICLBSL,51,28,10,1792.0,17920.0
2021042105003326,NICLBSL,51,39,10,1791.0,17910.0
2021042105003325,NICLBSL,22,45,20,1793.0,35860.0
2021042105002827,JLI,3,49,10,826.0,8260.0
2021042105002819,JLI,3,28,10,826.0,8260.0
2021042105002816,JLI,3,41,10,826.0,8260.0
2021042105002815,JLI,3,7,10,826.0,8260.0
2021042105002813,JLI,3,8,10,826.0,8260.0
2021042105002793,JLI,3,11,10,826.0,8260.0
2021042105002369,JLI,3,38,10,826.0,8260.0
2021042105002362,JLI,3,53,10,826.0,8260.0
2021042105002359,JLI,3,41,10,826.0,8260.0
2021042105002354,JLI,3,28,10,826.0,8260.0
2021042105002350,JLI,3,41,10,826.0,8260.0
2021042105002383,JLI,3,6,10,826.0,8260.0
2021042105002382,JLI,3,38,10,826.0,8260.0
2021042105002381,JLI,3,48,10,826.0,8260.0
2021042105002379,JLI,3,39,10,826.0,8260.0
2021042105002374,JLI,3,58,10,826.0,8260.0
2021042105002371,JLI,3,39,10,826.0,8260.0
2021042105002418,JLI,3,28,10,826.0,8260.0
2021042105002410,JLI,3,46,10,826.0,8260.0
2021042105002405,JLI,3,48,10,826.0,8260.0
2021042105002402,JLI,3,47,10,826.0,8260.0
2021042105002401,JLI,3,38,10,826.0,8260.0
2021042105002395,JLI,3,59,10,826.0,8260.0
2021042105002522,JLI,3,16,10,826.0,8260.0
2021042105002518,JLI,3,28,10,826.0,8260.0
2021042105002485,JLI,3,5,10,826.0,8260.0
2021042105002463,JLI,3,48,10,826.0,8260.0
2021042105002441,JLI,3,48,10,826.0,8260.0
2021042105002434,JLI,3,38,10,826.0,8260.0
2021042105002570,JLI,3,40,10,826.0,8260.0
2021042105002568,JLI,3,54,10,826.0,8260.0
2021042105002559,JLI,3,8,10,826.0,8260.0
2021042105002539,JLI,3,36,10,826.0,8260.0
2021042105002529,JLI,3,19,10,826.0,8260.0
2021042105002525,JLI,3,25,10,826.0,8260.0
2021042105002587,JLI,3,52,10,826.0,8260.0
2021042105002581,JLI,38,58,9,810.0,7290.0
2021042105002579,JLI,3,56,10,826.0,8260.0
2021042105002577,JLI,3,40,10,826.0,8260.0
2021042105002572,JLI,3,58,10,826.0,8260.0
2021042105002571,JLI,3,28,10,826.0,8260.0
2021042105002605,JLI,3,56,10,826.0,8260.0
2021042105002600,JLI,3,49,10,826.0,8260.0
2021042105002599,JLI,3,56,10,826.0,8260.0
2021042105002597,JLI,3,16,10,826.0,8260.0
2021042105002593,JLI,3,56,10,826.0,8260.0
2021042105002588,JLI,3,34,10,826.0,8260.0
2021042105002616,JLI,3,56,10,826.0,8260.0
2021042105002614,JLI,3,4,10,826.0,8260.0
2021042105002612,JLI,3,22,10,826.0,8260.0
2021042105002611,JLI,3,56,10,826.0,8260.0
2021042105002610,JLI,38,58,1,810.0,810.0
2021042105002609,JLI,3,56,10,826.0,8260.0
2021042105002641,JLI,3,49,10,826.0,8260.0
2021042105002640,JLI,3,22,10,826.0,8260.0
2021042105002628,JLI,3,26,10,826.0,8260.0
2021042105002626,JLI,3,54,10,826.0,8260.0
2021042105002622,JLI,3,56,10,826.0,8260.0
2021042105002620,JLI,3,56,10,826.0,8260.0
2021042105002665,JLI,3,56,10,826.0,8260.0
2021042105002663,JLI,38,4,5,820.0,4100.0
2021042105002655,JLI,3,6,10,826.0,8260.0
2021042105002653,JLI,3,14,10,826.0,8260.0
2021042105002649,JLI,3,38,10,826.0,8260.0
2021042105002644,JLI,3,21,10,826.0,8260.0
2021042105002691,JLI,3,52,10,826.0,8260.0
2021042105002689,JLI,3,17,10,826.0,8260.0
2021042105002686,JLI,3,17,10,826.0,8260.0
2021042105002680,JLI,3,28,10,826.0,8260.0
2021042105002667,JLI,3,26,10,826.0,8260.0
2021042105002666,JLI,3,37,10,826.0,8260.0
2021042105002743,JLI,3,25,10,826.0,8260.0
2021042105002733,JLI,3,54,10,826.0,8260.0
2021042105002720,JLI,38,4,5,816.0,4080.0
2021042105002719,JLI,3,35,10,826.0,8260.0
2021042105002700,JLI,3,39,10,826.0,8260.0
2021042105002693,JLI,3,17,10,826.0,8260.0
2021042105002791,JLI,3,26,10,826.0,8260.0
2021042105002788,JLI,3,26,10,826.0,8260.0
2021042105002773,JLI,3,28,10,826.0,8260.0
2021042105002771,JLI,3,44,10,826.0,8260.0
2021042105002759,JLI,3,52,10,826.0,8260.0
2021042105002755,JLI,3,44,10,826.0,8260.0
2021042105002475,MLBSL,34,17,10,1766.0,17660.0
2021042105002841,NICLBSL,39,44,200,1801.0,360200.0
2021042105002840,NICLBSL,39,20,10,1801.0,18010.0
2021042105002839,NICLBSL,39,48,10,1801.0,18010.0
2021042105002838,NICLBSL,39,46,20,1801.0,36020.0
2021042105002837,NICLBSL,59,36,10,1800.0,18000.0
2021042105002836,NICLBSL,59,7,10,1801.0,18010.0
2021042105002343,NICLBSL,21,26,10,1810.0,18100.0
2021042105002342,NICLBSL,21,14,50,1810.0,90500.0
2021042105002349,NICLBSL,36,45,40,1810.0,72400.0
2021042105002348,NICLBSL,21,45,410,1810.0,742100.0
2021042105002347,NICLBSL,38,45,50,1811.0,90550.0
2021042105002346,NICLBSL,21,37,10,1810.0,18100.0
2021042105002345,NICLBSL,21,58,10,1810.0,18100.0
2021042105002344,NICLBSL,21,35,10,1810.0,18100.0
2021042105002357,NICLBSL,18,47,10,1810.0,18100.0
2021042105002356,NICLBSL,18,40,30,1810.0,54300.0
2021042105002355,NICLBSL,36,40,20,1810.0,36200.0
2021042105002353,NICLBSL,36,29,10,1810.0,18100.0
2021042105002352,NICLBSL,36,57,20,1810.0,36200.0
2021042105002351,NICLBSL,36,28,10,1810.0,18100.0
2021042105002365,NICLBSL,1,38,10,1809.0,18090.0
2021042105002364,NICLBSL,1,39,10,1809.0,18090.0
2021042105002363,NICLBSL,16,39,10,1810.0,18100.0
2021042105002361,NICLBSL,16,45,10,1810.0,18100.0
2021042105002360,NICLBSL,1,38,10,1809.0,18090.0
2021042105002358,NICLBSL,41,45,10,1809.0,18090.0
2021042105002373,NICLBSL,45,38,10,1809.0,18090.0
2021042105002372,NICLBSL,14,10,10,1809.0,18090.0
2021042105002370,NICLBSL,14,32,10,1809.0,18090.0
2021042105002368,NICLBSL,14,38,10,1809.0,18090.0
2021042105002367,NICLBSL,1,58,10,1809.0,18090.0
2021042105002366,NICLBSL,1,34,10,1809.0,18090.0
2021042105002384,NICLBSL,56,35,10,1808.0,18080.0
2021042105002380,NICLBSL,45,3,10,1809.0,18090.0
2021042105002378,NICLBSL,59,57,10,1810.0,18100.0
2021042105002377,NICLBSL,45,10,10,1809.0,18090.0
2021042105002376,NICLBSL,45,39,10,1809.0,18090.0
2021042105002375,NICLBSL,45,26,10,1809.0,18090.0
2021042105002390,NICLBSL,56,22,41,1808.0,74128.0
2021042105002389,NICLBSL,56,22,10,1808.0,18080.0
2021042105002388,NICLBSL,40,28,10,1809.0,18090.0
2021042105002387,NICLBSL,28,59,10,1809.0,18090.0
2021042105002386,NICLBSL,56,28,10,1808.0,18080.0
2021042105002385,NICLBSL,56,40,10,1808.0,18080.0
2021042105002397,NICLBSL,42,47,10,1807.0,18070.0
2021042105002396,NICLBSL,21,47,50,1807.0,90350.0
2021042105002394,NICLBSL,39,22,10,1808.0,18080.0
2021042105002393,NICLBSL,51,22,20,1808.0,36160.0
2021042105002392,NICLBSL,47,22,40,1808.0,72320.0
2021042105002391,NICLBSL,57,22,10,1808.0,18080.0
2021042105002406,NICLBSL,38,46,10,1806.0,18060.0
2021042105002404,NICLBSL,58,47,10,1807.0,18070.0
2021042105002403,NICLBSL,34,47,15,1807.0,27105.0
2021042105002400,NICLBSL,25,47,40,1807.0,72280.0
2021042105002399,NICLBSL,38,28,10,1806.0,18060.0
2021042105002398,NICLBSL,18,47,50,1807.0,90350.0
2021042105002413,NICLBSL,6,36,10,1806.0,18060.0
2021042105002412,NICLBSL,6,8,10,1806.0,18060.0
2021042105002411,NICLBSL,48,48,10,1806.0,18060.0
2021042105002409,NICLBSL,29,47,10,1807.0,18070.0
2021042105002408,NICLBSL,51,36,10,1806.0,18060.0
2021042105002407,NICLBSL,51,10,10,1806.0,18060.0
2021042105002420,NICLBSL,6,36,10,1806.0,18060.0
2021042105002419,NICLBSL,35,28,10,1807.0,18070.0
2021042105002417,NICLBSL,35,36,10,1807.0,18070.0
2021042105002416,NICLBSL,44,47,8,1807.0,14456.0
2021042105002415,NICLBSL,44,48,10,1807.0,18070.0
2021042105002414,NICLBSL,44,49,10,1807.0,18070.0
2021042105002426,NICLBSL,57,37,10,1807.0,18070.0
2021042105002425,NICLBSL,41,28,10,1806.0,18060.0
2021042105002424,NICLBSL,41,28,10,1806.0,18060.0
2021042105002423,NICLBSL,44,44,10,1807.0,18070.0
2021042105002422,NICLBSL,41,58,10,1806.0,18060.0
2021042105002421,NICLBSL,21,47,10,1807.0,18070.0
2021042105002432,NICLBSL,57,38,40,1807.0,72280.0
2021042105002431,NICLBSL,57,29,10,1807.0,18070.0
2021042105002430,NICLBSL,57,51,10,1807.0,18070.0
2021042105002429,NICLBSL,57,39,10,1807.0,18070.0
2021042105002428,NICLBSL,57,46,10,1807.0,18070.0
2021042105002427,NICLBSL,57,59,10,1807.0,18070.0
2021042105002439,NICLBSL,56,39,10,1807.0,18070.0
2021042105002438,NICLBSL,56,14,10,1807.0,18070.0
2021042105002437,NICLBSL,56,29,10,1807.0,18070.0
2021042105002436,NICLBSL,56,38,10,1807.0,18070.0
2021042105002435,NICLBSL,41,29,10,1806.0,18060.0
2021042105002433,NICLBSL,41,48,10,1806.0,18060.0
2021042105002446,NICLBSL,35,8,10,1807.0,18070.0
2021042105002445,NICLBSL,35,47,10,1807.0,18070.0
2021042105002444,NICLBSL,35,25,10,1807.0,18070.0
2021042105002443,NICLBSL,35,40,10,1807.0,18070.0
2021042105002442,NICLBSL,35,47,10,1807.0,18070.0
2021042105002440,NICLBSL,56,29,10,1807.0,18070.0
2021042105002452,NICLBSL,41,28,10,1806.0,18060.0
2021042105002451,NICLBSL,41,26,20,1806.0,36120.0
2021042105002450,NICLBSL,41,42,36,1806.0,65016.0
2021042105002449,NICLBSL,41,36,10,1806.0,18060.0
2021042105002448,NICLBSL,41,48,10,1806.0,18060.0
2021042105002447,NICLBSL,35,38,10,1807.0,18070.0
2021042105002458,NICLBSL,49,57,20,1806.0,36120.0
2021042105002457,NICLBSL,21,57,50,1806.0,90300.0
2021042105002456,NICLBSL,18,57,50,1806.0,90300.0
2021042105002455,NICLBSL,58,57,60,1806.0,108360.0
2021042105002454,NICLBSL,21,57,10,1806.0,18060.0
2021042105002453,NICLBSL,41,42,10,1806.0,18060.0
2021042105002465,NICLBSL,35,58,20,1806.0,36120.0
2021042105002464,NICLBSL,56,42,36,1807.0,65052.0
2021042105002462,NICLBSL,21,57,20,1805.0,36100.0
2021042105002461,NICLBSL,36,57,30,1805.0,54150.0
2021042105002460,NICLBSL,44,57,50,1805.0,90250.0
2021042105002459,NICLBSL,13,57,10,1805.0,18050.0
2021042105002471,NICLBSL,35,42,20,1807.0,36140.0
2021042105002470,NICLBSL,35,59,10,1807.0,18070.0
2021042105002469,NICLBSL,35,5,10,1807.0,18070.0
2021042105002468,NICLBSL,35,36,20,1807.0,36140.0
2021042105002467,NICLBSL,35,47,20,1807.0,36140.0
2021042105002466,NICLBSL,35,28,10,1806.0,18060.0
2021042105002478,NICLBSL,29,41,10,1806.0,18060.0
2021042105002477,NICLBSL,21,28,10,1805.0,18050.0
2021042105002476,NICLBSL,56,48,14,1807.0,25298.0
2021042105002474,NICLBSL,56,38,10,1807.0,18070.0
2021042105002473,NICLBSL,56,8,10,1807.0,18070.0
2021042105002472,NICLBSL,56,42,30,1807.0,54210.0
2021042105002484,NICLBSL,42,10,10,1806.0,18060.0
2021042105002483,NICLBSL,42,41,16,1806.0,28896.0
2021042105002482,NICLBSL,21,58,10,1805.0,18050.0
2021042105002481,NICLBSL,21,38,10,1805.0,18050.0
2021042105002480,NICLBSL,29,41,74,1806.0,133644.0
2021042105002479,NICLBSL,29,42,36,1806.0,65016.0
2021042105002491,NICLBSL,42,36,10,1805.0,18050.0
2021042105002490,NICLBSL,42,51,10,1805.0,18050.0
2021042105002489,NICLBSL,42,47,10,1805.0,18050.0
2021042105002488,NICLBSL,43,13,10,1805.0,18050.0
2021042105002487,NICLBSL,43,40,10,1805.0,18050.0
2021042105002486,NICLBSL,56,47,10,1805.0,18050.0
2021042105002497,NICLBSL,14,58,10,1805.0,18050.0
2021042105002496,NICLBSL,42,58,10,1805.0,18050.0
2021042105002495,NICLBSL,45,8,10,1807.0,18070.0
2021042105002494,NICLBSL,45,48,20,1807.0,36140.0
2021042105002493,NICLBSL,45,38,10,1807.0,18070.0
2021042105002492,NICLBSL,42,47,10,1805.0,18050.0
2021042105002503,NICLBSL,45,54,10,1806.0,18060.0
2021042105002502,NICLBSL,45,22,20,1806.0,36120.0
2021042105002501,NICLBSL,45,13,10,1806.0,18060.0
2021042105002500,NICLBSL,45,26,10,1806.0,18060.0
2021042105002499,NICLBSL,45,45,10,1806.0,18060.0
2021042105002498,NICLBSL,45,28,10,1806.0,18060.0
2021042105002509,NICLBSL,14,45,10,1805.0,18050.0
2021042105002508,NICLBSL,14,36,10,1805.0,18050.0
2021042105002507,NICLBSL,33,41,10,1806.0,18060.0
2021042105002506,NICLBSL,45,43,10,1806.0,18060.0
2021042105002505,NICLBSL,45,28,10,1806.0,18060.0
2021042105002504,NICLBSL,45,7,10,1806.0,18060.0
2021042105002515,NICLBSL,36,41,10,1806.0,18060.0
2021042105002514,NICLBSL,43,48,10,1805.0,18050.0
2021042105002513,NICLBSL,43,47,10,1805.0,18050.0
2021042105002512,NICLBSL,21,10,10,1805.0,18050.0
2021042105002511,NICLBSL,39,25,10,1805.0,18050.0
2021042105002510,NICLBSL,21,34,10,1805.0,18050.0
2021042105002523,NICLBSL,29,32,10,1805.0,18050.0
2021042105002521,NICLBSL,29,45,10,1806.0,18060.0
2021042105002520,NICLBSL,57,52,10,1807.0,18070.0
2021042105002519,NICLBSL,29,45,10,1806.0,18060.0
2021042105002517,NICLBSL,36,41,10,1806.0,18060.0
2021042105002516,NICLBSL,36,47,10,1806.0,18060.0
2021042105002531,NICLBSL,11,40,10,1805.0,18050.0
2021042105002530,NICLBSL,29,49,10,1805.0,18050.0
2021042105002528,NICLBSL,29,57,10,1805.0,18050.0
2021042105002527,NICLBSL,29,40,10,1805.0,18050.0
2021042105002526,NICLBSL,29,28,10,1805.0,18050.0
2021042105002524,NICLBSL,29,28,10,1805.0,18050.0
2021042105002537,NICLBSL,18,45,10,1805.0,18050.0
2021042105002536,NICLBSL,57,38,70,1807.0,126490.0
2021042105002535,NICLBSL,57,50,10,1807.0,18070.0
2021042105002534,NICLBSL,57,58,10,1807.0,18070.0
2021042105002533,NICLBSL,18,35,40,1805.0,72200.0
2021042105002532,NICLBSL,11,56,10,1805.0,18050.0
2021042105002544,NICLBSL,42,45,60,1805.0,108300.0
2021042105002543,NICLBSL,11,45,10,1805.0,18050.0
2021042105002542,NICLBSL,18,45,20,1805.0,36100.0
2021042105002541,NICLBSL,18,28,10,1805.0,18050.0
2021042105002540,NICLBSL,18,19,10,1805.0,18050.0
2021042105002538,NICLBSL,18,49,10,1805.0,18050.0
2021042105002550,NICLBSL,53,45,250,1804.0,451000.0
2021042105002549,NICLBSL,40,45,10,1804.0,18040.0
2021042105002548,NICLBSL,49,45,100,1804.0,180400.0
2021042105002547,NICLBSL,17,45,70,1804.0,126280.0
2021042105002546,NICLBSL,41,45,20,1804.0,36080.0
2021042105002545,NICLBSL,49,45,10,1805.0,18050.0
2021042105002556,NICLBSL,21,45,50,1803.0,90150.0
2021042105002555,NICLBSL,48,45,50,1803.0,90150.0
2021042105002554,NICLBSL,59,45,100,1803.0,180300.0
2021042105002553,NICLBSL,29,45,30,1803.0,54090.0
2021042105002552,NICLBSL,21,45,50,1804.0,90200.0
2021042105002551,NICLBSL,57,45,20,1804.0,36080.0
2021042105002563,NICLBSL,53,49,10,1803.0,18030.0
2021042105002562,NICLBSL,13,56,10,1805.0,18050.0
2021042105002561,NICLBSL,53,10,10,1803.0,18030.0
2021042105002560,NICLBSL,22,45,230,1803.0,414690.0
2021042105002558,NICLBSL,29,45,10,1803.0,18030.0
2021042105002557,NICLBSL,41,45,10,1803.0,18030.0
2021042105002573,NICLBSL,45,40,10,1802.0,18020.0
2021042105002569,NICLBSL,53,57,20,1803.0,36060.0
2021042105002567,NICLBSL,53,11,10,1803.0,18030.0
2021042105002566,NICLBSL,53,59,10,1803.0,18030.0
2021042105002565,NICLBSL,53,21,10,1803.0,18030.0
2021042105002564,NICLBSL,53,40,20,1803.0,36060.0
2021042105002582,NICLBSL,17,16,10,1805.0,18050.0
2021042105002580,NICLBSL,21,25,10,1803.0,18030.0
2021042105002578,NICLBSL,53,49,10,1803.0,18030.0
2021042105002576,NICLBSL,45,28,10,1802.0,18020.0
2021042105002575,NICLBSL,21,42,10,1803.0,18030.0
2021042105002574,NICLBSL,53,37,10,1803.0,18030.0
2021042105002590,NICLBSL,45,46,10,1802.0,18020.0
2021042105002589,NICLBSL,43,45,15,1803.0,27045.0
2021042105002586,NICLBSL,35,25,10,1805.0,18050.0
2021042105002585,NICLBSL,35,42,20,1805.0,36100.0
2021042105002584,NICLBSL,45,28,10,1802.0,18020.0
2021042105002583,NICLBSL,45,28,10,1802.0,18020.0
2021042105002598,NICLBSL,36,28,10,1802.0,18020.0
2021042105002596,NICLBSL,36,56,10,1802.0,18020.0
2021042105002595,NICLBSL,36,28,10,1802.0,18020.0
2021042105002594,NICLBSL,36,45,10,1802.0,18020.0
2021042105002592,NICLBSL,36,46,252,1802.0,454104.0
2021042105002591,NICLBSL,51,46,20,1802.0,36040.0
2021042105002607,NICLBSL,35,49,10,1802.0,18020.0
2021042105002606,NICLBSL,35,49,10,1802.0,18020.0
2021042105002604,NICLBSL,35,18,151,1802.0,272102.0
2021042105002603,NICLBSL,51,18,80,1802.0,144160.0
2021042105002602,NICLBSL,51,59,10,1802.0,18020.0
2021042105002601,NICLBSL,51,49,10,1802.0,18020.0
2021042105002619,NICLBSL,44,22,10,1803.0,18030.0
2021042105002618,NICLBSL,49,57,10,1803.0,18030.0
2021042105002617,NICLBSL,49,21,10,1803.0,18030.0
2021042105002615,NICLBSL,49,28,10,1803.0,18030.0
2021042105002613,NICLBSL,53,49,10,1804.0,18040.0
2021042105002608,NICLBSL,35,45,10,1802.0,18020.0
2021042105002629,NICLBSL,41,5,10,1803.0,18030.0
2021042105002627,NICLBSL,21,49,10,1805.0,18050.0
2021042105002625,NICLBSL,44,5,10,1803.0,18030.0
2021042105002624,NICLBSL,44,28,10,1803.0,18030.0
2021042105002623,NICLBSL,44,5,10,1803.0,18030.0
2021042105002621,NICLBSL,44,5,10,1803.0,18030.0
2021042105002635,NICLBSL,39,39,10,1803.0,18030.0
2021042105002634,NICLBSL,14,33,10,1804.0,18040.0
2021042105002633,NICLBSL,39,42,10,1803.0,18030.0
2021042105002632,NICLBSL,41,57,10,1803.0,18030.0
2021042105002631,NICLBSL,41,28,10,1803.0,18030.0
2021042105002630,NICLBSL,41,41,10,1803.0,18030.0
2021042105002643,NICLBSL,50,38,10,1803.0,18030.0
2021042105002642,NICLBSL,50,28,10,1803.0,18030.0
2021042105002639,NICLBSL,50,22,10,1803.0,18030.0
2021042105002638,NICLBSL,54,45,10,1804.0,18040.0
2021042105002637,NICLBSL,54,41,10,1804.0,18040.0
2021042105002636,NICLBSL,54,33,20,1804.0,36080.0
2021042105002651,NICLBSL,54,14,10,1804.0,18040.0
2021042105002650,NICLBSL,50,45,10,1803.0,18030.0
2021042105002648,NICLBSL,50,5,10,1803.0,18030.0
2021042105002647,NICLBSL,50,57,41,1803.0,73923.0
2021042105002646,NICLBSL,40,49,10,1804.0,18040.0
2021042105002645,NICLBSL,44,37,10,1804.0,18040.0
2021042105002659,NICLBSL,40,19,10,1805.0,18050.0
2021042105002658,NICLBSL,40,34,36,1805.0,64980.0
2021042105002657,NICLBSL,40,21,10,1805.0,18050.0
2021042105002656,NICLBSL,40,22,10,1805.0,18050.0
2021042105002654,NICLBSL,50,49,10,1803.0,18030.0
2021042105002652,NICLBSL,50,40,10,1803.0,18030.0
2021042105002669,NICLBSL,40,57,10,1805.0,18050.0
2021042105002668,NICLBSL,55,44,10,1804.0,18040.0
2021042105002664,NICLBSL,55,42,31,1804.0,55924.0
2021042105002662,NICLBSL,50,28,10,1803.0,18030.0
2021042105002661,NICLBSL,40,49,10,1805.0,18050.0
2021042105002660,NICLBSL,40,49,10,1805.0,18050.0
2021042105002675,NICLBSL,40,38,20,1805.0,36100.0
2021042105002674,NICLBSL,40,36,10,1805.0,18050.0
2021042105002673,NICLBSL,40,49,10,1805.0,18050.0
2021042105002672,NICLBSL,40,49,10,1805.0,18050.0
2021042105002671,NICLBSL,40,49,10,1805.0,18050.0
2021042105002670,NICLBSL,40,49,10,1805.0,18050.0
2021042105002682,NICLBSL,26,3,10,1805.0,18050.0
2021042105002681,NICLBSL,26,28,10,1805.0,18050.0
2021042105002679,NICLBSL,26,49,20,1805.0,36100.0
2021042105002678,NICLBSL,26,42,10,1805.0,18050.0
2021042105002677,NICLBSL,55,28,10,1804.0,18040.0
2021042105002676,NICLBSL,40,43,10,1805.0,18050.0
2021042105002690,NICLBSL,54,58,20,1805.0,36100.0
2021042105002688,NICLBSL,54,28,10,1805.0,18050.0
2021042105002687,NICLBSL,25,45,10,1807.0,18070.0
2021042105002685,NICLBSL,26,49,10,1805.0,18050.0
2021042105002684,NICLBSL,41,45,90,1807.0,162630.0
2021042105002683,NICLBSL,41,18,10,1807.0,18070.0
2021042105002698,NICLBSL,52,55,10,1806.0,18060.0
2021042105002697,NICLBSL,54,3,10,1805.0,18050.0
2021042105002696,NICLBSL,54,14,20,1805.0,36100.0
2021042105002695,NICLBSL,54,42,10,1805.0,18050.0
2021042105002694,NICLBSL,54,3,10,1805.0,18050.0
2021042105002692,NICLBSL,54,59,10,1805.0,18050.0
2021042105002705,NICLBSL,39,44,10,1805.0,18050.0
2021042105002704,NICLBSL,19,44,10,1805.0,18050.0
2021042105002703,NICLBSL,50,44,10,1805.0,18050.0
2021042105002702,NICLBSL,53,44,80,1805.0,144400.0
2021042105002701,NICLBSL,53,3,10,1805.0,18050.0
2021042105002699,NICLBSL,52,45,190,1807.0,343330.0
2021042105002711,NICLBSL,45,39,10,1805.0,18050.0
2021042105002710,NICLBSL,45,28,10,1805.0,18050.0
2021042105002709,NICLBSL,49,4,20,1806.0,36120.0
2021042105002708,NICLBSL,45,56,50,1805.0,90250.0
2021042105002707,NICLBSL,45,14,10,1805.0,18050.0
2021042105002706,NICLBSL,45,44,10,1805.0,18050.0
2021042105002717,NICLBSL,39,28,10,1805.0,18050.0
2021042105002716,NICLBSL,39,29,10,1805.0,18050.0
2021042105002715,NICLBSL,55,3,10,1804.0,18040.0
2021042105002714,NICLBSL,57,41,10,1805.0,18050.0
2021042105002713,NICLBSL,57,41,10,1805.0,18050.0
2021042105002712,NICLBSL,45,38,10,1805.0,18050.0
2021042105002725,NICLBSL,39,45,10,1803.0,18030.0
2021042105002724,NICLBSL,50,45,379,1803.0,683337.0
2021042105002723,NICLBSL,26,45,100,1804.0,180400.0
2021042105002722,NICLBSL,55,45,139,1804.0,250756.0
2021042105002721,NICLBSL,21,45,190,1805.0,342950.0
2021042105002718,NICLBSL,21,4,10,1805.0,18050.0
2021042105002731,NICLBSL,42,46,10,1803.0,18030.0
2021042105002730,NICLBSL,35,28,10,1802.0,18020.0
2021042105002729,NICLBSL,40,39,10,1803.0,18030.0
2021042105002728,NICLBSL,38,45,44,1803.0,79332.0
2021042105002727,NICLBSL,39,45,10,1803.0,18030.0
2021042105002726,NICLBSL,34,45,10,1803.0,18030.0
2021042105002738,NICLBSL,45,34,10,1802.0,18020.0
2021042105002737,NICLBSL,21,34,10,1802.0,18020.0
2021042105002736,NICLBSL,40,28,10,1803.0,18030.0
2021042105002735,NICLBSL,3,26,10,1805.0,18050.0
2021042105002734,NICLBSL,3,28,10,1805.0,18050.0
2021042105002732,NICLBSL,42,40,10,1803.0,18030.0
2021042105002745,NICLBSL,34,33,10,1803.0,18030.0
2021042105002744,NICLBSL,34,26,10,1803.0,18030.0
2021042105002742,NICLBSL,34,28,10,1803.0,18030.0
2021042105002741,NICLBSL,34,42,10,1803.0,18030.0
2021042105002740,NICLBSL,45,57,10,1802.0,18020.0
2021042105002739,NICLBSL,45,51,10,1802.0,18020.0
2021042105002751,NICLBSL,36,51,10,1802.0,18020.0
2021042105002750,NICLBSL,36,28,10,1802.0,18020.0
2021042105002749,NICLBSL,49,34,10,1802.0,18020.0
2021042105002748,NICLBSL,22,46,10,1803.0,18030.0
2021042105002747,NICLBSL,45,56,20,1802.0,36040.0
2021042105002746,NICLBSL,34,41,10,1803.0,18030.0
2021042105002758,NICLBSL,26,38,10,1802.0,18020.0
2021042105002757,NICLBSL,26,20,10,1802.0,18020.0
2021042105002756,NICLBSL,36,58,10,1802.0,18020.0
2021042105002754,NICLBSL,52,58,10,1803.0,18030.0
2021042105002753,NICLBSL,36,28,10,1802.0,18020.0
2021042105002752,NICLBSL,36,18,10,1802.0,18020.0
2021042105002765,NICLBSL,21,43,10,1802.0,18020.0
2021042105002764,NICLBSL,36,58,18,1802.0,32436.0
2021042105002763,NICLBSL,21,45,10,1802.0,18020.0
2021042105002762,NICLBSL,26,41,10,1802.0,18020.0
2021042105002761,NICLBSL,26,5,10,1802.0,18020.0
2021042105002760,NICLBSL,26,39,10,1802.0,18020.0
2021042105002772,NICLBSL,26,20,10,1802.0,18020.0
2021042105002770,NICLBSL,26,38,10,1802.0,18020.0
2021042105002769,NICLBSL,26,29,10,1802.0,18020.0
2021042105002768,NICLBSL,26,53,10,1802.0,18020.0
2021042105002767,NICLBSL,26,26,10,1802.0,18020.0
2021042105002766,NICLBSL,26,43,20,1802.0,36040.0
2021042105002779,NICLBSL,26,8,12,1802.0,21624.0
2021042105002778,NICLBSL,58,45,10,1804.0,18040.0
2021042105002777,NICLBSL,58,28,10,1803.0,18030.0
2021042105002776,NICLBSL,34,8,10,1803.0,18030.0
2021042105002775,NICLBSL,34,42,10,1803.0,18030.0
2021042105002774,NICLBSL,26,38,10,1802.0,18020.0
2021042105002785,NICLBSL,57,29,10,1802.0,18020.0
2021042105002784,NICLBSL,57,59,20,1802.0,36040.0
2021042105002783,NICLBSL,57,38,10,1802.0,18020.0
2021042105002782,NICLBSL,57,20,10,1802.0,18020.0
2021042105002781,NICLBSL,57,45,70,1802.0,126140.0
2021042105002780,NICLBSL,35,45,50,1802.0,90100.0
2021042105002794,NICLBSL,57,48,130,1802.0,234260.0
2021042105002792,NICLBSL,57,38,10,1802.0,18020.0
2021042105002790,NICLBSL,19,58,10,1803.0,18030.0
2021042105002789,NICLBSL,57,7,10,1803.0,18030.0
2021042105002787,NICLBSL,57,38,10,1802.0,18020.0
2021042105002786,NICLBSL,57,58,10,1802.0,18020.0
2021042105002800,NICLBSL,7,48,10,1801.0,18010.0
2021042105002799,NICLBSL,11,48,10,1802.0,18020.0
2021042105002798,NICLBSL,26,48,14,1802.0,25228.0
2021042105002797,NICLBSL,3,48,30,1802.0,54060.0
2021042105002796,NICLBSL,51,48,100,1802.0,180200.0
2021042105002795,NICLBSL,26,48,10,1802.0,18020.0
2021042105002806,NICLBSL,59,48,50,1801.0,90050.0
2021042105002805,NICLBSL,42,48,58,1801.0,104458.0
2021042105002804,NICLBSL,16,48,50,1801.0,90050.0
2021042105002803,NICLBSL,57,48,10,1801.0,18010.0
2021042105002802,NICLBSL,4,48,100,1801.0,180100.0
2021042105002801,NICLBSL,28,48,300,1801.0,540300.0
2021042105002812,NICLBSL,1,38,10,1801.0,18010.0
2021042105002811,NICLBSL,1,45,20,1801.0,36020.0
2021042105002810,NICLBSL,1,20,10,1801.0,18010.0
2021042105002809,NICLBSL,1,20,10,1801.0,18010.0
2021042105002808,NICLBSL,54,48,100,1801.0,180100.0
2021042105002807,NICLBSL,49,48,20,1801.0,36020.0
2021042105002822,NICLBSL,10,33,10,1801.0,18010.0
2021042105002821,NICLBSL,10,20,10,1801.0,18010.0
2021042105002820,NICLBSL,45,38,10,1801.0,18010.0
2021042105002818,NICLBSL,45,28,10,1801.0,18010.0
2021042105002817,NICLBSL,45,58,10,1801.0,18010.0
2021042105002814,NICLBSL,22,49,10,1802.0,18020.0
2021042105002829,NICLBSL,34,34,10,1801.0,18010.0
2021042105002828,NICLBSL,26,53,20,1802.0,36040.0
2021042105002826,NICLBSL,34,28,10,1801.0,18010.0
2021042105002825,NICLBSL,29,16,10,1802.0,18020.0
2021042105002824,NICLBSL,34,7,15,1801.0,27015.0
2021042105002823,NICLBSL,34,58,10,1801.0,18010.0
2021042105002835,NICLBSL,59,28,10,1801.0,18010.0
2021042105002834,NICLBSL,59,34,10,1801.0,18010.0
2021042105002833,NICLBSL,59,40,10,1801.0,18010.0
2021042105002832,NICLBSL,59,26,10,1801.0,18010.0
2021042105002831,NICLBSL,59,38,10,1800.0,18000.0
2021042105002830,NICLBSL,52,7,10,1801.0,18010.0
2021042105002333,JLI,3,3,10,826.0,8260.0
2021042105002330,JLI,3,41,10,826.0,8260.0
2021042105002325,JLI,3,41,10,826.0,8260.0
2021042105002319,JLI,3,38,10,826.0,8260.0
2021042105002317,JLI,3,59,10,826.0,8260.0
2021042105002315,JLI,3,52,10,826.0,8260.0
2021042105001843,JLI,3,6,10,826.0,8260.0
2021042105001850,JLI,3,33,10,826.0,8260.0
2021042105001849,JLI,3,26,10,826.0,8260.0
2021042105001848,JLI,3,18,10,826.0,8260.0
2021042105001847,JLI,3,58,10,826.0,8260.0
2021042105001846,JLI,3,52,10,826.0,8260.0
2021042105001844,JLI,3,59,10,826.0,8260.0
2021042105001860,JLI,3,59,10,826.0,8260.0
2021042105001857,JLI,3,39,10,826.0,8260.0
2021042105001856,JLI,3,59,10,826.0,8260.0
2021042105001855,JLI,3,33,10,826.0,8260.0
2021042105001854,JLI,3,26,10,826.0,8260.0
2021042105001851,JLI,3,52,10,826.0,8260.0
2021042105001881,JLI,3,41,10,826.0,8260.0
2021042105001880,JLI,3,52,10,826.0,8260.0
2021042105001876,JLI,3,52,10,826.0,8260.0
2021042105001874,JLI,3,42,10,826.0,8260.0
2021042105001867,JLI,3,52,10,826.0,8260.0
2021042105001866,JLI,3,41,10,826.0,8260.0
2021042105001892,JLI,3,29,10,826.0,8260.0
2021042105001890,JLI,3,52,10,826.0,8260.0
2021042105001888,JLI,3,29,10,826.0,8260.0
2021042105001885,JLI,3,52,10,826.0,8260.0
2021042105001883,JLI,3,40,10,826.0,8260.0
2021042105001882,JLI,3,14,10,826.0,8260.0
2021042105001919,JLI,3,41,10,826.0,8260.0
2021042105001918,JLI,3,52,10,826.0,8260.0
2021042105001917,JLI,3,52,10,826.0,8260.0
2021042105001911,JLI,3,52,10,826.0,8260.0
2021042105001908,JLI,3,52,10,826.0,8260.0
2021042105001893,JLI,3,21,10,826.0,8260.0
2021042105001978,JLI,3,52,10,826.0,8260.0
2021042105001977,JLI,3,52,10,826.0,8260.0
2021042105001976,JLI,3,52,10,826.0,8260.0
2021042105001962,JLI,3,40,10,826.0,8260.0
2021042105001961,JLI,3,52,10,826.0,8260.0
2021042105001920,JLI,3,57,10,826.0,8260.0
2021042105002006,JLI,3,6,10,826.0,8260.0
2021042105002003,JLI,3,10,10,826.0,8260.0
2021042105001986,JLI,3,25,10,826.0,8260.0
2021042105001981,JLI,3,52,10,826.0,8260.0
2021042105001980,JLI,3,37,10,826.0,8260.0
2021042105001979,JLI,3,55,10,826.0,8260.0
2021042105002034,JLI,3,18,10,826.0,8260.0
2021042105002029,JLI,3,41,10,826.0,8260.0
2021042105002027,JLI,3,41,10,826.0,8260.0
2021042105002025,JLI,3,18,10,826.0,8260.0
2021042105002018,JLI,3,36,10,826.0,8260.0
2021042105002012,JLI,3,58,10,826.0,8260.0
2021042105002043,JLI,3,18,10,826.0,8260.0
2021042105002041,JLI,3,38,10,826.0,8260.0
2021042105002040,JLI,3,42,10,826.0,8260.0
2021042105002039,JLI,3,59,10,826.0,8260.0
2021042105002036,JLI,3,49,10,826.0,8260.0
2021042105002035,JLI,3,32,10,826.0,8260.0
2021042105002066,JLI,3,58,10,826.0,8260.0
2021042105002061,JLI,3,21,10,826.0,8260.0
2021042105002056,JLI,3,26,10,826.0,8260.0
2021042105002054,JLI,3,57,10,826.0,8260.0
2021042105002049,JLI,3,42,10,826.0,8260.0
2021042105002048,JLI,3,42,10,826.0,8260.0
2021042105002090,JLI,3,59,10,826.0,8260.0
2021042105002081,JLI,3,36,10,826.0,8260.0
2021042105002076,JLI,3,21,10,826.0,8260.0
2021042105002074,JLI,3,49,10,826.0,8260.0
2021042105002073,JLI,3,45,10,826.0,8260.0
2021042105002070,JLI,3,49,10,826.0,8260.0
2021042105002121,JLI,3,47,10,826.0,8260.0
2021042105002117,JLI,3,47,10,826.0,8260.0
2021042105002115,JLI,3,6,10,826.0,8260.0
2021042105002097,JLI,3,34,10,826.0,8260.0
2021042105002096,JLI,3,45,10,826.0,8260.0
2021042105002091,JLI,3,34,10,826.0,8260.0
2021042105002148,JLI,3,57,10,826.0,8260.0
2021042105002147,JLI,3,34,10,826.0,8260.0
2021042105002143,JLI,3,57,10,826.0,8260.0
2021042105002129,JLI,3,58,10,826.0,8260.0
2021042105002126,JLI,3,47,10,826.0,8260.0
2021042105002124,JLI,3,47,10,826.0,8260.0
2021042105002199,JLI,3,41,10,826.0,8260.0
2021042105002193,JLI,3,47,10,826.0,8260.0
2021042105002192,JLI,3,57,10,826.0,8260.0
2021042105002172,JLI,3,17,10,826.0,8260.0
2021042105002168,JLI,3,21,10,826.0,8260.0
2021042105002164,JLI,3,59,10,826.0,8260.0
2021042105002254,JLI,3,34,10,826.0,8260.0
2021042105002235,JLI,3,32,10,826.0,8260.0
2021042105002228,JLI,3,17,10,826.0,8260.0
2021042105002219,JLI,3,41,10,826.0,8260.0
2021042105002214,JLI,3,41,10,826.0,8260.0
2021042105002212,JLI,3,49,10,826.0,8260.0
2021042105002294,JLI,3,38,10,826.0,8260.0
2021042105002284,JLI,3,45,10,826.0,8260.0
2021042105002282,JLI,3,28,10,826.0,8260.0
2021042105002278,JLI,3,38,10,826.0,8260.0
2021042105002274,JLI,3,28,10,826.0,8260.0
2021042105002258,JLI,3,17,10,826.0,8260.0
2021042105002290,MLBSL,34,45,10,1766.0,17660.0
