Transact. No.,Symbol,Buyer,Seller,Quantity,Rate,Amount
2021050305003695,JLI,38,58,10,829.0,8290.0
2021050305003693,JLI,38,58,10,829.0,8290.0
2021050305003692,JLI,38,41,10,829.0,8290.0
2021050305003691,JLI,1,49,10,832.0,8320.0
2021050305003690,JLI,1,4,10,831.0,8310.0
2021050305003689,JLI,1,58,10,831.0,8310.0
2021050305003200,JLI,57,32,10,831.0,8310.0
2021050305003199,JLI,57,34,10,831.0,8310.0
2021050305003198,JLI,57,32,10,831.0,8310.0
2021050305003197,JLI,57,32,10,831.0,8310.0
2021050305003196,JLI,57,38,10,831.0,8310.0
2021050305003206,JLI,57,32,10,831.0,8310.0
2021050305003205,JLI,57,44,10,831.0,8310.0
2021050305003204,JLI,57,32,10,831.0,8310.0
2021050305003203,JLI,57,32,10,831.0,8310.0
2021050305003202,JLI,57,17,10,831.0,8310.0
2021050305003201,JLI,57,51,10,831.0,8310.0
2021050305003212,JLI,57,21,10,831.0,8310.0
2021050305003211,JLI,57,21,10,831.0,8310.0
2021050305003210,JLI,57,44,10,831.0,8310.0
2021050305003209,JLI,57,49,10,831.0,8310.0
2021050305003208,JLI,57,32,10,831.0,8310.0
2021050305003207,JLI,57,32,10,831.0,8310.0
2021050305003219,JLI,3,29,10,829.0,8290.0
2021050305003217,JLI,3,45,10,829.0,8290.0
2021050305003216,JLI,3,58,10,829.0,8290.0
2021050305003215,JLI,57,55,10,831.0,8310.0
2021050305003214,JLI,57,1,10,831.0,8310.0
2021050305003213,JLI,57,13,10,831.0,8310.0
2021050305003226,JLI,57,6,10,829.0,8290.0
2021050305003224,JLI,52,39,10,830.0,8300.0
2021050305003223,JLI,52,3,10,830.0,8300.0
2021050305003222,JLI,52,58,10,830.0,8300.0
2021050305003221,JLI,57,6,10,829.0,8290.0
2021050305003220,JLI,3,44,10,829.0,8290.0
2021050305003235,JLI,57,55,10,829.0,8290.0
2021050305003234,JLI,57,45,10,829.0,8290.0
2021050305003231,JLI,57,1,10,829.0,8290.0
2021050305003230,JLI,57,58,10,829.0,8290.0
2021050305003229,JLI,57,1,10,829.0,8290.0
2021050305003228,JLI,57,58,10,829.0,8290.0
2021050305003244,JLI,57,56,41,829.0,33989.0
2021050305003243,JLI,57,49,10,829.0,8290.0
2021050305003239,JLI,51,6,10,830.0,8300.0
2021050305003238,JLI,51,3,10,830.0,8300.0
2021050305003237,JLI,51,39,10,830.0,8300.0
2021050305003236,JLI,57,55,10,829.0,8290.0
2021050305003254,JLI,13,33,10,830.0,8300.0
2021050305003253,JLI,22,58,10,830.0,8300.0
2021050305003251,JLI,59,58,10,830.0,8300.0
2021050305003248,JLI,59,21,10,830.0,8300.0
2021050305003246,JLI,57,58,10,829.0,8290.0
2021050305003245,JLI,57,34,10,829.0,8290.0
2021050305003274,JLI,13,58,10,830.0,8300.0
2021050305003272,JLI,13,58,10,830.0,8300.0
2021050305003271,JLI,13,58,10,830.0,8300.0
2021050305003258,JLI,13,58,10,830.0,8300.0
2021050305003257,JLI,13,45,10,830.0,8300.0
2021050305003255,JLI,13,58,10,830.0,8300.0
2021050305003281,JLI,13,58,10,830.0,8300.0
2021050305003280,JLI,13,36,10,830.0,8300.0
2021050305003279,JLI,13,58,10,830.0,8300.0
2021050305003277,JLI,13,45,10,830.0,8300.0
2021050305003276,JLI,13,49,10,830.0,8300.0
2021050305003275,JLI,13,36,10,830.0,8300.0
2021050305003290,JLI,13,45,10,830.0,8300.0
2021050305003289,JLI,1,39,10,831.0,8310.0
2021050305003286,JLI,13,58,10,830.0,8300.0
2021050305003285,JLI,13,14,10,830.0,8300.0
2021050305003283,JLI,13,8,10,830.0,8300.0
2021050305003282,JLI,13,58,10,830.0,8300.0
2021050305003302,JLI,13,21,10,830.0,8300.0
2021050305003300,JLI,13,25,10,830.0,8300.0
2021050305003295,JLI,13,39,10,830.0,8300.0
2021050305003294,JLI,58,20,10,831.0,8310.0
2021050305003293,JLI,58,58,10,831.0,8310.0
2021050305003291,JLI,13,58,10,830.0,8300.0
2021050305003315,JLI,13,51,10,830.0,8300.0
2021050305003310,JLI,13,52,10,830.0,8300.0
2021050305003309,JLI,13,29,10,830.0,8300.0
2021050305003307,JLI,13,58,10,830.0,8300.0
2021050305003306,JLI,13,36,10,830.0,8300.0
2021050305003305,JLI,13,16,10,830.0,8300.0
2021050305003330,JLI,13,47,10,830.0,8300.0
2021050305003328,JLI,13,49,10,830.0,8300.0
2021050305003327,JLI,13,38,10,830.0,8300.0
2021050305003321,JLI,13,58,10,830.0,8300.0
2021050305003318,JLI,13,36,10,830.0,8300.0
2021050305003316,JLI,13,58,10,830.0,8300.0
2021050305003339,JLI,13,58,10,830.0,8300.0
2021050305003338,JLI,13,29,10,830.0,8300.0
2021050305003335,JLI,13,38,10,830.0,8300.0
2021050305003334,JLI,13,58,10,830.0,8300.0
2021050305003333,JLI,13,58,10,830.0,8300.0
2021050305003331,JLI,13,58,10,830.0,8300.0
2021050305003353,JLI,13,38,10,830.0,8300.0
2021050305003349,JLI,13,58,10,830.0,8300.0
2021050305003347,JLI,13,45,10,830.0,8300.0
2021050305003345,JLI,13,58,10,830.0,8300.0
2021050305003344,JLI,13,58,10,830.0,8300.0
2021050305003343,JLI,13,56,10,830.0,8300.0
2021050305003359,JLI,13,47,10,830.0,8300.0
2021050305003358,JLI,13,56,10,830.0,8300.0
2021050305003357,JLI,13,42,10,830.0,8300.0
2021050305003356,JLI,51,49,10,831.0,8310.0
2021050305003355,JLI,13,16,10,830.0,8300.0
2021050305003354,JLI,13,36,10,830.0,8300.0
2021050305003366,JLI,13,45,10,830.0,8300.0
2021050305003365,JLI,13,35,10,830.0,8300.0
2021050305003364,JLI,13,17,10,830.0,8300.0
2021050305003363,JLI,13,58,10,830.0,8300.0
2021050305003362,JLI,13,39,10,830.0,8300.0
2021050305003361,JLI,13,1,10,830.0,8300.0
2021050305003377,JLI,13,58,10,830.0,8300.0
2021050305003376,JLI,13,51,10,830.0,8300.0
2021050305003375,JLI,57,58,10,831.0,8310.0
2021050305003374,JLI,57,45,10,831.0,8310.0
2021050305003369,JLI,13,52,10,830.0,8300.0
2021050305003368,JLI,13,58,10,830.0,8300.0
2021050305003388,JLI,13,50,10,830.0,8300.0
2021050305003387,JLI,13,49,10,830.0,8300.0
2021050305003386,JLI,13,6,10,830.0,8300.0
2021050305003383,JLI,13,21,10,830.0,8300.0
2021050305003382,JLI,13,58,10,830.0,8300.0
2021050305003381,JLI,13,58,10,830.0,8300.0
2021050305003396,JLI,13,57,10,830.0,8300.0
2021050305003393,JLI,13,47,10,830.0,8300.0
2021050305003392,JLI,13,21,10,830.0,8300.0
2021050305003391,JLI,13,58,10,830.0,8300.0
2021050305003390,JLI,13,58,10,830.0,8300.0
2021050305003389,JLI,13,10,111,830.0,92130.0
2021050305003411,JLI,13,58,10,830.0,8300.0
2021050305003410,JLI,13,58,10,830.0,8300.0
2021050305003409,JLI,41,25,20,831.0,16620.0
2021050305003408,JLI,41,13,10,831.0,8310.0
2021050305003407,JLI,41,13,10,831.0,8310.0
2021050305003406,JLI,41,13,10,831.0,8310.0
2021050305003418,JLI,13,42,10,830.0,8300.0
2021050305003417,JLI,13,18,10,830.0,8300.0
2021050305003416,JLI,13,45,10,830.0,8300.0
2021050305003415,JLI,13,56,10,830.0,8300.0
2021050305003413,JLI,13,58,10,830.0,8300.0
2021050305003412,JLI,13,18,10,830.0,8300.0
2021050305003425,JLI,44,25,30,831.0,24930.0
2021050305003424,JLI,13,57,20,830.0,16600.0
2021050305003423,JLI,13,18,10,830.0,8300.0
2021050305003422,JLI,13,18,10,830.0,8300.0
2021050305003421,JLI,13,58,10,830.0,8300.0
2021050305003419,JLI,13,58,10,830.0,8300.0
2021050305003434,JLI,51,18,10,830.0,8300.0
2021050305003433,JLI,51,58,10,830.0,8300.0
2021050305003431,JLI,44,58,10,830.0,8300.0
2021050305003429,JLI,13,14,9,830.0,7470.0
2021050305003428,JLI,13,18,10,830.0,8300.0
2021050305003427,JLI,13,58,10,830.0,8300.0
2021050305003441,JLI,45,58,10,830.0,8300.0
2021050305003440,JLI,45,18,10,830.0,8300.0
2021050305003439,JLI,45,58,10,830.0,8300.0
2021050305003437,JLI,51,16,10,830.0,8300.0
2021050305003436,JLI,51,19,10,830.0,8300.0
2021050305003435,JLI,51,49,10,830.0,8300.0
2021050305003449,JLI,42,49,10,831.0,8310.0
2021050305003448,JLI,42,49,10,831.0,8310.0
2021050305003447,JLI,42,16,10,831.0,8310.0
2021050305003446,JLI,42,16,10,831.0,8310.0
2021050305003445,JLI,42,32,10,831.0,8310.0
2021050305003443,JLI,45,36,10,830.0,8300.0
2021050305003458,JLI,22,38,10,830.0,8300.0
2021050305003456,JLI,22,38,10,830.0,8300.0
2021050305003453,JLI,45,49,10,830.0,8300.0
2021050305003452,JLI,42,6,30,831.0,24930.0
2021050305003451,JLI,42,38,10,831.0,8310.0
2021050305003450,JLI,42,7,10,831.0,8310.0
2021050305003478,JLI,57,52,10,829.0,8290.0
2021050305003477,JLI,57,4,10,829.0,8290.0
2021050305003464,JLI,57,58,10,829.0,8290.0
2021050305003463,JLI,17,58,10,830.0,8300.0
2021050305003460,JLI,22,58,10,830.0,8300.0
2021050305003459,JLI,22,18,10,830.0,8300.0
2021050305003492,JLI,52,40,10,829.0,8290.0
2021050305003488,JLI,52,10,10,829.0,8290.0
2021050305003486,JLI,52,58,10,829.0,8290.0
2021050305003482,JLI,52,21,10,829.0,8290.0
2021050305003481,JLI,52,58,10,829.0,8290.0
2021050305003480,JLI,41,56,10,829.0,8290.0
2021050305003501,JLI,36,58,10,829.0,8290.0
2021050305003500,JLI,52,21,10,829.0,8290.0
2021050305003499,JLI,52,52,10,829.0,8290.0
2021050305003498,JLI,52,58,10,829.0,8290.0
2021050305003497,JLI,52,41,10,829.0,8290.0
2021050305003493,JLI,52,1,10,829.0,8290.0
2021050305003507,JLI,28,58,10,829.0,8290.0
2021050305003506,JLI,56,50,10,830.0,8300.0
2021050305003505,JLI,56,18,10,830.0,8300.0
2021050305003504,JLI,56,54,10,830.0,8300.0
2021050305003503,JLI,56,18,10,830.0,8300.0
2021050305003502,JLI,36,51,10,829.0,8290.0
2021050305003514,JLI,28,38,10,829.0,8290.0
2021050305003512,JLI,28,58,10,829.0,8290.0
2021050305003511,JLI,28,49,10,829.0,8290.0
2021050305003510,JLI,28,55,10,829.0,8290.0
2021050305003509,JLI,28,49,10,829.0,8290.0
2021050305003508,JLI,28,56,10,829.0,8290.0
2021050305003523,JLI,7,49,10,829.0,8290.0
2021050305003522,JLI,33,58,10,829.0,8290.0
2021050305003521,JLI,33,18,10,829.0,8290.0
2021050305003518,JLI,28,56,10,829.0,8290.0
2021050305003517,JLI,28,37,10,829.0,8290.0
2021050305003515,JLI,28,58,10,829.0,8290.0
2021050305003532,JLI,42,18,10,829.0,8290.0
2021050305003528,JLI,42,58,10,829.0,8290.0
2021050305003527,JLI,7,14,10,829.0,8290.0
2021050305003526,JLI,7,45,10,829.0,8290.0
2021050305003525,JLI,7,18,10,829.0,8290.0
2021050305003524,JLI,7,47,10,829.0,8290.0
2021050305003549,JLI,37,58,10,828.0,8280.0
2021050305003547,JLI,37,58,10,828.0,8280.0
2021050305003545,JLI,37,58,10,828.0,8280.0
2021050305003544,JLI,8,58,10,828.0,8280.0
2021050305003534,JLI,35,56,10,829.0,8290.0
2021050305003533,JLI,42,58,10,829.0,8290.0
2021050305003555,JLI,35,41,10,830.0,8300.0
2021050305003554,JLI,35,18,10,830.0,8300.0
2021050305003553,JLI,35,18,10,830.0,8300.0
2021050305003552,JLI,37,58,10,828.0,8280.0
2021050305003551,JLI,37,14,10,828.0,8280.0
2021050305003550,JLI,49,18,10,829.0,8290.0
2021050305003561,JLI,35,34,10,830.0,8300.0
2021050305003560,JLI,35,21,10,830.0,8300.0
2021050305003559,JLI,35,34,10,830.0,8300.0
2021050305003558,JLI,35,22,10,830.0,8300.0
2021050305003557,JLI,35,51,10,830.0,8300.0
2021050305003556,JLI,35,56,10,830.0,8300.0
2021050305003568,JLI,35,49,10,830.0,8300.0
2021050305003567,JLI,35,6,10,830.0,8300.0
2021050305003566,JLI,35,21,10,830.0,8300.0
2021050305003565,JLI,35,58,10,830.0,8300.0
2021050305003563,JLI,35,38,10,830.0,8300.0
2021050305003562,JLI,35,34,10,830.0,8300.0
2021050305003578,JLI,35,58,10,830.0,8300.0
2021050305003576,JLI,44,6,30,831.0,24930.0
2021050305003575,JLI,49,6,10,831.0,8310.0
2021050305003573,JLI,35,58,10,830.0,8300.0
2021050305003570,JLI,35,18,10,830.0,8300.0
2021050305003569,JLI,35,58,10,830.0,8300.0
2021050305003591,JLI,37,58,10,828.0,8280.0
2021050305003590,JLI,19,6,10,830.0,8300.0
2021050305003589,JLI,19,38,10,830.0,8300.0
2021050305003588,JLI,19,45,10,830.0,8300.0
2021050305003584,JLI,19,21,10,830.0,8300.0
2021050305003581,JLI,19,58,10,830.0,8300.0
2021050305003606,JLI,53,38,10,828.0,8280.0
2021050305003603,JLI,57,32,10,828.0,8280.0
2021050305003601,JLI,22,32,10,828.0,8280.0
2021050305003600,JLI,53,32,10,828.0,8280.0
2021050305003596,JLI,8,32,10,828.0,8280.0
2021050305003594,JLI,37,47,10,828.0,8280.0
2021050305003624,JLI,36,4,10,828.0,8280.0
2021050305003622,JLI,36,32,10,828.0,8280.0
2021050305003619,JLI,55,59,10,828.0,8280.0
2021050305003611,JLI,51,58,10,829.0,8290.0
2021050305003610,JLI,36,58,10,828.0,8280.0
2021050305003607,JLI,36,38,10,828.0,8280.0
2021050305003637,JLI,58,6,10,830.0,8300.0
2021050305003636,JLI,58,22,10,830.0,8300.0
2021050305003633,JLI,1,42,10,829.0,8290.0
2021050305003631,JLI,16,6,30,830.0,24900.0
2021050305003630,JLI,16,41,10,830.0,8300.0
2021050305003629,JLI,16,29,10,829.0,8290.0
2021050305003647,JLI,49,45,30,828.0,24840.0
2021050305003646,JLI,41,45,10,828.0,8280.0
2021050305003645,JLI,35,45,10,828.0,8280.0
2021050305003644,JLI,36,45,50,828.0,41400.0
2021050305003639,JLI,36,47,10,828.0,8280.0
2021050305003638,JLI,36,41,10,828.0,8280.0
2021050305003665,JLI,6,40,20,830.0,16600.0
2021050305003664,JLI,6,40,10,830.0,8300.0
2021050305003655,JLI,40,49,10,829.0,8290.0
2021050305003652,JLI,49,58,10,828.0,8280.0
2021050305003650,JLI,1,49,10,829.0,8290.0
2021050305003649,JLI,26,49,10,830.0,8300.0
2021050305003677,JLI,38,49,10,830.0,8300.0
2021050305003676,JLI,38,21,10,830.0,8300.0
2021050305003675,JLI,38,13,10,830.0,8300.0
2021050305003674,JLI,38,40,80,830.0,66400.0
2021050305003670,JLI,38,19,10,829.0,8290.0
2021050305003666,JLI,38,16,10,829.0,8290.0
2021050305003688,JLI,1,21,10,831.0,8310.0
2021050305003687,JLI,1,45,10,831.0,8310.0
2021050305003684,JLI,38,34,10,829.0,8290.0
2021050305003680,JLI,38,56,10,830.0,8300.0
2021050305003679,JLI,38,53,60,830.0,49800.0
2021050305003678,JLI,38,19,10,830.0,8300.0
2021050305003643,MLBSL,33,57,10,3780.0,37800.0
2021050305003513,MLBSL,33,51,10,3780.0,37800.0
2021050305003444,MLBSL,33,6,10,3780.0,37800.0
2021050305003360,MLBSL,33,59,10,3780.0,37800.0
2021050305003317,MLBSL,33,55,10,3780.0,37800.0
2021050305003252,MLBSL,33,38,10,3780.0,37800.0
2021050305003694,NICLBSL,5,45,50,1738.0,86900.0
2021050305003686,NICLBSL,39,45,20,1738.0,34760.0
2021050305003685,NICLBSL,39,56,80,1738.0,139040.0
2021050305003683,NICLBSL,45,56,10,1738.0,17380.0
2021050305003682,NICLBSL,45,26,20,1738.0,34760.0
2021050305003681,NICLBSL,45,21,30,1736.0,52080.0
2021050305003227,NICLBSL,32,36,20,1735.0,34700.0
2021050305003225,NICLBSL,43,26,10,1735.0,17350.0
2021050305003218,NICLBSL,47,36,20,1732.0,34640.0
2021050305003247,NICLBSL,35,34,20,1737.0,34740.0
2021050305003242,NICLBSL,35,22,10,1737.0,17370.0
2021050305003241,NICLBSL,56,13,10,1737.0,17370.0
2021050305003240,NICLBSL,56,4,10,1737.0,17370.0
2021050305003233,NICLBSL,32,58,10,1735.0,17350.0
2021050305003232,NICLBSL,32,7,10,1735.0,17350.0
2021050305003261,NICLBSL,32,34,20,1740.0,34800.0
2021050305003260,NICLBSL,32,48,10,1740.0,17400.0
2021050305003259,NICLBSL,32,5,41,1740.0,71340.0
2021050305003256,NICLBSL,38,38,5,1704.0,8520.0
2021050305003250,NICLBSL,32,58,10,1738.0,17380.0
2021050305003249,NICLBSL,32,32,10,1738.0,17380.0
2021050305003267,NICLBSL,56,45,10,1738.0,17380.0
2021050305003266,NICLBSL,32,7,28,1740.0,48720.0
2021050305003265,NICLBSL,32,41,10,1740.0,17400.0
2021050305003264,NICLBSL,32,37,10,1740.0,17400.0
2021050305003263,NICLBSL,32,32,10,1740.0,17400.0
2021050305003262,NICLBSL,32,48,10,1740.0,17400.0
2021050305003284,NICLBSL,32,49,20,1737.0,34740.0
2021050305003278,NICLBSL,32,58,10,1737.0,17370.0
2021050305003273,NICLBSL,52,34,10,1738.0,17380.0
2021050305003270,NICLBSL,56,7,10,1738.0,17380.0
2021050305003269,NICLBSL,56,33,10,1738.0,17380.0
2021050305003268,NICLBSL,56,58,10,1738.0,17380.0
2021050305003298,NICLBSL,32,29,10,1737.0,17370.0
2021050305003297,NICLBSL,32,58,10,1737.0,17370.0
2021050305003296,NICLBSL,32,16,10,1737.0,17370.0
2021050305003292,NICLBSL,32,29,10,1737.0,17370.0
2021050305003288,NICLBSL,28,58,10,1738.0,17380.0
2021050305003287,NICLBSL,32,58,10,1738.0,17380.0
2021050305003311,NICLBSL,50,16,10,1737.0,17370.0
2021050305003308,NICLBSL,16,29,10,1737.0,17370.0
2021050305003304,NICLBSL,16,47,10,1737.0,17370.0
2021050305003303,NICLBSL,32,29,10,1737.0,17370.0
2021050305003301,NICLBSL,32,58,10,1737.0,17370.0
2021050305003299,NICLBSL,32,47,10,1737.0,17370.0
2021050305003322,NICLBSL,50,17,10,1737.0,17370.0
2021050305003320,NICLBSL,50,29,10,1737.0,17370.0
2021050305003319,NICLBSL,21,42,10,1738.0,17380.0
2021050305003314,NICLBSL,21,25,10,1738.0,17380.0
2021050305003313,NICLBSL,32,29,10,1738.0,17380.0
2021050305003312,NICLBSL,50,56,10,1737.0,17370.0
2021050305003332,NICLBSL,51,29,10,1735.0,17350.0
2021050305003329,NICLBSL,51,56,10,1735.0,17350.0
2021050305003326,NICLBSL,51,56,395,1735.0,685325.0
2021050305003325,NICLBSL,52,56,50,1735.0,86750.0
2021050305003324,NICLBSL,14,56,100,1737.0,173700.0
2021050305003323,NICLBSL,50,56,60,1737.0,104220.0
2021050305003346,NICLBSL,32,58,10,1732.0,17320.0
2021050305003342,NICLBSL,47,36,205,1732.0,355060.0
2021050305003341,NICLBSL,51,36,55,1735.0,95425.0
2021050305003340,NICLBSL,51,58,10,1735.0,17350.0
2021050305003337,NICLBSL,51,56,10,1735.0,17350.0
2021050305003336,NICLBSL,51,29,10,1735.0,17350.0
2021050305003370,NICLBSL,41,17,10,1731.0,17310.0
2021050305003367,NICLBSL,41,32,11,1731.0,19041.0
2021050305003352,NICLBSL,58,39,10,1732.0,17320.0
2021050305003351,NICLBSL,25,39,20,1732.0,34640.0
2021050305003350,NICLBSL,25,45,10,1732.0,17320.0
2021050305003348,NICLBSL,25,39,20,1732.0,34640.0
2021050305003380,NICLBSL,16,39,70,1730.0,121100.0
2021050305003379,NICLBSL,16,7,190,1730.0,328700.0
2021050305003378,NICLBSL,58,7,10,1730.0,17300.0
2021050305003373,NICLBSL,33,52,10,1731.0,17310.0
2021050305003372,NICLBSL,26,52,20,1731.0,34620.0
2021050305003371,NICLBSL,39,6,41,1731.0,70971.0
2021050305003398,NICLBSL,16,6,41,1730.0,70930.0
2021050305003397,NICLBSL,16,58,10,1730.0,17300.0
2021050305003395,NICLBSL,42,52,10,1731.0,17310.0
2021050305003394,NICLBSL,49,52,16,1731.0,27696.0
2021050305003385,NICLBSL,16,21,10,1730.0,17300.0
2021050305003384,NICLBSL,16,58,10,1730.0,17300.0
2021050305003404,NICLBSL,13,46,30,1730.0,51900.0
2021050305003403,NICLBSL,49,46,42,1730.0,72660.0
2021050305003402,NICLBSL,4,46,20,1730.0,34600.0
2021050305003401,NICLBSL,43,46,10,1730.0,17300.0
2021050305003400,NICLBSL,58,46,30,1730.0,51900.0
2021050305003399,NICLBSL,16,46,14,1730.0,24220.0
2021050305003432,NICLBSL,6,58,10,1728.0,17280.0
2021050305003430,NICLBSL,6,7,10,1728.0,17280.0
2021050305003426,NICLBSL,6,48,10,1728.0,17280.0
2021050305003420,NICLBSL,6,58,10,1728.0,17280.0
2021050305003414,NICLBSL,6,58,10,1728.0,17280.0
2021050305003405,NICLBSL,21,46,40,1730.0,69200.0
2021050305003461,NICLBSL,6,36,10,1728.0,17280.0
2021050305003457,NICLBSL,6,58,10,1728.0,17280.0
2021050305003455,NICLBSL,32,46,11,1730.0,19030.0
2021050305003454,NICLBSL,6,16,20,1728.0,34560.0
2021050305003442,NICLBSL,6,58,10,1728.0,17280.0
2021050305003438,NICLBSL,6,26,10,1728.0,17280.0
2021050305003469,NICLBSL,55,45,10,1732.0,17320.0
2021050305003468,NICLBSL,55,58,20,1732.0,34640.0
2021050305003467,NICLBSL,55,52,44,1731.0,76164.0
2021050305003466,NICLBSL,55,42,10,1730.0,17300.0
2021050305003465,NICLBSL,6,40,10,1728.0,17280.0
2021050305003462,NICLBSL,6,47,20,1728.0,34560.0
2021050305003475,NICLBSL,6,58,10,1728.0,17280.0
2021050305003474,NICLBSL,55,42,16,1735.0,27760.0
2021050305003473,NICLBSL,55,17,10,1735.0,17350.0
2021050305003472,NICLBSL,55,47,20,1735.0,34700.0
2021050305003471,NICLBSL,55,33,60,1732.0,103920.0
2021050305003470,NICLBSL,55,44,10,1732.0,17320.0
2021050305003487,NICLBSL,55,21,10,1735.0,17350.0
2021050305003485,NICLBSL,55,40,20,1735.0,34700.0
2021050305003484,NICLBSL,55,57,10,1735.0,17350.0
2021050305003483,NICLBSL,55,41,100,1735.0,173500.0
2021050305003479,NICLBSL,6,58,20,1728.0,34560.0
2021050305003476,NICLBSL,6,33,10,1728.0,17280.0
2021050305003496,NICLBSL,55,7,60,1735.0,104100.0
2021050305003495,NICLBSL,55,7,50,1735.0,86750.0
2021050305003494,NICLBSL,4,7,10,1737.0,17370.0
2021050305003491,NICLBSL,39,41,10,1737.0,17370.0
2021050305003490,NICLBSL,39,29,10,1737.0,17370.0
2021050305003489,NICLBSL,55,49,10,1735.0,17350.0
2021050305003531,NICLBSL,56,56,10,1740.0,17400.0
2021050305003530,NICLBSL,56,43,10,1740.0,17400.0
2021050305003529,NICLBSL,56,19,10,1738.0,17380.0
2021050305003520,NICLBSL,55,42,4,1735.0,6940.0
2021050305003519,NICLBSL,55,17,26,1735.0,45110.0
2021050305003516,NICLBSL,55,37,10,1735.0,17350.0
2021050305003540,NICLBSL,4,55,45,1728.0,77760.0
2021050305003539,NICLBSL,6,55,20,1728.0,34560.0
2021050305003538,NICLBSL,18,55,55,1730.0,95150.0
2021050305003537,NICLBSL,10,55,14,1730.0,24220.0
2021050305003536,NICLBSL,14,55,50,1730.0,86500.0
2021050305003535,NICLBSL,41,55,50,1731.0,86550.0
2021050305003564,NICLBSL,35,32,10,1732.0,17320.0
2021050305003548,NICLBSL,50,49,10,1728.0,17280.0
2021050305003546,NICLBSL,50,44,10,1728.0,17280.0
2021050305003543,NICLBSL,50,55,156,1728.0,269568.0
2021050305003542,NICLBSL,22,55,10,1728.0,17280.0
2021050305003541,NICLBSL,22,55,100,1728.0,172800.0
2021050305003580,NICLBSL,35,58,10,1732.0,17320.0
2021050305003579,NICLBSL,35,37,20,1732.0,34640.0
2021050305003577,NICLBSL,35,38,10,1732.0,17320.0
2021050305003574,NICLBSL,35,6,10,1732.0,17320.0
2021050305003572,NICLBSL,35,58,10,1732.0,17320.0
2021050305003571,NICLBSL,35,50,10,1732.0,17320.0
2021050305003592,NICLBSL,6,58,10,1735.0,17350.0
2021050305003587,NICLBSL,56,32,10,1735.0,17350.0
2021050305003586,NICLBSL,56,38,10,1735.0,17350.0
2021050305003585,NICLBSL,35,34,10,1732.0,17320.0
2021050305003583,NICLBSL,35,58,10,1732.0,17320.0
2021050305003582,NICLBSL,35,56,20,1732.0,34640.0
2021050305003602,NICLBSL,4,59,10,1734.0,17340.0
2021050305003599,NICLBSL,35,45,10,1732.0,17320.0
2021050305003598,NICLBSL,35,22,10,1732.0,17320.0
2021050305003597,NICLBSL,35,58,10,1732.0,17320.0
2021050305003595,NICLBSL,35,38,10,1732.0,17320.0
2021050305003593,NICLBSL,6,14,10,1735.0,17350.0
2021050305003613,NICLBSL,35,39,10,1732.0,17320.0
2021050305003612,NICLBSL,35,58,10,1732.0,17320.0
2021050305003609,NICLBSL,35,26,140,1732.0,242480.0
2021050305003608,NICLBSL,26,26,10,1734.0,17340.0
2021050305003605,NICLBSL,26,36,10,1734.0,17340.0
2021050305003604,NICLBSL,26,5,10,1734.0,17340.0
2021050305003620,NICLBSL,56,16,10,1733.0,17330.0
2021050305003618,NICLBSL,35,17,10,1732.0,17320.0
2021050305003617,NICLBSL,35,20,10,1732.0,17320.0
2021050305003616,NICLBSL,35,6,20,1732.0,34640.0
2021050305003615,NICLBSL,35,10,10,1732.0,17320.0
2021050305003614,NICLBSL,35,56,10,1732.0,17320.0
2021050305003628,NICLBSL,49,6,10,1737.0,17370.0
2021050305003627,NICLBSL,49,51,10,1737.0,17370.0
2021050305003626,NICLBSL,49,58,10,1734.0,17340.0
2021050305003625,NICLBSL,49,29,30,1734.0,52020.0
2021050305003623,NICLBSL,39,29,20,1734.0,34680.0
2021050305003621,NICLBSL,56,58,20,1735.0,34700.0
2021050305003642,NICLBSL,49,4,10,1737.0,17370.0
2021050305003641,NICLBSL,49,17,10,1737.0,17370.0
2021050305003640,NICLBSL,49,32,10,1737.0,17370.0
2021050305003635,NICLBSL,49,41,10,1737.0,17370.0
2021050305003634,NICLBSL,49,41,10,1737.0,17370.0
2021050305003632,NICLBSL,49,4,10,1737.0,17370.0
2021050305003657,NICLBSL,36,45,30,1737.0,52110.0
2021050305003656,NICLBSL,52,42,10,1735.0,17350.0
2021050305003654,NICLBSL,39,45,250,1737.0,434250.0
2021050305003653,NICLBSL,56,45,40,1737.0,69480.0
2021050305003651,NICLBSL,49,45,80,1737.0,138960.0
2021050305003648,NICLBSL,55,26,30,1738.0,52140.0
2021050305003663,NICLBSL,52,21,18,1735.0,31230.0
2021050305003662,NICLBSL,17,21,42,1737.0,72954.0
2021050305003661,NICLBSL,17,25,40,1737.0,69480.0
2021050305003660,NICLBSL,17,4,10,1737.0,17370.0
2021050305003659,NICLBSL,17,45,298,1737.0,517626.0
2021050305003658,NICLBSL,17,49,10,1736.0,17360.0
2021050305003673,NICLBSL,35,44,90,1732.0,155880.0
2021050305003672,NICLBSL,21,44,10,1737.0,17370.0
2021050305003671,NICLBSL,21,10,50,1737.0,86850.0
2021050305003669,NICLBSL,47,32,10,1736.0,17360.0
2021050305003668,NICLBSL,33,10,10,1737.0,17370.0
2021050305003667,NICLBSL,33,59,20,1735.0,34700.0
2021050305003195,JLI,3,44,10,829.0,8290.0
2021050305003194,JLI,3,21,10,829.0,8290.0
2021050305003193,JLI,3,48,10,829.0,8290.0
2021050305003192,JLI,3,29,10,829.0,8290.0
2021050305003191,JLI,3,8,10,829.0,8290.0
2021050305003190,JLI,3,44,10,829.0,8290.0
2021050305002707,JLI,8,49,10,829.0,8290.0
2021050305002706,JLI,8,6,10,829.0,8290.0
2021050305002701,JLI,8,55,10,829.0,8290.0
2021050305002717,JLI,8,55,10,829.0,8290.0
2021050305002716,JLI,8,44,10,829.0,8290.0
2021050305002713,JLI,8,19,10,829.0,8290.0
2021050305002710,JLI,8,41,10,829.0,8290.0
2021050305002709,JLI,58,41,10,830.0,8300.0
2021050305002708,JLI,8,58,10,829.0,8290.0
2021050305002726,JLI,8,6,10,829.0,8290.0
2021050305002725,JLI,8,17,10,829.0,8290.0
2021050305002723,JLI,8,41,10,829.0,8290.0
2021050305002722,JLI,8,59,10,829.0,8290.0
2021050305002720,JLI,8,44,10,829.0,8290.0
2021050305002719,JLI,8,14,10,829.0,8290.0
2021050305002740,JLI,8,1,10,829.0,8290.0
2021050305002737,JLI,8,44,10,829.0,8290.0
2021050305002735,JLI,8,55,10,829.0,8290.0
2021050305002732,JLI,8,1,10,829.0,8290.0
2021050305002728,JLI,8,44,10,829.0,8290.0
2021050305002727,JLI,8,41,10,829.0,8290.0
2021050305002747,JLI,8,44,10,829.0,8290.0
2021050305002746,JLI,8,1,10,829.0,8290.0
2021050305002745,JLI,8,32,10,829.0,8290.0
2021050305002743,JLI,8,44,10,829.0,8290.0
2021050305002742,JLI,8,1,10,829.0,8290.0
2021050305002741,JLI,8,55,10,829.0,8290.0
2021050305002758,JLI,22,17,10,830.0,8300.0
2021050305002757,JLI,8,44,10,829.0,8290.0
2021050305002752,JLI,8,44,10,829.0,8290.0
2021050305002751,JLI,58,42,10,830.0,8300.0
2021050305002750,JLI,8,44,10,829.0,8290.0
2021050305002749,JLI,8,58,10,829.0,8290.0
2021050305002766,JLI,8,44,10,829.0,8290.0
2021050305002765,JLI,38,48,10,830.0,8300.0
2021050305002764,JLI,8,58,10,829.0,8290.0
2021050305002763,JLI,8,44,10,829.0,8290.0
2021050305002761,JLI,8,32,10,829.0,8290.0
2021050305002759,JLI,22,48,10,830.0,8300.0
2021050305002772,JLI,8,36,286,829.0,237094.0
2021050305002771,JLI,8,51,10,829.0,8290.0
2021050305002770,JLI,8,44,10,829.0,8290.0
2021050305002769,JLI,58,48,10,830.0,8300.0
2021050305002768,JLI,8,33,70,829.0,58030.0
2021050305002767,JLI,8,51,10,829.0,8290.0
2021050305002780,JLI,8,32,10,829.0,8290.0
2021050305002778,JLI,8,45,10,829.0,8290.0
2021050305002777,JLI,8,51,10,829.0,8290.0
2021050305002775,JLI,8,41,10,829.0,8290.0
2021050305002774,JLI,8,51,10,829.0,8290.0
2021050305002773,JLI,8,58,10,829.0,8290.0
2021050305002790,JLI,8,4,10,829.0,8290.0
2021050305002789,JLI,8,42,10,829.0,8290.0
2021050305002788,JLI,8,46,10,829.0,8290.0
2021050305002787,JLI,8,5,10,829.0,8290.0
2021050305002786,JLI,42,48,12,830.0,9960.0
2021050305002784,JLI,8,8,10,829.0,8290.0
2021050305002807,JLI,8,58,10,829.0,8290.0
2021050305002806,JLI,8,57,10,829.0,8290.0
2021050305002796,JLI,8,46,10,829.0,8290.0
2021050305002795,JLI,8,49,10,829.0,8290.0
2021050305002794,JLI,8,36,10,829.0,8290.0
2021050305002792,JLI,8,41,10,829.0,8290.0
2021050305002815,JLI,19,59,10,829.0,8290.0
2021050305002814,JLI,47,59,50,829.0,41450.0
2021050305002813,JLI,56,51,10,829.0,8290.0
2021050305002811,JLI,56,14,10,829.0,8290.0
2021050305002810,JLI,8,32,10,829.0,8290.0
2021050305002808,JLI,8,14,10,829.0,8290.0
2021050305002835,JLI,38,4,10,829.0,8290.0
2021050305002834,JLI,38,41,10,829.0,8290.0
2021050305002822,JLI,37,52,10,829.0,8290.0
2021050305002818,JLI,52,21,10,829.0,8290.0
2021050305002817,JLI,52,53,10,829.0,8290.0
2021050305002816,JLI,52,59,40,829.0,33160.0
2021050305002841,JLI,38,36,10,829.0,8290.0
2021050305002840,JLI,38,6,10,829.0,8290.0
2021050305002839,JLI,38,58,10,829.0,8290.0
2021050305002838,JLI,38,53,10,829.0,8290.0
2021050305002837,JLI,38,50,10,829.0,8290.0
2021050305002836,JLI,38,49,10,829.0,8290.0
2021050305002851,JLI,6,55,10,829.0,8290.0
2021050305002849,JLI,6,25,10,829.0,8290.0
2021050305002845,JLI,42,48,10,830.0,8300.0
2021050305002844,JLI,6,26,10,829.0,8290.0
2021050305002843,JLI,38,38,10,829.0,8290.0
2021050305002842,JLI,38,28,10,829.0,8290.0
2021050305002862,JLI,57,41,10,829.0,8290.0
2021050305002859,JLI,47,41,10,829.0,8290.0
2021050305002858,JLI,47,42,10,829.0,8290.0
2021050305002854,JLI,47,35,10,829.0,8290.0
2021050305002853,JLI,47,45,10,829.0,8290.0
2021050305002852,JLI,6,41,10,829.0,8290.0
2021050305002874,JLI,48,11,10,828.0,8280.0
2021050305002871,JLI,58,14,90,829.0,74610.0
2021050305002870,JLI,58,45,10,829.0,8290.0
2021050305002865,JLI,32,42,50,829.0,41450.0
2021050305002864,JLI,57,42,10,829.0,8290.0
2021050305002863,JLI,57,45,10,829.0,8290.0
2021050305002883,JLI,21,35,10,828.0,8280.0
2021050305002882,JLI,21,7,10,828.0,8280.0
2021050305002881,JLI,48,52,10,828.0,8280.0
2021050305002880,JLI,34,6,10,829.0,8290.0
2021050305002879,JLI,34,45,10,829.0,8290.0
2021050305002878,JLI,34,14,10,829.0,8290.0
2021050305002891,JLI,55,58,10,828.0,8280.0
2021050305002890,JLI,1,49,10,828.0,8280.0
2021050305002887,JLI,26,59,10,829.0,8290.0
2021050305002886,JLI,26,41,10,829.0,8290.0
2021050305002885,JLI,26,29,10,828.0,8280.0
2021050305002884,JLI,34,41,10,829.0,8290.0
2021050305002897,JLI,35,35,10,828.0,8280.0
2021050305002896,JLI,35,38,10,828.0,8280.0
2021050305002895,JLI,35,41,10,828.0,8280.0
2021050305002894,JLI,35,42,10,828.0,8280.0
2021050305002893,JLI,35,52,10,828.0,8280.0
2021050305002892,JLI,55,14,10,828.0,8280.0
2021050305002913,JLI,35,57,10,828.0,8280.0
2021050305002910,JLI,35,8,10,828.0,8280.0
2021050305002909,JLI,35,29,10,828.0,8280.0
2021050305002908,JLI,35,22,10,828.0,8280.0
2021050305002907,JLI,35,49,10,828.0,8280.0
2021050305002901,JLI,35,54,10,828.0,8280.0
2021050305002921,JLI,35,21,10,828.0,8280.0
2021050305002918,JLI,58,59,10,829.0,8290.0
2021050305002917,JLI,35,4,10,828.0,8280.0
2021050305002916,JLI,43,59,50,829.0,41450.0
2021050305002915,JLI,6,59,20,829.0,16580.0
2021050305002914,JLI,35,49,10,828.0,8280.0
2021050305002928,JLI,35,53,10,828.0,8280.0
2021050305002927,JLI,35,47,10,828.0,8280.0
2021050305002926,JLI,35,45,10,828.0,8280.0
2021050305002925,JLI,35,58,10,828.0,8280.0
2021050305002923,JLI,35,59,10,828.0,8280.0
2021050305002922,JLI,35,4,10,828.0,8280.0
2021050305002935,JLI,22,58,10,829.0,8290.0
2021050305002934,JLI,35,41,10,828.0,8280.0
2021050305002933,JLI,35,29,10,828.0,8280.0
2021050305002931,JLI,35,53,10,828.0,8280.0
2021050305002930,JLI,35,45,20,828.0,16560.0
2021050305002929,JLI,51,53,10,829.0,8290.0
2021050305002943,JLI,35,58,10,828.0,8280.0
2021050305002942,JLI,35,36,10,828.0,8280.0
2021050305002939,JLI,35,25,20,828.0,16560.0
2021050305002938,JLI,35,21,10,828.0,8280.0
2021050305002937,JLI,35,49,10,828.0,8280.0
2021050305002936,JLI,35,29,10,828.0,8280.0
2021050305002954,JLI,35,29,10,828.0,8280.0
2021050305002952,JLI,35,36,10,828.0,8280.0
2021050305002949,JLI,35,6,50,828.0,41400.0
2021050305002946,JLI,35,29,10,828.0,8280.0
2021050305002945,JLI,35,29,10,828.0,8280.0
2021050305002944,JLI,35,8,10,828.0,8280.0
2021050305002963,JLI,35,45,10,828.0,8280.0
2021050305002962,JLI,35,43,10,828.0,8280.0
2021050305002960,JLI,35,46,10,828.0,8280.0
2021050305002959,JLI,35,36,10,828.0,8280.0
2021050305002958,JLI,35,58,10,828.0,8280.0
2021050305002956,JLI,35,53,10,828.0,8280.0
2021050305002972,JLI,34,51,10,828.0,8280.0
2021050305002971,JLI,34,45,10,828.0,8280.0
2021050305002970,JLI,38,47,10,828.0,8280.0
2021050305002967,JLI,38,21,10,828.0,8280.0
2021050305002965,JLI,35,42,10,828.0,8280.0
2021050305002964,JLI,35,38,10,828.0,8280.0
2021050305002983,JLI,25,34,10,828.0,8280.0
2021050305002982,JLI,25,32,10,828.0,8280.0
2021050305002978,JLI,25,57,10,828.0,8280.0
2021050305002976,JLI,34,33,10,828.0,8280.0
2021050305002975,JLI,34,6,10,828.0,8280.0
2021050305002973,JLI,34,16,10,828.0,8280.0
2021050305002991,JLI,25,34,10,828.0,8280.0
2021050305002988,JLI,25,58,10,828.0,8280.0
2021050305002987,JLI,25,6,10,828.0,8280.0
2021050305002986,JLI,25,19,10,828.0,8280.0
2021050305002985,JLI,25,36,10,828.0,8280.0
2021050305002984,JLI,25,35,20,828.0,16560.0
2021050305002998,JLI,8,47,10,828.0,8280.0
2021050305002997,JLI,8,34,10,828.0,8280.0
2021050305002996,JLI,8,21,10,828.0,8280.0
2021050305002995,JLI,8,40,100,828.0,82800.0
2021050305002994,JLI,8,58,10,828.0,8280.0
2021050305002992,JLI,8,19,10,828.0,8280.0
2021050305003012,JLI,8,25,10,828.0,8280.0
2021050305003009,JLI,8,58,10,828.0,8280.0
2021050305003005,JLI,8,57,10,828.0,8280.0
2021050305003002,JLI,8,58,10,828.0,8280.0
2021050305003001,JLI,8,33,10,828.0,8280.0
2021050305003000,JLI,8,19,10,828.0,8280.0
2021050305003021,JLI,8,3,10,828.0,8280.0
2021050305003019,JLI,58,6,10,829.0,8290.0
2021050305003018,JLI,58,41,10,829.0,8290.0
2021050305003017,JLI,58,41,10,829.0,8290.0
2021050305003016,JLI,58,51,10,829.0,8290.0
2021050305003015,JLI,8,47,10,828.0,8280.0
2021050305003036,JLI,58,6,50,829.0,41450.0
2021050305003032,JLI,58,6,22,829.0,18238.0
2021050305003030,JLI,8,58,10,828.0,8280.0
2021050305003027,JLI,8,57,10,828.0,8280.0
2021050305003026,JLI,8,8,10,828.0,8280.0
2021050305003022,JLI,8,6,10,828.0,8280.0
2021050305003046,JLI,8,58,10,828.0,8280.0
2021050305003045,JLI,8,41,10,828.0,8280.0
2021050305003044,JLI,8,45,10,828.0,8280.0
2021050305003040,JLI,8,36,10,828.0,8280.0
2021050305003039,JLI,8,3,10,828.0,8280.0
2021050305003038,JLI,52,6,98,829.0,81242.0
2021050305003053,JLI,8,18,10,828.0,8280.0
2021050305003052,JLI,8,47,10,828.0,8280.0
2021050305003051,JLI,8,3,10,828.0,8280.0
2021050305003050,JLI,8,39,10,828.0,8280.0
2021050305003049,JLI,8,49,10,828.0,8280.0
2021050305003048,JLI,8,41,10,828.0,8280.0
2021050305003063,JLI,8,21,310,828.0,256680.0
2021050305003061,JLI,8,36,10,828.0,8280.0
2021050305003060,JLI,8,22,10,828.0,8280.0
2021050305003059,JLI,6,34,50,829.0,41450.0
2021050305003055,JLI,8,49,10,828.0,8280.0
2021050305003054,JLI,8,54,10,828.0,8280.0
2021050305003070,JLI,38,48,60,829.0,49740.0
2021050305003069,JLI,38,41,10,829.0,8290.0
2021050305003068,JLI,38,6,10,829.0,8290.0
2021050305003067,JLI,38,4,10,829.0,8290.0
2021050305003066,JLI,38,34,10,829.0,8290.0
2021050305003065,JLI,8,41,10,828.0,8280.0
2021050305003078,JLI,29,48,121,829.0,100309.0
2021050305003076,JLI,8,6,10,828.0,8280.0
2021050305003075,JLI,4,48,100,829.0,82900.0
2021050305003074,JLI,21,48,19,829.0,15751.0
2021050305003072,JLI,8,47,10,828.0,8280.0
2021050305003071,JLI,8,17,10,828.0,8280.0
2021050305003084,JLI,29,42,10,829.0,8290.0
2021050305003083,JLI,29,49,10,829.0,8290.0
2021050305003082,JLI,29,56,10,829.0,8290.0
2021050305003081,JLI,29,8,10,829.0,8290.0
2021050305003080,JLI,29,22,10,829.0,8290.0
2021050305003079,JLI,29,42,10,829.0,8290.0
2021050305003103,JLI,29,17,10,829.0,8290.0
2021050305003102,JLI,29,1,10,829.0,8290.0
2021050305003101,JLI,29,59,10,829.0,8290.0
2021050305003088,JLI,29,35,10,829.0,8290.0
2021050305003086,JLI,29,58,10,829.0,8290.0
2021050305003085,JLI,29,36,10,829.0,8290.0
2021050305003115,JLI,29,58,60,829.0,49740.0
2021050305003113,JLI,29,6,10,829.0,8290.0
2021050305003112,JLI,29,36,10,829.0,8290.0
2021050305003107,JLI,29,10,10,829.0,8290.0
2021050305003106,JLI,29,41,10,829.0,8290.0
2021050305003105,JLI,29,47,10,829.0,8290.0
2021050305003121,JLI,19,49,10,829.0,8290.0
2021050305003120,JLI,19,47,10,829.0,8290.0
2021050305003119,JLI,41,33,10,829.0,8290.0
2021050305003118,JLI,52,1,10,829.0,8290.0
2021050305003117,JLI,52,49,10,829.0,8290.0
2021050305003116,JLI,29,41,10,829.0,8290.0
2021050305003128,JLI,3,42,10,830.0,8300.0
2021050305003127,JLI,3,22,10,830.0,8300.0
2021050305003126,JLI,3,1,10,830.0,8300.0
2021050305003125,JLI,3,38,10,830.0,8300.0
2021050305003124,JLI,3,48,138,830.0,114540.0
2021050305003123,JLI,37,35,10,829.0,8290.0
2021050305003134,JLI,3,42,10,830.0,8300.0
2021050305003133,JLI,3,7,10,830.0,8300.0
2021050305003132,JLI,3,21,10,830.0,8300.0
2021050305003131,JLI,3,56,10,830.0,8300.0
2021050305003130,JLI,3,21,10,830.0,8300.0
2021050305003129,JLI,3,53,10,830.0,8300.0
2021050305003140,JLI,3,45,10,830.0,8300.0
2021050305003139,JLI,3,52,10,830.0,8300.0
2021050305003138,JLI,3,41,10,830.0,8300.0
2021050305003137,JLI,3,6,10,830.0,8300.0
2021050305003136,JLI,3,42,10,830.0,8300.0
2021050305003135,JLI,3,56,10,830.0,8300.0
2021050305003146,JLI,3,54,10,830.0,8300.0
2021050305003145,JLI,3,47,10,830.0,8300.0
2021050305003144,JLI,3,51,10,830.0,8300.0
2021050305003143,JLI,3,57,10,830.0,8300.0
2021050305003142,JLI,3,33,10,830.0,8300.0
2021050305003141,JLI,3,55,10,830.0,8300.0
2021050305003152,JLI,3,53,10,830.0,8300.0
2021050305003151,JLI,3,21,10,830.0,8300.0
2021050305003150,JLI,3,11,10,830.0,8300.0
2021050305003149,JLI,3,57,10,830.0,8300.0
2021050305003148,JLI,3,43,10,830.0,8300.0
2021050305003147,JLI,3,6,10,830.0,8300.0
2021050305003158,JLI,8,3,210,828.0,173880.0
2021050305003157,JLI,55,3,50,829.0,41450.0
2021050305003156,JLI,37,3,20,829.0,16580.0
2021050305003155,JLI,3,42,10,830.0,8300.0
2021050305003154,JLI,3,50,10,830.0,8300.0
2021050305003153,JLI,3,45,10,830.0,8300.0
2021050305003167,JLI,52,37,10,829.0,8290.0
2021050305003166,JLI,52,45,10,829.0,8290.0
2021050305003165,JLI,52,36,10,829.0,8290.0
2021050305003164,JLI,52,21,10,829.0,8290.0
2021050305003163,JLI,52,45,10,829.0,8290.0
2021050305003161,JLI,8,16,10,828.0,8280.0
2021050305003173,JLI,52,5,10,830.0,8300.0
2021050305003172,JLI,52,3,10,830.0,8300.0
2021050305003171,JLI,52,42,10,830.0,8300.0
2021050305003170,JLI,52,17,10,830.0,8300.0
2021050305003169,JLI,52,42,10,830.0,8300.0
2021050305003168,JLI,52,48,10,830.0,8300.0
2021050305003181,JLI,52,36,10,829.0,8290.0
2021050305003180,JLI,52,42,10,829.0,8290.0
2021050305003179,JLI,52,53,10,829.0,8290.0
2021050305003176,JLI,52,47,10,829.0,8290.0
2021050305003175,JLI,52,58,10,829.0,8290.0
2021050305003174,JLI,52,41,10,830.0,8300.0
2021050305003189,JLI,34,58,10,829.0,8290.0
2021050305003188,JLI,44,49,10,830.0,8300.0
2021050305003187,JLI,44,58,10,830.0,8300.0
2021050305003186,JLI,34,44,10,829.0,8290.0
2021050305003183,JLI,58,44,10,829.0,8290.0
2021050305003182,JLI,58,29,10,829.0,8290.0
2021050305003184,MLBSL,33,45,10,3780.0,37800.0
2021050305003178,MLBSL,33,36,10,3780.0,37800.0
2021050305003159,MLBSL,33,45,10,3780.0,37800.0
2021050305003114,MLBSL,33,45,10,3780.0,37800.0
2021050305003064,MLBSL,33,45,10,3780.0,37800.0
2021050305003047,MLBSL,33,6,10,3780.0,37800.0
2021050305002779,MLBSL,33,50,10,3780.0,37800.0
2021050305003035,MLBSL,33,45,10,3780.0,37800.0
2021050305003010,MLBSL,33,14,10,3780.0,37800.0
2021050305002961,MLBSL,33,6,10,3780.0,37800.0
2021050305002953,MLBSL,33,32,10,3780.0,37800.0
2021050305002924,MLBSL,33,55,10,3780.0,37800.0
2021050305002793,MLBSL,33,58,10,3780.0,37800.0
2021050305003185,NICLBSL,47,34,10,1732.0,17320.0
2021050305003177,NICLBSL,34,44,10,1733.0,17330.0
2021050305003162,NICLBSL,34,44,10,1733.0,17330.0
2021050305003160,NICLBSL,25,44,20,1735.0,34700.0
2021050305003122,NICLBSL,25,36,10,1735.0,17350.0
2021050305003111,NICLBSL,41,26,10,1731.0,17310.0
2021050305002699,NICLBSL,19,1,10,1740.0,17400.0
2021050305002698,NICLBSL,35,1,20,1740.0,34800.0
2021050305002697,NICLBSL,40,1,10,1740.0,17400.0
2021050305002696,NICLBSL,39,1,50,1740.0,87000.0
2021050305002711,NICLBSL,45,55,10,1740.0,17400.0
2021050305002705,NICLBSL,45,42,20,1740.0,34800.0
2021050305002704,NICLBSL,57,42,10,1740.0,17400.0
2021050305002703,NICLBSL,39,42,10,1740.0,17400.0
2021050305002702,NICLBSL,38,42,10,1740.0,17400.0
2021050305002700,NICLBSL,38,1,20,1740.0,34800.0
2021050305002724,NICLBSL,14,55,10,1739.0,17390.0
2021050305002721,NICLBSL,36,35,50,1740.0,87000.0
2021050305002718,NICLBSL,14,35,10,1739.0,17390.0
2021050305002715,NICLBSL,32,35,49,1740.0,85260.0
2021050305002714,NICLBSL,32,59,10,1740.0,17400.0
2021050305002712,NICLBSL,45,59,10,1740.0,17400.0
2021050305002736,NICLBSL,33,51,20,1739.0,34780.0
2021050305002734,NICLBSL,33,37,30,1739.0,52170.0
2021050305002733,NICLBSL,14,37,10,1739.0,17390.0
2021050305002731,NICLBSL,14,41,10,1739.0,17390.0
2021050305002730,NICLBSL,48,51,10,1740.0,17400.0
2021050305002729,NICLBSL,14,55,10,1739.0,17390.0
2021050305002754,NICLBSL,47,59,10,1737.0,17370.0
2021050305002753,NICLBSL,47,41,10,1737.0,17370.0
2021050305002748,NICLBSL,57,26,10,1738.0,17380.0
2021050305002744,NICLBSL,19,55,10,1738.0,17380.0
2021050305002739,NICLBSL,41,49,10,1740.0,17400.0
2021050305002738,NICLBSL,41,51,30,1739.0,52170.0
2021050305002781,NICLBSL,48,38,10,1736.0,17360.0
2021050305002776,NICLBSL,48,36,10,1736.0,17360.0
2021050305002762,NICLBSL,40,38,10,1737.0,17370.0
2021050305002760,NICLBSL,40,49,10,1737.0,17370.0
2021050305002756,NICLBSL,42,22,10,1738.0,17380.0
2021050305002755,NICLBSL,40,59,10,1737.0,17370.0
2021050305002798,NICLBSL,47,43,100,1735.0,173500.0
2021050305002797,NICLBSL,29,43,20,1735.0,34700.0
2021050305002791,NICLBSL,57,20,10,1736.0,17360.0
2021050305002785,NICLBSL,38,1,20,1736.0,34720.0
2021050305002783,NICLBSL,38,38,30,1736.0,52080.0
2021050305002782,NICLBSL,53,38,10,1736.0,17360.0
2021050305002804,NICLBSL,6,49,50,1735.0,86750.0
2021050305002803,NICLBSL,51,49,10,1735.0,17350.0
2021050305002802,NICLBSL,25,49,50,1735.0,86750.0
2021050305002801,NICLBSL,25,49,30,1735.0,52050.0
2021050305002800,NICLBSL,25,43,250,1735.0,433750.0
2021050305002799,NICLBSL,43,43,100,1735.0,173500.0
2021050305002821,NICLBSL,42,14,10,1730.0,17300.0
2021050305002820,NICLBSL,42,45,20,1730.0,34600.0
2021050305002819,NICLBSL,42,45,50,1730.0,86500.0
2021050305002812,NICLBSL,42,1,10,1730.0,17300.0
2021050305002809,NICLBSL,57,49,10,1734.0,17340.0
2021050305002805,NICLBSL,22,49,20,1735.0,34700.0
2021050305002828,NICLBSL,39,17,20,1730.0,34600.0
2021050305002827,NICLBSL,39,45,20,1730.0,34600.0
2021050305002826,NICLBSL,39,20,10,1730.0,17300.0
2021050305002825,NICLBSL,39,49,20,1730.0,34600.0
2021050305002824,NICLBSL,39,41,20,1730.0,34600.0
2021050305002823,NICLBSL,42,29,10,1730.0,17300.0
2021050305002846,NICLBSL,59,54,100,1731.0,173100.0
2021050305002833,NICLBSL,39,55,40,1734.0,69360.0
2021050305002832,NICLBSL,17,49,10,1735.0,17350.0
2021050305002831,NICLBSL,17,56,10,1733.0,17330.0
2021050305002830,NICLBSL,42,3,10,1730.0,17300.0
2021050305002829,NICLBSL,39,34,10,1730.0,17300.0
2021050305002857,NICLBSL,20,10,27,1730.0,46710.0
2021050305002856,NICLBSL,29,10,43,1730.0,74390.0
2021050305002855,NICLBSL,26,10,30,1730.0,51900.0
2021050305002850,NICLBSL,26,1,10,1730.0,17300.0
2021050305002848,NICLBSL,26,54,60,1730.0,103800.0
2021050305002847,NICLBSL,42,54,40,1730.0,69200.0
2021050305002869,NICLBSL,41,49,20,1730.0,34600.0
2021050305002868,NICLBSL,57,49,145,1730.0,250850.0
2021050305002867,NICLBSL,20,49,43,1730.0,74390.0
2021050305002866,NICLBSL,20,1,10,1730.0,17300.0
2021050305002861,NICLBSL,20,42,10,1730.0,17300.0
2021050305002860,NICLBSL,20,4,10,1730.0,17300.0
2021050305002888,NICLBSL,19,42,10,1726.0,17260.0
2021050305002877,NICLBSL,19,45,10,1726.0,17260.0
2021050305002876,NICLBSL,19,39,10,1726.0,17260.0
2021050305002875,NICLBSL,19,41,10,1726.0,17260.0
2021050305002873,NICLBSL,6,10,10,1726.0,17260.0
2021050305002872,NICLBSL,35,49,20,1730.0,34600.0
2021050305002903,NICLBSL,21,41,10,1725.0,17250.0
2021050305002902,NICLBSL,49,41,10,1725.0,17250.0
2021050305002900,NICLBSL,49,35,10,1725.0,17250.0
2021050305002899,NICLBSL,4,35,10,1726.0,17260.0
2021050305002898,NICLBSL,57,58,10,1726.0,17260.0
2021050305002889,NICLBSL,19,58,10,1726.0,17260.0
2021050305002919,NICLBSL,6,41,20,1725.0,34500.0
2021050305002912,NICLBSL,19,41,90,1725.0,155250.0
2021050305002911,NICLBSL,26,43,10,1721.0,17210.0
2021050305002906,NICLBSL,21,41,30,1725.0,51750.0
2021050305002905,NICLBSL,35,41,20,1725.0,34500.0
2021050305002904,NICLBSL,26,41,50,1725.0,86250.0
2021050305002948,NICLBSL,5,58,10,1725.0,17250.0
2021050305002947,NICLBSL,5,36,10,1725.0,17250.0
2021050305002941,NICLBSL,6,36,10,1725.0,17250.0
2021050305002940,NICLBSL,6,58,10,1725.0,17250.0
2021050305002932,NICLBSL,54,45,10,1724.0,17240.0
2021050305002920,NICLBSL,6,35,10,1725.0,17250.0
2021050305002968,NICLBSL,39,38,10,1726.0,17260.0
2021050305002966,NICLBSL,39,42,10,1726.0,17260.0
2021050305002957,NICLBSL,39,36,10,1726.0,17260.0
2021050305002955,NICLBSL,39,36,10,1726.0,17260.0
2021050305002951,NICLBSL,5,58,10,1725.0,17250.0
2021050305002950,NICLBSL,5,45,10,1725.0,17250.0
2021050305002981,NICLBSL,17,43,10,1729.0,17290.0
2021050305002980,NICLBSL,17,37,10,1729.0,17290.0
2021050305002979,NICLBSL,17,37,10,1729.0,17290.0
2021050305002977,NICLBSL,32,33,10,1728.0,17280.0
2021050305002974,NICLBSL,32,42,10,1728.0,17280.0
2021050305002969,NICLBSL,39,36,10,1726.0,17260.0
2021050305003004,NICLBSL,35,52,26,1727.0,44902.0
2021050305003003,NICLBSL,35,20,10,1727.0,17270.0
2021050305002999,NICLBSL,39,45,10,1726.0,17260.0
2021050305002993,NICLBSL,48,49,20,1730.0,34600.0
2021050305002990,NICLBSL,17,33,10,1729.0,17290.0
2021050305002989,NICLBSL,17,57,10,1729.0,17290.0
2021050305003014,NICLBSL,40,49,50,1730.0,86500.0
2021050305003013,NICLBSL,35,42,10,1727.0,17270.0
2021050305003011,NICLBSL,35,45,10,1727.0,17270.0
2021050305003008,NICLBSL,35,20,10,1727.0,17270.0
2021050305003007,NICLBSL,35,36,10,1727.0,17270.0
2021050305003006,NICLBSL,1,49,20,1730.0,34600.0
2021050305003029,NICLBSL,16,33,10,1727.0,17270.0
2021050305003028,NICLBSL,16,57,50,1727.0,86350.0
2021050305003025,NICLBSL,57,55,10,1730.0,17300.0
2021050305003024,NICLBSL,57,34,10,1729.0,17290.0
2021050305003023,NICLBSL,35,51,10,1727.0,17270.0
2021050305003020,NICLBSL,35,10,10,1727.0,17270.0
2021050305003042,NICLBSL,34,58,10,1730.0,17300.0
2021050305003041,NICLBSL,47,45,10,1727.0,17270.0
2021050305003037,NICLBSL,5,41,10,1730.0,17300.0
2021050305003034,NICLBSL,35,29,10,1730.0,17300.0
2021050305003033,NICLBSL,35,55,10,1730.0,17300.0
2021050305003031,NICLBSL,47,14,10,1727.0,17270.0
2021050305003073,NICLBSL,36,7,10,1731.0,17310.0
2021050305003062,NICLBSL,36,36,10,1731.0,17310.0
2021050305003058,NICLBSL,36,36,10,1731.0,17310.0
2021050305003057,NICLBSL,36,38,10,1731.0,17310.0
2021050305003056,NICLBSL,36,45,10,1731.0,17310.0
2021050305003043,NICLBSL,34,50,10,1730.0,17300.0
2021050305003092,NICLBSL,21,59,100,1731.0,173100.0
2021050305003091,NICLBSL,26,59,30,1732.0,51960.0
2021050305003090,NICLBSL,34,59,10,1733.0,17330.0
2021050305003089,NICLBSL,34,33,10,1733.0,17330.0
2021050305003087,NICLBSL,34,29,10,1733.0,17330.0
2021050305003077,NICLBSL,35,22,10,1733.0,17330.0
2021050305003098,NICLBSL,4,59,22,1730.0,38060.0
2021050305003097,NICLBSL,19,59,100,1730.0,173000.0
2021050305003096,NICLBSL,26,59,100,1730.0,173000.0
2021050305003095,NICLBSL,34,59,30,1730.0,51900.0
2021050305003094,NICLBSL,59,59,50,1731.0,86550.0
2021050305003093,NICLBSL,16,59,10,1731.0,17310.0
2021050305003110,NICLBSL,56,43,10,1734.0,17340.0
2021050305003109,NICLBSL,56,37,10,1733.0,17330.0
2021050305003108,NICLBSL,41,7,10,1731.0,17310.0
2021050305003104,NICLBSL,29,42,20,1733.0,34660.0
2021050305003100,NICLBSL,41,59,18,1730.0,31140.0
2021050305003099,NICLBSL,19,59,20,1730.0,34600.0
2021050305002690,JLI,8,6,10,829.0,8290.0
2021050305002689,JLI,8,6,10,829.0,8290.0
2021050305002687,JLI,8,49,10,829.0,8290.0
2021050305002686,JLI,1,22,10,830.0,8300.0
2021050305002685,JLI,1,32,10,830.0,8300.0
2021050305002681,JLI,1,11,10,830.0,8300.0
2021050305002200,JLI,51,45,10,830.0,8300.0
2021050305002196,JLI,52,34,10,830.0,8300.0
2021050305002216,JLI,52,39,10,830.0,8300.0
2021050305002215,JLI,52,26,10,830.0,8300.0
2021050305002206,JLI,41,59,10,830.0,8300.0
2021050305002205,JLI,41,58,10,830.0,8300.0
2021050305002203,JLI,41,36,10,830.0,8300.0
2021050305002201,JLI,41,21,10,830.0,8300.0
2021050305002225,JLI,52,34,10,830.0,8300.0
2021050305002224,JLI,52,38,10,830.0,8300.0
2021050305002223,JLI,52,14,10,830.0,8300.0
2021050305002222,JLI,52,58,10,830.0,8300.0
2021050305002218,JLI,52,42,10,830.0,8300.0
2021050305002217,JLI,52,59,10,830.0,8300.0
2021050305002232,JLI,42,45,10,831.0,8310.0
2021050305002231,JLI,38,58,10,830.0,8300.0
2021050305002230,JLI,38,52,10,830.0,8300.0
2021050305002229,JLI,38,28,10,830.0,8300.0
2021050305002228,JLI,52,35,10,830.0,8300.0
2021050305002226,JLI,52,52,10,830.0,8300.0
2021050305002239,JLI,52,42,10,830.0,8300.0
2021050305002237,JLI,52,51,10,830.0,8300.0
2021050305002236,JLI,38,58,10,831.0,8310.0
2021050305002235,JLI,52,29,10,830.0,8300.0
2021050305002234,JLI,52,52,10,830.0,8300.0
2021050305002233,JLI,57,51,10,829.0,8290.0
2021050305002245,JLI,26,38,10,832.0,8320.0
2021050305002244,JLI,26,21,10,832.0,8320.0
2021050305002243,JLI,26,35,10,832.0,8320.0
2021050305002242,JLI,26,28,10,831.0,8310.0
2021050305002241,JLI,26,58,10,831.0,8310.0
2021050305002240,JLI,52,52,10,830.0,8300.0
2021050305002251,JLI,26,43,10,832.0,8320.0
2021050305002250,JLI,26,34,10,832.0,8320.0
2021050305002249,JLI,26,38,10,832.0,8320.0
2021050305002248,JLI,26,4,50,832.0,41600.0
2021050305002247,JLI,26,32,10,832.0,8320.0
2021050305002246,JLI,26,56,10,832.0,8320.0
2021050305002271,JLI,51,53,10,830.0,8300.0
2021050305002270,JLI,52,21,10,830.0,8300.0
2021050305002269,JLI,52,14,10,830.0,8300.0
2021050305002254,JLI,52,11,10,830.0,8300.0
2021050305002253,JLI,52,52,10,830.0,8300.0
2021050305002252,JLI,52,52,10,830.0,8300.0
2021050305002284,JLI,25,11,10,831.0,8310.0
2021050305002283,JLI,1,52,10,831.0,8310.0
2021050305002279,JLI,1,52,10,831.0,8310.0
2021050305002277,JLI,56,33,10,832.0,8320.0
2021050305002275,JLI,1,14,10,831.0,8310.0
2021050305002274,JLI,1,56,10,831.0,8310.0
2021050305002301,JLI,52,11,10,830.0,8300.0
2021050305002300,JLI,52,58,10,830.0,8300.0
2021050305002299,JLI,51,1,10,830.0,8300.0
2021050305002298,JLI,51,38,10,830.0,8300.0
2021050305002293,JLI,51,43,10,830.0,8300.0
2021050305002291,JLI,25,52,10,831.0,8310.0
2021050305002307,JLI,52,49,10,830.0,8300.0
2021050305002306,JLI,52,51,10,830.0,8300.0
2021050305002305,JLI,52,1,10,830.0,8300.0
2021050305002304,JLI,52,28,10,830.0,8300.0
2021050305002303,JLI,54,6,10,831.0,8310.0
2021050305002302,JLI,54,45,10,831.0,8310.0
2021050305002316,JLI,8,51,10,830.0,8300.0
2021050305002315,JLI,8,36,10,830.0,8300.0
2021050305002314,JLI,52,3,10,830.0,8300.0
2021050305002313,JLI,52,14,10,830.0,8300.0
2021050305002311,JLI,52,11,10,830.0,8300.0
2021050305002308,JLI,52,55,10,830.0,8300.0
2021050305002324,JLI,56,33,70,830.0,58100.0
2021050305002323,JLI,57,33,40,830.0,33200.0
2021050305002320,JLI,8,26,10,830.0,8300.0
2021050305002319,JLI,8,11,10,830.0,8300.0
2021050305002318,JLI,8,48,10,830.0,8300.0
2021050305002317,JLI,8,58,10,830.0,8300.0
2021050305002335,JLI,8,34,10,830.0,8300.0
2021050305002333,JLI,58,14,10,831.0,8310.0
2021050305002330,JLI,45,6,10,831.0,8310.0
2021050305002329,JLI,45,52,10,831.0,8310.0
2021050305002328,JLI,45,6,10,831.0,8310.0
2021050305002325,JLI,8,58,10,830.0,8300.0
2021050305002347,JLI,58,11,10,831.0,8310.0
2021050305002346,JLI,58,32,10,831.0,8310.0
2021050305002343,JLI,38,33,50,830.0,41500.0
2021050305002342,JLI,41,45,10,830.0,8300.0
2021050305002341,JLI,8,57,10,830.0,8300.0
2021050305002340,JLI,8,1,10,830.0,8300.0
2021050305002354,JLI,17,21,10,830.0,8300.0
2021050305002353,JLI,38,46,10,830.0,8300.0
2021050305002351,JLI,38,8,10,830.0,8300.0
2021050305002350,JLI,38,41,10,830.0,8300.0
2021050305002349,JLI,38,39,10,830.0,8300.0
2021050305002348,JLI,38,35,10,830.0,8300.0
2021050305002361,JLI,38,6,10,830.0,8300.0
2021050305002360,JLI,38,56,10,830.0,8300.0
2021050305002359,JLI,32,26,10,831.0,8310.0
2021050305002357,JLI,38,48,10,830.0,8300.0
2021050305002356,JLI,38,35,10,830.0,8300.0
2021050305002355,JLI,38,53,10,830.0,8300.0
2021050305002368,JLI,38,52,10,830.0,8300.0
2021050305002367,JLI,38,33,10,830.0,8300.0
2021050305002366,JLI,38,48,10,830.0,8300.0
2021050305002365,JLI,38,53,10,830.0,8300.0
2021050305002363,JLI,38,48,10,830.0,8300.0
2021050305002362,JLI,38,58,10,830.0,8300.0
2021050305002377,JLI,38,39,10,830.0,8300.0
2021050305002376,JLI,38,36,10,830.0,8300.0
2021050305002374,JLI,38,59,10,830.0,8300.0
2021050305002373,JLI,38,46,10,830.0,8300.0
2021050305002370,JLI,38,48,10,830.0,8300.0
2021050305002369,JLI,38,48,10,830.0,8300.0
2021050305002384,JLI,38,57,10,830.0,8300.0
2021050305002383,JLI,38,42,10,830.0,8300.0
2021050305002382,JLI,38,32,10,830.0,8300.0
2021050305002381,JLI,38,42,10,830.0,8300.0
2021050305002380,JLI,38,21,10,830.0,8300.0
2021050305002379,JLI,38,10,10,830.0,8300.0
2021050305002393,JLI,38,51,10,830.0,8300.0
2021050305002391,JLI,38,29,10,830.0,8300.0
2021050305002390,JLI,38,42,10,830.0,8300.0
2021050305002388,JLI,38,44,10,830.0,8300.0
2021050305002387,JLI,38,39,10,830.0,8300.0
2021050305002386,JLI,58,45,10,831.0,8310.0
2021050305002404,JLI,1,21,10,831.0,8310.0
2021050305002402,JLI,52,39,10,830.0,8300.0
2021050305002401,JLI,52,45,10,830.0,8300.0
2021050305002400,JLI,52,42,10,830.0,8300.0
2021050305002397,JLI,38,34,10,830.0,8300.0
2021050305002396,JLI,38,57,10,830.0,8300.0
2021050305002411,JLI,52,57,10,830.0,8300.0
2021050305002410,JLI,52,38,10,830.0,8300.0
2021050305002409,JLI,52,42,10,830.0,8300.0
2021050305002408,JLI,52,41,20,830.0,16600.0
2021050305002407,JLI,52,42,10,830.0,8300.0
2021050305002405,JLI,52,41,10,830.0,8300.0
2021050305002417,JLI,4,58,10,832.0,8320.0
2021050305002416,JLI,4,33,10,832.0,8320.0
2021050305002415,JLI,4,49,10,832.0,8320.0
2021050305002414,JLI,4,22,10,832.0,8320.0
2021050305002413,JLI,4,58,10,832.0,8320.0
2021050305002412,JLI,4,58,10,832.0,8320.0
2021050305002426,JLI,57,47,10,829.0,8290.0
2021050305002424,JLI,36,39,10,830.0,8300.0
2021050305002423,JLI,36,58,10,830.0,8300.0
2021050305002422,JLI,36,47,10,829.0,8290.0
2021050305002421,JLI,57,38,10,829.0,8290.0
2021050305002418,JLI,4,53,40,832.0,33280.0
2021050305002433,JLI,52,1,10,830.0,8300.0
2021050305002432,JLI,52,45,10,830.0,8300.0
2021050305002431,JLI,52,43,10,830.0,8300.0
2021050305002430,JLI,52,42,10,830.0,8300.0
2021050305002428,JLI,52,49,10,830.0,8300.0
2021050305002427,JLI,52,11,10,830.0,8300.0
2021050305002447,JLI,38,54,10,830.0,8300.0
2021050305002441,JLI,38,34,10,830.0,8300.0
2021050305002439,JLI,52,35,10,830.0,8300.0
2021050305002438,JLI,52,58,10,830.0,8300.0
2021050305002437,JLI,52,51,10,830.0,8300.0
2021050305002436,JLI,52,6,10,830.0,8300.0
2021050305002457,JLI,58,47,10,831.0,8310.0
2021050305002455,JLI,38,41,10,830.0,8300.0
2021050305002454,JLI,38,35,10,830.0,8300.0
2021050305002452,JLI,38,35,10,830.0,8300.0
2021050305002451,JLI,38,35,10,830.0,8300.0
2021050305002448,JLI,38,49,10,830.0,8300.0
2021050305002472,JLI,35,44,10,830.0,8300.0
2021050305002471,JLI,38,36,10,830.0,8300.0
2021050305002468,JLI,38,14,10,830.0,8300.0
2021050305002466,JLI,38,58,10,830.0,8300.0
2021050305002459,JLI,38,47,10,831.0,8310.0
2021050305002458,JLI,38,51,10,831.0,8310.0
2021050305002493,JLI,13,47,20,830.0,16600.0
2021050305002492,JLI,21,47,10,830.0,8300.0
2021050305002479,JLI,17,58,10,830.0,8300.0
2021050305002477,JLI,35,49,10,830.0,8300.0
2021050305002475,JLI,35,38,10,830.0,8300.0
2021050305002473,JLI,35,25,10,830.0,8300.0
2021050305002500,JLI,52,34,10,831.0,8310.0
2021050305002499,JLI,52,41,10,831.0,8310.0
2021050305002497,JLI,52,35,10,830.0,8300.0
2021050305002496,JLI,42,22,10,831.0,8310.0
2021050305002495,JLI,52,8,10,830.0,8300.0
2021050305002494,JLI,52,47,80,830.0,66400.0
2021050305002509,JLI,38,48,10,830.0,8300.0
2021050305002508,JLI,38,38,10,830.0,8300.0
2021050305002505,JLI,38,36,10,830.0,8300.0
2021050305002503,JLI,34,58,10,830.0,8300.0
2021050305002502,JLI,34,58,10,830.0,8300.0
2021050305002501,JLI,52,45,"1,000",831.0,831000.0
2021050305002516,JLI,38,56,10,830.0,8300.0
2021050305002515,JLI,38,48,10,830.0,8300.0
2021050305002514,JLI,38,48,10,830.0,8300.0
2021050305002513,JLI,47,48,10,831.0,8310.0
2021050305002512,JLI,38,44,10,830.0,8300.0
2021050305002510,JLI,38,16,10,830.0,8300.0
2021050305002525,JLI,38,56,10,830.0,8300.0
2021050305002522,JLI,57,28,10,829.0,8290.0
2021050305002521,JLI,34,48,10,830.0,8300.0
2021050305002520,JLI,34,40,10,830.0,8300.0
2021050305002518,JLI,38,26,10,830.0,8300.0
2021050305002517,JLI,38,45,10,830.0,8300.0
2021050305002531,JLI,38,16,10,830.0,8300.0
2021050305002530,JLI,38,29,10,830.0,8300.0
2021050305002529,JLI,38,58,10,830.0,8300.0
2021050305002528,JLI,38,51,10,830.0,8300.0
2021050305002527,JLI,38,46,10,830.0,8300.0
2021050305002526,JLI,38,32,10,830.0,8300.0
2021050305002540,JLI,34,41,20,830.0,16600.0
2021050305002539,JLI,34,48,10,830.0,8300.0
2021050305002536,JLI,34,56,10,830.0,8300.0
2021050305002535,JLI,38,16,10,830.0,8300.0
2021050305002534,JLI,38,34,10,830.0,8300.0
2021050305002532,JLI,38,14,10,830.0,8300.0
2021050305002548,JLI,34,49,10,830.0,8300.0
2021050305002547,JLI,34,42,10,830.0,8300.0
2021050305002546,JLI,34,6,10,830.0,8300.0
2021050305002545,JLI,34,38,10,830.0,8300.0
2021050305002542,JLI,34,57,20,830.0,16600.0
2021050305002541,JLI,34,59,10,830.0,8300.0
2021050305002555,JLI,34,22,10,830.0,8300.0
2021050305002553,JLI,34,48,10,830.0,8300.0
2021050305002552,JLI,34,36,10,830.0,8300.0
2021050305002551,JLI,34,48,10,830.0,8300.0
2021050305002550,JLI,34,16,10,830.0,8300.0
2021050305002549,JLI,34,19,10,830.0,8300.0
2021050305002564,JLI,34,38,10,830.0,8300.0
2021050305002563,JLI,34,57,10,830.0,8300.0
2021050305002561,JLI,34,51,10,830.0,8300.0
2021050305002560,JLI,34,16,10,830.0,8300.0
2021050305002559,JLI,34,38,10,830.0,8300.0
2021050305002558,JLI,34,57,10,830.0,8300.0
2021050305002570,JLI,34,38,10,830.0,8300.0
2021050305002569,JLI,34,14,10,830.0,8300.0
2021050305002568,JLI,34,58,10,830.0,8300.0
2021050305002567,JLI,34,57,10,830.0,8300.0
2021050305002566,JLI,34,42,10,830.0,8300.0
2021050305002565,JLI,34,34,10,830.0,8300.0
2021050305002576,JLI,34,6,10,830.0,8300.0
2021050305002575,JLI,34,45,10,830.0,8300.0
2021050305002574,JLI,34,42,10,830.0,8300.0
2021050305002573,JLI,34,38,10,830.0,8300.0
2021050305002572,JLI,34,41,10,830.0,8300.0
2021050305002571,JLI,34,58,10,830.0,8300.0
2021050305002584,JLI,52,49,10,830.0,8300.0
2021050305002583,JLI,52,58,10,830.0,8300.0
2021050305002581,JLI,52,57,10,830.0,8300.0
2021050305002579,JLI,34,26,30,830.0,24900.0
2021050305002578,JLI,34,52,10,830.0,8300.0
2021050305002577,JLI,34,56,10,830.0,8300.0
2021050305002594,JLI,52,57,10,830.0,8300.0
2021050305002592,JLI,52,49,10,830.0,8300.0
2021050305002589,JLI,52,6,10,830.0,8300.0
2021050305002587,JLI,52,25,10,830.0,8300.0
2021050305002586,JLI,52,38,10,830.0,8300.0
2021050305002585,JLI,52,58,10,830.0,8300.0
2021050305002608,JLI,17,16,10,830.0,8300.0
2021050305002606,JLI,34,58,10,829.0,8290.0
2021050305002602,JLI,40,40,10,830.0,8300.0
2021050305002600,JLI,34,38,10,829.0,8290.0
2021050305002596,JLI,45,45,10,830.0,8300.0
2021050305002595,JLI,52,58,10,830.0,8300.0
2021050305002620,JLI,34,28,10,829.0,8290.0
2021050305002619,JLI,34,49,10,829.0,8290.0
2021050305002618,JLI,17,49,10,830.0,8300.0
2021050305002616,JLI,34,52,10,829.0,8290.0
2021050305002610,JLI,35,51,10,830.0,8300.0
2021050305002609,JLI,34,22,10,829.0,8290.0
2021050305002641,JLI,19,10,10,829.0,8290.0
2021050305002640,JLI,34,46,10,829.0,8290.0
2021050305002635,JLI,34,10,10,829.0,8290.0
2021050305002634,JLI,34,45,10,829.0,8290.0
2021050305002633,JLI,17,42,10,830.0,8300.0
2021050305002629,JLI,34,10,10,829.0,8290.0
2021050305002655,JLI,19,46,10,829.0,8290.0
2021050305002654,JLI,19,49,10,829.0,8290.0
2021050305002653,JLI,19,49,10,829.0,8290.0
2021050305002645,JLI,19,5,10,829.0,8290.0
2021050305002644,JLI,19,39,10,829.0,8290.0
2021050305002643,JLI,19,58,10,829.0,8290.0
2021050305002664,JLI,8,58,20,829.0,16580.0
2021050305002663,JLI,47,58,10,829.0,8290.0
2021050305002662,JLI,47,8,10,829.0,8290.0
2021050305002661,JLI,19,39,10,829.0,8290.0
2021050305002660,JLI,19,34,10,829.0,8290.0
2021050305002658,JLI,19,4,10,829.0,8290.0
2021050305002670,JLI,57,20,10,830.0,8300.0
2021050305002669,JLI,57,34,10,830.0,8300.0
2021050305002668,JLI,57,21,10,830.0,8300.0
2021050305002667,JLI,57,45,10,830.0,8300.0
2021050305002666,JLI,8,19,10,829.0,8290.0
2021050305002665,JLI,8,59,10,829.0,8290.0
2021050305002680,JLI,1,17,10,830.0,8300.0
2021050305002678,JLI,38,45,10,830.0,8300.0
2021050305002676,JLI,13,22,10,830.0,8300.0
2021050305002675,JLI,13,54,10,830.0,8300.0
2021050305002674,JLI,13,16,10,830.0,8300.0
2021050305002673,JLI,8,11,10,829.0,8290.0
2021050305002590,MLBSL,33,50,10,3780.0,37800.0
2021050305002543,MLBSL,33,38,10,3780.0,37800.0
2021050305002538,MLBSL,33,58,10,3780.0,37800.0
2021050305002504,MLBSL,33,52,10,3780.0,37800.0
2021050305002465,MLBSL,33,4,10,3780.0,37800.0
2021050305002464,MLBSL,33,42,10,3780.0,37800.0
2021050305002378,MLBSL,33,1,10,3780.0,37800.0
2021050305002332,MLBSL,33,29,10,3780.0,37800.0
2021050305002278,MLBSL,33,48,10,3780.0,37800.0
2021050305002211,MLBSL,33,58,10,3780.0,37800.0
2021050305002695,NICLBSL,22,1,10,1740.0,17400.0
2021050305002694,NICLBSL,33,1,80,1740.0,139200.0
2021050305002693,NICLBSL,45,1,10,1740.0,17400.0
2021050305002692,NICLBSL,43,1,20,1740.0,34800.0
2021050305002691,NICLBSL,35,1,20,1740.0,34800.0
2021050305002688,NICLBSL,11,25,20,1740.0,34800.0
2021050305002198,NICLBSL,4,59,10,1745.0,17450.0
2021050305002197,NICLBSL,4,53,10,1745.0,17450.0
2021050305002209,NICLBSL,14,38,10,1745.0,17450.0
2021050305002208,NICLBSL,19,42,10,1745.0,17450.0
2021050305002207,NICLBSL,48,3,50,1746.0,87300.0
2021050305002204,NICLBSL,19,1,10,1745.0,17450.0
2021050305002202,NICLBSL,19,11,10,1745.0,17450.0
2021050305002199,NICLBSL,4,59,10,1745.0,17450.0
2021050305002220,NICLBSL,56,1,10,1745.0,17450.0
2021050305002219,NICLBSL,56,51,40,1745.0,69800.0
2021050305002214,NICLBSL,58,51,90,1745.0,157050.0
2021050305002213,NICLBSL,45,51,65,1745.0,113425.0
2021050305002212,NICLBSL,58,51,30,1745.0,52350.0
2021050305002210,NICLBSL,45,59,10,1745.0,17450.0
2021050305002257,NICLBSL,35,34,10,1745.0,17450.0
2021050305002256,NICLBSL,35,58,10,1745.0,17450.0
2021050305002255,NICLBSL,35,49,10,1745.0,17450.0
2021050305002238,NICLBSL,34,14,20,1744.0,34880.0
2021050305002227,NICLBSL,34,38,20,1744.0,34880.0
2021050305002221,NICLBSL,56,3,87,1746.0,151902.0
2021050305002263,NICLBSL,35,54,10,1745.0,17450.0
2021050305002262,NICLBSL,35,1,20,1745.0,34900.0
2021050305002261,NICLBSL,35,14,10,1745.0,17450.0
2021050305002260,NICLBSL,35,1,20,1745.0,34900.0
2021050305002259,NICLBSL,35,1,10,1745.0,17450.0
2021050305002258,NICLBSL,35,34,10,1745.0,17450.0
2021050305002272,NICLBSL,33,38,10,1744.0,17440.0
2021050305002268,NICLBSL,40,16,29,1745.0,50605.0
2021050305002267,NICLBSL,35,16,40,1745.0,69800.0
2021050305002266,NICLBSL,35,56,10,1745.0,17450.0
2021050305002265,NICLBSL,35,54,10,1745.0,17450.0
2021050305002264,NICLBSL,35,29,10,1745.0,17450.0
2021050305002285,NICLBSL,33,46,10,1744.0,17440.0
2021050305002282,NICLBSL,33,39,10,1744.0,17440.0
2021050305002281,NICLBSL,33,45,10,1744.0,17440.0
2021050305002280,NICLBSL,33,1,10,1744.0,17440.0
2021050305002276,NICLBSL,33,45,10,1744.0,17440.0
2021050305002273,NICLBSL,33,52,10,1744.0,17440.0
2021050305002292,NICLBSL,26,1,10,1744.0,17440.0
2021050305002290,NICLBSL,25,46,50,1742.0,87100.0
2021050305002289,NICLBSL,51,46,10,1742.0,17420.0
2021050305002288,NICLBSL,45,46,100,1743.0,174300.0
2021050305002287,NICLBSL,41,46,10,1743.0,17430.0
2021050305002286,NICLBSL,7,46,30,1744.0,52320.0
2021050305002310,NICLBSL,7,38,10,1742.0,17420.0
2021050305002309,NICLBSL,32,48,10,1742.0,17420.0
2021050305002297,NICLBSL,32,43,10,1742.0,17420.0
2021050305002296,NICLBSL,32,1,10,1742.0,17420.0
2021050305002295,NICLBSL,32,1,20,1742.0,34840.0
2021050305002294,NICLBSL,26,45,12,1744.0,20928.0
2021050305002331,NICLBSL,51,53,10,1742.0,17420.0
2021050305002327,NICLBSL,51,58,10,1742.0,17420.0
2021050305002326,NICLBSL,51,32,10,1742.0,17420.0
2021050305002322,NICLBSL,51,25,60,1742.0,104520.0
2021050305002321,NICLBSL,7,26,10,1742.0,17420.0
2021050305002312,NICLBSL,7,34,10,1742.0,17420.0
2021050305002344,NICLBSL,38,5,10,1742.0,17420.0
2021050305002339,NICLBSL,38,16,90,1742.0,156780.0
2021050305002338,NICLBSL,51,16,10,1742.0,17420.0
2021050305002337,NICLBSL,54,58,10,1744.0,17440.0
2021050305002336,NICLBSL,54,33,10,1744.0,17440.0
2021050305002334,NICLBSL,22,33,10,1744.0,17440.0
2021050305002372,NICLBSL,47,58,10,1742.0,17420.0
2021050305002371,NICLBSL,37,58,21,1743.0,36603.0
2021050305002364,NICLBSL,25,16,20,1745.0,34900.0
2021050305002358,NICLBSL,58,58,10,1741.0,17410.0
2021050305002352,NICLBSL,58,47,10,1741.0,17410.0
2021050305002345,NICLBSL,41,5,10,1741.0,17410.0
2021050305002395,NICLBSL,21,58,10,1744.0,17440.0
2021050305002394,NICLBSL,21,49,10,1744.0,17440.0
2021050305002392,NICLBSL,46,29,10,1743.0,17430.0
2021050305002389,NICLBSL,46,29,10,1742.0,17420.0
2021050305002385,NICLBSL,36,29,50,1742.0,87100.0
2021050305002375,NICLBSL,58,58,10,1744.0,17440.0
2021050305002420,NICLBSL,21,47,10,1744.0,17440.0
2021050305002419,NICLBSL,21,41,10,1744.0,17440.0
2021050305002406,NICLBSL,21,34,10,1744.0,17440.0
2021050305002403,NICLBSL,25,32,10,1744.0,17440.0
2021050305002399,NICLBSL,46,5,20,1743.0,34860.0
2021050305002398,NICLBSL,46,47,10,1743.0,17430.0
2021050305002442,NICLBSL,46,47,10,1743.0,17430.0
2021050305002440,NICLBSL,46,47,20,1743.0,34860.0
2021050305002435,NICLBSL,38,16,80,1745.0,139600.0
2021050305002434,NICLBSL,21,47,50,1744.0,87200.0
2021050305002429,NICLBSL,21,47,10,1744.0,17440.0
2021050305002425,NICLBSL,21,16,10,1744.0,17440.0
2021050305002450,NICLBSL,44,33,10,1744.0,17440.0
2021050305002449,NICLBSL,46,48,78,1743.0,135954.0
2021050305002446,NICLBSL,21,46,50,1744.0,87200.0
2021050305002445,NICLBSL,21,43,20,1744.0,34880.0
2021050305002444,NICLBSL,46,58,10,1743.0,17430.0
2021050305002443,NICLBSL,46,35,100,1743.0,174300.0
2021050305002463,NICLBSL,29,36,52,1741.0,90532.0
2021050305002462,NICLBSL,58,36,70,1741.0,121870.0
2021050305002461,NICLBSL,33,36,10,1742.0,17420.0
2021050305002460,NICLBSL,49,36,68,1742.0,118456.0
2021050305002456,NICLBSL,46,48,100,1743.0,174300.0
2021050305002453,NICLBSL,46,33,10,1743.0,17430.0
2021050305002478,NICLBSL,21,48,10,1742.0,17420.0
2021050305002476,NICLBSL,21,51,10,1742.0,17420.0
2021050305002474,NICLBSL,21,20,10,1742.0,17420.0
2021050305002470,NICLBSL,29,54,90,1741.0,156690.0
2021050305002469,NICLBSL,22,54,50,1743.0,87150.0
2021050305002467,NICLBSL,42,53,20,1742.0,34840.0
2021050305002485,NICLBSL,50,21,10,1745.0,17450.0
2021050305002484,NICLBSL,50,22,10,1745.0,17450.0
2021050305002483,NICLBSL,50,42,10,1745.0,17450.0
2021050305002482,NICLBSL,50,1,10,1745.0,17450.0
2021050305002481,NICLBSL,50,1,10,1745.0,17450.0
2021050305002480,NICLBSL,21,33,10,1742.0,17420.0
2021050305002491,NICLBSL,50,34,10,1745.0,17450.0
2021050305002490,NICLBSL,50,32,10,1745.0,17450.0
2021050305002489,NICLBSL,50,36,510,1745.0,889950.0
2021050305002488,NICLBSL,50,17,15,1745.0,26175.0
2021050305002487,NICLBSL,50,42,36,1745.0,62820.0
2021050305002486,NICLBSL,50,21,10,1745.0,17450.0
2021050305002523,NICLBSL,58,28,10,1742.0,17420.0
2021050305002519,NICLBSL,21,48,10,1742.0,17420.0
2021050305002511,NICLBSL,50,3,24,1746.0,41904.0
2021050305002507,NICLBSL,50,13,15,1745.0,26175.0
2021050305002506,NICLBSL,50,22,10,1745.0,17450.0
2021050305002498,NICLBSL,50,36,10,1745.0,17450.0
2021050305002556,NICLBSL,25,33,10,1744.0,17440.0
2021050305002554,NICLBSL,29,42,10,1741.0,17410.0
2021050305002544,NICLBSL,58,47,10,1742.0,17420.0
2021050305002537,NICLBSL,58,42,10,1742.0,17420.0
2021050305002533,NICLBSL,58,43,10,1742.0,17420.0
2021050305002524,NICLBSL,58,41,10,1742.0,17420.0
2021050305002591,NICLBSL,38,38,50,1742.0,87100.0
2021050305002588,NICLBSL,38,58,10,1742.0,17420.0
2021050305002582,NICLBSL,38,51,10,1742.0,17420.0
2021050305002580,NICLBSL,28,39,10,1742.0,17420.0
2021050305002562,NICLBSL,40,44,100,1745.0,174500.0
2021050305002557,NICLBSL,25,42,10,1745.0,17450.0
2021050305002603,NICLBSL,38,14,10,1742.0,17420.0
2021050305002601,NICLBSL,38,16,10,1742.0,17420.0
2021050305002599,NICLBSL,38,28,10,1742.0,17420.0
2021050305002598,NICLBSL,38,58,10,1742.0,17420.0
2021050305002597,NICLBSL,38,28,10,1742.0,17420.0
2021050305002593,NICLBSL,38,52,10,1742.0,17420.0
2021050305002613,NICLBSL,38,39,10,1742.0,17420.0
2021050305002612,NICLBSL,38,29,10,1742.0,17420.0
2021050305002611,NICLBSL,38,28,10,1742.0,17420.0
2021050305002607,NICLBSL,38,28,10,1742.0,17420.0
2021050305002605,NICLBSL,38,41,10,1742.0,17420.0
2021050305002604,NICLBSL,38,52,50,1742.0,87100.0
2021050305002623,NICLBSL,29,38,328,1741.0,571048.0
2021050305002622,NICLBSL,53,38,14,1742.0,24388.0
2021050305002621,NICLBSL,29,52,10,1741.0,17410.0
2021050305002617,NICLBSL,29,59,10,1741.0,17410.0
2021050305002615,NICLBSL,38,54,10,1742.0,17420.0
2021050305002614,NICLBSL,38,58,10,1742.0,17420.0
2021050305002630,NICLBSL,14,1,24,1743.0,41832.0
2021050305002628,NICLBSL,37,38,198,1740.0,344520.0
2021050305002627,NICLBSL,38,38,50,1740.0,87000.0
2021050305002626,NICLBSL,6,38,200,1741.0,348200.0
2021050305002625,NICLBSL,41,38,10,1741.0,17410.0
2021050305002624,NICLBSL,46,38,200,1741.0,348200.0
2021050305002639,NICLBSL,37,21,10,1740.0,17400.0
2021050305002638,NICLBSL,37,17,20,1740.0,34800.0
2021050305002637,NICLBSL,34,43,20,1742.0,34840.0
2021050305002636,NICLBSL,37,44,10,1740.0,17400.0
2021050305002632,NICLBSL,17,49,10,1742.0,17420.0
2021050305002631,NICLBSL,17,58,10,1742.0,17420.0
2021050305002650,NICLBSL,21,59,10,1740.0,17400.0
2021050305002649,NICLBSL,21,39,10,1740.0,17400.0
2021050305002648,NICLBSL,37,14,10,1740.0,17400.0
2021050305002647,NICLBSL,37,59,100,1740.0,174000.0
2021050305002646,NICLBSL,37,20,132,1740.0,229680.0
2021050305002642,NICLBSL,37,42,10,1740.0,17400.0
2021050305002671,NICLBSL,38,1,100,1740.0,174000.0
2021050305002659,NICLBSL,38,59,10,1740.0,17400.0
2021050305002657,NICLBSL,38,4,40,1740.0,69600.0
2021050305002656,NICLBSL,38,59,10,1740.0,17400.0
2021050305002652,NICLBSL,21,38,20,1740.0,34800.0
2021050305002651,NICLBSL,21,1,56,1740.0,97440.0
2021050305002684,NICLBSL,11,57,30,1740.0,52200.0
2021050305002683,NICLBSL,41,57,10,1740.0,17400.0
2021050305002682,NICLBSL,45,57,10,1740.0,17400.0
2021050305002679,NICLBSL,38,34,20,1740.0,34800.0
2021050305002677,NICLBSL,38,35,10,1740.0,17400.0
2021050305002672,NICLBSL,38,55,10,1740.0,17400.0
2021050305002193,JLI,52,4,10,830.0,8300.0
2021050305002192,JLI,52,34,10,830.0,8300.0
2021050305002191,JLI,52,47,10,830.0,8300.0
2021050305002187,JLI,52,49,10,830.0,8300.0
2021050305002186,JLI,52,11,10,830.0,8300.0
2021050305002185,JLI,52,21,10,830.0,8300.0
2021050305001698,JLI,25,10,10,831.0,8310.0
2021050305001697,JLI,25,47,10,831.0,8310.0
2021050305001696,JLI,25,6,10,831.0,8310.0
2021050305001707,JLI,57,43,10,831.0,8310.0
2021050305001706,JLI,25,11,10,831.0,8310.0
2021050305001704,JLI,25,34,10,831.0,8310.0
2021050305001703,JLI,25,36,10,831.0,8310.0
2021050305001702,JLI,25,29,10,831.0,8310.0
2021050305001699,JLI,25,45,10,831.0,8310.0
2021050305001713,JLI,6,35,10,832.0,8320.0
2021050305001712,JLI,6,21,10,832.0,8320.0
2021050305001711,JLI,6,17,10,832.0,8320.0
2021050305001710,JLI,6,45,10,832.0,8320.0
2021050305001709,JLI,6,59,10,832.0,8320.0
2021050305001708,JLI,57,59,10,831.0,8310.0
2021050305001720,JLI,1,45,10,830.0,8300.0
2021050305001719,JLI,1,11,10,830.0,8300.0
2021050305001717,JLI,34,42,10,830.0,8300.0
2021050305001716,JLI,57,47,10,831.0,8310.0
2021050305001715,JLI,57,46,10,831.0,8310.0
2021050305001714,JLI,57,14,10,831.0,8310.0
2021050305001732,JLI,47,47,10,830.0,8300.0
2021050305001731,JLI,1,47,10,830.0,8300.0
2021050305001730,JLI,45,36,10,831.0,8310.0
2021050305001728,JLI,1,47,10,830.0,8300.0
2021050305001724,JLI,1,47,10,830.0,8300.0
2021050305001721,JLI,1,21,10,830.0,8300.0
2021050305001741,JLI,26,58,10,830.0,8300.0
2021050305001740,JLI,55,17,10,830.0,8300.0
2021050305001737,JLI,55,11,10,830.0,8300.0
2021050305001736,JLI,58,47,10,830.0,8300.0
2021050305001734,JLI,47,11,10,830.0,8300.0
2021050305001733,JLI,47,58,10,830.0,8300.0
2021050305001753,JLI,52,21,10,830.0,8300.0
2021050305001752,JLI,28,46,10,831.0,8310.0
2021050305001751,JLI,28,36,10,831.0,8310.0
2021050305001750,JLI,28,46,10,831.0,8310.0
2021050305001749,JLI,33,51,10,830.0,8300.0
2021050305001746,JLI,17,11,10,830.0,8300.0
2021050305001761,JLI,52,51,10,830.0,8300.0
2021050305001758,JLI,52,21,10,830.0,8300.0
2021050305001757,JLI,52,53,10,831.0,8310.0
2021050305001756,JLI,52,36,10,831.0,8310.0
2021050305001755,JLI,52,46,10,831.0,8310.0
2021050305001754,JLI,52,41,10,831.0,8310.0
2021050305001769,JLI,52,53,10,830.0,8300.0
2021050305001767,JLI,52,45,10,830.0,8300.0
2021050305001766,JLI,52,11,10,830.0,8300.0
2021050305001765,JLI,52,52,10,830.0,8300.0
2021050305001764,JLI,52,6,10,830.0,8300.0
2021050305001763,JLI,52,49,10,830.0,8300.0
2021050305001778,JLI,57,51,10,830.0,8300.0
2021050305001776,JLI,57,52,10,830.0,8300.0
2021050305001774,JLI,57,38,10,830.0,8300.0
2021050305001773,JLI,57,36,10,830.0,8300.0
2021050305001772,JLI,57,41,10,830.0,8300.0
2021050305001771,JLI,52,34,10,830.0,8300.0
2021050305001784,JLI,41,21,10,829.0,8290.0
2021050305001783,JLI,39,52,10,830.0,8300.0
2021050305001782,JLI,39,52,10,830.0,8300.0
2021050305001781,JLI,51,34,10,830.0,8300.0
2021050305001780,JLI,51,21,82,830.0,68060.0
2021050305001779,JLI,42,21,18,830.0,14940.0
2021050305001795,JLI,52,52,10,830.0,8300.0
2021050305001794,JLI,52,45,10,830.0,8300.0
2021050305001793,JLI,52,52,10,830.0,8300.0
2021050305001790,JLI,52,44,20,830.0,16600.0
2021050305001789,JLI,38,41,10,830.0,8300.0
2021050305001788,JLI,38,58,10,830.0,8300.0
2021050305001802,JLI,56,21,10,830.0,8300.0
2021050305001801,JLI,52,58,10,830.0,8300.0
2021050305001800,JLI,52,45,10,830.0,8300.0
2021050305001799,JLI,52,34,10,830.0,8300.0
2021050305001798,JLI,52,58,10,830.0,8300.0
2021050305001797,JLI,52,52,10,830.0,8300.0
2021050305001810,JLI,45,52,10,830.0,8300.0
2021050305001809,JLI,55,45,10,829.0,8290.0
2021050305001807,JLI,55,17,10,829.0,8290.0
2021050305001806,JLI,57,55,10,830.0,8300.0
2021050305001805,JLI,57,52,10,830.0,8300.0
2021050305001803,JLI,56,17,10,830.0,8300.0
2021050305001819,JLI,55,45,10,829.0,8290.0
2021050305001816,JLI,55,17,10,829.0,8290.0
2021050305001815,JLI,55,52,10,829.0,8290.0
2021050305001813,JLI,55,33,10,829.0,8290.0
2021050305001812,JLI,45,55,10,830.0,8300.0
2021050305001811,JLI,45,7,10,830.0,8300.0
2021050305001828,JLI,52,7,10,830.0,8300.0
2021050305001827,JLI,52,17,10,830.0,8300.0
2021050305001826,JLI,52,52,10,830.0,8300.0
2021050305001822,JLI,52,17,10,830.0,8300.0
2021050305001821,JLI,52,32,10,830.0,8300.0
2021050305001820,JLI,52,8,10,830.0,8300.0
2021050305001838,JLI,52,39,10,830.0,8300.0
2021050305001836,JLI,55,45,10,829.0,8290.0
2021050305001835,JLI,52,8,10,830.0,8300.0
2021050305001834,JLI,52,17,10,830.0,8300.0
2021050305001831,JLI,52,45,10,830.0,8300.0
2021050305001829,JLI,52,45,10,830.0,8300.0
2021050305001844,JLI,52,17,10,830.0,8300.0
2021050305001843,JLI,52,20,10,830.0,8300.0
2021050305001842,JLI,52,45,10,830.0,8300.0
2021050305001841,JLI,52,52,10,830.0,8300.0
2021050305001840,JLI,52,38,10,830.0,8300.0
2021050305001839,JLI,52,52,10,830.0,8300.0
2021050305001851,JLI,34,58,10,831.0,8310.0
2021050305001850,JLI,34,58,10,831.0,8310.0
2021050305001849,JLI,34,19,10,831.0,8310.0
2021050305001847,JLI,52,38,10,830.0,8300.0
2021050305001846,JLI,52,34,10,830.0,8300.0
2021050305001845,JLI,52,55,10,830.0,8300.0
2021050305001862,JLI,52,56,10,829.0,8290.0
2021050305001860,JLI,55,36,10,829.0,8290.0
2021050305001855,JLI,55,53,10,829.0,8290.0
2021050305001854,JLI,55,45,10,829.0,8290.0
2021050305001853,JLI,34,58,10,831.0,8310.0
2021050305001852,JLI,34,49,10,831.0,8310.0
2021050305001868,JLI,52,45,10,830.0,8300.0
2021050305001867,JLI,52,55,10,830.0,8300.0
2021050305001866,JLI,52,52,10,830.0,8300.0
2021050305001865,JLI,52,57,10,830.0,8300.0
2021050305001864,JLI,52,52,10,830.0,8300.0
2021050305001863,JLI,52,52,10,830.0,8300.0
2021050305001874,JLI,55,45,10,829.0,8290.0
2021050305001873,JLI,55,52,10,829.0,8290.0
2021050305001872,JLI,55,17,10,829.0,8290.0
2021050305001871,JLI,52,52,10,830.0,8300.0
2021050305001870,JLI,52,58,10,830.0,8300.0
2021050305001869,JLI,52,45,10,830.0,8300.0
2021050305001880,JLI,41,50,10,829.0,8290.0
2021050305001879,JLI,17,11,10,829.0,8290.0
2021050305001878,JLI,45,8,10,829.0,8290.0
2021050305001877,JLI,45,56,10,829.0,8290.0
2021050305001876,JLI,55,17,10,829.0,8290.0
2021050305001875,JLI,55,52,10,829.0,8290.0
2021050305001890,JLI,34,4,10,830.0,8300.0
2021050305001889,JLI,34,21,10,830.0,8300.0
2021050305001888,JLI,34,26,10,830.0,8300.0
2021050305001887,JLI,41,7,10,829.0,8290.0
2021050305001886,JLI,41,53,10,829.0,8290.0
2021050305001881,JLI,41,45,10,829.0,8290.0
2021050305001920,JLI,52,52,10,830.0,8300.0
2021050305001897,JLI,57,17,10,829.0,8290.0
2021050305001894,JLI,41,39,10,829.0,8290.0
2021050305001893,JLI,34,52,10,830.0,8300.0
2021050305001892,JLI,34,52,10,830.0,8300.0
2021050305001891,JLI,34,1,10,830.0,8300.0
2021050305001926,JLI,52,45,10,830.0,8300.0
2021050305001925,JLI,52,45,10,830.0,8300.0
2021050305001924,JLI,52,38,10,830.0,8300.0
2021050305001923,JLI,52,39,10,830.0,8300.0
2021050305001922,JLI,52,11,10,830.0,8300.0
2021050305001921,JLI,52,58,10,830.0,8300.0
2021050305001935,JLI,52,6,10,830.0,8300.0
2021050305001932,JLI,52,6,10,830.0,8300.0
2021050305001930,JLI,52,6,10,830.0,8300.0
2021050305001929,JLI,52,29,10,830.0,8300.0
2021050305001928,JLI,52,57,10,830.0,8300.0
2021050305001927,JLI,52,6,10,830.0,8300.0
2021050305001942,JLI,52,45,10,830.0,8300.0
2021050305001940,JLI,52,52,10,830.0,8300.0
2021050305001939,JLI,52,16,10,830.0,8300.0
2021050305001938,JLI,52,46,10,830.0,8300.0
2021050305001937,JLI,52,32,10,830.0,8300.0
2021050305001936,JLI,52,55,10,830.0,8300.0
2021050305001951,JLI,11,42,10,831.0,8310.0
2021050305001950,JLI,52,43,10,830.0,8300.0
2021050305001949,JLI,52,11,10,830.0,8300.0
2021050305001948,JLI,52,35,10,830.0,8300.0
2021050305001947,JLI,52,45,10,830.0,8300.0
2021050305001945,JLI,52,57,10,830.0,8300.0
2021050305001959,JLI,52,11,10,830.0,8300.0
2021050305001957,JLI,52,36,10,830.0,8300.0
2021050305001955,JLI,11,1,10,832.0,8320.0
2021050305001954,JLI,11,4,10,832.0,8320.0
2021050305001953,JLI,11,17,10,831.0,8310.0
2021050305001952,JLI,11,58,10,831.0,8310.0
2021050305001970,JLI,52,55,10,830.0,8300.0
2021050305001968,JLI,52,59,10,830.0,8300.0
2021050305001967,JLI,52,38,10,830.0,8300.0
2021050305001963,JLI,34,6,10,831.0,8310.0
2021050305001962,JLI,34,14,10,831.0,8310.0
2021050305001961,JLI,34,40,10,831.0,8310.0
2021050305001981,JLI,58,57,10,832.0,8320.0
2021050305001980,JLI,58,44,10,832.0,8320.0
2021050305001979,JLI,58,22,10,832.0,8320.0
2021050305001977,JLI,6,40,10,830.0,8300.0
2021050305001973,JLI,6,48,10,830.0,8300.0
2021050305001971,JLI,52,38,10,830.0,8300.0
2021050305001992,JLI,6,58,10,830.0,8300.0
2021050305001991,JLI,6,58,10,830.0,8300.0
2021050305001990,JLI,6,39,10,830.0,8300.0
2021050305001984,JLI,6,10,10,830.0,8300.0
2021050305001983,JLI,6,40,10,830.0,8300.0
2021050305001982,JLI,58,38,10,832.0,8320.0
2021050305001998,JLI,6,48,10,830.0,8300.0
2021050305001997,JLI,6,40,10,830.0,8300.0
2021050305001996,JLI,6,43,10,830.0,8300.0
2021050305001995,JLI,6,21,10,830.0,8300.0
2021050305001994,JLI,6,38,10,830.0,8300.0
2021050305001993,JLI,6,45,10,830.0,8300.0
2021050305002008,JLI,6,49,10,830.0,8300.0
2021050305002004,JLI,6,16,10,830.0,8300.0
2021050305002002,JLI,6,46,10,830.0,8300.0
2021050305002001,JLI,6,58,10,830.0,8300.0
2021050305002000,JLI,6,58,10,830.0,8300.0
2021050305001999,JLI,6,57,10,830.0,8300.0
2021050305002020,JLI,55,29,10,830.0,8300.0
2021050305002017,JLI,55,8,10,830.0,8300.0
2021050305002016,JLI,55,59,10,830.0,8300.0
2021050305002015,JLI,55,58,10,830.0,8300.0
2021050305002012,JLI,55,40,10,830.0,8300.0
2021050305002011,JLI,6,46,10,830.0,8300.0
2021050305002026,JLI,52,4,10,830.0,8300.0
2021050305002025,JLI,42,21,10,831.0,8310.0
2021050305002024,JLI,56,49,10,830.0,8300.0
2021050305002023,JLI,55,57,10,830.0,8300.0
2021050305002022,JLI,55,46,10,830.0,8300.0
2021050305002021,JLI,55,16,10,830.0,8300.0
2021050305002039,JLI,52,50,10,830.0,8300.0
2021050305002038,JLI,52,49,10,830.0,8300.0
2021050305002037,JLI,52,37,10,830.0,8300.0
2021050305002031,JLI,52,4,10,830.0,8300.0
2021050305002029,JLI,52,49,10,830.0,8300.0
2021050305002028,JLI,52,7,10,830.0,8300.0
2021050305002045,JLI,19,51,10,830.0,8300.0
2021050305002044,JLI,19,37,10,830.0,8300.0
2021050305002043,JLI,19,7,10,830.0,8300.0
2021050305002042,JLI,52,8,10,830.0,8300.0
2021050305002041,JLI,52,45,10,830.0,8300.0
2021050305002040,JLI,52,1,10,830.0,8300.0
2021050305002053,JLI,38,58,10,830.0,8300.0
2021050305002052,JLI,38,51,10,830.0,8300.0
2021050305002050,JLI,38,56,10,830.0,8300.0
2021050305002049,JLI,38,19,10,830.0,8300.0
2021050305002048,JLI,26,13,10,830.0,8300.0
2021050305002046,JLI,51,38,10,830.0,8300.0
2021050305002065,JLI,37,53,10,830.0,8300.0
2021050305002060,JLI,38,49,20,830.0,16600.0
2021050305002059,JLI,38,51,10,830.0,8300.0
2021050305002058,JLI,38,13,10,830.0,8300.0
2021050305002055,JLI,38,8,10,830.0,8300.0
2021050305002054,JLI,38,55,10,830.0,8300.0
2021050305002075,JLI,37,44,10,830.0,8300.0
2021050305002073,JLI,37,48,10,830.0,8300.0
2021050305002070,JLI,37,44,10,830.0,8300.0
2021050305002069,JLI,37,13,10,830.0,8300.0
2021050305002068,JLI,37,29,10,830.0,8300.0
2021050305002066,JLI,17,49,10,831.0,8310.0
2021050305002082,JLI,37,59,10,830.0,8300.0
2021050305002081,JLI,37,58,10,830.0,8300.0
2021050305002080,JLI,37,14,10,830.0,8300.0
2021050305002079,JLI,37,47,10,830.0,8300.0
2021050305002078,JLI,37,13,10,830.0,8300.0
2021050305002076,JLI,37,48,10,830.0,8300.0
2021050305002098,JLI,37,34,10,830.0,8300.0
2021050305002097,JLI,37,34,10,830.0,8300.0
2021050305002095,JLI,37,58,10,830.0,8300.0
2021050305002094,JLI,37,45,10,830.0,8300.0
2021050305002093,JLI,37,46,10,830.0,8300.0
2021050305002090,JLI,37,53,10,830.0,8300.0
2021050305002108,JLI,38,34,10,830.0,8300.0
2021050305002107,JLI,38,48,10,830.0,8300.0
2021050305002106,JLI,37,13,10,830.0,8300.0
2021050305002104,JLI,37,16,10,830.0,8300.0
2021050305002101,JLI,37,53,10,830.0,8300.0
2021050305002100,JLI,37,42,10,830.0,8300.0
2021050305002120,JLI,58,22,10,831.0,8310.0
2021050305002119,JLI,58,34,10,831.0,8310.0
2021050305002118,JLI,38,47,10,830.0,8300.0
2021050305002117,JLI,38,6,10,830.0,8300.0
2021050305002116,JLI,38,13,10,830.0,8300.0
2021050305002109,JLI,38,42,10,830.0,8300.0
2021050305002132,JLI,43,41,10,830.0,8300.0
2021050305002131,JLI,43,41,10,830.0,8300.0
2021050305002127,JLI,38,47,10,830.0,8300.0
2021050305002125,JLI,38,16,10,830.0,8300.0
2021050305002122,JLI,38,6,10,830.0,8300.0
2021050305002121,JLI,38,39,10,830.0,8300.0
2021050305002141,JLI,51,49,10,830.0,8300.0
2021050305002139,JLI,52,49,10,830.0,8300.0
2021050305002138,JLI,52,34,10,830.0,8300.0
2021050305002137,JLI,43,52,10,830.0,8300.0
2021050305002134,JLI,43,46,10,830.0,8300.0
2021050305002133,JLI,43,56,10,830.0,8300.0
2021050305002149,JLI,52,22,10,830.0,8300.0
2021050305002148,JLI,51,56,10,830.0,8300.0
2021050305002147,JLI,51,45,10,830.0,8300.0
2021050305002146,JLI,51,41,10,830.0,8300.0
2021050305002145,JLI,51,58,10,830.0,8300.0
2021050305002144,JLI,51,56,10,830.0,8300.0
2021050305002157,JLI,52,6,10,830.0,8300.0
2021050305002155,JLI,52,14,10,830.0,8300.0
2021050305002154,JLI,52,18,10,830.0,8300.0
2021050305002152,JLI,52,47,10,830.0,8300.0
2021050305002151,JLI,52,57,10,830.0,8300.0
2021050305002150,JLI,52,41,10,830.0,8300.0
2021050305002164,JLI,34,57,10,831.0,8310.0
2021050305002163,JLI,34,16,10,831.0,8310.0
2021050305002162,JLI,34,32,10,831.0,8310.0
2021050305002161,JLI,34,42,10,831.0,8310.0
2021050305002160,JLI,34,26,10,831.0,8310.0
2021050305002158,JLI,52,49,10,830.0,8300.0
2021050305002174,JLI,7,59,10,830.0,8300.0
2021050305002172,JLI,7,33,10,830.0,8300.0
2021050305002171,JLI,33,16,10,832.0,8320.0
2021050305002170,JLI,52,11,10,830.0,8300.0
2021050305002169,JLI,52,38,10,830.0,8300.0
2021050305002165,JLI,34,21,10,831.0,8310.0
2021050305002184,JLI,52,25,10,830.0,8300.0
2021050305002183,JLI,52,49,10,830.0,8300.0
2021050305002180,JLI,52,58,10,830.0,8300.0
2021050305002178,JLI,7,38,10,830.0,8300.0
2021050305002177,JLI,7,58,10,830.0,8300.0
2021050305002176,JLI,7,58,10,830.0,8300.0
2021050305002173,MLBSL,33,52,10,3780.0,37800.0
2021050305002142,MLBSL,33,28,10,3780.0,37800.0
2021050305002102,MLBSL,33,25,10,3780.0,37800.0
2021050305002057,MLBSL,33,45,10,3780.0,37800.0
2021050305002018,MLBSL,33,42,10,3780.0,37800.0
2021050305001986,MLBSL,33,14,10,3780.0,37800.0
2021050305001985,MLBSL,33,49,10,3780.0,37800.0
2021050305001934,MLBSL,33,39,10,3780.0,37800.0
2021050305001898,MLBSL,33,1,10,3780.0,37800.0
2021050305001735,MLBSL,33,21,10,3780.0,37800.0
2021050305001705,MLBSL,33,54,10,3780.0,37800.0
2021050305002195,NICLBSL,4,57,10,1745.0,17450.0
2021050305002194,NICLBSL,4,57,10,1745.0,17450.0
2021050305002190,NICLBSL,4,49,10,1745.0,17450.0
2021050305002189,NICLBSL,40,3,13,1746.0,22698.0
2021050305002188,NICLBSL,40,35,10,1746.0,17460.0
2021050305002182,NICLBSL,4,57,10,1745.0,17450.0
2021050305001725,NICLBSL,55,57,20,1746.0,34920.0
2021050305001723,NICLBSL,55,26,30,1746.0,52380.0
2021050305001722,NICLBSL,55,34,56,1746.0,97776.0
2021050305001718,NICLBSL,50,10,10,1745.0,17450.0
2021050305001701,NICLBSL,55,34,134,1746.0,233964.0
2021050305001700,NICLBSL,55,10,10,1746.0,17460.0
2021050305001742,NICLBSL,17,42,45,1748.0,78660.0
2021050305001739,NICLBSL,17,38,10,1748.0,17480.0
2021050305001738,NICLBSL,50,10,10,1747.0,17470.0
2021050305001729,NICLBSL,50,22,10,1747.0,17470.0
2021050305001727,NICLBSL,55,14,20,1746.0,34920.0
2021050305001726,NICLBSL,55,10,10,1746.0,17460.0
2021050305001759,NICLBSL,21,53,10,1745.0,17450.0
2021050305001748,NICLBSL,21,36,10,1745.0,17450.0
2021050305001747,NICLBSL,21,58,10,1745.0,17450.0
2021050305001745,NICLBSL,21,42,131,1745.0,228595.0
2021050305001744,NICLBSL,50,42,90,1745.0,157050.0
2021050305001743,NICLBSL,55,42,114,1746.0,199044.0
2021050305001777,NICLBSL,21,36,10,1745.0,17450.0
2021050305001775,NICLBSL,21,48,10,1745.0,17450.0
2021050305001770,NICLBSL,21,53,10,1745.0,17450.0
2021050305001768,NICLBSL,50,36,10,1750.0,17500.0
2021050305001762,NICLBSL,50,32,10,1748.0,17480.0
2021050305001760,NICLBSL,21,36,10,1745.0,17450.0
2021050305001796,NICLBSL,28,36,10,1745.0,17450.0
2021050305001792,NICLBSL,28,53,10,1745.0,17450.0
2021050305001791,NICLBSL,17,39,14,1746.0,24444.0
2021050305001787,NICLBSL,28,3,11,1745.0,19195.0
2021050305001786,NICLBSL,21,3,39,1745.0,68055.0
2021050305001785,NICLBSL,21,22,10,1745.0,17450.0
2021050305001823,NICLBSL,49,55,10,1745.0,17450.0
2021050305001818,NICLBSL,28,48,10,1745.0,17450.0
2021050305001817,NICLBSL,28,14,20,1745.0,34900.0
2021050305001814,NICLBSL,28,48,10,1745.0,17450.0
2021050305001808,NICLBSL,28,53,10,1745.0,17450.0
2021050305001804,NICLBSL,28,43,10,1745.0,17450.0
2021050305001837,NICLBSL,49,53,10,1746.0,17460.0
2021050305001833,NICLBSL,58,44,10,1745.0,17450.0
2021050305001832,NICLBSL,58,48,10,1745.0,17450.0
2021050305001830,NICLBSL,58,21,71,1745.0,123895.0
2021050305001825,NICLBSL,58,48,10,1745.0,17450.0
2021050305001824,NICLBSL,58,53,10,1745.0,17450.0
2021050305001861,NICLBSL,34,55,70,1748.0,122360.0
2021050305001859,NICLBSL,34,52,10,1748.0,17480.0
2021050305001858,NICLBSL,34,45,10,1748.0,17480.0
2021050305001857,NICLBSL,34,39,10,1747.0,17470.0
2021050305001856,NICLBSL,58,38,20,1745.0,34900.0
2021050305001848,NICLBSL,58,53,10,1745.0,17450.0
2021050305001896,NICLBSL,55,42,10,1746.0,17460.0
2021050305001895,NICLBSL,55,53,20,1746.0,34920.0
2021050305001885,NICLBSL,55,42,10,1746.0,17460.0
2021050305001884,NICLBSL,33,38,10,1748.0,17480.0
2021050305001883,NICLBSL,33,21,18,1748.0,31464.0
2021050305001882,NICLBSL,55,58,10,1746.0,17460.0
2021050305001904,NICLBSL,56,38,10,1750.0,17500.0
2021050305001903,NICLBSL,56,35,22,1750.0,38500.0
2021050305001902,NICLBSL,56,49,10,1750.0,17500.0
2021050305001901,NICLBSL,56,26,20,1749.0,34980.0
2021050305001900,NICLBSL,56,38,10,1749.0,17490.0
2021050305001899,NICLBSL,56,35,36,1749.0,62964.0
2021050305001910,NICLBSL,56,52,10,1750.0,17500.0
2021050305001909,NICLBSL,56,21,10,1750.0,17500.0
2021050305001908,NICLBSL,56,47,10,1750.0,17500.0
2021050305001907,NICLBSL,56,14,10,1750.0,17500.0
2021050305001906,NICLBSL,56,29,10,1750.0,17500.0
2021050305001905,NICLBSL,56,34,10,1750.0,17500.0
2021050305001916,NICLBSL,56,50,10,1750.0,17500.0
2021050305001915,NICLBSL,56,40,40,1750.0,70000.0
2021050305001914,NICLBSL,56,57,10,1750.0,17500.0
2021050305001913,NICLBSL,56,19,20,1750.0,35000.0
2021050305001912,NICLBSL,56,41,10,1750.0,17500.0
2021050305001911,NICLBSL,56,45,10,1750.0,17500.0
2021050305001941,NICLBSL,55,52,10,1746.0,17460.0
2021050305001933,NICLBSL,55,53,10,1746.0,17460.0
2021050305001931,NICLBSL,32,36,20,1747.0,34940.0
2021050305001919,NICLBSL,56,1,11,1750.0,19250.0
2021050305001918,NICLBSL,56,6,10,1750.0,17500.0
2021050305001917,NICLBSL,56,20,10,1750.0,17500.0
2021050305001960,NICLBSL,21,47,10,1749.0,17490.0
2021050305001958,NICLBSL,13,39,10,1747.0,17470.0
2021050305001956,NICLBSL,55,49,10,1746.0,17460.0
2021050305001946,NICLBSL,55,55,15,1746.0,26190.0
2021050305001944,NICLBSL,55,57,20,1746.0,34920.0
2021050305001943,NICLBSL,55,53,20,1746.0,34920.0
2021050305001974,NICLBSL,21,42,10,1751.0,17510.0
2021050305001972,NICLBSL,21,45,10,1750.0,17500.0
2021050305001969,NICLBSL,21,59,41,1750.0,71750.0
2021050305001966,NICLBSL,55,45,10,1746.0,17460.0
2021050305001965,NICLBSL,55,6,10,1746.0,17460.0
2021050305001964,NICLBSL,21,14,10,1747.0,17470.0
2021050305001989,NICLBSL,21,49,20,1751.0,35020.0
2021050305001988,NICLBSL,21,41,10,1751.0,17510.0
2021050305001987,NICLBSL,21,41,10,1751.0,17510.0
2021050305001978,NICLBSL,21,49,10,1750.0,17500.0
2021050305001976,NICLBSL,21,52,10,1751.0,17510.0
2021050305001975,NICLBSL,21,42,10,1751.0,17510.0
2021050305002010,NICLBSL,4,56,10,1750.0,17500.0
2021050305002009,NICLBSL,57,38,10,1750.0,17500.0
2021050305002007,NICLBSL,57,45,10,1750.0,17500.0
2021050305002006,NICLBSL,57,45,10,1750.0,17500.0
2021050305002005,NICLBSL,57,55,10,1750.0,17500.0
2021050305002003,NICLBSL,47,38,10,1748.0,17480.0
2021050305002032,NICLBSL,59,16,10,1750.0,17500.0
2021050305002030,NICLBSL,59,14,20,1750.0,35000.0
2021050305002027,NICLBSL,59,51,30,1750.0,52500.0
2021050305002019,NICLBSL,59,19,20,1750.0,35000.0
2021050305002014,NICLBSL,59,40,10,1750.0,17500.0
2021050305002013,NICLBSL,59,16,10,1750.0,17500.0
2021050305002051,NICLBSL,17,37,10,1750.0,17500.0
2021050305002047,NICLBSL,17,16,10,1750.0,17500.0
2021050305002036,NICLBSL,40,45,10,1751.0,17510.0
2021050305002035,NICLBSL,40,19,10,1751.0,17510.0
2021050305002034,NICLBSL,40,19,20,1751.0,35020.0
2021050305002033,NICLBSL,40,19,10,1751.0,17510.0
2021050305002067,NICLBSL,17,29,10,1750.0,17500.0
2021050305002064,NICLBSL,17,38,10,1750.0,17500.0
2021050305002063,NICLBSL,17,51,10,1750.0,17500.0
2021050305002062,NICLBSL,17,55,10,1750.0,17500.0
2021050305002061,NICLBSL,17,58,10,1750.0,17500.0
2021050305002056,NICLBSL,17,34,10,1750.0,17500.0
2021050305002084,NICLBSL,55,16,10,1748.0,17480.0
2021050305002083,NICLBSL,55,57,40,1748.0,69920.0
2021050305002077,NICLBSL,47,57,10,1748.0,17480.0
2021050305002074,NICLBSL,49,36,10,1750.0,17500.0
2021050305002072,NICLBSL,17,29,10,1750.0,17500.0
2021050305002071,NICLBSL,17,36,10,1750.0,17500.0
2021050305002091,NICLBSL,55,14,10,1750.0,17500.0
2021050305002089,NICLBSL,55,32,28,1750.0,49000.0
2021050305002088,NICLBSL,55,29,10,1750.0,17500.0
2021050305002087,NICLBSL,55,6,80,1750.0,140000.0
2021050305002086,NICLBSL,55,5,20,1750.0,35000.0
2021050305002085,NICLBSL,55,6,10,1750.0,17500.0
2021050305002110,NICLBSL,49,47,10,1747.0,17470.0
2021050305002105,NICLBSL,37,49,9,1725.0,15525.0
2021050305002103,NICLBSL,49,25,20,1747.0,34940.0
2021050305002099,NICLBSL,49,38,10,1747.0,17470.0
2021050305002096,NICLBSL,52,47,10,1750.0,17500.0
2021050305002092,NICLBSL,55,45,7,1750.0,12250.0
2021050305002123,NICLBSL,55,38,10,1746.0,17460.0
2021050305002115,NICLBSL,19,53,20,1747.0,34940.0
2021050305002114,NICLBSL,34,53,100,1747.0,174700.0
2021050305002113,NICLBSL,21,53,50,1747.0,87350.0
2021050305002112,NICLBSL,14,53,50,1747.0,87350.0
2021050305002111,NICLBSL,49,53,20,1747.0,34940.0
2021050305002135,NICLBSL,21,38,10,1746.0,17460.0
2021050305002130,NICLBSL,16,58,10,1746.0,17460.0
2021050305002129,NICLBSL,16,1,10,1746.0,17460.0
2021050305002128,NICLBSL,38,53,15,1746.0,26190.0
2021050305002126,NICLBSL,58,38,10,1745.0,17450.0
2021050305002124,NICLBSL,55,53,85,1746.0,148410.0
2021050305002159,NICLBSL,4,40,10,1745.0,17450.0
2021050305002156,NICLBSL,4,47,20,1745.0,34900.0
2021050305002153,NICLBSL,4,52,10,1745.0,17450.0
2021050305002143,NICLBSL,40,38,10,1746.0,17460.0
2021050305002140,NICLBSL,4,34,20,1745.0,34900.0
2021050305002136,NICLBSL,4,41,10,1745.0,17450.0
2021050305002181,NICLBSL,4,39,10,1745.0,17450.0
2021050305002179,NICLBSL,4,38,10,1745.0,17450.0
2021050305002175,NICLBSL,4,45,10,1745.0,17450.0
2021050305002168,NICLBSL,4,14,20,1745.0,34900.0
2021050305002167,NICLBSL,4,41,10,1745.0,17450.0
2021050305002166,NICLBSL,4,58,10,1745.0,17450.0
2021050305001695,JLI,25,10,10,831.0,8310.0
2021050305001694,JLI,25,11,10,831.0,8310.0
2021050305001693,JLI,25,47,10,831.0,8310.0
2021050305001688,JLI,25,47,10,831.0,8310.0
2021050305001687,JLI,25,56,10,831.0,8310.0
2021050305001685,JLI,25,47,10,831.0,8310.0
2021050305001200,JLI,25,35,10,832.0,8320.0
2021050305001199,JLI,25,58,10,832.0,8320.0
2021050305001198,JLI,25,19,10,832.0,8320.0
2021050305001196,JLI,8,40,10,831.0,8310.0
2021050305001206,JLI,25,57,10,832.0,8320.0
2021050305001205,JLI,25,22,10,832.0,8320.0
2021050305001204,JLI,25,28,10,832.0,8320.0
2021050305001203,JLI,25,19,10,832.0,8320.0
2021050305001202,JLI,25,36,10,832.0,8320.0
2021050305001201,JLI,25,19,10,832.0,8320.0
2021050305001213,JLI,56,49,10,832.0,8320.0
2021050305001212,JLI,56,6,10,832.0,8320.0
2021050305001211,JLI,8,40,10,831.0,8310.0
2021050305001210,JLI,8,46,10,831.0,8310.0
2021050305001209,JLI,8,3,10,831.0,8310.0
2021050305001207,JLI,25,56,10,832.0,8320.0
2021050305001224,JLI,3,54,10,833.0,8330.0
2021050305001223,JLI,3,49,10,833.0,8330.0
2021050305001222,JLI,3,58,110,833.0,91630.0
2021050305001221,JLI,56,35,10,832.0,8320.0
2021050305001219,JLI,56,3,10,832.0,8320.0
2021050305001218,JLI,56,13,10,832.0,8320.0
2021050305001230,JLI,56,3,10,832.0,8320.0
2021050305001229,JLI,56,58,10,832.0,8320.0
2021050305001228,JLI,3,58,40,833.0,33320.0
2021050305001227,JLI,3,17,10,833.0,8330.0
2021050305001226,JLI,3,21,10,833.0,8330.0
2021050305001225,JLI,3,38,10,833.0,8330.0
2021050305001239,JLI,49,8,10,834.0,8340.0
2021050305001238,JLI,49,16,10,834.0,8340.0
2021050305001236,JLI,6,58,10,834.0,8340.0
2021050305001235,JLI,3,56,10,833.0,8330.0
2021050305001233,JLI,3,3,10,833.0,8330.0
2021050305001231,JLI,3,45,10,833.0,8330.0
2021050305001245,JLI,49,21,10,834.0,8340.0
2021050305001244,JLI,49,21,10,834.0,8340.0
2021050305001243,JLI,49,21,10,834.0,8340.0
2021050305001242,JLI,49,55,10,834.0,8340.0
2021050305001241,JLI,49,45,10,834.0,8340.0
2021050305001240,JLI,49,58,10,834.0,8340.0
2021050305001252,JLI,3,50,10,833.0,8330.0
2021050305001250,JLI,3,56,10,833.0,8330.0
2021050305001249,JLI,3,52,10,833.0,8330.0
2021050305001248,JLI,3,32,10,833.0,8330.0
2021050305001247,JLI,49,32,10,834.0,8340.0
2021050305001246,JLI,49,56,10,834.0,8340.0
2021050305001262,JLI,3,56,10,833.0,8330.0
2021050305001260,JLI,3,19,10,833.0,8330.0
2021050305001258,JLI,3,6,10,833.0,8330.0
2021050305001257,JLI,3,58,10,833.0,8330.0
2021050305001254,JLI,3,22,10,833.0,8330.0
2021050305001253,JLI,3,55,10,833.0,8330.0
2021050305001271,JLI,52,58,10,834.0,8340.0
2021050305001270,JLI,52,57,10,834.0,8340.0
2021050305001269,JLI,52,41,10,834.0,8340.0
2021050305001268,JLI,52,56,10,834.0,8340.0
2021050305001267,JLI,52,38,10,834.0,8340.0
2021050305001263,JLI,3,29,10,833.0,8330.0
2021050305001277,JLI,33,56,10,834.0,8340.0
2021050305001276,JLI,52,44,10,834.0,8340.0
2021050305001275,JLI,52,45,10,834.0,8340.0
2021050305001274,JLI,52,55,10,834.0,8340.0
2021050305001273,JLI,52,45,10,834.0,8340.0
2021050305001272,JLI,52,54,10,834.0,8340.0
2021050305001285,JLI,33,49,10,834.0,8340.0
2021050305001282,JLI,33,21,10,834.0,8340.0
2021050305001281,JLI,33,29,10,834.0,8340.0
2021050305001280,JLI,33,51,10,834.0,8340.0
2021050305001279,JLI,33,56,10,834.0,8340.0
2021050305001278,JLI,33,29,10,834.0,8340.0
2021050305001293,JLI,33,36,10,834.0,8340.0
2021050305001292,JLI,33,46,10,834.0,8340.0
2021050305001290,JLI,33,7,10,834.0,8340.0
2021050305001289,JLI,33,54,10,834.0,8340.0
2021050305001288,JLI,33,14,10,834.0,8340.0
2021050305001287,JLI,33,29,10,834.0,8340.0
2021050305001300,JLI,33,36,10,834.0,8340.0
2021050305001299,JLI,33,56,10,834.0,8340.0
2021050305001298,JLI,33,38,10,834.0,8340.0
2021050305001297,JLI,33,4,10,834.0,8340.0
2021050305001296,JLI,58,52,10,835.0,8350.0
2021050305001294,JLI,33,58,10,834.0,8340.0
2021050305001306,JLI,46,38,10,835.0,8350.0
2021050305001305,JLI,33,56,10,834.0,8340.0
2021050305001304,JLI,33,35,10,834.0,8340.0
2021050305001303,JLI,33,8,10,834.0,8340.0
2021050305001302,JLI,33,36,10,834.0,8340.0
2021050305001301,JLI,33,38,10,834.0,8340.0
2021050305001318,JLI,33,32,10,834.0,8340.0
2021050305001313,JLI,33,36,10,834.0,8340.0
2021050305001311,JLI,33,35,10,834.0,8340.0
2021050305001309,JLI,33,45,10,834.0,8340.0
2021050305001308,JLI,33,36,10,834.0,8340.0
2021050305001307,JLI,33,6,10,834.0,8340.0
2021050305001324,JLI,33,56,10,834.0,8340.0
2021050305001323,JLI,33,38,10,834.0,8340.0
2021050305001322,JLI,33,48,10,834.0,8340.0
2021050305001321,JLI,33,45,10,834.0,8340.0
2021050305001320,JLI,33,36,10,834.0,8340.0
2021050305001319,JLI,33,29,10,834.0,8340.0
2021050305001338,JLI,41,49,10,834.0,8340.0
2021050305001331,JLI,33,49,10,834.0,8340.0
2021050305001330,JLI,33,38,10,834.0,8340.0
2021050305001329,JLI,33,56,10,834.0,8340.0
2021050305001327,JLI,33,32,10,834.0,8340.0
2021050305001326,JLI,33,38,10,834.0,8340.0
2021050305001345,JLI,45,38,10,834.0,8340.0
2021050305001344,JLI,45,32,10,834.0,8340.0
2021050305001343,JLI,45,55,10,834.0,8340.0
2021050305001341,JLI,45,6,10,834.0,8340.0
2021050305001340,JLI,41,29,10,834.0,8340.0
2021050305001339,JLI,41,6,10,834.0,8340.0
2021050305001353,JLI,3,26,10,833.0,8330.0
2021050305001351,JLI,3,26,10,833.0,8330.0
2021050305001350,JLI,58,55,10,834.0,8340.0
2021050305001349,JLI,3,21,10,833.0,8330.0
2021050305001347,JLI,3,58,10,833.0,8330.0
2021050305001346,JLI,45,21,10,834.0,8340.0
2021050305001360,JLI,58,3,10,833.0,8330.0
2021050305001358,JLI,58,40,10,833.0,8330.0
2021050305001357,JLI,58,32,10,833.0,8330.0
2021050305001356,JLI,58,21,10,833.0,8330.0
2021050305001355,JLI,3,26,10,833.0,8330.0
2021050305001354,JLI,3,58,10,833.0,8330.0
2021050305001366,JLI,45,26,10,833.0,8330.0
2021050305001365,JLI,45,45,10,833.0,8330.0
2021050305001364,JLI,45,40,10,833.0,8330.0
2021050305001363,JLI,45,29,10,833.0,8330.0
2021050305001362,JLI,58,43,50,833.0,41650.0
2021050305001361,JLI,58,40,10,833.0,8330.0
2021050305001372,JLI,19,26,10,833.0,8330.0
2021050305001371,JLI,19,41,10,833.0,8330.0
2021050305001370,JLI,59,40,10,833.0,8330.0
2021050305001369,JLI,59,40,10,833.0,8330.0
2021050305001368,JLI,59,59,10,833.0,8330.0
2021050305001367,JLI,45,56,10,833.0,8330.0
2021050305001384,JLI,36,17,10,834.0,8340.0
2021050305001383,JLI,36,38,10,834.0,8340.0
2021050305001382,JLI,36,46,10,834.0,8340.0
2021050305001381,JLI,36,34,10,834.0,8340.0
2021050305001380,JLI,36,38,10,834.0,8340.0
2021050305001379,JLI,19,40,10,833.0,8330.0
2021050305001394,JLI,50,26,10,833.0,8330.0
2021050305001393,JLI,50,59,10,833.0,8330.0
2021050305001390,JLI,3,48,10,833.0,8330.0
2021050305001387,JLI,3,40,10,833.0,8330.0
2021050305001386,JLI,36,29,40,834.0,33360.0
2021050305001385,JLI,36,21,10,834.0,8340.0
2021050305001401,JLI,58,55,500,832.0,416000.0
2021050305001400,JLI,43,55,20,832.0,16640.0
2021050305001399,JLI,42,55,10,832.0,8320.0
2021050305001398,JLI,56,55,330,832.0,274560.0
2021050305001397,JLI,50,55,10,833.0,8330.0
2021050305001395,JLI,50,42,10,833.0,8330.0
2021050305001407,JLI,34,55,60,831.0,49860.0
2021050305001406,JLI,43,55,300,831.0,249300.0
2021050305001405,JLI,33,55,50,831.0,41550.0
2021050305001404,JLI,8,55,360,831.0,299160.0
2021050305001403,JLI,3,55,80,832.0,66560.0
2021050305001402,JLI,4,55,20,832.0,16640.0
2021050305001413,JLI,59,55,100,830.0,83000.0
2021050305001412,JLI,4,55,40,831.0,33240.0
2021050305001411,JLI,57,55,10,831.0,8310.0
2021050305001410,JLI,57,55,10,831.0,8310.0
2021050305001409,JLI,57,55,10,831.0,8310.0
2021050305001408,JLI,45,55,100,831.0,83100.0
2021050305001419,JLI,52,55,200,830.0,166000.0
2021050305001418,JLI,57,55,100,830.0,83000.0
2021050305001417,JLI,38,55,50,830.0,41500.0
2021050305001416,JLI,17,55,30,830.0,24900.0
2021050305001415,JLI,3,55,200,830.0,166000.0
2021050305001414,JLI,41,55,30,830.0,24900.0
2021050305001425,JLI,22,55,20,830.0,16600.0
2021050305001424,JLI,45,55,30,830.0,24900.0
2021050305001423,JLI,48,55,30,830.0,24900.0
2021050305001422,JLI,58,55,30,830.0,24900.0
2021050305001421,JLI,16,55,110,830.0,91300.0
2021050305001420,JLI,34,55,10,830.0,8300.0
2021050305001431,JLI,57,55,340,830.0,282200.0
2021050305001430,JLI,58,55,100,830.0,83000.0
2021050305001429,JLI,48,55,20,830.0,16600.0
2021050305001428,JLI,48,55,100,830.0,83000.0
2021050305001427,JLI,56,55,10,830.0,8300.0
2021050305001426,JLI,44,55,50,830.0,41500.0
2021050305001442,JLI,57,59,10,830.0,8300.0
2021050305001440,JLI,57,10,10,830.0,8300.0
2021050305001439,JLI,57,42,10,830.0,8300.0
2021050305001438,JLI,57,52,10,830.0,8300.0
2021050305001436,JLI,57,4,10,830.0,8300.0
2021050305001435,JLI,57,42,10,830.0,8300.0
2021050305001456,JLI,39,43,10,831.0,8310.0
2021050305001453,JLI,41,38,10,832.0,8320.0
2021050305001452,JLI,39,38,10,831.0,8310.0
2021050305001451,JLI,39,14,10,831.0,8310.0
2021050305001450,JLI,39,32,10,831.0,8310.0
2021050305001445,JLI,57,10,10,830.0,8300.0
2021050305001465,JLI,57,44,10,830.0,8300.0
2021050305001463,JLI,57,40,10,830.0,8300.0
2021050305001462,JLI,57,44,10,830.0,8300.0
2021050305001461,JLI,57,44,10,830.0,8300.0
2021050305001460,JLI,57,42,10,830.0,8300.0
2021050305001457,JLI,57,52,10,830.0,8300.0
2021050305001478,JLI,22,19,10,831.0,8310.0
2021050305001472,JLI,57,4,10,830.0,8300.0
2021050305001471,JLI,41,58,10,831.0,8310.0
2021050305001470,JLI,41,58,10,831.0,8310.0
2021050305001467,JLI,57,42,10,830.0,8300.0
2021050305001466,JLI,57,28,10,830.0,8300.0
2021050305001488,JLI,41,11,10,831.0,8310.0
2021050305001485,JLI,41,10,10,831.0,8310.0
2021050305001484,JLI,58,54,10,831.0,8310.0
2021050305001483,JLI,49,33,10,831.0,8310.0
2021050305001482,JLI,49,1,10,831.0,8310.0
2021050305001479,JLI,7,14,10,830.0,8300.0
2021050305001497,JLI,4,38,10,832.0,8320.0
2021050305001496,JLI,4,56,10,832.0,8320.0
2021050305001495,JLI,4,38,10,832.0,8320.0
2021050305001494,JLI,4,38,10,832.0,8320.0
2021050305001493,JLI,7,34,10,830.0,8300.0
2021050305001489,JLI,7,58,10,830.0,8300.0
2021050305001510,JLI,56,36,10,830.0,8300.0
