Transact. No.,Symbol,Buyer,Seller,Quantity,Rate,Amount
2021050905005843,MLBSL,28,22,10,4527.0,45270.0
2021050905005842,MLBSL,28,16,10,4527.0,45270.0
2021050905005840,MLBSL,22,41,10,4527.0,45270.0
2021050905005815,MLBSL,55,57,10,4527.0,45270.0
2021050905005808,MLBSL,46,19,10,4527.0,45270.0
2021050905005804,MLBSL,21,21,10,4527.0,45270.0
2021050905005351,MLBSL,20,11,10,4527.0,45270.0
2021050905005350,MLBSL,20,58,10,4527.0,45270.0
2021050905005349,MLBSL,57,21,10,4527.0,45270.0
2021050905005348,MLBSL,57,40,10,4527.0,45270.0
2021050905005347,MLBSL,22,4,10,4527.0,45270.0
2021050905005346,MLBSL,59,50,10,4527.0,45270.0
2021050905005357,MLBSL,20,53,10,4527.0,45270.0
2021050905005356,MLBSL,42,17,10,4527.0,45270.0
2021050905005355,MLBSL,42,58,10,4527.0,45270.0
2021050905005354,MLBSL,42,49,20,4527.0,90540.0
2021050905005353,MLBSL,16,49,10,4527.0,45270.0
2021050905005352,MLBSL,16,48,10,4527.0,45270.0
2021050905005363,MLBSL,28,59,20,4528.0,90560.0
2021050905005362,MLBSL,8,17,10,4527.0,45270.0
2021050905005361,MLBSL,8,1,10,4527.0,45270.0
2021050905005360,MLBSL,8,38,10,4527.0,45270.0
2021050905005359,MLBSL,36,58,10,4527.0,45270.0
2021050905005358,MLBSL,59,29,10,4527.0,45270.0
2021050905005370,MLBSL,8,17,10,4527.0,45270.0
2021050905005368,MLBSL,8,48,10,4527.0,45270.0
2021050905005367,MLBSL,8,49,10,4527.0,45270.0
2021050905005366,MLBSL,8,59,10,4527.0,45270.0
2021050905005365,MLBSL,8,59,10,4527.0,45270.0
2021050905005364,MLBSL,8,53,10,4527.0,45270.0
2021050905005376,MLBSL,8,58,10,4527.0,45270.0
2021050905005375,MLBSL,8,56,10,4527.0,45270.0
2021050905005374,MLBSL,8,37,10,4527.0,45270.0
2021050905005373,MLBSL,8,25,10,4527.0,45270.0
2021050905005372,MLBSL,8,35,10,4527.0,45270.0
2021050905005371,MLBSL,38,59,10,4528.0,45280.0
2021050905005383,MLBSL,29,48,10,4527.0,45270.0
2021050905005382,MLBSL,29,32,10,4527.0,45270.0
2021050905005381,MLBSL,8,48,10,4527.0,45270.0
2021050905005380,MLBSL,8,49,30,4527.0,135810.0
2021050905005379,MLBSL,8,17,10,4527.0,45270.0
2021050905005377,MLBSL,8,58,10,4527.0,45270.0
2021050905005389,MLBSL,3,11,10,4527.0,45270.0
2021050905005388,MLBSL,43,41,10,4527.0,45270.0
2021050905005387,MLBSL,46,47,10,4527.0,45270.0
2021050905005386,MLBSL,29,14,10,4527.0,45270.0
2021050905005385,MLBSL,29,48,10,4527.0,45270.0
2021050905005384,MLBSL,29,16,10,4527.0,45270.0
2021050905005395,MLBSL,41,48,10,4527.0,45270.0
2021050905005394,MLBSL,41,35,10,4527.0,45270.0
2021050905005393,MLBSL,26,33,10,4527.0,45270.0
2021050905005392,MLBSL,57,36,10,4527.0,45270.0
2021050905005391,MLBSL,13,17,10,4527.0,45270.0
2021050905005390,MLBSL,3,59,10,4527.0,45270.0
2021050905005401,MLBSL,34,58,10,4527.0,45270.0
2021050905005400,MLBSL,45,26,10,4527.0,45270.0
2021050905005399,MLBSL,45,45,10,4527.0,45270.0
2021050905005398,MLBSL,51,45,10,4527.0,45270.0
2021050905005397,MLBSL,45,57,10,4527.0,45270.0
2021050905005396,MLBSL,41,21,10,4527.0,45270.0
2021050905005408,MLBSL,26,6,10,4527.0,45270.0
2021050905005407,MLBSL,26,14,10,4527.0,45270.0
2021050905005406,MLBSL,34,34,10,4527.0,45270.0
2021050905005404,MLBSL,34,40,10,4527.0,45270.0
2021050905005403,MLBSL,45,59,10,4528.0,45280.0
2021050905005402,MLBSL,34,4,10,4527.0,45270.0
2021050905005414,MLBSL,51,33,10,4527.0,45270.0
2021050905005413,MLBSL,29,54,10,4527.0,45270.0
2021050905005412,MLBSL,57,57,10,4527.0,45270.0
2021050905005411,MLBSL,14,22,10,4527.0,45270.0
2021050905005410,MLBSL,6,58,10,4527.0,45270.0
2021050905005409,MLBSL,6,16,10,4527.0,45270.0
2021050905005420,MLBSL,17,1,10,4527.0,45270.0
2021050905005419,MLBSL,51,55,10,4527.0,45270.0
2021050905005418,MLBSL,51,59,10,4527.0,45270.0
2021050905005417,MLBSL,39,46,10,4527.0,45270.0
2021050905005416,MLBSL,55,59,50,4528.0,226400.0
2021050905005415,MLBSL,39,54,10,4527.0,45270.0
2021050905005427,MLBSL,26,17,10,4527.0,45270.0
2021050905005426,MLBSL,26,1,10,4527.0,45270.0
2021050905005424,MLBSL,17,13,10,4527.0,45270.0
2021050905005423,MLBSL,17,4,10,4527.0,45270.0
2021050905005422,MLBSL,17,16,10,4527.0,45270.0
2021050905005421,MLBSL,17,16,10,4527.0,45270.0
2021050905005438,MLBSL,14,57,10,4527.0,45270.0
2021050905005435,MLBSL,19,47,10,4527.0,45270.0
2021050905005432,MLBSL,58,39,10,4527.0,45270.0
2021050905005430,MLBSL,14,14,5,4527.0,22635.0
2021050905005429,MLBSL,56,57,10,4527.0,45270.0
2021050905005428,MLBSL,38,41,10,4527.0,45270.0
2021050905005452,MLBSL,22,14,10,4527.0,45270.0
2021050905005451,MLBSL,22,6,10,4527.0,45270.0
2021050905005450,MLBSL,22,55,10,4527.0,45270.0
2021050905005449,MLBSL,22,58,10,4527.0,45270.0
2021050905005443,MLBSL,47,38,10,4527.0,45270.0
2021050905005442,MLBSL,47,3,10,4527.0,45270.0
2021050905005523,MLBSL,22,46,10,4527.0,45270.0
2021050905005507,MLBSL,53,21,10,4527.0,45270.0
2021050905005506,MLBSL,39,16,10,4527.0,45270.0
2021050905005480,MLBSL,51,29,10,4527.0,45270.0
2021050905005456,MLBSL,19,32,10,4527.0,45270.0
2021050905005453,MLBSL,22,58,10,4527.0,45270.0
2021050905005533,MLBSL,51,17,10,4527.0,45270.0
2021050905005532,MLBSL,51,20,10,4527.0,45270.0
2021050905005531,MLBSL,51,48,10,4527.0,45270.0
2021050905005530,MLBSL,51,14,10,4527.0,45270.0
2021050905005529,MLBSL,51,4,10,4527.0,45270.0
2021050905005528,MLBSL,51,22,10,4527.0,45270.0
2021050905005541,MLBSL,17,35,10,4527.0,45270.0
2021050905005540,MLBSL,17,49,10,4527.0,45270.0
2021050905005537,MLBSL,51,58,10,4527.0,45270.0
2021050905005536,MLBSL,51,13,10,4527.0,45270.0
2021050905005535,MLBSL,51,35,10,4527.0,45270.0
2021050905005534,MLBSL,51,37,10,4527.0,45270.0
2021050905005550,MLBSL,51,29,10,4527.0,45270.0
2021050905005549,MLBSL,51,22,10,4527.0,45270.0
2021050905005548,MLBSL,51,28,10,4527.0,45270.0
2021050905005544,MLBSL,17,1,10,4527.0,45270.0
2021050905005543,MLBSL,17,21,10,4527.0,45270.0
2021050905005542,MLBSL,17,8,10,4527.0,45270.0
2021050905005556,MLBSL,51,16,10,4527.0,45270.0
2021050905005555,MLBSL,51,34,10,4527.0,45270.0
2021050905005554,MLBSL,51,46,10,4527.0,45270.0
2021050905005553,MLBSL,51,59,10,4527.0,45270.0
2021050905005552,MLBSL,51,58,10,4527.0,45270.0
2021050905005551,MLBSL,51,58,10,4527.0,45270.0
2021050905005570,MLBSL,56,43,10,4527.0,45270.0
2021050905005569,MLBSL,56,22,10,4527.0,45270.0
2021050905005568,MLBSL,56,49,10,4527.0,45270.0
2021050905005567,MLBSL,51,42,10,4527.0,45270.0
2021050905005566,MLBSL,51,42,10,4527.0,45270.0
2021050905005557,MLBSL,51,34,10,4527.0,45270.0
2021050905005583,MLBSL,59,45,10,4527.0,45270.0
2021050905005581,MLBSL,58,42,10,4527.0,45270.0
2021050905005580,MLBSL,58,14,10,4527.0,45270.0
2021050905005579,MLBSL,58,38,10,4527.0,45270.0
2021050905005578,MLBSL,58,42,10,4527.0,45270.0
2021050905005577,MLBSL,58,16,10,4527.0,45270.0
2021050905005624,MLBSL,59,13,10,4527.0,45270.0
2021050905005616,MLBSL,21,49,10,4527.0,45270.0
2021050905005600,MLBSL,17,49,10,4527.0,45270.0
2021050905005599,MLBSL,17,58,10,4527.0,45270.0
2021050905005593,MLBSL,26,42,10,4527.0,45270.0
2021050905005587,MLBSL,51,42,10,4527.0,45270.0
2021050905005656,MLBSL,28,6,10,4527.0,45270.0
2021050905005644,MLBSL,51,22,10,4527.0,45270.0
2021050905005641,MLBSL,1,49,10,4527.0,45270.0
2021050905005640,MLBSL,1,58,10,4527.0,45270.0
2021050905005639,MLBSL,1,57,10,4527.0,45270.0
2021050905005637,MLBSL,1,43,10,4527.0,45270.0
2021050905005662,MLBSL,7,58,10,4527.0,45270.0
2021050905005661,MLBSL,7,35,10,4527.0,45270.0
2021050905005660,MLBSL,7,44,10,4527.0,45270.0
2021050905005659,MLBSL,7,58,10,4527.0,45270.0
2021050905005658,MLBSL,7,53,10,4527.0,45270.0
2021050905005657,MLBSL,7,58,10,4527.0,45270.0
2021050905005684,MLBSL,42,55,10,4527.0,45270.0
2021050905005675,MLBSL,59,3,10,4527.0,45270.0
2021050905005666,MLBSL,7,16,10,4527.0,45270.0
2021050905005665,MLBSL,7,48,10,4527.0,45270.0
2021050905005664,MLBSL,7,46,10,4527.0,45270.0
2021050905005663,MLBSL,7,40,10,4527.0,45270.0
2021050905005713,MLBSL,56,20,10,4527.0,45270.0
2021050905005712,MLBSL,56,57,10,4527.0,45270.0
2021050905005711,MLBSL,56,58,10,4527.0,45270.0
2021050905005710,MLBSL,56,44,10,4527.0,45270.0
2021050905005709,MLBSL,56,48,10,4527.0,45270.0
2021050905005688,MLBSL,49,49,3,4527.0,13581.0
2021050905005720,MLBSL,42,49,3,4527.0,13581.0
2021050905005718,MLBSL,56,41,10,4527.0,45270.0
2021050905005717,MLBSL,56,42,10,4527.0,45270.0
2021050905005716,MLBSL,56,28,10,4527.0,45270.0
2021050905005715,MLBSL,56,8,10,4527.0,45270.0
2021050905005714,MLBSL,56,57,10,4527.0,45270.0
2021050905005803,MLBSL,21,49,10,4527.0,45270.0
2021050905005797,MLBSL,14,34,11,4617.0,50787.0
2021050905005783,MLBSL,49,42,10,4527.0,45270.0
2021050905005760,MLBSL,38,45,10,4527.0,45270.0
2021050905005741,MLBSL,14,49,1,4527.0,4527.0
2021050905005727,MLBSL,16,44,10,4527.0,45270.0
2021050905005845,NICLBSL,19,13,10,1769.0,17690.0
2021050905005844,NICLBSL,34,13,20,1769.0,35380.0
2021050905005841,NICLBSL,52,13,10,1769.0,17690.0
2021050905005839,NICLBSL,39,28,10,1768.0,17680.0
2021050905005838,NICLBSL,40,6,8,1768.0,14144.0
2021050905005837,NICLBSL,40,41,42,1768.0,74256.0
2021050905005378,NICLBSL,35,49,10,1782.0,17820.0
2021050905005369,NICLBSL,35,1,10,1782.0,17820.0
2021050905005436,NICLBSL,35,19,100,1783.0,178300.0
2021050905005434,NICLBSL,35,56,10,1783.0,17830.0
2021050905005433,NICLBSL,35,26,20,1783.0,35660.0
2021050905005431,NICLBSL,35,48,20,1783.0,35660.0
2021050905005425,NICLBSL,35,48,60,1783.0,106980.0
2021050905005405,NICLBSL,35,5,10,1783.0,17830.0
2021050905005445,NICLBSL,35,55,120,1783.0,213960.0
2021050905005444,NICLBSL,55,38,10,1784.0,17840.0
2021050905005441,NICLBSL,35,10,10,1783.0,17830.0
2021050905005440,NICLBSL,35,59,150,1783.0,267450.0
2021050905005439,NICLBSL,35,36,190,1783.0,338770.0
2021050905005437,NICLBSL,33,14,20,1784.0,35680.0
2021050905005457,NICLBSL,4,21,10,1783.0,17830.0
2021050905005455,NICLBSL,35,39,59,1783.0,105197.0
2021050905005454,NICLBSL,35,39,10,1783.0,17830.0
2021050905005448,NICLBSL,35,42,10,1783.0,17830.0
2021050905005447,NICLBSL,35,17,10,1783.0,17830.0
2021050905005446,NICLBSL,35,58,20,1783.0,35660.0
2021050905005463,NICLBSL,52,13,10,1783.0,17830.0
2021050905005462,NICLBSL,35,17,10,1782.0,17820.0
2021050905005461,NICLBSL,17,59,20,1783.0,35660.0
2021050905005460,NICLBSL,4,59,70,1783.0,124810.0
2021050905005459,NICLBSL,4,17,10,1783.0,17830.0
2021050905005458,NICLBSL,4,13,10,1783.0,17830.0
2021050905005470,NICLBSL,13,34,100,1782.0,178200.0
2021050905005469,NICLBSL,56,34,30,1782.0,53460.0
2021050905005468,NICLBSL,35,34,490,1782.0,873180.0
2021050905005467,NICLBSL,45,34,330,1783.0,588390.0
2021050905005465,NICLBSL,52,59,10,1783.0,17830.0
2021050905005464,NICLBSL,52,13,10,1783.0,17830.0
2021050905005476,NICLBSL,47,17,10,1782.0,17820.0
2021050905005475,NICLBSL,49,59,6,1783.0,10698.0
2021050905005474,NICLBSL,6,59,14,1783.0,24962.0
2021050905005473,NICLBSL,47,10,10,1782.0,17820.0
2021050905005472,NICLBSL,47,34,40,1782.0,71280.0
2021050905005471,NICLBSL,45,34,10,1782.0,17820.0
2021050905005483,NICLBSL,48,22,25,1783.0,44575.0
2021050905005482,NICLBSL,48,40,10,1783.0,17830.0
2021050905005481,NICLBSL,48,58,10,1783.0,17830.0
2021050905005479,NICLBSL,47,49,10,1782.0,17820.0
2021050905005478,NICLBSL,47,8,10,1782.0,17820.0
2021050905005477,NICLBSL,47,47,10,1782.0,17820.0
2021050905005489,NICLBSL,57,54,10,1782.0,17820.0
2021050905005488,NICLBSL,36,54,40,1782.0,71280.0
2021050905005487,NICLBSL,36,49,10,1782.0,17820.0
2021050905005486,NICLBSL,47,17,10,1782.0,17820.0
2021050905005485,NICLBSL,48,22,10,1783.0,17830.0
2021050905005484,NICLBSL,48,20,10,1783.0,17830.0
2021050905005496,NICLBSL,42,17,10,1781.0,17810.0
2021050905005494,NICLBSL,42,48,10,1781.0,17810.0
2021050905005493,NICLBSL,42,32,20,1781.0,35620.0
2021050905005492,NICLBSL,42,44,10,1781.0,17810.0
2021050905005491,NICLBSL,42,48,10,1781.0,17810.0
2021050905005490,NICLBSL,38,17,10,1781.0,17810.0
2021050905005502,NICLBSL,13,38,10,1781.0,17810.0
2021050905005501,NICLBSL,3,38,40,1781.0,71240.0
2021050905005500,NICLBSL,3,48,10,1781.0,17810.0
2021050905005499,NICLBSL,57,17,10,1781.0,17810.0
2021050905005498,NICLBSL,42,17,30,1781.0,53430.0
2021050905005497,NICLBSL,42,1,10,1781.0,17810.0
2021050905005510,NICLBSL,47,49,20,1780.0,35600.0
2021050905005509,NICLBSL,57,49,10,1780.0,17800.0
2021050905005508,NICLBSL,36,34,20,1780.0,35600.0
2021050905005505,NICLBSL,4,49,10,1781.0,17810.0
2021050905005504,NICLBSL,13,49,30,1781.0,53430.0
2021050905005503,NICLBSL,13,48,10,1781.0,17810.0
2021050905005516,NICLBSL,21,52,10,1780.0,17800.0
2021050905005515,NICLBSL,21,34,10,1780.0,17800.0
2021050905005514,NICLBSL,21,36,150,1780.0,267000.0
2021050905005513,NICLBSL,50,49,10,1780.0,17800.0
2021050905005512,NICLBSL,47,41,30,1780.0,53400.0
2021050905005511,NICLBSL,47,49,20,1780.0,35600.0
2021050905005522,NICLBSL,55,49,455,1780.0,809900.0
2021050905005521,NICLBSL,52,49,130,1780.0,231400.0
2021050905005520,NICLBSL,52,16,10,1780.0,17800.0
2021050905005519,NICLBSL,52,32,50,1780.0,89000.0
2021050905005518,NICLBSL,48,32,20,1780.0,35600.0
2021050905005517,NICLBSL,21,32,30,1780.0,53400.0
2021050905005539,NICLBSL,11,41,10,1780.0,17800.0
2021050905005538,NICLBSL,6,41,10,1780.0,17800.0
2021050905005527,NICLBSL,6,38,10,1780.0,17800.0
2021050905005526,NICLBSL,34,49,100,1781.0,178100.0
2021050905005525,NICLBSL,55,34,10,1780.0,17800.0
2021050905005524,NICLBSL,55,45,26,1780.0,46280.0
2021050905005560,NICLBSL,22,50,50,1780.0,89000.0
2021050905005559,NICLBSL,29,50,20,1780.0,35600.0
2021050905005558,NICLBSL,38,50,80,1780.0,142400.0
2021050905005547,NICLBSL,38,34,10,1780.0,17800.0
2021050905005546,NICLBSL,38,17,10,1780.0,17800.0
2021050905005545,NICLBSL,6,49,10,1780.0,17800.0
2021050905005571,NICLBSL,47,49,10,1779.0,17790.0
2021050905005565,NICLBSL,33,50,20,1780.0,35600.0
2021050905005564,NICLBSL,49,50,15,1780.0,26700.0
2021050905005563,NICLBSL,4,50,10,1780.0,17800.0
2021050905005562,NICLBSL,34,50,10,1780.0,17800.0
2021050905005561,NICLBSL,41,50,10,1780.0,17800.0
2021050905005582,NICLBSL,47,47,10,1779.0,17790.0
2021050905005576,NICLBSL,47,52,20,1779.0,35580.0
2021050905005575,NICLBSL,47,49,70,1779.0,124530.0
2021050905005574,NICLBSL,52,50,30,1780.0,53400.0
2021050905005573,NICLBSL,6,50,20,1780.0,35600.0
2021050905005572,NICLBSL,47,55,30,1779.0,53370.0
2021050905005590,NICLBSL,47,32,10,1779.0,17790.0
2021050905005589,NICLBSL,47,38,40,1779.0,71160.0
2021050905005588,NICLBSL,47,49,100,1779.0,177900.0
2021050905005586,NICLBSL,40,50,10,1780.0,17800.0
2021050905005585,NICLBSL,47,51,100,1779.0,177900.0
2021050905005584,NICLBSL,47,1,10,1779.0,17790.0
2021050905005597,NICLBSL,38,48,10,1777.0,17770.0
2021050905005596,NICLBSL,38,51,30,1777.0,53310.0
2021050905005595,NICLBSL,38,39,10,1777.0,17770.0
2021050905005594,NICLBSL,25,54,30,1779.0,53370.0
2021050905005592,NICLBSL,58,54,30,1779.0,53370.0
2021050905005591,NICLBSL,47,54,100,1779.0,177900.0
2021050905005605,NICLBSL,17,54,10,1775.0,17750.0
2021050905005604,NICLBSL,47,58,10,1776.0,17760.0
2021050905005603,NICLBSL,45,50,21,1776.0,37296.0
2021050905005602,NICLBSL,22,42,50,1776.0,88800.0
2021050905005601,NICLBSL,17,42,45,1777.0,79965.0
2021050905005598,NICLBSL,17,48,10,1777.0,17770.0
2021050905005611,NICLBSL,21,54,40,1775.0,71000.0
2021050905005610,NICLBSL,42,54,10,1775.0,17750.0
2021050905005609,NICLBSL,6,54,50,1775.0,88750.0
2021050905005608,NICLBSL,38,54,30,1775.0,53250.0
2021050905005607,NICLBSL,26,54,50,1775.0,88750.0
2021050905005606,NICLBSL,35,54,10,1775.0,17750.0
2021050905005618,NICLBSL,35,25,10,1775.0,17750.0
2021050905005617,NICLBSL,21,28,10,1777.0,17770.0
2021050905005615,NICLBSL,35,33,10,1775.0,17750.0
2021050905005614,NICLBSL,35,14,30,1775.0,53250.0
2021050905005613,NICLBSL,19,28,25,1777.0,44425.0
2021050905005612,NICLBSL,21,39,10,1775.0,17750.0
2021050905005625,NICLBSL,7,52,40,1775.0,71000.0
2021050905005623,NICLBSL,7,49,50,1775.0,88750.0
2021050905005622,NICLBSL,38,42,5,1776.0,8880.0
2021050905005621,NICLBSL,7,1,10,1775.0,17750.0
2021050905005620,NICLBSL,49,28,65,1777.0,115505.0
2021050905005619,NICLBSL,49,49,26,1776.0,46176.0
2021050905005631,NICLBSL,13,52,100,1775.0,177500.0
2021050905005630,NICLBSL,47,52,50,1775.0,88750.0
2021050905005629,NICLBSL,17,52,20,1775.0,35500.0
2021050905005628,NICLBSL,29,52,50,1775.0,88750.0
2021050905005627,NICLBSL,17,52,10,1775.0,17750.0
2021050905005626,NICLBSL,52,52,50,1775.0,88750.0
2021050905005638,NICLBSL,38,52,10,1775.0,17750.0
2021050905005636,NICLBSL,41,52,40,1775.0,71000.0
2021050905005635,NICLBSL,58,52,40,1775.0,71000.0
2021050905005634,NICLBSL,51,52,20,1775.0,35500.0
2021050905005633,NICLBSL,45,52,20,1775.0,35500.0
2021050905005632,NICLBSL,8,52,40,1775.0,71000.0
2021050905005648,NICLBSL,4,44,40,1776.0,71040.0
2021050905005647,NICLBSL,41,45,10,1774.0,17740.0
2021050905005646,NICLBSL,38,14,10,1776.0,17760.0
2021050905005645,NICLBSL,42,51,10,1775.0,17750.0
2021050905005643,NICLBSL,41,17,10,1775.0,17750.0
2021050905005642,NICLBSL,41,52,10,1775.0,17750.0
2021050905005654,NICLBSL,41,51,40,1774.0,70960.0
2021050905005653,NICLBSL,44,51,10,1776.0,17760.0
2021050905005652,NICLBSL,44,14,40,1776.0,71040.0
2021050905005651,NICLBSL,45,29,10,1775.0,17750.0
2021050905005650,NICLBSL,59,29,190,1775.0,337250.0
2021050905005649,NICLBSL,59,35,10,1775.0,17750.0
2021050905005672,NICLBSL,22,58,85,1774.0,150790.0
2021050905005671,NICLBSL,16,58,15,1774.0,26610.0
2021050905005670,NICLBSL,16,47,10,1774.0,17740.0
2021050905005668,NICLBSL,16,19,10,1774.0,17740.0
2021050905005667,NICLBSL,47,51,35,1774.0,62090.0
2021050905005655,NICLBSL,51,51,100,1774.0,177400.0
2021050905005679,NICLBSL,36,25,25,1773.0,44325.0
2021050905005678,NICLBSL,58,26,20,1774.0,35480.0
2021050905005677,NICLBSL,41,26,10,1774.0,17740.0
2021050905005676,NICLBSL,41,50,10,1774.0,17740.0
2021050905005674,NICLBSL,17,50,10,1774.0,17740.0
2021050905005673,NICLBSL,22,50,15,1774.0,26610.0
2021050905005686,NICLBSL,16,6,65,1774.0,115310.0
2021050905005685,NICLBSL,1,6,100,1774.0,177400.0
2021050905005683,NICLBSL,47,26,20,1774.0,35480.0
2021050905005682,NICLBSL,16,49,25,1773.0,44325.0
2021050905005681,NICLBSL,16,45,10,1773.0,17730.0
2021050905005680,NICLBSL,47,26,50,1774.0,88700.0
2021050905005693,NICLBSL,38,6,10,1773.0,17730.0
2021050905005692,NICLBSL,52,6,10,1773.0,17730.0
2021050905005691,NICLBSL,58,6,15,1773.0,26595.0
2021050905005690,NICLBSL,16,25,5,1773.0,8865.0
2021050905005689,NICLBSL,16,22,10,1773.0,17730.0
2021050905005687,NICLBSL,4,6,10,1774.0,17740.0
2021050905005699,NICLBSL,49,52,10,1773.0,17730.0
2021050905005698,NICLBSL,49,40,10,1773.0,17730.0
2021050905005697,NICLBSL,58,42,10,1774.0,17740.0
2021050905005696,NICLBSL,1,42,10,1774.0,17740.0
2021050905005695,NICLBSL,1,42,10,1774.0,17740.0
2021050905005694,NICLBSL,49,6,69,1773.0,122337.0
2021050905005705,NICLBSL,42,8,75,1772.0,132900.0
2021050905005704,NICLBSL,6,8,30,1772.0,53160.0
2021050905005703,NICLBSL,3,8,50,1772.0,88600.0
2021050905005702,NICLBSL,29,8,150,1772.0,265800.0
2021050905005701,NICLBSL,49,38,100,1773.0,177300.0
2021050905005700,NICLBSL,49,34,10,1773.0,17730.0
2021050905005722,NICLBSL,53,21,20,1771.0,35420.0
2021050905005721,NICLBSL,41,21,20,1771.0,35420.0
2021050905005719,NICLBSL,3,37,20,1771.0,35420.0
2021050905005708,NICLBSL,3,8,74,1771.0,131054.0
2021050905005707,NICLBSL,57,8,20,1771.0,35420.0
2021050905005706,NICLBSL,38,8,100,1771.0,177100.0
2021050905005729,NICLBSL,19,57,18,1772.0,31896.0
2021050905005728,NICLBSL,19,33,10,1772.0,17720.0
2021050905005726,NICLBSL,54,52,36,1771.0,63756.0
2021050905005725,NICLBSL,54,38,30,1771.0,53130.0
2021050905005724,NICLBSL,21,38,40,1771.0,70840.0
2021050905005723,NICLBSL,21,21,10,1771.0,17710.0
2021050905005736,NICLBSL,38,40,70,1771.0,123970.0
2021050905005735,NICLBSL,38,47,30,1771.0,53130.0
2021050905005733,NICLBSL,47,8,500,1770.0,885000.0
2021050905005732,NICLBSL,32,57,25,1771.0,44275.0
2021050905005731,NICLBSL,6,57,20,1771.0,35420.0
2021050905005730,NICLBSL,54,57,34,1771.0,60214.0
2021050905005743,NICLBSL,41,21,10,1770.0,17700.0
2021050905005742,NICLBSL,41,45,10,1770.0,17700.0
2021050905005740,NICLBSL,51,46,38,1771.0,67298.0
2021050905005739,NICLBSL,11,46,80,1771.0,141680.0
2021050905005738,NICLBSL,11,57,10,1771.0,17710.0
2021050905005737,NICLBSL,11,40,10,1771.0,17710.0
2021050905005749,NICLBSL,13,49,30,1770.0,53100.0
2021050905005748,NICLBSL,40,49,50,1770.0,88500.0
2021050905005747,NICLBSL,34,49,20,1770.0,35400.0
2021050905005746,NICLBSL,34,57,10,1770.0,17700.0
2021050905005745,NICLBSL,43,57,10,1770.0,17700.0
2021050905005744,NICLBSL,57,21,20,1770.0,35400.0
2021050905005757,NICLBSL,45,58,10,1771.0,17710.0
2021050905005756,NICLBSL,45,46,72,1771.0,127512.0
2021050905005754,NICLBSL,57,46,20,1771.0,35420.0
2021050905005753,NICLBSL,57,46,10,1771.0,17710.0
2021050905005752,NICLBSL,22,46,30,1771.0,53130.0
2021050905005751,NICLBSL,13,29,10,1770.0,17700.0
2021050905005764,NICLBSL,5,29,10,1770.0,17700.0
2021050905005763,NICLBSL,4,29,10,1770.0,17700.0
2021050905005762,NICLBSL,13,29,10,1770.0,17700.0
2021050905005761,NICLBSL,7,29,10,1771.0,17710.0
2021050905005759,NICLBSL,7,29,60,1771.0,106260.0
2021050905005758,NICLBSL,45,29,50,1771.0,88550.0
2021050905005770,NICLBSL,39,29,20,1770.0,35400.0
2021050905005769,NICLBSL,35,29,20,1770.0,35400.0
2021050905005768,NICLBSL,26,29,100,1770.0,177000.0
2021050905005767,NICLBSL,3,29,50,1770.0,88500.0
2021050905005766,NICLBSL,43,29,10,1770.0,17700.0
2021050905005765,NICLBSL,35,29,20,1770.0,35400.0
2021050905005776,NICLBSL,17,29,55,1770.0,97350.0
2021050905005775,NICLBSL,54,29,35,1770.0,61950.0
2021050905005774,NICLBSL,58,29,10,1770.0,17700.0
2021050905005773,NICLBSL,40,29,15,1770.0,26550.0
2021050905005772,NICLBSL,22,29,100,1770.0,177000.0
2021050905005771,NICLBSL,19,29,10,1770.0,17700.0
2021050905005782,NICLBSL,19,29,20,1770.0,35400.0
2021050905005781,NICLBSL,44,29,10,1770.0,17700.0
2021050905005780,NICLBSL,32,29,20,1770.0,35400.0
2021050905005779,NICLBSL,35,29,50,1770.0,88500.0
2021050905005778,NICLBSL,29,29,100,1770.0,177000.0
2021050905005777,NICLBSL,4,29,10,1770.0,17700.0
2021050905005789,NICLBSL,51,11,40,1770.0,70800.0
2021050905005788,NICLBSL,45,11,20,1771.0,35420.0
2021050905005787,NICLBSL,45,49,40,1771.0,70840.0
2021050905005786,NICLBSL,19,49,60,1771.0,106260.0
2021050905005785,NICLBSL,19,51,40,1771.0,70840.0
2021050905005784,NICLBSL,45,51,10,1771.0,17710.0
2021050905005795,NICLBSL,22,11,10,1770.0,17700.0
2021050905005794,NICLBSL,17,11,10,1770.0,17700.0
2021050905005793,NICLBSL,11,11,10,1770.0,17700.0
2021050905005792,NICLBSL,40,11,50,1770.0,88500.0
2021050905005791,NICLBSL,42,11,10,1770.0,17700.0
2021050905005790,NICLBSL,49,11,100,1770.0,177000.0
2021050905005802,NICLBSL,36,35,10,1769.0,17690.0
2021050905005801,NICLBSL,36,11,100,1770.0,177000.0
2021050905005800,NICLBSL,45,11,40,1770.0,70800.0
2021050905005799,NICLBSL,51,11,100,1770.0,177000.0
2021050905005798,NICLBSL,36,11,100,1770.0,177000.0
2021050905005796,NICLBSL,44,11,20,1770.0,35400.0
2021050905005811,NICLBSL,51,42,115,1769.0,203435.0
2021050905005810,NICLBSL,35,42,10,1769.0,17690.0
2021050905005809,NICLBSL,36,42,45,1769.0,79605.0
2021050905005807,NICLBSL,47,11,20,1770.0,35400.0
2021050905005806,NICLBSL,51,58,50,1769.0,88450.0
2021050905005805,NICLBSL,36,54,10,1769.0,17690.0
2021050905005818,NICLBSL,17,11,10,1769.0,17690.0
2021050905005817,NICLBSL,51,11,25,1769.0,44225.0
2021050905005816,NICLBSL,22,11,10,1770.0,17700.0
2021050905005814,NICLBSL,5,11,50,1770.0,88500.0
2021050905005813,NICLBSL,51,4,10,1769.0,17690.0
2021050905005812,NICLBSL,8,11,50,1770.0,88500.0
2021050905005824,NICLBSL,14,11,70,1770.0,123900.0
2021050905005823,NICLBSL,14,11,30,1769.0,53070.0
2021050905005822,NICLBSL,20,11,100,1769.0,176900.0
2021050905005821,NICLBSL,44,11,100,1769.0,176900.0
2021050905005820,NICLBSL,37,11,25,1769.0,44225.0
2021050905005819,NICLBSL,42,11,100,1769.0,176900.0
2021050905005830,NICLBSL,37,11,10,1770.0,17700.0
2021050905005829,NICLBSL,52,11,100,1770.0,177000.0
2021050905005828,NICLBSL,22,11,10,1770.0,17700.0
2021050905005827,NICLBSL,40,6,92,1768.0,162656.0
2021050905005826,NICLBSL,6,11,10,1770.0,17700.0
2021050905005825,NICLBSL,38,11,50,1770.0,88500.0
2021050905005836,NICLBSL,17,41,10,1768.0,17680.0
2021050905005835,NICLBSL,58,41,50,1768.0,88400.0
2021050905005834,NICLBSL,35,41,80,1768.0,141440.0
2021050905005833,NICLBSL,8,41,18,1768.0,31824.0
2021050905005832,NICLBSL,19,13,50,1769.0,88450.0
2021050905005831,NICLBSL,56,13,30,1769.0,53070.0
2021050905005755,RURU,34,22,10,548.0,5480.0
2021050905005750,RURU,34,38,10,548.0,5480.0
2021050905005734,RURU,34,38,10,548.0,5480.0
2021050905005669,RURU,34,49,10,548.0,5480.0
2021050905005495,RURU,34,32,10,548.0,5480.0
2021050905005466,RURU,34,56,10,548.0,5480.0
2021050905005345,MLBSL,59,53,10,4527.0,45270.0
2021050905005344,MLBSL,45,59,10,4528.0,45280.0
2021050905005343,MLBSL,59,3,10,4527.0,45270.0
2021050905005342,MLBSL,59,59,10,4527.0,45270.0
2021050905005340,MLBSL,59,34,10,4527.0,45270.0
2021050905005339,MLBSL,59,38,10,4527.0,45270.0
2021050905004852,MLBSL,19,38,10,4551.0,45510.0
2021050905004851,MLBSL,19,56,10,4551.0,45510.0
2021050905004850,MLBSL,29,36,10,4554.0,45540.0
2021050905004849,MLBSL,19,34,10,4551.0,45510.0
2021050905004847,MLBSL,19,45,10,4551.0,45510.0
2021050905004846,MLBSL,8,21,10,4551.0,45510.0
2021050905004862,MLBSL,14,45,10,4560.0,45600.0
2021050905004858,MLBSL,1,58,10,4551.0,45510.0
2021050905004856,MLBSL,20,20,10,4565.0,45650.0
2021050905004855,MLBSL,20,38,10,4560.0,45600.0
2021050905004854,MLBSL,20,54,10,4560.0,45600.0
2021050905004853,MLBSL,42,4,10,4550.0,45500.0
2021050905004869,MLBSL,57,34,10,4566.0,45660.0
2021050905004868,MLBSL,57,22,10,4555.0,45550.0
2021050905004867,MLBSL,19,58,10,4551.0,45510.0
2021050905004865,MLBSL,19,32,10,4551.0,45510.0
2021050905004864,MLBSL,45,59,10,4560.0,45600.0
2021050905004863,MLBSL,45,53,10,4555.0,45550.0
2021050905004880,MLBSL,32,47,10,4552.0,45520.0
2021050905004879,MLBSL,32,36,10,4552.0,45520.0
2021050905004878,MLBSL,34,34,10,4555.0,45550.0
2021050905004877,MLBSL,19,55,10,4551.0,45510.0
2021050905004876,MLBSL,22,32,10,4551.0,45510.0
2021050905004875,MLBSL,45,13,10,4551.0,45510.0
2021050905004890,MLBSL,26,47,10,4553.0,45530.0
2021050905004889,MLBSL,26,58,10,4553.0,45530.0
2021050905004887,MLBSL,26,6,10,4553.0,45530.0
2021050905004886,MLBSL,19,26,10,4551.0,45510.0
2021050905004884,MLBSL,36,47,10,4552.0,45520.0
2021050905004881,MLBSL,32,34,10,4552.0,45520.0
2021050905004897,MLBSL,19,47,10,4551.0,45510.0
2021050905004896,MLBSL,19,21,10,4551.0,45510.0
2021050905004895,MLBSL,19,47,10,4552.0,45520.0
2021050905004894,MLBSL,19,41,10,4552.0,45520.0
2021050905004893,MLBSL,17,52,10,4554.0,45540.0
2021050905004891,MLBSL,26,36,10,4553.0,45530.0
2021050905004907,MLBSL,44,47,10,4550.0,45500.0
2021050905004906,MLBSL,44,17,10,4550.0,45500.0
2021050905004905,MLBSL,44,39,10,4550.0,45500.0
2021050905004904,MLBSL,42,47,10,4550.0,45500.0
2021050905004902,MLBSL,42,47,10,4550.0,45500.0
2021050905004899,MLBSL,26,36,10,4551.0,45510.0
2021050905004914,MLBSL,25,10,10,4550.0,45500.0
2021050905004913,MLBSL,25,58,10,4550.0,45500.0
2021050905004912,MLBSL,25,49,10,4550.0,45500.0
2021050905004911,MLBSL,14,17,10,4551.0,45510.0
2021050905004910,MLBSL,44,8,10,4550.0,45500.0
2021050905004909,MLBSL,44,28,10,4550.0,45500.0
2021050905004930,MLBSL,49,38,10,4549.0,45490.0
2021050905004929,MLBSL,49,10,10,4549.0,45490.0
2021050905004928,MLBSL,25,35,10,4550.0,45500.0
2021050905004927,MLBSL,25,41,10,4550.0,45500.0
2021050905004920,MLBSL,25,58,10,4550.0,45500.0
2021050905004915,MLBSL,25,54,10,4550.0,45500.0
2021050905004937,MLBSL,45,42,10,4548.0,45480.0
2021050905004936,MLBSL,38,41,10,4550.0,45500.0
2021050905004935,MLBSL,49,59,10,4549.0,45490.0
2021050905004933,MLBSL,49,47,10,4552.0,45520.0
2021050905004932,MLBSL,49,1,10,4550.0,45500.0
2021050905004931,MLBSL,49,6,10,4550.0,45500.0
2021050905004945,MLBSL,44,55,10,4550.0,45500.0
2021050905004943,MLBSL,7,28,10,4548.0,45480.0
2021050905004941,MLBSL,49,22,10,4548.0,45480.0
2021050905004940,MLBSL,49,39,10,4548.0,45480.0
2021050905004939,MLBSL,58,21,10,4550.0,45500.0
2021050905004938,MLBSL,45,22,10,4548.0,45480.0
2021050905004952,MLBSL,44,32,10,4550.0,45500.0
2021050905004951,MLBSL,40,16,10,4551.0,45510.0
2021050905004950,MLBSL,40,58,10,4551.0,45510.0
2021050905004949,MLBSL,40,44,10,4551.0,45510.0
2021050905004948,MLBSL,44,16,10,4550.0,45500.0
2021050905004946,MLBSL,44,35,10,4550.0,45500.0
2021050905004962,MLBSL,32,29,10,4546.0,45460.0
2021050905004961,MLBSL,32,29,10,4546.0,45460.0
2021050905004960,MLBSL,3,41,10,4552.0,45520.0
2021050905004959,MLBSL,3,58,10,4552.0,45520.0
2021050905004958,MLBSL,14,44,10,4547.0,45470.0
2021050905004954,MLBSL,44,48,10,4550.0,45500.0
2021050905004968,MLBSL,14,39,10,4543.0,45430.0
2021050905004967,MLBSL,14,29,10,4543.0,45430.0
2021050905004966,MLBSL,19,29,10,4544.0,45440.0
2021050905004965,MLBSL,19,29,10,4544.0,45440.0
2021050905004964,MLBSL,32,29,10,4546.0,45460.0
2021050905004963,MLBSL,32,38,10,4546.0,45460.0
2021050905004975,MLBSL,42,35,10,4542.0,45420.0
2021050905004974,MLBSL,3,47,10,4543.0,45430.0
2021050905004973,MLBSL,3,37,10,4543.0,45430.0
2021050905004971,MLBSL,14,47,10,4543.0,45430.0
2021050905004970,MLBSL,14,29,10,4543.0,45430.0
2021050905004969,MLBSL,14,38,10,4543.0,45430.0
2021050905004985,MLBSL,22,49,10,4540.0,45400.0
2021050905004984,MLBSL,22,36,10,4540.0,45400.0
2021050905004982,MLBSL,19,56,10,4542.0,45420.0
2021050905004981,MLBSL,19,21,10,4542.0,45420.0
2021050905004978,MLBSL,29,36,10,4542.0,45420.0
2021050905004977,MLBSL,42,21,10,4542.0,45420.0
2021050905004994,MLBSL,44,38,10,4540.0,45400.0
2021050905004992,MLBSL,44,58,10,4540.0,45400.0
2021050905004991,MLBSL,22,34,10,4540.0,45400.0
2021050905004989,MLBSL,22,21,10,4540.0,45400.0
2021050905004987,MLBSL,22,21,10,4542.0,45420.0
2021050905004986,MLBSL,22,52,10,4542.0,45420.0
2021050905005002,MLBSL,56,25,10,4540.0,45400.0
2021050905005001,MLBSL,56,26,10,4540.0,45400.0
2021050905005000,MLBSL,56,38,10,4540.0,45400.0
2021050905004999,MLBSL,44,57,10,4540.0,45400.0
2021050905004998,MLBSL,44,21,10,4540.0,45400.0
2021050905004997,MLBSL,44,42,10,4540.0,45400.0
2021050905005009,MLBSL,56,54,10,4540.0,45400.0
2021050905005008,MLBSL,56,45,10,4540.0,45400.0
2021050905005007,MLBSL,56,38,10,4540.0,45400.0
2021050905005005,MLBSL,56,21,10,4540.0,45400.0
2021050905005004,MLBSL,29,16,10,4542.0,45420.0
2021050905005003,MLBSL,29,38,10,4541.0,45410.0
2021050905005018,MLBSL,43,6,10,4542.0,45420.0
2021050905005017,MLBSL,29,57,10,4540.0,45400.0
2021050905005013,MLBSL,29,17,10,4540.0,45400.0
2021050905005012,MLBSL,56,26,10,4540.0,45400.0
2021050905005011,MLBSL,56,1,10,4540.0,45400.0
2021050905005010,MLBSL,56,8,10,4540.0,45400.0
2021050905005025,MLBSL,21,48,10,4540.0,45400.0
2021050905005024,MLBSL,45,59,10,4543.0,45430.0
2021050905005023,MLBSL,45,50,10,4542.0,45420.0
2021050905005021,MLBSL,21,22,10,4540.0,45400.0
2021050905005020,MLBSL,13,34,10,4540.0,45400.0
2021050905005019,MLBSL,43,42,10,4542.0,45420.0
2021050905005037,MLBSL,21,26,10,4540.0,45400.0
2021050905005036,MLBSL,48,25,10,4541.0,45410.0
2021050905005030,MLBSL,56,26,10,4542.0,45420.0
2021050905005029,MLBSL,56,47,10,4542.0,45420.0
2021050905005028,MLBSL,56,34,10,4542.0,45420.0
2021050905005026,MLBSL,21,57,10,4540.0,45400.0
2021050905005046,MLBSL,36,34,10,4543.0,45430.0
2021050905005045,MLBSL,36,34,10,4543.0,45430.0
2021050905005044,MLBSL,36,26,10,4541.0,45410.0
2021050905005043,MLBSL,36,49,10,4540.0,45400.0
2021050905005042,MLBSL,29,45,10,4539.0,45390.0
2021050905005039,MLBSL,21,38,10,4540.0,45400.0
2021050905005055,MLBSL,26,44,10,4543.0,45430.0
2021050905005053,MLBSL,26,50,10,4543.0,45430.0
2021050905005052,MLBSL,26,48,10,4543.0,45430.0
2021050905005050,MLBSL,26,26,10,4543.0,45430.0
2021050905005048,MLBSL,57,26,10,4540.0,45400.0
2021050905005047,MLBSL,36,58,10,4546.0,45460.0
2021050905005065,MLBSL,33,29,10,4540.0,45400.0
2021050905005064,MLBSL,42,25,10,4540.0,45400.0
2021050905005062,MLBSL,38,8,10,4541.0,45410.0
2021050905005061,MLBSL,38,53,10,4541.0,45410.0
2021050905005060,MLBSL,42,38,10,4540.0,45400.0
2021050905005058,MLBSL,42,1,10,4540.0,45400.0
2021050905005073,MLBSL,19,25,10,4539.0,45390.0
2021050905005071,MLBSL,53,34,10,4540.0,45400.0
2021050905005070,MLBSL,19,49,10,4539.0,45390.0
2021050905005069,MLBSL,42,38,10,4539.0,45390.0
2021050905005068,MLBSL,42,25,10,4539.0,45390.0
2021050905005067,MLBSL,29,38,10,4539.0,45390.0
2021050905005080,MLBSL,19,47,80,4536.0,362880.0
2021050905005079,MLBSL,16,47,10,4536.0,45360.0
2021050905005078,MLBSL,29,47,20,4536.0,90720.0
2021050905005077,MLBSL,26,47,10,4537.0,45370.0
2021050905005076,MLBSL,17,47,100,4538.0,453800.0
2021050905005075,MLBSL,10,47,90,4538.0,408420.0
2021050905005088,MLBSL,22,49,10,4540.0,45400.0
2021050905005086,MLBSL,22,25,10,4540.0,45400.0
2021050905005084,MLBSL,39,47,40,4535.0,181400.0
2021050905005083,MLBSL,49,47,30,4535.0,136050.0
2021050905005082,MLBSL,38,47,10,4535.0,45350.0
2021050905005081,MLBSL,59,47,10,4535.0,45350.0
2021050905005099,MLBSL,10,51,10,4536.0,45360.0
2021050905005098,MLBSL,10,47,10,4536.0,45360.0
2021050905005095,MLBSL,49,45,10,4536.0,45360.0
2021050905005092,MLBSL,49,38,10,4536.0,45360.0
2021050905005090,MLBSL,39,49,10,4535.0,45350.0
2021050905005089,MLBSL,22,57,10,4540.0,45400.0
2021050905005108,MLBSL,10,3,40,4536.0,181440.0
2021050905005107,MLBSL,10,26,10,4536.0,45360.0
2021050905005106,MLBSL,10,25,10,4536.0,45360.0
2021050905005105,MLBSL,10,57,10,4536.0,45360.0
2021050905005101,MLBSL,10,7,10,4536.0,45360.0
2021050905005100,MLBSL,49,22,10,4539.0,45390.0
2021050905005114,MLBSL,26,3,20,4534.0,90680.0
2021050905005113,MLBSL,34,3,20,4534.0,90680.0
2021050905005112,MLBSL,8,3,10,4535.0,45350.0
2021050905005111,MLBSL,47,3,10,4535.0,45350.0
2021050905005110,MLBSL,42,3,10,4535.0,45350.0
2021050905005109,MLBSL,39,3,50,4535.0,226750.0
2021050905005121,MLBSL,32,58,10,4532.0,45320.0
2021050905005120,MLBSL,32,58,10,4532.0,45320.0
2021050905005119,MLBSL,40,38,10,4532.0,45320.0
2021050905005118,MLBSL,51,59,10,4532.0,45320.0
2021050905005117,MLBSL,51,57,10,4532.0,45320.0
2021050905005115,MLBSL,51,3,40,4532.0,181280.0
2021050905005127,MLBSL,48,6,10,4535.0,45350.0
2021050905005126,MLBSL,32,50,10,4532.0,45320.0
2021050905005125,MLBSL,32,49,10,4532.0,45320.0
2021050905005124,MLBSL,32,56,10,4532.0,45320.0
2021050905005123,MLBSL,32,57,10,4532.0,45320.0
2021050905005122,MLBSL,32,1,10,4532.0,45320.0
2021050905005133,MLBSL,48,56,10,4539.0,45390.0
2021050905005132,MLBSL,48,37,10,4539.0,45390.0
2021050905005131,MLBSL,48,45,10,4536.0,45360.0
2021050905005130,MLBSL,48,22,10,4536.0,45360.0
2021050905005129,MLBSL,48,21,10,4535.0,45350.0
2021050905005128,MLBSL,48,17,10,4535.0,45350.0
2021050905005140,MLBSL,32,34,10,4532.0,45320.0
2021050905005139,MLBSL,3,51,10,4535.0,45350.0
2021050905005138,MLBSL,32,13,10,4532.0,45320.0
2021050905005136,MLBSL,48,57,10,4540.0,45400.0
2021050905005135,MLBSL,48,13,10,4540.0,45400.0
2021050905005134,MLBSL,48,49,10,4539.0,45390.0
2021050905005153,MLBSL,26,36,10,4531.0,45310.0
2021050905005152,MLBSL,16,3,10,4534.0,45340.0
2021050905005151,MLBSL,16,55,10,4532.0,45320.0
2021050905005148,MLBSL,57,41,10,4533.0,45330.0
2021050905005142,MLBSL,26,17,10,4531.0,45310.0
2021050905005141,MLBSL,32,43,10,4532.0,45320.0
2021050905005161,MLBSL,48,47,10,4531.0,45310.0
2021050905005160,MLBSL,19,47,20,4531.0,90620.0
2021050905005158,MLBSL,7,34,10,4532.0,45320.0
2021050905005156,MLBSL,19,32,10,4531.0,45310.0
2021050905005155,MLBSL,19,51,10,4531.0,45310.0
2021050905005154,MLBSL,26,39,10,4531.0,45310.0
2021050905005167,MLBSL,57,47,100,4530.0,453000.0
2021050905005166,MLBSL,53,47,10,4530.0,45300.0
2021050905005165,MLBSL,10,47,10,4530.0,45300.0
2021050905005164,MLBSL,34,47,10,4530.0,45300.0
2021050905005163,MLBSL,36,47,50,4530.0,226500.0
2021050905005162,MLBSL,40,47,10,4531.0,45310.0
2021050905005173,MLBSL,34,47,20,4530.0,90600.0
2021050905005172,MLBSL,29,47,10,4530.0,45300.0
2021050905005171,MLBSL,39,47,20,4530.0,90600.0
2021050905005170,MLBSL,37,47,20,4530.0,90600.0
2021050905005169,MLBSL,35,47,60,4530.0,271800.0
2021050905005168,MLBSL,36,47,30,4530.0,135900.0
2021050905005179,MLBSL,19,47,30,4530.0,135900.0
2021050905005178,MLBSL,35,47,200,4530.0,906000.0
2021050905005177,MLBSL,21,47,10,4530.0,45300.0
2021050905005176,MLBSL,3,47,50,4530.0,226500.0
2021050905005175,MLBSL,59,47,100,4530.0,453000.0
2021050905005174,MLBSL,58,47,10,4530.0,45300.0
2021050905005185,MLBSL,37,47,50,4529.0,226450.0
2021050905005184,MLBSL,14,47,100,4529.0,452900.0
2021050905005183,MLBSL,57,47,10,4530.0,45300.0
2021050905005182,MLBSL,8,47,10,4530.0,45300.0
2021050905005181,MLBSL,57,47,10,4530.0,45300.0
2021050905005180,MLBSL,16,47,10,4530.0,45300.0
2021050905005191,MLBSL,10,17,10,4532.0,45320.0
2021050905005190,MLBSL,10,26,10,4532.0,45320.0
2021050905005189,MLBSL,10,45,10,4532.0,45320.0
2021050905005188,MLBSL,10,47,10,4531.0,45310.0
2021050905005187,MLBSL,10,19,10,4531.0,45310.0
2021050905005186,MLBSL,1,47,30,4528.0,135840.0
2021050905005198,MLBSL,51,38,10,4529.0,45290.0
2021050905005197,MLBSL,10,48,10,4532.0,45320.0
2021050905005196,MLBSL,10,57,10,4532.0,45320.0
2021050905005195,MLBSL,10,54,10,4532.0,45320.0
2021050905005194,MLBSL,10,41,10,4532.0,45320.0
2021050905005192,MLBSL,10,41,10,4532.0,45320.0
2021050905005204,MLBSL,6,47,10,4528.0,45280.0
2021050905005203,MLBSL,10,47,50,4528.0,226400.0
2021050905005202,MLBSL,19,47,20,4528.0,90560.0
2021050905005201,MLBSL,41,47,10,4528.0,45280.0
2021050905005200,MLBSL,52,47,50,4528.0,226400.0
2021050905005199,MLBSL,1,47,20,4528.0,90560.0
2021050905005210,MLBSL,53,47,10,4528.0,45280.0
2021050905005209,MLBSL,51,47,10,4528.0,45280.0
2021050905005208,MLBSL,8,47,10,4528.0,45280.0
2021050905005207,MLBSL,38,47,10,4528.0,45280.0
2021050905005206,MLBSL,3,47,20,4528.0,90560.0
2021050905005205,MLBSL,58,47,30,4528.0,135840.0
2021050905005220,MLBSL,47,48,10,4529.0,45290.0
2021050905005215,MLBSL,10,47,480,4527.0,2172960.0
2021050905005214,MLBSL,45,47,20,4528.0,90560.0
2021050905005213,MLBSL,34,47,20,4528.0,90560.0
2021050905005212,MLBSL,44,47,100,4528.0,452800.0
2021050905005211,MLBSL,47,47,20,4528.0,90560.0
2021050905005226,MLBSL,45,11,10,4528.0,45280.0
2021050905005225,MLBSL,22,34,10,4530.0,45300.0
2021050905005224,MLBSL,47,36,10,4529.0,45290.0
2021050905005223,MLBSL,47,34,10,4529.0,45290.0
2021050905005222,MLBSL,47,16,10,4529.0,45290.0
2021050905005221,MLBSL,47,20,10,4529.0,45290.0
2021050905005233,MLBSL,10,29,169,4527.0,765063.0
2021050905005232,MLBSL,44,29,40,4528.0,181120.0
2021050905005231,MLBSL,58,59,10,4529.0,45290.0
2021050905005230,MLBSL,44,21,10,4528.0,45280.0
2021050905005228,MLBSL,45,48,10,4528.0,45280.0
2021050905005227,MLBSL,45,6,10,4528.0,45280.0
2021050905005241,MLBSL,10,58,10,4527.0,45270.0
2021050905005239,MLBSL,3,38,10,4528.0,45280.0
2021050905005238,MLBSL,3,28,10,4528.0,45280.0
2021050905005237,MLBSL,40,44,10,4528.0,45280.0
2021050905005236,MLBSL,10,58,10,4527.0,45270.0
2021050905005235,MLBSL,10,48,10,4527.0,45270.0
2021050905005247,MLBSL,10,19,10,4527.0,45270.0
2021050905005246,MLBSL,10,48,10,4527.0,45270.0
2021050905005245,MLBSL,10,40,10,4527.0,45270.0
2021050905005244,MLBSL,10,49,20,4527.0,90540.0
2021050905005243,MLBSL,58,21,10,4528.0,45280.0
2021050905005242,MLBSL,10,59,10,4527.0,45270.0
2021050905005254,MLBSL,43,3,10,4527.0,45270.0
2021050905005253,MLBSL,32,3,10,4527.0,45270.0
2021050905005252,MLBSL,10,3,221,4527.0,1000467.0
2021050905005251,MLBSL,10,8,10,4527.0,45270.0
2021050905005250,MLBSL,10,32,10,4527.0,45270.0
2021050905005248,MLBSL,10,42,10,4527.0,45270.0
2021050905005260,MLBSL,59,3,10,4527.0,45270.0
2021050905005259,MLBSL,45,3,20,4527.0,90540.0
2021050905005258,MLBSL,20,3,10,4527.0,45270.0
2021050905005257,MLBSL,51,3,10,4527.0,45270.0
2021050905005256,MLBSL,3,3,20,4527.0,90540.0
2021050905005255,MLBSL,17,3,10,4527.0,45270.0
2021050905005266,MLBSL,14,40,10,4527.0,45270.0
2021050905005265,MLBSL,14,16,10,4527.0,45270.0
2021050905005264,MLBSL,14,3,99,4527.0,448173.0
2021050905005263,MLBSL,1,3,10,4527.0,45270.0
2021050905005262,MLBSL,49,3,50,4527.0,226350.0
2021050905005261,MLBSL,58,3,20,4527.0,90540.0
2021050905005272,MLBSL,14,26,10,4527.0,45270.0
2021050905005271,MLBSL,14,56,10,4527.0,45270.0
2021050905005270,MLBSL,14,48,10,4527.0,45270.0
2021050905005269,MLBSL,14,48,10,4527.0,45270.0
2021050905005268,MLBSL,14,21,10,4527.0,45270.0
2021050905005267,MLBSL,22,20,10,4528.0,45280.0
2021050905005278,MLBSL,44,14,10,4527.0,45270.0
2021050905005277,MLBSL,22,14,35,4527.0,158445.0
2021050905005276,MLBSL,22,38,10,4527.0,45270.0
2021050905005275,MLBSL,14,45,10,4527.0,45270.0
2021050905005274,MLBSL,14,40,10,4527.0,45270.0
2021050905005273,MLBSL,14,39,10,4527.0,45270.0
2021050905005285,MLBSL,48,11,10,4527.0,45270.0
2021050905005284,MLBSL,48,48,10,4527.0,45270.0
2021050905005282,MLBSL,48,14,10,4527.0,45270.0
2021050905005281,MLBSL,18,42,10,4527.0,45270.0
2021050905005280,MLBSL,47,4,10,4527.0,45270.0
2021050905005279,MLBSL,41,56,10,4527.0,45270.0
2021050905005291,MLBSL,48,56,10,4527.0,45270.0
2021050905005290,MLBSL,48,40,10,4527.0,45270.0
2021050905005289,MLBSL,48,42,10,4527.0,45270.0
2021050905005288,MLBSL,48,7,10,4527.0,45270.0
2021050905005287,MLBSL,48,34,10,4527.0,45270.0
2021050905005286,MLBSL,48,17,10,4527.0,45270.0
2021050905005297,MLBSL,28,42,10,4528.0,45280.0
2021050905005296,MLBSL,37,58,10,4527.0,45270.0
2021050905005295,MLBSL,39,58,10,4527.0,45270.0
2021050905005294,MLBSL,42,11,10,4527.0,45270.0
2021050905005293,MLBSL,42,14,40,4527.0,181080.0
2021050905005292,MLBSL,48,14,10,4527.0,45270.0
2021050905005303,MLBSL,3,58,10,4527.0,45270.0
2021050905005302,MLBSL,3,17,10,4527.0,45270.0
2021050905005301,MLBSL,44,57,10,4527.0,45270.0
2021050905005300,MLBSL,44,3,10,4527.0,45270.0
2021050905005299,MLBSL,57,11,10,4527.0,45270.0
2021050905005298,MLBSL,38,11,10,4527.0,45270.0
2021050905005309,MLBSL,40,53,10,4527.0,45270.0
2021050905005308,MLBSL,40,45,10,4527.0,45270.0
2021050905005307,MLBSL,40,3,10,4527.0,45270.0
2021050905005306,MLBSL,3,48,10,4527.0,45270.0
2021050905005305,MLBSL,3,55,10,4527.0,45270.0
2021050905005304,MLBSL,3,45,10,4527.0,45270.0
2021050905005315,MLBSL,40,55,10,4527.0,45270.0
2021050905005314,MLBSL,40,3,10,4527.0,45270.0
2021050905005313,MLBSL,40,29,10,4527.0,45270.0
2021050905005312,MLBSL,34,58,10,4528.0,45280.0
2021050905005311,MLBSL,34,53,10,4528.0,45280.0
2021050905005310,MLBSL,40,3,10,4527.0,45270.0
2021050905005326,MLBSL,38,41,10,4527.0,45270.0
2021050905005320,MLBSL,48,1,10,4527.0,45270.0
2021050905005319,MLBSL,11,56,10,4527.0,45270.0
2021050905005318,MLBSL,40,21,10,4527.0,45270.0
2021050905005317,MLBSL,40,40,10,4527.0,45270.0
2021050905005316,MLBSL,40,3,10,4527.0,45270.0
2021050905005332,MLBSL,38,3,40,4527.0,181080.0
2021050905005331,MLBSL,38,40,10,4527.0,45270.0
2021050905005330,MLBSL,38,3,10,4527.0,45270.0
2021050905005329,MLBSL,38,56,10,4527.0,45270.0
2021050905005328,MLBSL,38,57,10,4527.0,45270.0
2021050905005327,MLBSL,38,57,10,4527.0,45270.0
2021050905005338,MLBSL,59,3,10,4527.0,45270.0
2021050905005337,MLBSL,59,55,10,4527.0,45270.0
2021050905005336,MLBSL,59,58,10,4527.0,45270.0
2021050905005335,MLBSL,59,19,10,4527.0,45270.0
2021050905005334,MLBSL,14,40,10,4527.0,45270.0
2021050905005333,MLBSL,14,48,10,4527.0,45270.0
2021050905005341,NICLBSL,35,17,10,1782.0,17820.0
2021050905005325,NICLBSL,14,49,44,1785.0,78540.0
2021050905005324,NICLBSL,14,13,10,1785.0,17850.0
2021050905005323,NICLBSL,14,53,20,1784.0,35680.0
2021050905005322,NICLBSL,14,57,10,1784.0,17840.0
2021050905005321,NICLBSL,14,35,16,1784.0,28544.0
2021050905004859,NICLBSL,51,19,10,1781.0,17810.0
2021050905004857,NICLBSL,51,36,10,1781.0,17810.0
2021050905004848,NICLBSL,1,19,10,1781.0,17810.0
2021050905004872,NICLBSL,49,57,10,1783.0,17830.0
2021050905004871,NICLBSL,49,57,10,1783.0,17830.0
2021050905004870,NICLBSL,49,44,10,1783.0,17830.0
2021050905004866,NICLBSL,41,56,10,1781.0,17810.0
2021050905004861,NICLBSL,41,55,10,1781.0,17810.0
2021050905004860,NICLBSL,41,49,10,1781.0,17810.0
2021050905004888,NICLBSL,35,53,20,1782.0,35640.0
2021050905004885,NICLBSL,35,47,40,1782.0,71280.0
2021050905004883,NICLBSL,35,11,10,1782.0,17820.0
2021050905004882,NICLBSL,26,46,10,1784.0,17840.0
2021050905004874,NICLBSL,38,36,10,1781.0,17810.0
2021050905004873,NICLBSL,49,53,64,1783.0,114112.0
2021050905004908,NICLBSL,45,51,10,1784.0,17840.0
2021050905004903,NICLBSL,45,26,10,1784.0,17840.0
2021050905004901,NICLBSL,45,58,10,1784.0,17840.0
2021050905004900,NICLBSL,18,37,10,1783.0,17830.0
2021050905004898,NICLBSL,35,26,10,1782.0,17820.0
2021050905004892,NICLBSL,35,36,10,1782.0,17820.0
2021050905004923,NICLBSL,45,51,60,1784.0,107040.0
2021050905004922,NICLBSL,45,51,20,1785.0,35700.0
2021050905004919,NICLBSL,45,41,50,1785.0,89250.0
2021050905004918,NICLBSL,45,32,10,1785.0,17850.0
2021050905004917,NICLBSL,45,53,10,1785.0,17850.0
2021050905004916,NICLBSL,45,6,10,1785.0,17850.0
2021050905004953,NICLBSL,18,10,10,1783.0,17830.0
2021050905004947,NICLBSL,38,5,50,1784.0,89200.0
2021050905004942,NICLBSL,57,5,15,1784.0,26760.0
2021050905004934,NICLBSL,34,5,70,1784.0,124880.0
2021050905004925,NICLBSL,34,7,10,1784.0,17840.0
2021050905004924,NICLBSL,45,7,10,1784.0,17840.0
2021050905004979,NICLBSL,6,57,10,1784.0,17840.0
2021050905004976,NICLBSL,45,44,15,1784.0,26760.0
2021050905004972,NICLBSL,18,44,10,1783.0,17830.0
2021050905004957,NICLBSL,45,11,10,1784.0,17840.0
2021050905004956,NICLBSL,45,50,10,1784.0,17840.0
2021050905004955,NICLBSL,45,5,65,1784.0,115960.0
2021050905004996,NICLBSL,18,38,10,1783.0,17830.0
2021050905004995,NICLBSL,6,44,10,1784.0,17840.0
2021050905004993,NICLBSL,6,16,36,1784.0,64224.0
2021050905004990,NICLBSL,6,36,10,1784.0,17840.0
2021050905004983,NICLBSL,6,44,10,1784.0,17840.0
2021050905004980,NICLBSL,6,44,20,1784.0,35680.0
2021050905005027,NICLBSL,56,44,10,1783.0,17830.0
2021050905005022,NICLBSL,47,36,10,1784.0,17840.0
2021050905005016,NICLBSL,56,49,10,1783.0,17830.0
2021050905005015,NICLBSL,21,36,10,1784.0,17840.0
2021050905005014,NICLBSL,21,36,10,1784.0,17840.0
2021050905005006,NICLBSL,18,44,10,1783.0,17830.0
2021050905005038,NICLBSL,38,38,10,1785.0,17850.0
2021050905005035,NICLBSL,38,44,10,1785.0,17850.0
2021050905005034,NICLBSL,38,19,10,1785.0,17850.0
2021050905005033,NICLBSL,38,32,10,1785.0,17850.0
2021050905005032,NICLBSL,38,20,10,1785.0,17850.0
2021050905005031,NICLBSL,38,36,10,1784.0,17840.0
2021050905005057,NICLBSL,19,42,100,1786.0,178600.0
2021050905005056,NICLBSL,6,34,10,1785.0,17850.0
2021050905005051,NICLBSL,38,44,10,1785.0,17850.0
2021050905005049,NICLBSL,38,49,10,1785.0,17850.0
2021050905005041,NICLBSL,38,43,10,1785.0,17850.0
2021050905005040,NICLBSL,38,36,10,1785.0,17850.0
2021050905005085,NICLBSL,18,36,10,1785.0,17850.0
2021050905005074,NICLBSL,18,44,10,1785.0,17850.0
2021050905005072,NICLBSL,18,41,10,1785.0,17850.0
2021050905005066,NICLBSL,18,56,10,1785.0,17850.0
2021050905005063,NICLBSL,41,44,10,1784.0,17840.0
2021050905005059,NICLBSL,32,48,10,1785.0,17850.0
2021050905005097,NICLBSL,18,44,10,1785.0,17850.0
2021050905005096,NICLBSL,44,42,10,1786.0,17860.0
2021050905005094,NICLBSL,18,36,10,1785.0,17850.0
2021050905005093,NICLBSL,18,44,10,1785.0,17850.0
2021050905005091,NICLBSL,18,36,10,1785.0,17850.0
2021050905005087,NICLBSL,18,44,10,1785.0,17850.0
2021050905005143,NICLBSL,47,35,30,1784.0,53520.0
2021050905005137,NICLBSL,47,44,10,1784.0,17840.0
2021050905005116,NICLBSL,34,35,50,1785.0,89250.0
2021050905005104,NICLBSL,41,35,40,1785.0,71400.0
2021050905005103,NICLBSL,38,35,35,1785.0,62475.0
2021050905005102,NICLBSL,18,35,50,1785.0,89250.0
2021050905005150,NICLBSL,45,58,10,1783.0,17830.0
2021050905005149,NICLBSL,56,44,10,1783.0,17830.0
2021050905005147,NICLBSL,56,44,20,1783.0,35660.0
2021050905005146,NICLBSL,43,35,110,1784.0,196240.0
2021050905005145,NICLBSL,48,35,50,1784.0,89200.0
2021050905005144,NICLBSL,14,35,40,1784.0,71360.0
2021050905005218,NICLBSL,6,49,10,1783.0,17830.0
2021050905005217,NICLBSL,45,49,70,1783.0,124810.0
2021050905005216,NICLBSL,21,35,35,1784.0,62440.0
2021050905005193,NICLBSL,45,49,10,1783.0,17830.0
2021050905005159,NICLBSL,26,35,20,1784.0,35680.0
2021050905005157,NICLBSL,45,36,10,1783.0,17830.0
2021050905005283,NICLBSL,35,39,10,1782.0,17820.0
2021050905005249,NICLBSL,35,42,20,1782.0,35640.0
2021050905005240,NICLBSL,35,44,10,1782.0,17820.0
2021050905005234,NICLBSL,35,7,10,1782.0,17820.0
2021050905005229,NICLBSL,35,44,10,1782.0,17820.0
2021050905005219,NICLBSL,35,49,20,1782.0,35640.0
2021050905005054,RURU,34,50,10,548.0,5480.0
2021050905004988,RURU,34,22,10,548.0,5480.0
2021050905004944,RURU,34,58,10,548.0,5480.0
2021050905004926,RURU,34,50,10,548.0,5480.0
2021050905004921,RURU,34,8,10,548.0,5480.0
2021050905004845,MLBSL,58,35,10,4552.0,45520.0
2021050905004844,MLBSL,45,58,10,4552.0,45520.0
2021050905004842,MLBSL,45,49,10,4552.0,45520.0
2021050905004841,MLBSL,45,22,10,4552.0,45520.0
2021050905004840,MLBSL,45,42,10,4552.0,45520.0
2021050905004839,MLBSL,45,52,10,4552.0,45520.0
2021050905004351,MLBSL,34,42,10,4539.0,45390.0
2021050905004350,MLBSL,10,33,10,4538.0,45380.0
2021050905004349,MLBSL,22,19,10,4539.0,45390.0
2021050905004347,MLBSL,49,54,10,4539.0,45390.0
2021050905004346,MLBSL,49,49,10,4539.0,45390.0
2021050905004358,MLBSL,7,29,10,4540.0,45400.0
2021050905004357,MLBSL,7,32,10,4540.0,45400.0
2021050905004355,MLBSL,58,49,10,4539.0,45390.0
2021050905004354,MLBSL,58,44,10,4539.0,45390.0
2021050905004353,MLBSL,5,42,10,4540.0,45400.0
2021050905004352,MLBSL,5,57,10,4539.0,45390.0
2021050905004365,MLBSL,29,45,10,4540.0,45400.0
2021050905004364,MLBSL,29,19,10,4540.0,45400.0
2021050905004363,MLBSL,26,45,10,4540.0,45400.0
2021050905004361,MLBSL,59,7,10,4540.0,45400.0
2021050905004360,MLBSL,59,58,10,4540.0,45400.0
2021050905004359,MLBSL,59,29,10,4540.0,45400.0
2021050905004377,MLBSL,29,40,10,4540.0,45400.0
2021050905004376,MLBSL,29,45,10,4540.0,45400.0
2021050905004375,MLBSL,14,58,10,4545.0,45450.0
2021050905004374,MLBSL,14,46,10,4545.0,45450.0
2021050905004373,MLBSL,42,35,10,4541.0,45410.0
2021050905004367,MLBSL,29,36,10,4540.0,45400.0
2021050905004387,MLBSL,56,26,10,4545.0,45450.0
2021050905004386,MLBSL,38,39,10,4541.0,45410.0
2021050905004385,MLBSL,38,6,10,4541.0,45410.0
2021050905004383,MLBSL,38,51,10,4541.0,45410.0
2021050905004380,MLBSL,29,55,10,4540.0,45400.0
2021050905004378,MLBSL,29,58,10,4540.0,45400.0
2021050905004405,MLBSL,43,14,10,4544.0,45440.0
2021050905004394,MLBSL,58,25,10,4541.0,45410.0
2021050905004391,MLBSL,56,5,10,4550.0,45500.0
2021050905004390,MLBSL,56,50,10,4550.0,45500.0
2021050905004389,MLBSL,56,32,10,4545.0,45450.0
2021050905004388,MLBSL,56,54,10,4545.0,45450.0
2021050905004411,MLBSL,43,48,10,4550.0,45500.0
2021050905004410,MLBSL,43,38,10,4550.0,45500.0
2021050905004409,MLBSL,43,14,10,4550.0,45500.0
2021050905004408,MLBSL,43,58,10,4550.0,45500.0
2021050905004407,MLBSL,43,55,10,4550.0,45500.0
2021050905004406,MLBSL,43,35,10,4550.0,45500.0
2021050905004417,MLBSL,45,4,10,4550.0,45500.0
2021050905004416,MLBSL,45,56,10,4550.0,45500.0
2021050905004415,MLBSL,45,34,10,4550.0,45500.0
2021050905004414,MLBSL,43,41,10,4550.0,45500.0
2021050905004413,MLBSL,43,47,10,4550.0,45500.0
2021050905004412,MLBSL,43,45,10,4550.0,45500.0
2021050905004423,MLBSL,45,45,10,4550.0,45500.0
2021050905004422,MLBSL,45,10,10,4550.0,45500.0
2021050905004421,MLBSL,45,36,10,4550.0,45500.0
2021050905004420,MLBSL,45,1,10,4550.0,45500.0
2021050905004419,MLBSL,45,49,10,4550.0,45500.0
2021050905004418,MLBSL,45,47,10,4550.0,45500.0
2021050905004431,MLBSL,1,16,10,4550.0,45500.0
2021050905004430,MLBSL,58,26,10,4550.0,45500.0
2021050905004428,MLBSL,58,47,10,4550.0,45500.0
2021050905004427,MLBSL,58,49,10,4550.0,45500.0
2021050905004426,MLBSL,58,56,10,4550.0,45500.0
2021050905004424,MLBSL,45,41,10,4550.0,45500.0
2021050905004437,MLBSL,45,45,10,4551.0,45510.0
2021050905004436,MLBSL,45,49,10,4551.0,45510.0
2021050905004435,MLBSL,45,45,10,4551.0,45510.0
2021050905004434,MLBSL,7,20,10,4550.0,45500.0
2021050905004433,MLBSL,7,40,10,4550.0,45500.0
2021050905004432,MLBSL,13,58,10,4550.0,45500.0
2021050905004444,MLBSL,34,59,10,4551.0,45510.0
2021050905004443,MLBSL,7,34,10,4550.0,45500.0
2021050905004442,MLBSL,5,58,10,4551.0,45510.0
2021050905004441,MLBSL,5,38,10,4551.0,45510.0
2021050905004439,MLBSL,45,4,10,4551.0,45510.0
2021050905004438,MLBSL,45,46,10,4551.0,45510.0
2021050905004452,MLBSL,53,14,30,4550.0,136500.0
2021050905004451,MLBSL,53,58,10,4550.0,45500.0
2021050905004450,MLBSL,53,59,10,4550.0,45500.0
2021050905004449,MLBSL,7,50,10,4550.0,45500.0
2021050905004446,MLBSL,41,58,10,4555.0,45550.0
2021050905004445,MLBSL,7,59,10,4550.0,45500.0
2021050905004459,MLBSL,53,38,10,4551.0,45510.0
2021050905004458,MLBSL,53,16,10,4551.0,45510.0
2021050905004457,MLBSL,20,45,10,4555.0,45550.0
2021050905004456,MLBSL,20,58,10,4555.0,45550.0
2021050905004455,MLBSL,20,22,10,4555.0,45550.0
2021050905004453,MLBSL,53,14,20,4550.0,91000.0
2021050905004471,MLBSL,32,4,10,4542.0,45420.0
2021050905004470,MLBSL,32,16,10,4542.0,45420.0
2021050905004469,MLBSL,20,38,10,4542.0,45420.0
2021050905004467,MLBSL,20,38,10,4542.0,45420.0
2021050905004465,MLBSL,26,13,10,4542.0,45420.0
2021050905004464,MLBSL,19,14,10,4543.0,45430.0
2021050905004481,MLBSL,32,13,10,4541.0,45410.0
2021050905004480,MLBSL,55,7,10,4542.0,45420.0
2021050905004478,MLBSL,26,34,10,4541.0,45410.0
2021050905004475,MLBSL,32,22,10,4542.0,45420.0
2021050905004474,MLBSL,32,57,10,4542.0,45420.0
2021050905004472,MLBSL,32,47,10,4542.0,45420.0
2021050905004487,MLBSL,47,58,10,4542.0,45420.0
2021050905004486,MLBSL,32,45,10,4541.0,45410.0
2021050905004485,MLBSL,32,59,10,4541.0,45410.0
2021050905004484,MLBSL,32,56,10,4541.0,45410.0
2021050905004483,MLBSL,32,38,10,4541.0,45410.0
2021050905004482,MLBSL,32,16,10,4541.0,45410.0
2021050905004498,MLBSL,32,14,10,4541.0,45410.0
2021050905004497,MLBSL,53,29,11,4550.0,50050.0
2021050905004496,MLBSL,53,19,10,4548.0,45480.0
2021050905004495,MLBSL,53,33,10,4542.0,45420.0
2021050905004494,MLBSL,32,48,10,4541.0,45410.0
2021050905004489,MLBSL,32,14,10,4541.0,45410.0
2021050905004517,MLBSL,47,32,10,4542.0,45420.0
2021050905004509,MLBSL,29,14,10,4540.0,45400.0
2021050905004506,MLBSL,29,16,10,4540.0,45400.0
2021050905004505,MLBSL,57,58,10,4541.0,45410.0
2021050905004503,MLBSL,22,57,10,4541.0,45410.0
2021050905004499,MLBSL,32,14,10,4541.0,45410.0
2021050905004524,MLBSL,57,38,10,4540.0,45400.0
2021050905004523,MLBSL,42,38,10,4540.0,45400.0
2021050905004522,MLBSL,29,38,10,4540.0,45400.0
2021050905004521,MLBSL,47,38,20,4542.0,90840.0
2021050905004519,MLBSL,47,41,10,4542.0,45420.0
2021050905004518,MLBSL,47,38,10,4542.0,45420.0
2021050905004532,MLBSL,58,26,10,4539.0,45390.0
2021050905004531,MLBSL,58,42,10,4539.0,45390.0
2021050905004530,MLBSL,55,42,10,4540.0,45400.0
2021050905004528,MLBSL,55,3,10,4540.0,45400.0
2021050905004526,MLBSL,55,6,10,4540.0,45400.0
2021050905004525,MLBSL,55,38,20,4540.0,90800.0
2021050905004543,MLBSL,41,57,10,4540.0,45400.0
2021050905004542,MLBSL,41,6,10,4540.0,45400.0
2021050905004538,MLBSL,58,43,10,4539.0,45390.0
2021050905004537,MLBSL,58,28,10,4539.0,45390.0
2021050905004536,MLBSL,58,26,10,4539.0,45390.0
2021050905004534,MLBSL,58,6,10,4539.0,45390.0
2021050905004550,MLBSL,14,49,10,4539.0,45390.0
2021050905004549,MLBSL,58,4,10,4539.0,45390.0
2021050905004548,MLBSL,58,3,10,4539.0,45390.0
2021050905004546,MLBSL,5,47,10,4540.0,45400.0
2021050905004545,MLBSL,5,58,10,4540.0,45400.0
2021050905004544,MLBSL,41,26,10,4540.0,45400.0
2021050905004569,MLBSL,19,45,10,4539.0,45390.0
2021050905004564,MLBSL,14,6,10,4539.0,45390.0
2021050905004563,MLBSL,14,11,10,4539.0,45390.0
2021050905004554,MLBSL,37,6,10,4540.0,45400.0
2021050905004552,MLBSL,14,57,10,4539.0,45390.0
2021050905004551,MLBSL,14,43,10,4539.0,45390.0
2021050905004579,MLBSL,3,7,10,4540.0,45400.0
2021050905004578,MLBSL,3,46,10,4540.0,45400.0
2021050905004577,MLBSL,3,44,10,4540.0,45400.0
2021050905004576,MLBSL,3,44,10,4540.0,45400.0
2021050905004575,MLBSL,3,53,10,4540.0,45400.0
2021050905004574,MLBSL,3,46,10,4540.0,45400.0
2021050905004587,MLBSL,32,6,10,4541.0,45410.0
2021050905004586,MLBSL,32,26,10,4541.0,45410.0
2021050905004585,MLBSL,32,40,10,4541.0,45410.0
2021050905004584,MLBSL,32,44,10,4541.0,45410.0
2021050905004583,MLBSL,26,6,10,4540.0,45400.0
2021050905004581,MLBSL,3,4,10,4540.0,45400.0
2021050905004594,MLBSL,32,29,20,4541.0,90820.0
2021050905004593,MLBSL,32,26,10,4541.0,45410.0
2021050905004592,MLBSL,50,10,10,4542.0,45420.0
2021050905004591,MLBSL,32,43,10,4541.0,45410.0
2021050905004590,MLBSL,32,19,10,4541.0,45410.0
2021050905004589,MLBSL,32,55,10,4541.0,45410.0
2021050905004601,MLBSL,32,28,10,4541.0,45410.0
2021050905004600,MLBSL,32,58,10,4541.0,45410.0
2021050905004599,MLBSL,32,45,10,4541.0,45410.0
2021050905004598,MLBSL,32,57,10,4541.0,45410.0
2021050905004596,MLBSL,26,29,70,4540.0,317800.0
2021050905004595,MLBSL,59,29,10,4541.0,45410.0
2021050905004607,MLBSL,55,58,10,4541.0,45410.0
2021050905004606,MLBSL,32,57,10,4540.0,45400.0
2021050905004605,MLBSL,26,14,10,4540.0,45400.0
2021050905004604,MLBSL,34,10,10,4542.0,45420.0
2021050905004603,MLBSL,26,49,10,4540.0,45400.0
2021050905004602,MLBSL,32,57,10,4541.0,45410.0
2021050905004614,MLBSL,34,49,10,4540.0,45400.0
2021050905004613,MLBSL,34,39,10,4540.0,45400.0
2021050905004612,MLBSL,32,7,10,4540.0,45400.0
2021050905004610,MLBSL,32,10,10,4540.0,45400.0
2021050905004609,MLBSL,32,39,10,4540.0,45400.0
2021050905004608,MLBSL,32,14,10,4540.0,45400.0
2021050905004622,MLBSL,34,39,10,4540.0,45400.0
2021050905004621,MLBSL,34,58,10,4540.0,45400.0
2021050905004620,MLBSL,34,39,10,4540.0,45400.0
2021050905004619,MLBSL,34,41,10,4540.0,45400.0
2021050905004617,MLBSL,34,56,10,4540.0,45400.0
2021050905004616,MLBSL,34,39,10,4540.0,45400.0
2021050905004632,MLBSL,47,56,10,4541.0,45410.0
2021050905004631,MLBSL,56,32,10,4540.0,45400.0
2021050905004629,MLBSL,56,42,10,4540.0,45400.0
2021050905004627,MLBSL,56,57,10,4540.0,45400.0
2021050905004626,MLBSL,34,57,10,4540.0,45400.0
2021050905004623,MLBSL,34,58,10,4540.0,45400.0
2021050905004639,MLBSL,56,6,10,4540.0,45400.0
2021050905004638,MLBSL,56,53,10,4540.0,45400.0
2021050905004637,MLBSL,56,44,10,4540.0,45400.0
2021050905004636,MLBSL,56,32,10,4540.0,45400.0
2021050905004634,MLBSL,56,45,10,4540.0,45400.0
2021050905004633,MLBSL,47,38,10,4541.0,45410.0
2021050905004649,MLBSL,42,32,10,4541.0,45410.0
2021050905004648,MLBSL,13,14,10,4541.0,45410.0
2021050905004646,MLBSL,13,58,10,4541.0,45410.0
2021050905004645,MLBSL,22,6,10,4540.0,45400.0
2021050905004642,MLBSL,56,40,10,4540.0,45400.0
2021050905004640,MLBSL,56,29,10,4540.0,45400.0
2021050905004656,MLBSL,42,58,10,4541.0,45410.0
2021050905004655,MLBSL,42,56,10,4541.0,45410.0
2021050905004654,MLBSL,42,21,10,4541.0,45410.0
2021050905004653,MLBSL,42,49,10,4541.0,45410.0
2021050905004652,MLBSL,42,16,10,4541.0,45410.0
2021050905004651,MLBSL,42,51,10,4541.0,45410.0
2021050905004663,MLBSL,32,25,10,4541.0,45410.0
2021050905004662,MLBSL,32,58,10,4541.0,45410.0
2021050905004661,MLBSL,32,58,10,4541.0,45410.0
2021050905004659,MLBSL,42,17,10,4541.0,45410.0
2021050905004658,MLBSL,42,29,10,4541.0,45410.0
2021050905004657,MLBSL,42,50,10,4541.0,45410.0
2021050905004675,MLBSL,45,10,10,4542.0,45420.0
2021050905004672,MLBSL,45,52,10,4542.0,45420.0
2021050905004671,MLBSL,45,58,10,4542.0,45420.0
2021050905004670,MLBSL,45,7,10,4542.0,45420.0
2021050905004668,MLBSL,32,17,10,4541.0,45410.0
2021050905004665,MLBSL,32,45,10,4541.0,45410.0
2021050905004682,MLBSL,6,53,10,4545.0,45450.0
2021050905004681,MLBSL,6,26,10,4545.0,45450.0
2021050905004680,MLBSL,6,32,10,4545.0,45450.0
2021050905004679,MLBSL,45,58,10,4542.0,45420.0
2021050905004677,MLBSL,45,16,10,4542.0,45420.0
2021050905004676,MLBSL,45,55,10,4542.0,45420.0
2021050905004690,MLBSL,45,21,10,4542.0,45420.0
2021050905004689,MLBSL,45,8,10,4542.0,45420.0
2021050905004688,MLBSL,45,19,10,4542.0,45420.0
2021050905004687,MLBSL,6,38,10,4545.0,45450.0
2021050905004684,MLBSL,6,42,10,4545.0,45450.0
2021050905004683,MLBSL,6,58,10,4545.0,45450.0
2021050905004698,MLBSL,6,52,10,4547.0,45470.0
2021050905004695,MLBSL,6,42,10,4547.0,45470.0
2021050905004694,MLBSL,6,16,10,4547.0,45470.0
2021050905004693,MLBSL,45,58,10,4545.0,45450.0
2021050905004692,MLBSL,45,8,10,4545.0,45450.0
2021050905004691,MLBSL,26,16,10,4545.0,45450.0
2021050905004706,MLBSL,38,46,10,4549.0,45490.0
2021050905004705,MLBSL,17,29,80,4549.0,363920.0
2021050905004704,MLBSL,17,16,10,4548.0,45480.0
2021050905004703,MLBSL,17,1,10,4550.0,45500.0
2021050905004702,MLBSL,35,46,10,4548.0,45480.0
2021050905004700,MLBSL,34,53,10,4547.0,45470.0
2021050905004712,MLBSL,38,52,10,4550.0,45500.0
2021050905004711,MLBSL,38,52,10,4550.0,45500.0
2021050905004710,MLBSL,38,37,10,4550.0,45500.0
2021050905004709,MLBSL,38,52,10,4550.0,45500.0
2021050905004708,MLBSL,38,58,10,4550.0,45500.0
2021050905004707,MLBSL,38,59,10,4550.0,45500.0
2021050905004718,MLBSL,38,51,10,4550.0,45500.0
2021050905004717,MLBSL,38,34,10,4550.0,45500.0
2021050905004716,MLBSL,38,45,10,4550.0,45500.0
2021050905004715,MLBSL,38,58,10,4550.0,45500.0
2021050905004714,MLBSL,38,54,10,4550.0,45500.0
2021050905004713,MLBSL,38,39,10,4550.0,45500.0
2021050905004726,MLBSL,32,41,10,4546.0,45460.0
2021050905004723,MLBSL,45,59,10,4545.0,45450.0
2021050905004722,MLBSL,57,45,10,4547.0,45470.0
2021050905004721,MLBSL,34,4,10,4547.0,45470.0
2021050905004720,MLBSL,38,21,10,4550.0,45500.0
2021050905004719,MLBSL,38,49,30,4550.0,136500.0
2021050905004738,MLBSL,32,50,10,4546.0,45460.0
2021050905004736,MLBSL,34,19,10,4546.0,45460.0
2021050905004735,MLBSL,32,56,10,4546.0,45460.0
2021050905004734,MLBSL,32,58,10,4546.0,45460.0
2021050905004733,MLBSL,32,32,10,4546.0,45460.0
2021050905004727,MLBSL,32,11,10,4546.0,45460.0
2021050905004747,MLBSL,47,45,10,4548.0,45480.0
2021050905004745,MLBSL,47,21,10,4548.0,45480.0
2021050905004744,MLBSL,47,45,10,4548.0,45480.0
2021050905004743,MLBSL,47,6,10,4548.0,45480.0
2021050905004741,MLBSL,47,52,10,4548.0,45480.0
2021050905004740,MLBSL,47,52,10,4547.0,45470.0
2021050905004753,MLBSL,26,55,10,4551.0,45510.0
2021050905004752,MLBSL,26,38,10,4551.0,45510.0
2021050905004751,MLBSL,26,21,10,4551.0,45510.0
2021050905004750,MLBSL,26,6,10,4550.0,45500.0
2021050905004749,MLBSL,26,58,10,4550.0,45500.0
2021050905004748,MLBSL,26,58,10,4550.0,45500.0
2021050905004759,MLBSL,47,35,10,4548.0,45480.0
2021050905004758,MLBSL,47,13,10,4548.0,45480.0
2021050905004757,MLBSL,26,49,10,4555.0,45550.0
2021050905004756,MLBSL,26,4,10,4555.0,45550.0
2021050905004755,MLBSL,26,49,10,4555.0,45550.0
2021050905004754,MLBSL,26,4,10,4555.0,45550.0
2021050905004768,MLBSL,45,1,10,4549.0,45490.0
2021050905004767,MLBSL,45,10,10,4549.0,45490.0
2021050905004766,MLBSL,45,38,10,4549.0,45490.0
2021050905004764,MLBSL,45,45,10,4549.0,45490.0
2021050905004762,MLBSL,47,10,10,4548.0,45480.0
2021050905004760,MLBSL,47,47,10,4548.0,45480.0
2021050905004776,MLBSL,46,44,10,4550.0,45500.0
2021050905004775,MLBSL,47,39,10,4548.0,45480.0
2021050905004772,MLBSL,47,50,10,4548.0,45480.0
2021050905004771,MLBSL,47,10,10,4548.0,45480.0
2021050905004770,MLBSL,47,22,10,4548.0,45480.0
2021050905004769,MLBSL,45,35,10,4549.0,45490.0
2021050905004783,MLBSL,47,29,10,4548.0,45480.0
2021050905004782,MLBSL,47,36,10,4548.0,45480.0
2021050905004781,MLBSL,40,58,10,4555.0,45550.0
2021050905004779,MLBSL,40,49,10,4555.0,45550.0
2021050905004778,MLBSL,40,3,10,4551.0,45510.0
2021050905004777,MLBSL,47,44,10,4548.0,45480.0
2021050905004789,MLBSL,42,6,10,4550.0,45500.0
2021050905004788,MLBSL,49,41,10,4560.0,45600.0
2021050905004787,MLBSL,47,38,10,4548.0,45480.0
2021050905004786,MLBSL,47,29,10,4548.0,45480.0
2021050905004785,MLBSL,34,34,10,4551.0,45510.0
2021050905004784,MLBSL,47,8,10,4548.0,45480.0
2021050905004795,MLBSL,45,42,10,4560.0,45600.0
2021050905004794,MLBSL,42,44,10,4550.0,45500.0
2021050905004793,MLBSL,42,8,10,4550.0,45500.0
2021050905004792,MLBSL,14,48,10,4560.0,45600.0
2021050905004791,MLBSL,26,57,10,4555.0,45550.0
2021050905004790,MLBSL,42,36,10,4550.0,45500.0
2021050905004801,MLBSL,47,55,10,4560.0,45600.0
2021050905004800,MLBSL,47,21,10,4560.0,45600.0
2021050905004799,MLBSL,45,44,10,4560.0,45600.0
2021050905004798,MLBSL,45,4,10,4560.0,45600.0
2021050905004797,MLBSL,45,46,10,4560.0,45600.0
2021050905004796,MLBSL,45,57,10,4560.0,45600.0
2021050905004808,MLBSL,14,44,10,4561.0,45610.0
2021050905004807,MLBSL,14,22,10,4561.0,45610.0
2021050905004806,MLBSL,14,58,10,4561.0,45610.0
2021050905004805,MLBSL,14,34,10,4561.0,45610.0
2021050905004804,MLBSL,47,58,10,4560.0,45600.0
2021050905004803,MLBSL,47,44,10,4560.0,45600.0
2021050905004814,MLBSL,19,58,10,4560.0,45600.0
2021050905004813,MLBSL,19,35,10,4560.0,45600.0
2021050905004812,MLBSL,19,54,10,4560.0,45600.0
2021050905004811,MLBSL,42,21,10,4555.0,45550.0
2021050905004810,MLBSL,47,34,10,4560.0,45600.0
2021050905004809,MLBSL,14,8,10,4570.0,45700.0
2021050905004825,MLBSL,34,22,10,4570.0,45700.0
2021050905004824,MLBSL,34,5,10,4570.0,45700.0
2021050905004823,MLBSL,34,58,10,4570.0,45700.0
2021050905004822,MLBSL,34,58,10,4570.0,45700.0
2021050905004820,MLBSL,19,58,10,4560.0,45600.0
2021050905004817,MLBSL,19,5,10,4560.0,45600.0
2021050905004831,MLBSL,22,47,10,4551.0,45510.0
2021050905004830,MLBSL,22,8,10,4551.0,45510.0
2021050905004829,MLBSL,14,49,10,4551.0,45510.0
2021050905004828,MLBSL,34,21,10,4570.0,45700.0
2021050905004827,MLBSL,34,22,10,4570.0,45700.0
2021050905004826,MLBSL,34,21,10,4570.0,45700.0
2021050905004838,MLBSL,45,34,10,4552.0,45520.0
2021050905004837,MLBSL,45,58,10,4552.0,45520.0
2021050905004836,MLBSL,45,41,10,4551.0,45510.0
2021050905004835,MLBSL,45,35,10,4551.0,45510.0
2021050905004834,MLBSL,45,53,10,4551.0,45510.0
2021050905004832,MLBSL,50,16,10,4551.0,45510.0
2021050905004843,NICLBSL,1,21,10,1781.0,17810.0
2021050905004821,NICLBSL,1,57,10,1781.0,17810.0
2021050905004819,NICLBSL,35,26,80,1781.0,142480.0
2021050905004818,NICLBSL,35,26,70,1781.0,124670.0
2021050905004816,NICLBSL,35,38,10,1781.0,17810.0
2021050905004815,NICLBSL,51,21,10,1781.0,17810.0
2021050905004368,NICLBSL,29,59,60,1787.0,107220.0
2021050905004366,NICLBSL,29,22,10,1787.0,17870.0
2021050905004362,NICLBSL,29,32,10,1787.0,17870.0
2021050905004356,NICLBSL,29,20,10,1787.0,17870.0
2021050905004348,NICLBSL,29,19,10,1787.0,17870.0
2021050905004381,NICLBSL,22,37,20,1786.0,35720.0
2021050905004379,NICLBSL,22,22,10,1786.0,17860.0
2021050905004372,NICLBSL,22,59,20,1786.0,35720.0
2021050905004371,NICLBSL,19,59,50,1786.0,89300.0
2021050905004370,NICLBSL,51,59,50,1786.0,89300.0
2021050905004369,NICLBSL,29,59,20,1787.0,35740.0
2021050905004396,NICLBSL,6,14,19,1786.0,33934.0
2021050905004395,NICLBSL,58,14,16,1787.0,28592.0
2021050905004393,NICLBSL,45,55,10,1790.0,17900.0
2021050905004392,NICLBSL,57,55,50,1790.0,89500.0
2021050905004384,NICLBSL,6,20,10,1786.0,17860.0
2021050905004382,NICLBSL,6,37,21,1786.0,37506.0
2021050905004402,NICLBSL,34,14,20,1785.0,35700.0
2021050905004401,NICLBSL,29,14,30,1785.0,53550.0
2021050905004400,NICLBSL,6,14,100,1785.0,178500.0
2021050905004399,NICLBSL,6,14,55,1785.0,98175.0
2021050905004398,NICLBSL,26,14,20,1786.0,35720.0
2021050905004397,NICLBSL,4,14,10,1786.0,17860.0
2021050905004447,NICLBSL,47,34,100,1789.0,178900.0
2021050905004440,NICLBSL,25,20,10,1786.0,17860.0
2021050905004429,NICLBSL,42,57,20,1787.0,35740.0
2021050905004425,NICLBSL,42,52,10,1787.0,17870.0
2021050905004404,NICLBSL,17,14,28,1785.0,49980.0
2021050905004403,NICLBSL,32,14,26,1785.0,46410.0
2021050905004463,NICLBSL,26,7,100,1785.0,178500.0
2021050905004462,NICLBSL,43,7,20,1785.0,35700.0
2021050905004461,NICLBSL,35,7,80,1785.0,142800.0
2021050905004460,NICLBSL,35,20,10,1785.0,17850.0
2021050905004454,NICLBSL,17,38,10,1785.0,17850.0
2021050905004448,NICLBSL,17,38,10,1785.0,17850.0
2021050905004479,NICLBSL,58,45,44,1785.0,78540.0
2021050905004477,NICLBSL,59,45,20,1785.0,35700.0
2021050905004476,NICLBSL,42,39,11,1789.0,19679.0
2021050905004473,NICLBSL,59,47,10,1785.0,17850.0
2021050905004468,NICLBSL,59,57,10,1785.0,17850.0
2021050905004466,NICLBSL,59,34,10,1785.0,17850.0
2021050905004500,NICLBSL,17,53,24,1785.0,42840.0
2021050905004493,NICLBSL,55,53,17,1785.0,30345.0
2021050905004492,NICLBSL,26,14,10,1784.0,17840.0
2021050905004491,NICLBSL,45,59,10,1785.0,17850.0
2021050905004490,NICLBSL,45,45,36,1785.0,64260.0
2021050905004488,NICLBSL,26,50,10,1784.0,17840.0
2021050905004510,NICLBSL,17,49,34,1785.0,60690.0
2021050905004508,NICLBSL,35,49,10,1785.0,17850.0
2021050905004507,NICLBSL,35,50,70,1785.0,124950.0
2021050905004504,NICLBSL,56,20,20,1784.0,35680.0
2021050905004502,NICLBSL,17,49,16,1785.0,28560.0
2021050905004501,NICLBSL,17,49,10,1785.0,17850.0
2021050905004516,NICLBSL,19,4,40,1783.0,71320.0
2021050905004515,NICLBSL,35,4,60,1784.0,107040.0
2021050905004514,NICLBSL,35,20,10,1784.0,17840.0
2021050905004513,NICLBSL,35,38,10,1784.0,17840.0
2021050905004512,NICLBSL,56,38,10,1784.0,17840.0
2021050905004511,NICLBSL,17,3,16,1785.0,28560.0
2021050905004539,NICLBSL,29,6,20,1785.0,35700.0
2021050905004535,NICLBSL,45,28,10,1784.0,17840.0
2021050905004533,NICLBSL,59,22,10,1784.0,17840.0
2021050905004529,NICLBSL,59,34,10,1784.0,17840.0
2021050905004527,NICLBSL,59,11,10,1784.0,17840.0
2021050905004520,NICLBSL,34,45,10,1785.0,17850.0
2021050905004556,NICLBSL,35,38,40,1784.0,71360.0
2021050905004555,NICLBSL,35,38,10,1784.0,17840.0
2021050905004553,NICLBSL,35,11,10,1784.0,17840.0
2021050905004547,NICLBSL,35,10,10,1784.0,17840.0
2021050905004541,NICLBSL,35,38,10,1784.0,17840.0
2021050905004540,NICLBSL,29,14,20,1785.0,35700.0
2021050905004562,NICLBSL,43,38,40,1783.0,71320.0
2021050905004561,NICLBSL,43,38,10,1783.0,17830.0
2021050905004560,NICLBSL,19,38,64,1783.0,114112.0
2021050905004559,NICLBSL,35,38,60,1784.0,107040.0
2021050905004558,NICLBSL,35,38,20,1784.0,35680.0
2021050905004557,NICLBSL,35,38,80,1784.0,142720.0
2021050905004571,NICLBSL,34,38,10,1782.0,17820.0
2021050905004570,NICLBSL,17,38,50,1782.0,89100.0
2021050905004568,NICLBSL,17,38,50,1782.0,89100.0
2021050905004567,NICLBSL,52,38,50,1782.0,89100.0
2021050905004566,NICLBSL,14,38,50,1783.0,89150.0
2021050905004565,NICLBSL,43,38,10,1783.0,17830.0
2021050905004597,NICLBSL,49,7,10,1781.0,17810.0
2021050905004588,NICLBSL,17,34,10,1781.0,17810.0
2021050905004582,NICLBSL,44,4,10,1785.0,17850.0
2021050905004580,NICLBSL,35,38,80,1784.0,142720.0
2021050905004573,NICLBSL,51,4,40,1785.0,71400.0
2021050905004572,NICLBSL,17,38,90,1781.0,160290.0
2021050905004630,NICLBSL,35,49,10,1781.0,17810.0
2021050905004628,NICLBSL,35,38,20,1781.0,35620.0
2021050905004624,NICLBSL,18,7,10,1781.0,17810.0
2021050905004618,NICLBSL,18,49,10,1781.0,17810.0
2021050905004615,NICLBSL,49,10,10,1781.0,17810.0
2021050905004611,NICLBSL,49,44,10,1781.0,17810.0
2021050905004650,NICLBSL,41,10,10,1784.0,17840.0
2021050905004647,NICLBSL,22,47,10,1783.0,17830.0
2021050905004644,NICLBSL,35,22,20,1781.0,35620.0
2021050905004643,NICLBSL,35,49,10,1781.0,17810.0
2021050905004641,NICLBSL,35,38,10,1781.0,17810.0
2021050905004635,NICLBSL,35,34,10,1781.0,17810.0
2021050905004673,NICLBSL,45,45,50,1781.0,89050.0
2021050905004669,NICLBSL,35,45,10,1781.0,17810.0
2021050905004667,NICLBSL,51,10,10,1781.0,17810.0
2021050905004666,NICLBSL,35,34,20,1781.0,35620.0
2021050905004664,NICLBSL,19,17,10,1783.0,17830.0
2021050905004660,NICLBSL,19,10,10,1783.0,17830.0
2021050905004697,NICLBSL,6,58,10,1781.0,17810.0
2021050905004696,NICLBSL,6,49,10,1781.0,17810.0
2021050905004686,NICLBSL,6,58,10,1781.0,17810.0
2021050905004685,NICLBSL,6,21,10,1781.0,17810.0
2021050905004678,NICLBSL,6,10,10,1781.0,17810.0
2021050905004674,NICLBSL,35,45,50,1781.0,89050.0
2021050905004729,NICLBSL,35,40,80,1781.0,142480.0
2021050905004728,NICLBSL,35,40,60,1781.0,106860.0
2021050905004725,NICLBSL,35,38,10,1781.0,17810.0
2021050905004724,NICLBSL,35,58,10,1781.0,17810.0
2021050905004701,NICLBSL,8,26,10,1781.0,17810.0
2021050905004699,NICLBSL,8,6,10,1781.0,17810.0
2021050905004742,NICLBSL,35,52,10,1781.0,17810.0
2021050905004739,NICLBSL,35,35,10,1781.0,17810.0
2021050905004737,NICLBSL,35,38,10,1781.0,17810.0
2021050905004732,NICLBSL,41,40,15,1780.0,26700.0
2021050905004731,NICLBSL,57,40,35,1780.0,62300.0
2021050905004730,NICLBSL,44,40,10,1781.0,17810.0
2021050905004802,NICLBSL,51,38,10,1781.0,17810.0
2021050905004780,NICLBSL,55,26,10,1780.0,17800.0
2021050905004774,NICLBSL,57,4,82,1781.0,146042.0
2021050905004763,NICLBSL,35,4,30,1781.0,53430.0
2021050905004761,NICLBSL,35,36,10,1781.0,17810.0
2021050905004746,NICLBSL,35,26,10,1781.0,17810.0
2021050905004833,RURU,34,44,10,548.0,5480.0
2021050905004773,RURU,34,53,10,548.0,5480.0
2021050905004765,RURU,34,21,10,548.0,5480.0
2021050905004625,RURU,34,4,10,548.0,5480.0
2021050905004343,MLBSL,29,52,10,4540.0,45400.0
2021050905004341,MLBSL,45,29,10,4537.0,45370.0
2021050905004339,MLBSL,19,19,10,4538.0,45380.0
2021050905004338,MLBSL,21,29,10,4538.0,45380.0
2021050905004337,MLBSL,29,22,10,4550.0,45500.0
2021050905004336,MLBSL,29,54,10,4550.0,45500.0
2021050905003850,MLBSL,45,32,10,4550.0,45500.0
2021050905003849,MLBSL,36,10,10,4550.0,45500.0
2021050905003848,MLBSL,22,28,10,4550.0,45500.0
2021050905003847,MLBSL,38,53,10,4551.0,45510.0
2021050905003857,MLBSL,47,38,10,4551.0,45510.0
2021050905003856,MLBSL,45,10,10,4550.0,45500.0
2021050905003855,MLBSL,45,58,10,4550.0,45500.0
2021050905003853,MLBSL,45,59,10,4550.0,45500.0
2021050905003852,MLBSL,45,41,10,4550.0,45500.0
2021050905003851,MLBSL,34,8,10,4551.0,45510.0
2021050905003865,MLBSL,49,14,10,4552.0,45520.0
2021050905003864,MLBSL,45,58,10,4550.0,45500.0
2021050905003863,MLBSL,45,10,10,4550.0,45500.0
2021050905003862,MLBSL,45,42,10,4550.0,45500.0
2021050905003859,MLBSL,45,39,10,4550.0,45500.0
2021050905003858,MLBSL,47,1,10,4551.0,45510.0
2021050905003872,MLBSL,51,48,10,4551.0,45510.0
2021050905003871,MLBSL,42,13,10,4550.0,45500.0
2021050905003869,MLBSL,45,34,10,4550.0,45500.0
2021050905003868,MLBSL,26,42,10,4553.0,45530.0
2021050905003867,MLBSL,26,22,10,4553.0,45530.0
2021050905003866,MLBSL,26,34,10,4553.0,45530.0
2021050905003879,MLBSL,56,49,10,4551.0,45510.0
2021050905003877,MLBSL,56,3,10,4551.0,45510.0
2021050905003876,MLBSL,56,58,10,4551.0,45510.0
2021050905003875,MLBSL,56,42,10,4551.0,45510.0
2021050905003874,MLBSL,55,52,10,4550.0,45500.0
2021050905003873,MLBSL,51,17,10,4552.0,45520.0
2021050905003886,MLBSL,49,17,10,4551.0,45510.0
2021050905003885,MLBSL,55,36,10,4550.0,45500.0
2021050905003884,MLBSL,39,21,10,4552.0,45520.0
2021050905003882,MLBSL,55,21,10,4550.0,45500.0
2021050905003881,MLBSL,55,58,10,4550.0,45500.0
2021050905003880,MLBSL,56,16,10,4551.0,45510.0
2021050905003892,MLBSL,53,16,10,4555.0,45550.0
2021050905003891,MLBSL,53,33,10,4554.0,45540.0
2021050905003890,MLBSL,53,34,10,4553.0,45530.0
2021050905003889,MLBSL,53,49,10,4553.0,45530.0
2021050905003888,MLBSL,53,49,10,4552.0,45520.0
2021050905003887,MLBSL,22,59,10,4550.0,45500.0
2021050905003898,MLBSL,47,29,10,4550.0,45500.0
2021050905003897,MLBSL,36,49,10,4553.0,45530.0
2021050905003896,MLBSL,44,38,10,4550.0,45500.0
2021050905003895,MLBSL,44,49,10,4550.0,45500.0
2021050905003894,MLBSL,22,38,10,4550.0,45500.0
2021050905003893,MLBSL,22,6,10,4550.0,45500.0
2021050905003906,MLBSL,22,49,10,4550.0,45500.0
2021050905003905,MLBSL,16,17,10,4543.0,45430.0
2021050905003903,MLBSL,32,21,10,4550.0,45500.0
2021050905003902,MLBSL,55,33,10,4550.0,45500.0
2021050905003901,MLBSL,47,48,10,4550.0,45500.0
2021050905003899,MLBSL,47,49,10,4550.0,45500.0
2021050905003912,MLBSL,37,54,10,4550.0,45500.0
2021050905003911,MLBSL,37,13,10,4550.0,45500.0
2021050905003910,MLBSL,11,48,10,4542.0,45420.0
2021050905003909,MLBSL,58,10,10,4543.0,45430.0
2021050905003908,MLBSL,42,58,10,4550.0,45500.0
2021050905003907,MLBSL,22,7,10,4550.0,45500.0
2021050905003920,MLBSL,1,43,10,4550.0,45500.0
2021050905003919,MLBSL,43,42,10,4545.0,45450.0
2021050905003918,MLBSL,43,10,10,4540.0,45400.0
2021050905003915,MLBSL,37,34,10,4550.0,45500.0
2021050905003914,MLBSL,37,38,10,4550.0,45500.0
2021050905003913,MLBSL,37,58,10,4550.0,45500.0
2021050905003928,MLBSL,42,21,10,4550.0,45500.0
2021050905003927,MLBSL,42,45,10,4550.0,45500.0
2021050905003926,MLBSL,42,48,10,4550.0,45500.0
2021050905003924,MLBSL,52,58,10,4545.0,45450.0
2021050905003922,MLBSL,1,42,10,4550.0,45500.0
2021050905003921,MLBSL,1,1,10,4550.0,45500.0
2021050905003935,MLBSL,47,49,10,4543.0,45430.0
2021050905003934,MLBSL,14,25,10,4542.0,45420.0
2021050905003933,MLBSL,14,49,10,4542.0,45420.0
2021050905003931,MLBSL,52,58,10,4545.0,45450.0
2021050905003930,MLBSL,42,5,10,4550.0,45500.0
2021050905003929,MLBSL,42,42,10,4550.0,45500.0
2021050905003944,MLBSL,26,49,10,4545.0,45450.0
2021050905003943,MLBSL,26,21,10,4545.0,45450.0
2021050905003941,MLBSL,42,49,10,4545.0,45450.0
2021050905003940,MLBSL,42,42,10,4545.0,45450.0
2021050905003939,MLBSL,14,21,10,4542.0,45420.0
2021050905003936,MLBSL,6,36,10,4545.0,45450.0
2021050905003952,MLBSL,42,49,10,4542.0,45420.0
2021050905003951,MLBSL,29,35,10,4542.0,45420.0
2021050905003950,MLBSL,29,58,10,4542.0,45420.0
2021050905003949,MLBSL,58,58,10,4542.0,45420.0
2021050905003948,MLBSL,14,34,10,4542.0,45420.0
2021050905003947,MLBSL,14,53,10,4542.0,45420.0
2021050905003966,MLBSL,47,4,10,4542.0,45420.0
2021050905003963,MLBSL,47,53,10,4542.0,45420.0
2021050905003962,MLBSL,51,6,10,4541.0,45410.0
2021050905003961,MLBSL,49,32,10,4542.0,45420.0
2021050905003960,MLBSL,49,58,10,4542.0,45420.0
2021050905003953,MLBSL,51,38,10,4541.0,45410.0
2021050905003972,MLBSL,47,49,10,4540.0,45400.0
2021050905003971,MLBSL,20,17,20,4541.0,90820.0
2021050905003970,MLBSL,51,17,20,4541.0,90820.0
2021050905003969,MLBSL,47,17,10,4542.0,45420.0
2021050905003968,MLBSL,47,55,10,4542.0,45420.0
2021050905003967,MLBSL,47,38,10,4542.0,45420.0
2021050905003979,MLBSL,46,17,20,4541.0,90820.0
2021050905003978,MLBSL,19,17,10,4541.0,45410.0
2021050905003977,MLBSL,56,21,10,4540.0,45400.0
2021050905003976,MLBSL,56,17,10,4540.0,45400.0
2021050905003975,MLBSL,58,17,10,4540.0,45400.0
2021050905003974,MLBSL,34,17,40,4540.0,181600.0
2021050905003986,MLBSL,47,34,10,4541.0,45410.0
2021050905003985,MLBSL,47,51,10,4541.0,45410.0
2021050905003984,MLBSL,56,6,10,4540.0,45400.0
2021050905003982,MLBSL,46,34,10,4541.0,45410.0
2021050905003981,MLBSL,46,17,10,4541.0,45410.0
2021050905003980,MLBSL,46,34,10,4541.0,45410.0
2021050905003996,MLBSL,26,34,10,4541.0,45410.0
2021050905003994,MLBSL,51,29,10,4542.0,45420.0
2021050905003993,MLBSL,51,32,10,4542.0,45420.0
2021050905003992,MLBSL,45,29,10,4541.0,45410.0
2021050905003990,MLBSL,45,28,10,4541.0,45410.0
2021050905003987,MLBSL,56,49,10,4540.0,45400.0
2021050905004002,MLBSL,26,42,10,4541.0,45410.0
2021050905004001,MLBSL,26,34,10,4541.0,45410.0
2021050905004000,MLBSL,26,42,10,4541.0,45410.0
2021050905003999,MLBSL,26,19,10,4541.0,45410.0
2021050905003998,MLBSL,50,58,10,4542.0,45420.0
2021050905003997,MLBSL,26,45,10,4541.0,45410.0
2021050905004012,MLBSL,26,42,10,4541.0,45410.0
2021050905004011,MLBSL,26,32,10,4541.0,45410.0
2021050905004010,MLBSL,56,32,10,4542.0,45420.0
2021050905004009,MLBSL,56,42,10,4542.0,45420.0
2021050905004008,MLBSL,26,49,10,4541.0,45410.0
2021050905004003,MLBSL,26,45,10,4541.0,45410.0
2021050905004019,MLBSL,56,49,10,4540.0,45400.0
2021050905004018,MLBSL,56,49,10,4540.0,45400.0
2021050905004017,MLBSL,6,58,10,4541.0,45410.0
2021050905004016,MLBSL,6,42,10,4541.0,45410.0
2021050905004015,MLBSL,56,35,10,4540.0,45400.0
2021050905004014,MLBSL,56,22,10,4540.0,45400.0
2021050905004025,MLBSL,22,35,20,4541.0,90820.0
2021050905004024,MLBSL,56,49,10,4540.0,45400.0
2021050905004023,MLBSL,56,35,10,4540.0,45400.0
2021050905004022,MLBSL,47,35,20,4541.0,90820.0
2021050905004021,MLBSL,56,34,10,4540.0,45400.0
2021050905004020,MLBSL,13,35,10,4541.0,45410.0
2021050905004034,MLBSL,57,45,10,4540.0,45400.0
2021050905004030,MLBSL,55,45,10,4540.0,45400.0
2021050905004029,MLBSL,56,49,10,4540.0,45400.0
2021050905004028,MLBSL,56,53,10,4540.0,45400.0
2021050905004027,MLBSL,56,19,10,4540.0,45400.0
2021050905004026,MLBSL,56,43,10,4540.0,45400.0
2021050905004042,MLBSL,34,44,10,4538.0,45380.0
2021050905004040,MLBSL,8,40,10,4538.0,45380.0
2021050905004039,MLBSL,51,36,10,4537.0,45370.0
2021050905004038,MLBSL,51,57,10,4537.0,45370.0
2021050905004036,MLBSL,45,41,10,4538.0,45380.0
2021050905004035,MLBSL,57,47,10,4540.0,45400.0
2021050905004081,MLBSL,51,16,10,4537.0,45370.0
2021050905004080,MLBSL,51,13,10,4537.0,45370.0
2021050905004078,MLBSL,51,36,10,4537.0,45370.0
2021050905004077,MLBSL,6,6,10,4538.0,45380.0
2021050905004076,MLBSL,47,11,10,4538.0,45380.0
2021050905004043,MLBSL,34,58,10,4540.0,45400.0
2021050905004089,MLBSL,45,3,10,4536.0,45360.0
2021050905004087,MLBSL,45,57,10,4536.0,45360.0
2021050905004086,MLBSL,45,36,10,4536.0,45360.0
2021050905004085,MLBSL,45,49,10,4536.0,45360.0
2021050905004084,MLBSL,22,56,10,4536.0,45360.0
2021050905004083,MLBSL,8,58,10,4538.0,45380.0
2021050905004097,MLBSL,45,3,10,4536.0,45360.0
2021050905004096,MLBSL,47,39,10,4535.0,45350.0
2021050905004095,MLBSL,47,45,10,4535.0,45350.0
2021050905004093,MLBSL,34,36,10,4536.0,45360.0
2021050905004092,MLBSL,34,22,10,4536.0,45360.0
2021050905004090,MLBSL,19,19,10,4536.0,45360.0
2021050905004104,MLBSL,47,58,10,4535.0,45350.0
2021050905004103,MLBSL,47,41,10,4535.0,45350.0
2021050905004102,MLBSL,47,1,10,4535.0,45350.0
2021050905004101,MLBSL,47,51,10,4535.0,45350.0
2021050905004100,MLBSL,5,58,10,4536.0,45360.0
2021050905004098,MLBSL,47,58,10,4535.0,45350.0
2021050905004111,MLBSL,40,55,10,4535.0,45350.0
2021050905004110,MLBSL,19,6,10,4535.0,45350.0
2021050905004109,MLBSL,57,56,10,4535.0,45350.0
2021050905004108,MLBSL,47,58,10,4535.0,45350.0
2021050905004106,MLBSL,47,57,10,4535.0,45350.0
2021050905004105,MLBSL,47,1,10,4535.0,45350.0
2021050905004120,MLBSL,47,6,10,4534.0,45340.0
2021050905004119,MLBSL,47,50,10,4534.0,45340.0
2021050905004118,MLBSL,47,34,10,4534.0,45340.0
2021050905004115,MLBSL,29,32,10,4534.0,45340.0
2021050905004113,MLBSL,32,25,10,4536.0,45360.0
2021050905004112,MLBSL,18,47,10,4534.0,45340.0
2021050905004131,MLBSL,47,41,10,4534.0,45340.0
2021050905004130,MLBSL,47,32,10,4534.0,45340.0
2021050905004128,MLBSL,47,16,10,4534.0,45340.0
2021050905004127,MLBSL,47,36,10,4534.0,45340.0
2021050905004126,MLBSL,47,16,10,4534.0,45340.0
2021050905004123,MLBSL,21,36,10,4533.0,45330.0
2021050905004138,MLBSL,25,58,10,4535.0,45350.0
2021050905004137,MLBSL,25,47,10,4535.0,45350.0
2021050905004136,MLBSL,59,58,10,4534.0,45340.0
2021050905004134,MLBSL,59,8,10,4534.0,45340.0
2021050905004133,MLBSL,16,48,15,4535.0,68025.0
2021050905004132,MLBSL,29,41,10,4534.0,45340.0
2021050905004145,MLBSL,26,45,10,4533.0,45330.0
2021050905004144,MLBSL,26,17,10,4533.0,45330.0
2021050905004143,MLBSL,3,25,10,4534.0,45340.0
2021050905004142,MLBSL,32,48,10,4534.0,45340.0
2021050905004141,MLBSL,21,58,10,4533.0,45330.0
2021050905004139,MLBSL,59,56,10,4534.0,45340.0
2021050905004151,MLBSL,22,57,10,4532.0,45320.0
2021050905004150,MLBSL,22,48,10,4532.0,45320.0
2021050905004149,MLBSL,22,22,10,4532.0,45320.0
2021050905004148,MLBSL,47,52,10,4533.0,45330.0
2021050905004147,MLBSL,47,58,10,4533.0,45330.0
2021050905004146,MLBSL,41,47,10,4532.0,45320.0
2021050905004157,MLBSL,10,21,10,4532.0,45320.0
2021050905004156,MLBSL,33,21,10,4532.0,45320.0
2021050905004155,MLBSL,40,57,10,4532.0,45320.0
2021050905004154,MLBSL,22,47,10,4532.0,45320.0
2021050905004153,MLBSL,22,41,10,4532.0,45320.0
2021050905004152,MLBSL,10,49,10,4533.0,45330.0
2021050905004163,MLBSL,29,10,10,4531.0,45310.0
2021050905004162,MLBSL,29,57,10,4531.0,45310.0
2021050905004161,MLBSL,10,21,10,4532.0,45320.0
2021050905004160,MLBSL,10,35,10,4532.0,45320.0
2021050905004159,MLBSL,10,52,10,4532.0,45320.0
2021050905004158,MLBSL,10,47,10,4532.0,45320.0
2021050905004172,MLBSL,29,1,10,4531.0,45310.0
2021050905004170,MLBSL,29,16,10,4531.0,45310.0
2021050905004169,MLBSL,29,44,10,4531.0,45310.0
2021050905004168,MLBSL,29,38,10,4531.0,45310.0
2021050905004167,MLBSL,29,45,10,4531.0,45310.0
2021050905004164,MLBSL,47,29,10,4532.0,45320.0
2021050905004179,MLBSL,28,22,10,4532.0,45320.0
2021050905004178,MLBSL,28,25,10,4532.0,45320.0
2021050905004177,MLBSL,28,35,10,4532.0,45320.0
2021050905004176,MLBSL,28,46,10,4532.0,45320.0
2021050905004175,MLBSL,28,57,10,4532.0,45320.0
2021050905004174,MLBSL,29,10,10,4531.0,45310.0
2021050905004185,MLBSL,29,59,10,4531.0,45310.0
2021050905004184,MLBSL,28,26,10,4533.0,45330.0
2021050905004183,MLBSL,28,38,10,4532.0,45320.0
2021050905004182,MLBSL,28,41,10,4532.0,45320.0
2021050905004181,MLBSL,28,59,10,4532.0,45320.0
2021050905004180,MLBSL,28,50,10,4532.0,45320.0
2021050905004191,MLBSL,10,41,10,4533.0,45330.0
2021050905004190,MLBSL,10,41,10,4533.0,45330.0
2021050905004189,MLBSL,10,34,10,4533.0,45330.0
2021050905004188,MLBSL,29,48,10,4531.0,45310.0
2021050905004187,MLBSL,29,8,10,4531.0,45310.0
2021050905004186,MLBSL,29,28,10,4531.0,45310.0
2021050905004203,MLBSL,42,48,10,4535.0,45350.0
2021050905004202,MLBSL,42,8,10,4534.0,45340.0
2021050905004201,MLBSL,29,51,10,4534.0,45340.0
2021050905004200,MLBSL,29,21,10,4534.0,45340.0
2021050905004199,MLBSL,10,13,10,4532.0,45320.0
2021050905004192,MLBSL,10,44,10,4534.0,45340.0
2021050905004211,MLBSL,59,35,10,4533.0,45330.0
2021050905004209,MLBSL,19,38,10,4532.0,45320.0
2021050905004207,MLBSL,49,42,10,4532.0,45320.0
2021050905004206,MLBSL,33,44,10,4534.0,45340.0
2021050905004205,MLBSL,22,51,10,4532.0,45320.0
2021050905004204,MLBSL,42,35,10,4535.0,45350.0
2021050905004217,MLBSL,38,5,10,4535.0,45350.0
2021050905004216,MLBSL,3,59,10,4534.0,45340.0
2021050905004215,MLBSL,1,29,10,4535.0,45350.0
2021050905004214,MLBSL,1,58,10,4534.0,45340.0
2021050905004213,MLBSL,59,52,10,4533.0,45330.0
2021050905004212,MLBSL,59,56,10,4533.0,45330.0
2021050905004223,MLBSL,49,58,10,4535.0,45350.0
2021050905004222,MLBSL,49,58,10,4535.0,45350.0
2021050905004221,MLBSL,49,5,10,4535.0,45350.0
2021050905004220,MLBSL,59,8,10,4535.0,45350.0
2021050905004219,MLBSL,59,57,10,4535.0,45350.0
2021050905004218,MLBSL,33,56,10,4535.0,45350.0
2021050905004231,MLBSL,29,34,10,4537.0,45370.0
2021050905004230,MLBSL,29,6,10,4535.0,45350.0
2021050905004229,MLBSL,59,38,10,4533.0,45330.0
2021050905004227,MLBSL,58,46,10,4534.0,45340.0
2021050905004226,MLBSL,49,17,10,4535.0,45350.0
2021050905004224,MLBSL,49,52,10,4535.0,45350.0
2021050905004237,MLBSL,3,49,10,4538.0,45380.0
2021050905004236,MLBSL,59,6,10,4533.0,45330.0
2021050905004235,MLBSL,59,55,10,4533.0,45330.0
2021050905004234,MLBSL,29,25,10,4538.0,45380.0
2021050905004233,MLBSL,29,47,10,4538.0,45380.0
2021050905004232,MLBSL,29,54,10,4537.0,45370.0
2021050905004244,MLBSL,16,3,10,4539.0,45390.0
2021050905004243,MLBSL,43,21,10,4537.0,45370.0
2021050905004242,MLBSL,43,57,10,4537.0,45370.0
2021050905004241,MLBSL,43,22,10,4537.0,45370.0
2021050905004240,MLBSL,59,34,10,4533.0,45330.0
2021050905004238,MLBSL,3,26,10,4538.0,45380.0
2021050905004250,MLBSL,43,38,10,4537.0,45370.0
2021050905004249,MLBSL,7,49,10,4537.0,45370.0
2021050905004248,MLBSL,7,7,10,4537.0,45370.0
2021050905004247,MLBSL,58,36,10,4538.0,45380.0
2021050905004246,MLBSL,43,50,10,4537.0,45370.0
2021050905004245,MLBSL,43,58,10,4537.0,45370.0
2021050905004256,MLBSL,56,6,10,4540.0,45400.0
2021050905004255,MLBSL,56,19,10,4540.0,45400.0
2021050905004254,MLBSL,56,49,10,4540.0,45400.0
2021050905004253,MLBSL,43,58,10,4537.0,45370.0
2021050905004252,MLBSL,43,42,10,4537.0,45370.0
2021050905004251,MLBSL,43,38,10,4537.0,45370.0
2021050905004262,MLBSL,48,34,10,4541.0,45410.0
2021050905004261,MLBSL,48,19,10,4541.0,45410.0
2021050905004260,MLBSL,48,52,10,4537.0,45370.0
2021050905004259,MLBSL,19,7,10,4535.0,45350.0
2021050905004258,MLBSL,56,58,10,4540.0,45400.0
2021050905004257,MLBSL,56,21,10,4540.0,45400.0
2021050905004268,MLBSL,48,56,10,4545.0,45450.0
2021050905004267,MLBSL,48,28,10,4545.0,45450.0
2021050905004266,MLBSL,48,57,10,4545.0,45450.0
2021050905004265,MLBSL,48,3,10,4545.0,45450.0
2021050905004264,MLBSL,48,58,10,4545.0,45450.0
2021050905004263,MLBSL,48,13,10,4542.0,45420.0
2021050905004275,MLBSL,38,19,10,4539.0,45390.0
2021050905004274,MLBSL,16,25,10,4540.0,45400.0
2021050905004272,MLBSL,38,45,10,4539.0,45390.0
2021050905004271,MLBSL,38,58,10,4539.0,45390.0
2021050905004270,MLBSL,38,45,10,4539.0,45390.0
2021050905004269,MLBSL,48,46,10,4545.0,45450.0
2021050905004284,MLBSL,38,41,10,4536.0,45360.0
2021050905004282,MLBSL,19,20,10,4535.0,45350.0
2021050905004281,MLBSL,58,8,10,4535.0,45350.0
2021050905004280,MLBSL,58,34,10,4535.0,45350.0
2021050905004279,MLBSL,58,16,10,4535.0,45350.0
2021050905004278,MLBSL,58,38,10,4535.0,45350.0
2021050905004293,MLBSL,45,35,10,4539.0,45390.0
2021050905004292,MLBSL,32,38,10,4536.0,45360.0
2021050905004290,MLBSL,35,41,10,4536.0,45360.0
2021050905004289,MLBSL,14,42,10,4537.0,45370.0
2021050905004288,MLBSL,35,3,10,4536.0,45360.0
2021050905004287,MLBSL,19,54,10,4535.0,45350.0
2021050905004300,MLBSL,42,51,10,4539.0,45390.0
2021050905004299,MLBSL,34,7,10,4539.0,45390.0
2021050905004297,MLBSL,32,42,10,4536.0,45360.0
2021050905004296,MLBSL,32,58,10,4536.0,45360.0
2021050905004295,MLBSL,32,45,10,4536.0,45360.0
2021050905004294,MLBSL,32,55,10,4536.0,45360.0
2021050905004310,MLBSL,3,45,10,4536.0,45360.0
2021050905004309,MLBSL,32,59,10,4536.0,45360.0
2021050905004308,MLBSL,32,29,10,4536.0,45360.0
2021050905004307,MLBSL,32,36,10,4536.0,45360.0
2021050905004306,MLBSL,32,34,10,4536.0,45360.0
2021050905004301,MLBSL,42,45,10,4540.0,45400.0
2021050905004318,MLBSL,45,58,10,4537.0,45370.0
2021050905004316,MLBSL,32,29,10,4536.0,45360.0
2021050905004314,MLBSL,3,14,10,4542.0,45420.0
2021050905004313,MLBSL,3,49,10,4540.0,45400.0
2021050905004312,MLBSL,3,36,10,4539.0,45390.0
2021050905004311,MLBSL,3,21,10,4539.0,45390.0
2021050905004329,MLBSL,41,38,10,4539.0,45390.0
2021050905004325,MLBSL,38,40,10,4540.0,45400.0
2021050905004323,MLBSL,38,45,10,4540.0,45400.0
2021050905004321,MLBSL,38,55,10,4540.0,45400.0
2021050905004320,MLBSL,45,8,10,4537.0,45370.0
2021050905004319,MLBSL,45,38,10,4537.0,45370.0
2021050905004335,MLBSL,29,50,10,4549.0,45490.0
2021050905004334,MLBSL,29,49,10,4548.0,45480.0
2021050905004333,MLBSL,29,13,10,4545.0,45450.0
2021050905004332,MLBSL,21,48,10,4538.0,45380.0
2021050905004331,MLBSL,21,17,10,4538.0,45380.0
2021050905004330,MLBSL,45,29,10,4537.0,45370.0
2021050905004345,NICLBSL,41,55,20,1790.0,35800.0
2021050905004344,NICLBSL,25,55,395,1790.0,707050.0
2021050905004342,NICLBSL,25,20,10,1790.0,17900.0
2021050905004340,NICLBSL,25,38,20,1790.0,35800.0
2021050905004328,NICLBSL,25,6,75,1790.0,134250.0
2021050905004327,NICLBSL,32,6,25,1790.0,44750.0
2021050905003861,NICLBSL,43,22,41,1792.0,73472.0
2021050905003860,NICLBSL,43,49,10,1790.0,17900.0
2021050905003854,NICLBSL,42,38,30,1792.0,53760.0
2021050905003846,NICLBSL,43,38,20,1792.0,35840.0
2021050905003916,NICLBSL,49,41,10,1793.0,17930.0
2021050905003904,NICLBSL,42,41,10,1792.0,17920.0
2021050905003900,NICLBSL,22,47,10,1790.0,17900.0
2021050905003883,NICLBSL,22,59,90,1790.0,161100.0
2021050905003878,NICLBSL,42,59,10,1790.0,17900.0
2021050905003870,NICLBSL,35,58,10,1787.0,17870.0
2021050905003938,NICLBSL,49,43,20,1795.0,35900.0
2021050905003937,NICLBSL,49,41,100,1795.0,179500.0
2021050905003932,NICLBSL,16,34,95,1794.0,170430.0
2021050905003925,NICLBSL,28,34,10,1794.0,17940.0
2021050905003923,NICLBSL,49,58,20,1793.0,35860.0
2021050905003917,NICLBSL,49,58,10,1793.0,17930.0
2021050905003956,NICLBSL,44,28,10,1796.0,17960.0
2021050905003955,NICLBSL,44,6,10,1796.0,17960.0
2021050905003954,NICLBSL,49,57,30,1797.0,53910.0
2021050905003946,NICLBSL,16,1,10,1796.0,17960.0
2021050905003945,NICLBSL,16,10,10,1796.0,17960.0
2021050905003942,NICLBSL,49,16,10,1795.0,17950.0
2021050905003973,NICLBSL,44,58,20,1796.0,35920.0
2021050905003965,NICLBSL,44,26,10,1796.0,17960.0
2021050905003964,NICLBSL,32,26,10,1797.0,17970.0
2021050905003959,NICLBSL,32,16,10,1797.0,17970.0
2021050905003958,NICLBSL,32,32,10,1797.0,17970.0
2021050905003957,NICLBSL,32,57,70,1797.0,125790.0
2021050905004004,NICLBSL,16,32,26,1799.0,46774.0
2021050905003995,NICLBSL,41,34,10,1798.0,17980.0
2021050905003991,NICLBSL,41,58,10,1798.0,17980.0
2021050905003989,NICLBSL,41,42,10,1798.0,17980.0
2021050905003988,NICLBSL,41,57,50,1798.0,89900.0
2021050905003983,NICLBSL,8,50,10,1796.0,17960.0
2021050905004032,NICLBSL,41,29,40,1800.0,72000.0
2021050905004031,NICLBSL,41,42,10,1800.0,18000.0
2021050905004013,NICLBSL,41,45,10,1798.0,17980.0
2021050905004007,NICLBSL,16,21,20,1799.0,35980.0
2021050905004006,NICLBSL,16,56,10,1799.0,17990.0
2021050905004005,NICLBSL,16,56,40,1799.0,71960.0
2021050905004046,NICLBSL,25,54,10,1800.0,18000.0
2021050905004045,NICLBSL,25,4,50,1800.0,90000.0
2021050905004044,NICLBSL,25,58,10,1799.0,17990.0
2021050905004041,NICLBSL,25,39,10,1799.0,17990.0
2021050905004037,NICLBSL,25,38,10,1799.0,17990.0
2021050905004033,NICLBSL,41,4,50,1800.0,90000.0
2021050905004052,NICLBSL,25,47,10,1800.0,18000.0
2021050905004051,NICLBSL,25,35,10,1800.0,18000.0
2021050905004050,NICLBSL,25,50,10,1800.0,18000.0
2021050905004049,NICLBSL,25,14,10,1800.0,18000.0
2021050905004048,NICLBSL,25,45,10,1800.0,18000.0
2021050905004047,NICLBSL,25,46,10,1800.0,18000.0
2021050905004058,NICLBSL,25,41,10,1800.0,18000.0
2021050905004057,NICLBSL,25,49,10,1800.0,18000.0
2021050905004056,NICLBSL,25,41,20,1800.0,36000.0
2021050905004055,NICLBSL,25,38,10,1800.0,18000.0
2021050905004054,NICLBSL,25,45,10,1800.0,18000.0
2021050905004053,NICLBSL,25,38,50,1800.0,90000.0
2021050905004064,NICLBSL,25,38,60,1800.0,108000.0
2021050905004063,NICLBSL,25,6,10,1800.0,18000.0
2021050905004062,NICLBSL,25,6,20,1800.0,36000.0
2021050905004061,NICLBSL,25,25,20,1800.0,36000.0
2021050905004060,NICLBSL,25,37,50,1800.0,90000.0
2021050905004059,NICLBSL,25,50,10,1800.0,18000.0
2021050905004070,NICLBSL,25,53,10,1800.0,18000.0
2021050905004069,NICLBSL,25,56,10,1800.0,18000.0
2021050905004068,NICLBSL,25,38,10,1800.0,18000.0
2021050905004067,NICLBSL,25,41,10,1800.0,18000.0
2021050905004066,NICLBSL,25,42,20,1800.0,36000.0
2021050905004065,NICLBSL,25,6,10,1800.0,18000.0
2021050905004079,NICLBSL,45,59,30,1800.0,54000.0
2021050905004075,NICLBSL,25,16,10,1800.0,18000.0
2021050905004074,NICLBSL,25,39,15,1800.0,27000.0
2021050905004073,NICLBSL,25,49,10,1800.0,18000.0
2021050905004072,NICLBSL,25,22,10,1800.0,18000.0
2021050905004071,NICLBSL,25,44,376,1800.0,676800.0
2021050905004107,NICLBSL,1,34,20,1800.0,36000.0
2021050905004099,NICLBSL,56,34,10,1800.0,18000.0
2021050905004094,NICLBSL,16,13,10,1798.0,17980.0
2021050905004091,NICLBSL,41,21,10,1798.0,17980.0
2021050905004088,NICLBSL,49,34,30,1800.0,54000.0
2021050905004082,NICLBSL,49,13,10,1800.0,18000.0
2021050905004124,NICLBSL,8,21,10,1796.0,17960.0
2021050905004122,NICLBSL,26,10,20,1797.0,35940.0
2021050905004121,NICLBSL,16,10,10,1798.0,17980.0
2021050905004117,NICLBSL,39,34,10,1800.0,18000.0
2021050905004116,NICLBSL,39,7,10,1800.0,18000.0
2021050905004114,NICLBSL,39,34,15,1800.0,27000.0
2021050905004166,NICLBSL,52,48,10,1795.0,17950.0
2021050905004165,NICLBSL,56,58,20,1796.0,35920.0
2021050905004140,NICLBSL,52,58,10,1795.0,17950.0
2021050905004135,NICLBSL,16,58,10,1796.0,17960.0
2021050905004129,NICLBSL,16,58,10,1796.0,17960.0
2021050905004125,NICLBSL,35,58,50,1796.0,89800.0
2021050905004196,NICLBSL,6,58,10,1800.0,18000.0
2021050905004195,NICLBSL,6,6,10,1800.0,18000.0
2021050905004194,NICLBSL,6,21,20,1800.0,36000.0
2021050905004193,NICLBSL,6,29,10,1800.0,18000.0
2021050905004173,NICLBSL,3,3,10,1799.0,17990.0
2021050905004171,NICLBSL,55,45,12,1796.0,21552.0
2021050905004228,NICLBSL,52,42,50,1795.0,89750.0
2021050905004225,NICLBSL,52,58,10,1795.0,17950.0
2021050905004210,NICLBSL,52,46,10,1795.0,17950.0
2021050905004208,NICLBSL,18,57,60,1800.0,108000.0
2021050905004198,NICLBSL,45,57,20,1800.0,36000.0
2021050905004197,NICLBSL,6,49,10,1800.0,18000.0
2021050905004285,NICLBSL,49,54,10,1795.0,17950.0
2021050905004283,NICLBSL,49,58,10,1795.0,17950.0
2021050905004277,NICLBSL,49,58,10,1795.0,17950.0
2021050905004276,NICLBSL,49,46,10,1795.0,17950.0
2021050905004273,NICLBSL,49,58,10,1795.0,17950.0
2021050905004239,NICLBSL,52,58,10,1795.0,17950.0
2021050905004304,NICLBSL,26,54,20,1790.0,35800.0
2021050905004303,NICLBSL,20,54,40,1791.0,71640.0
2021050905004302,NICLBSL,20,49,10,1791.0,17910.0
2021050905004298,NICLBSL,48,58,10,1792.0,17920.0
2021050905004291,NICLBSL,48,47,10,1792.0,17920.0
2021050905004286,NICLBSL,39,54,10,1795.0,17950.0
2021050905004326,NICLBSL,58,6,100,1790.0,179000.0
2021050905004324,NICLBSL,17,32,10,1792.0,17920.0
2021050905004322,NICLBSL,58,20,10,1790.0,17900.0
2021050905004317,NICLBSL,58,33,10,1790.0,17900.0
2021050905004315,NICLBSL,58,20,10,1790.0,17900.0
2021050905004305,NICLBSL,58,54,70,1790.0,125300.0
2021050905003845,MLBSL,26,58,10,4550.0,45500.0
2021050905003844,MLBSL,22,19,10,4553.0,45530.0
2021050905003843,MLBSL,22,4,10,4553.0,45530.0
2021050905003842,MLBSL,46,45,10,4553.0,45530.0
2021050905003841,MLBSL,19,22,10,4551.0,45510.0
2021050905003840,MLBSL,45,13,10,4551.0,45510.0
2021050905003350,MLBSL,44,58,10,4584.0,45840.0
2021050905003348,MLBSL,32,58,10,4585.0,45850.0
2021050905003347,MLBSL,44,36,10,4584.0,45840.0
2021050905003356,MLBSL,56,42,10,4585.0,45850.0
2021050905003355,MLBSL,56,38,10,4584.0,45840.0
2021050905003354,MLBSL,51,55,10,4584.0,45840.0
2021050905003353,MLBSL,5,22,10,4585.0,45850.0
2021050905003352,MLBSL,5,21,10,4585.0,45850.0
2021050905003351,MLBSL,5,58,10,4585.0,45850.0
2021050905003364,MLBSL,14,52,10,4583.0,45830.0
2021050905003362,MLBSL,45,58,10,4583.0,45830.0
2021050905003360,MLBSL,49,14,10,4584.0,45840.0
2021050905003359,MLBSL,56,52,10,4585.0,45850.0
2021050905003358,MLBSL,56,55,10,4585.0,45850.0
2021050905003357,MLBSL,56,45,10,4585.0,45850.0
2021050905003374,MLBSL,14,6,10,4583.0,45830.0
2021050905003370,MLBSL,38,19,10,4584.0,45840.0
2021050905003369,MLBSL,14,17,10,4583.0,45830.0
2021050905003368,MLBSL,14,52,10,4583.0,45830.0
2021050905003367,MLBSL,14,17,10,4583.0,45830.0
2021050905003365,MLBSL,14,32,10,4583.0,45830.0
2021050905003382,MLBSL,14,16,10,4583.0,45830.0
2021050905003381,MLBSL,14,21,10,4583.0,45830.0
2021050905003380,MLBSL,56,17,10,4585.0,45850.0
2021050905003378,MLBSL,14,21,10,4583.0,45830.0
2021050905003377,MLBSL,14,22,10,4583.0,45830.0
2021050905003376,MLBSL,19,58,10,4585.0,45850.0
2021050905003390,MLBSL,32,36,10,4583.0,45830.0
2021050905003389,MLBSL,51,22,10,4582.0,45820.0
2021050905003388,MLBSL,51,45,10,4582.0,45820.0
2021050905003387,MLBSL,51,38,10,4582.0,45820.0
2021050905003386,MLBSL,55,22,10,4582.0,45820.0
2021050905003383,MLBSL,45,8,10,4582.0,45820.0
2021050905003396,MLBSL,32,38,10,4583.0,45830.0
2021050905003395,MLBSL,32,14,10,4583.0,45830.0
2021050905003394,MLBSL,38,13,10,4585.0,45850.0
2021050905003393,MLBSL,32,8,10,4583.0,45830.0
2021050905003392,MLBSL,32,54,10,4583.0,45830.0
2021050905003391,MLBSL,32,34,10,4583.0,45830.0
2021050905003403,MLBSL,38,1,10,4585.0,45850.0
2021050905003402,MLBSL,32,45,10,4583.0,45830.0
2021050905003400,MLBSL,58,7,10,4586.0,45860.0
2021050905003399,MLBSL,58,36,10,4585.0,45850.0
2021050905003398,MLBSL,58,58,10,4585.0,45850.0
2021050905003397,MLBSL,32,16,10,4583.0,45830.0
2021050905003410,MLBSL,51,21,10,4582.0,45820.0
2021050905003409,MLBSL,48,58,10,4583.0,45830.0
2021050905003408,MLBSL,48,45,10,4583.0,45830.0
2021050905003407,MLBSL,48,57,10,4583.0,45830.0
2021050905003405,MLBSL,32,16,10,4583.0,45830.0
2021050905003404,MLBSL,32,56,10,4583.0,45830.0
2021050905003417,MLBSL,29,45,10,4582.0,45820.0
2021050905003416,MLBSL,29,34,10,4582.0,45820.0
2021050905003415,MLBSL,29,32,10,4582.0,45820.0
2021050905003414,MLBSL,29,8,10,4582.0,45820.0
2021050905003413,MLBSL,51,14,10,4582.0,45820.0
2021050905003411,MLBSL,33,45,10,4583.0,45830.0
2021050905003425,MLBSL,29,11,10,4582.0,45820.0
2021050905003424,MLBSL,29,38,10,4582.0,45820.0
2021050905003421,MLBSL,29,58,10,4582.0,45820.0
2021050905003420,MLBSL,56,39,10,4583.0,45830.0
2021050905003419,MLBSL,47,14,10,4583.0,45830.0
2021050905003418,MLBSL,58,54,10,4583.0,45830.0
2021050905003436,MLBSL,52,14,10,4582.0,45820.0
2021050905003435,MLBSL,44,58,10,4583.0,45830.0
2021050905003432,MLBSL,57,7,10,4583.0,45830.0
2021050905003431,MLBSL,29,58,10,4582.0,45820.0
2021050905003430,MLBSL,29,58,10,4582.0,45820.0
2021050905003429,MLBSL,29,41,10,4582.0,45820.0
2021050905003442,MLBSL,56,55,10,4588.0,45880.0
2021050905003441,MLBSL,56,48,10,4587.0,45870.0
2021050905003440,MLBSL,56,41,10,4587.0,45870.0
2021050905003439,MLBSL,56,35,10,4587.0,45870.0
2021050905003438,MLBSL,56,47,10,4585.0,45850.0
2021050905003437,MLBSL,52,32,10,4582.0,45820.0
2021050905003449,MLBSL,52,39,10,4582.0,45820.0
2021050905003447,MLBSL,56,49,10,4590.0,45900.0
2021050905003446,MLBSL,56,51,10,4590.0,45900.0
2021050905003445,MLBSL,56,26,10,4589.0,45890.0
2021050905003444,MLBSL,56,49,10,4589.0,45890.0
2021050905003443,MLBSL,56,58,10,4588.0,45880.0
2021050905003455,MLBSL,51,52,10,4583.0,45830.0
2021050905003454,MLBSL,51,58,10,4583.0,45830.0
2021050905003453,MLBSL,51,14,10,4583.0,45830.0
2021050905003452,MLBSL,58,32,10,4582.0,45820.0
2021050905003451,MLBSL,52,47,10,4582.0,45820.0
2021050905003450,MLBSL,52,57,10,4582.0,45820.0
2021050905003463,MLBSL,28,26,10,4581.0,45810.0
2021050905003462,MLBSL,28,1,10,4581.0,45810.0
2021050905003460,MLBSL,28,47,10,4581.0,45810.0
2021050905003458,MLBSL,28,26,10,4581.0,45810.0
2021050905003457,MLBSL,28,38,10,4581.0,45810.0
2021050905003456,MLBSL,51,6,10,4584.0,45840.0
2021050905003469,MLBSL,45,17,10,4582.0,45820.0
2021050905003468,MLBSL,45,47,10,4582.0,45820.0
2021050905003467,MLBSL,45,14,10,4582.0,45820.0
2021050905003466,MLBSL,56,42,10,4582.0,45820.0
