Transact. No.,Symbol,Buyer,Seller,Quantity,Rate,Amount
2021050405002308,MLBSL,17,47,10,4158.0,41580.0
2021050405002144,MLBSL,17,50,10,4158.0,41580.0
2021050405001981,MLBSL,17,49,10,4158.0,41580.0
2021050405001937,MLBSL,17,42,10,4158.0,41580.0
2021050405002428,NICLBSL,3,43,60,1809.0,108540.0
2021050405002427,NICLBSL,46,43,70,1809.0,126630.0
2021050405002426,NICLBSL,59,36,10,1809.0,18090.0
2021050405002425,NICLBSL,45,56,10,1810.0,18100.0
2021050405002424,NICLBSL,45,56,10,1810.0,18100.0
2021050405002423,NICLBSL,45,38,20,1810.0,36200.0
2021050405001930,NICLBSL,35,52,10,1806.0,18060.0
2021050405001929,NICLBSL,13,36,10,1806.0,18060.0
2021050405001936,NICLBSL,42,45,10,1808.0,18080.0
2021050405001935,NICLBSL,42,38,20,1808.0,36160.0
2021050405001934,NICLBSL,22,22,10,1809.0,18090.0
2021050405001933,NICLBSL,22,35,10,1809.0,18090.0
2021050405001932,NICLBSL,22,43,10,1809.0,18090.0
2021050405001931,NICLBSL,35,47,10,1806.0,18060.0
2021050405001944,NICLBSL,59,22,21,1809.0,37989.0
2021050405001943,NICLBSL,14,52,10,1807.0,18070.0
2021050405001942,NICLBSL,42,47,10,1808.0,18080.0
2021050405001941,NICLBSL,14,36,10,1807.0,18070.0
2021050405001940,NICLBSL,42,58,10,1808.0,18080.0
2021050405001938,NICLBSL,42,52,10,1808.0,18080.0
2021050405001950,NICLBSL,36,35,10,1810.0,18100.0
2021050405001949,NICLBSL,36,33,10,1810.0,18100.0
2021050405001948,NICLBSL,36,52,10,1810.0,18100.0
2021050405001947,NICLBSL,36,21,10,1810.0,18100.0
2021050405001946,NICLBSL,36,36,89,1810.0,161090.0
2021050405001945,NICLBSL,59,36,129,1810.0,233490.0
2021050405001956,NICLBSL,36,52,10,1810.0,18100.0
2021050405001955,NICLBSL,36,1,10,1810.0,18100.0
2021050405001954,NICLBSL,36,48,10,1810.0,18100.0
2021050405001953,NICLBSL,36,43,30,1810.0,54300.0
2021050405001952,NICLBSL,36,26,10,1810.0,18100.0
2021050405001951,NICLBSL,36,52,10,1810.0,18100.0
2021050405001962,NICLBSL,36,43,10,1810.0,18100.0
2021050405001961,NICLBSL,36,17,10,1810.0,18100.0
2021050405001960,NICLBSL,36,58,10,1810.0,18100.0
2021050405001959,NICLBSL,36,47,10,1810.0,18100.0
2021050405001958,NICLBSL,36,58,10,1810.0,18100.0
2021050405001957,NICLBSL,36,56,10,1810.0,18100.0
2021050405001968,NICLBSL,3,40,10,1812.0,18120.0
2021050405001967,NICLBSL,3,55,10,1811.0,18110.0
2021050405001966,NICLBSL,3,4,10,1811.0,18110.0
2021050405001965,NICLBSL,3,49,34,1810.0,61540.0
2021050405001964,NICLBSL,36,49,21,1810.0,38010.0
2021050405001963,NICLBSL,36,52,10,1810.0,18100.0
2021050405001974,NICLBSL,58,53,14,1810.0,25340.0
2021050405001973,NICLBSL,42,53,30,1810.0,54300.0
2021050405001972,NICLBSL,3,53,56,1812.0,101472.0
2021050405001971,NICLBSL,3,17,10,1812.0,18120.0
2021050405001970,NICLBSL,3,41,20,1812.0,36240.0
2021050405001969,NICLBSL,3,42,100,1812.0,181200.0
2021050405001980,NICLBSL,46,28,10,1810.0,18100.0
2021050405001979,NICLBSL,58,33,16,1810.0,28960.0
2021050405001978,NICLBSL,58,57,10,1810.0,18100.0
2021050405001977,NICLBSL,58,42,10,1810.0,18100.0
2021050405001976,NICLBSL,58,40,100,1810.0,181000.0
2021050405001975,NICLBSL,58,34,50,1810.0,90500.0
2021050405001987,NICLBSL,42,45,100,1812.0,181200.0
2021050405001986,NICLBSL,17,48,10,1812.0,18120.0
2021050405001985,NICLBSL,17,47,20,1812.0,36240.0
2021050405001984,NICLBSL,14,47,10,1810.0,18100.0
2021050405001983,NICLBSL,14,36,10,1810.0,18100.0
2021050405001982,NICLBSL,14,58,10,1810.0,18100.0
2021050405001993,NICLBSL,19,25,10,1811.0,18110.0
2021050405001992,NICLBSL,14,40,10,1810.0,18100.0
2021050405001991,NICLBSL,14,47,10,1810.0,18100.0
2021050405001990,NICLBSL,14,36,10,1810.0,18100.0
2021050405001989,NICLBSL,14,56,10,1810.0,18100.0
2021050405001988,NICLBSL,14,45,41,1810.0,74210.0
2021050405001999,NICLBSL,19,47,10,1814.0,18140.0
2021050405001998,NICLBSL,19,47,20,1814.0,36280.0
2021050405001997,NICLBSL,19,17,20,1813.0,36260.0
2021050405001996,NICLBSL,19,17,10,1813.0,18130.0
2021050405001995,NICLBSL,19,17,10,1813.0,18130.0
2021050405001994,NICLBSL,19,38,10,1812.0,18120.0
2021050405002005,NICLBSL,14,40,10,1810.0,18100.0
2021050405002004,NICLBSL,14,38,10,1810.0,18100.0
2021050405002003,NICLBSL,14,49,10,1810.0,18100.0
2021050405002002,NICLBSL,14,49,10,1810.0,18100.0
2021050405002001,NICLBSL,14,40,10,1810.0,18100.0
2021050405002000,NICLBSL,14,49,10,1810.0,18100.0
2021050405002011,NICLBSL,22,56,10,1810.0,18100.0
2021050405002010,NICLBSL,25,56,10,1810.0,18100.0
2021050405002009,NICLBSL,25,57,10,1810.0,18100.0
2021050405002008,NICLBSL,25,40,10,1810.0,18100.0
2021050405002007,NICLBSL,25,59,10,1810.0,18100.0
2021050405002006,NICLBSL,25,47,10,1810.0,18100.0
2021050405002018,NICLBSL,47,53,10,1810.0,18100.0
2021050405002016,NICLBSL,22,48,10,1810.0,18100.0
2021050405002015,NICLBSL,22,3,20,1810.0,36200.0
2021050405002014,NICLBSL,22,40,10,1810.0,18100.0
2021050405002013,NICLBSL,38,21,30,1815.0,54450.0
2021050405002012,NICLBSL,38,16,20,1815.0,36300.0
2021050405002024,NICLBSL,45,52,20,1810.0,36200.0
2021050405002023,NICLBSL,45,21,10,1810.0,18100.0
2021050405002022,NICLBSL,32,38,10,1812.0,18120.0
2021050405002021,NICLBSL,45,49,10,1810.0,18100.0
2021050405002020,NICLBSL,45,57,10,1810.0,18100.0
2021050405002019,NICLBSL,47,55,10,1812.0,18120.0
2021050405002030,NICLBSL,29,17,10,1810.0,18100.0
2021050405002029,NICLBSL,29,11,10,1810.0,18100.0
2021050405002028,NICLBSL,29,33,10,1810.0,18100.0
2021050405002027,NICLBSL,29,43,40,1810.0,72400.0
2021050405002026,NICLBSL,45,43,100,1810.0,181000.0
2021050405002025,NICLBSL,49,43,50,1810.0,90500.0
2021050405002036,NICLBSL,55,45,10,1815.0,18150.0
2021050405002035,NICLBSL,55,48,10,1815.0,18150.0
2021050405002034,NICLBSL,55,32,10,1815.0,18150.0
2021050405002033,NICLBSL,55,56,10,1814.0,18140.0
2021050405002032,NICLBSL,55,57,100,1811.0,181100.0
2021050405002031,NICLBSL,29,56,10,1810.0,18100.0
2021050405002042,NICLBSL,55,58,10,1815.0,18150.0
2021050405002041,NICLBSL,55,36,10,1815.0,18150.0
2021050405002040,NICLBSL,55,26,10,1815.0,18150.0
2021050405002039,NICLBSL,55,19,10,1815.0,18150.0
2021050405002038,NICLBSL,55,58,10,1815.0,18150.0
2021050405002037,NICLBSL,55,26,10,1815.0,18150.0
2021050405002048,NICLBSL,29,39,10,1810.0,18100.0
2021050405002047,NICLBSL,29,1,10,1810.0,18100.0
2021050405002046,NICLBSL,29,33,10,1810.0,18100.0
2021050405002045,NICLBSL,29,4,10,1810.0,18100.0
2021050405002044,NICLBSL,58,32,10,1812.0,18120.0
2021050405002043,NICLBSL,55,57,20,1815.0,36300.0
2021050405002054,NICLBSL,25,28,20,1807.0,36140.0
2021050405002053,NICLBSL,34,28,10,1808.0,18080.0
2021050405002052,NICLBSL,55,28,10,1808.0,18080.0
2021050405002051,NICLBSL,42,28,10,1809.0,18090.0
2021050405002050,NICLBSL,29,28,70,1810.0,126700.0
2021050405002049,NICLBSL,29,33,10,1810.0,18100.0
2021050405002060,NICLBSL,18,28,100,1805.0,180500.0
2021050405002059,NICLBSL,7,28,28,1805.0,50540.0
2021050405002058,NICLBSL,42,28,20,1805.0,36100.0
2021050405002057,NICLBSL,38,28,15,1805.0,27075.0
2021050405002056,NICLBSL,42,28,10,1805.0,18050.0
2021050405002055,NICLBSL,44,28,10,1807.0,18070.0
2021050405002066,NICLBSL,48,28,427,1805.0,770735.0
2021050405002065,NICLBSL,22,36,10,1802.0,18020.0
2021050405002064,NICLBSL,55,28,80,1805.0,144400.0
2021050405002063,NICLBSL,22,1,10,1802.0,18020.0
2021050405002062,NICLBSL,22,33,10,1802.0,18020.0
2021050405002061,NICLBSL,36,28,200,1805.0,361000.0
2021050405002072,NICLBSL,14,57,10,1805.0,18050.0
2021050405002071,NICLBSL,22,57,20,1802.0,36040.0
2021050405002070,NICLBSL,48,36,12,1805.0,21660.0
2021050405002069,NICLBSL,48,34,10,1805.0,18050.0
2021050405002068,NICLBSL,48,41,40,1805.0,72200.0
2021050405002067,NICLBSL,48,45,11,1805.0,19855.0
2021050405002078,NICLBSL,38,42,10,1803.0,18030.0
2021050405002077,NICLBSL,38,38,20,1803.0,36060.0
2021050405002076,NICLBSL,38,46,25,1803.0,45075.0
2021050405002075,NICLBSL,22,1,10,1802.0,18020.0
2021050405002074,NICLBSL,22,36,50,1802.0,90100.0
2021050405002073,NICLBSL,14,45,40,1805.0,72200.0
2021050405002084,NICLBSL,38,39,20,1803.0,36060.0
2021050405002083,NICLBSL,38,35,100,1803.0,180300.0
2021050405002082,NICLBSL,38,38,10,1803.0,18030.0
2021050405002081,NICLBSL,42,34,10,1804.0,18040.0
2021050405002080,NICLBSL,7,59,10,1804.0,18040.0
2021050405002079,NICLBSL,38,42,20,1803.0,36060.0
2021050405002090,NICLBSL,20,28,10,1804.0,18040.0
2021050405002089,NICLBSL,38,16,20,1803.0,36060.0
2021050405002088,NICLBSL,38,38,10,1803.0,18030.0
2021050405002087,NICLBSL,38,34,10,1803.0,18030.0
2021050405002086,NICLBSL,14,45,20,1805.0,36100.0
2021050405002085,NICLBSL,38,36,10,1803.0,18030.0
2021050405002096,NICLBSL,58,38,10,1804.0,18040.0
2021050405002095,NICLBSL,42,36,20,1804.0,36080.0
2021050405002094,NICLBSL,38,58,60,1803.0,108180.0
2021050405002093,NICLBSL,38,22,50,1803.0,90150.0
2021050405002092,NICLBSL,20,57,80,1805.0,144400.0
2021050405002091,NICLBSL,20,42,10,1804.0,18040.0
2021050405002102,NICLBSL,38,54,45,1803.0,81135.0
2021050405002101,NICLBSL,45,54,40,1804.0,72160.0
2021050405002100,NICLBSL,45,7,10,1804.0,18040.0
2021050405002099,NICLBSL,38,34,10,1803.0,18030.0
2021050405002098,NICLBSL,38,1,80,1803.0,144240.0
2021050405002097,NICLBSL,58,1,20,1804.0,36080.0
2021050405002108,NICLBSL,6,58,20,1804.0,36080.0
2021050405002107,NICLBSL,51,34,10,1803.0,18030.0
2021050405002106,NICLBSL,51,38,10,1803.0,18030.0
2021050405002105,NICLBSL,14,57,40,1805.0,72200.0
2021050405002104,NICLBSL,51,38,10,1803.0,18030.0
2021050405002103,NICLBSL,51,54,15,1803.0,27045.0
2021050405002114,NICLBSL,54,43,20,1803.0,36060.0
2021050405002113,NICLBSL,54,26,30,1803.0,54090.0
2021050405002112,NICLBSL,39,26,70,1803.0,126210.0
2021050405002111,NICLBSL,39,36,10,1803.0,18030.0
2021050405002110,NICLBSL,39,22,20,1803.0,36060.0
2021050405002109,NICLBSL,6,45,20,1805.0,36100.0
2021050405002120,NICLBSL,38,29,50,1801.0,90050.0
2021050405002119,NICLBSL,22,29,100,1801.0,180100.0
2021050405002118,NICLBSL,45,29,50,1802.0,90100.0
2021050405002117,NICLBSL,22,29,30,1802.0,54060.0
2021050405002116,NICLBSL,22,29,40,1802.0,72080.0
2021050405002115,NICLBSL,35,29,100,1802.0,180200.0
2021050405002126,NICLBSL,32,29,150,1800.0,270000.0
2021050405002125,NICLBSL,38,29,50,1800.0,90000.0
2021050405002124,NICLBSL,56,29,10,1800.0,18000.0
2021050405002123,NICLBSL,52,29,80,1800.0,144000.0
2021050405002122,NICLBSL,32,29,20,1800.0,36000.0
2021050405002121,NICLBSL,25,29,30,1801.0,54030.0
2021050405002132,NICLBSL,36,29,10,1800.0,18000.0
2021050405002131,NICLBSL,22,29,50,1800.0,90000.0
2021050405002130,NICLBSL,16,29,50,1800.0,90000.0
2021050405002129,NICLBSL,54,29,100,1800.0,180000.0
2021050405002128,NICLBSL,19,29,100,1800.0,180000.0
2021050405002127,NICLBSL,51,29,50,1800.0,90000.0
2021050405002138,NICLBSL,14,29,20,1800.0,36000.0
2021050405002137,NICLBSL,58,29,20,1800.0,36000.0
2021050405002136,NICLBSL,55,29,100,1800.0,180000.0
2021050405002135,NICLBSL,6,29,100,1800.0,180000.0
2021050405002134,NICLBSL,57,29,10,1800.0,18000.0
2021050405002133,NICLBSL,57,29,10,1800.0,18000.0
2021050405002145,NICLBSL,14,59,10,1800.0,18000.0
2021050405002143,NICLBSL,44,53,10,1802.0,18020.0
2021050405002142,NICLBSL,14,43,30,1803.0,54090.0
2021050405002141,NICLBSL,14,34,10,1802.0,18020.0
2021050405002140,NICLBSL,14,29,35,1800.0,63000.0
2021050405002139,NICLBSL,13,29,10,1800.0,18000.0
2021050405002151,NICLBSL,43,57,10,1800.0,18000.0
2021050405002150,NICLBSL,43,47,20,1800.0,36000.0
2021050405002149,NICLBSL,14,44,10,1801.0,18010.0
2021050405002148,NICLBSL,54,28,10,1791.0,17910.0
2021050405002147,NICLBSL,42,57,10,1800.0,18000.0
2021050405002146,NICLBSL,14,57,90,1802.0,162180.0
2021050405002157,NICLBSL,26,44,16,1801.0,28816.0
2021050405002156,NICLBSL,26,4,10,1800.0,18000.0
2021050405002155,NICLBSL,26,22,15,1800.0,27000.0
2021050405002154,NICLBSL,51,17,10,1792.0,17920.0
2021050405002153,NICLBSL,42,22,15,1800.0,27000.0
2021050405002152,NICLBSL,43,22,20,1800.0,36000.0
2021050405002163,NICLBSL,26,58,10,1805.0,18050.0
2021050405002162,NICLBSL,26,58,20,1805.0,36100.0
2021050405002161,NICLBSL,26,17,10,1804.0,18040.0
2021050405002160,NICLBSL,26,41,10,1803.0,18030.0
2021050405002159,NICLBSL,26,39,16,1802.0,28832.0
2021050405002158,NICLBSL,26,41,10,1801.0,18010.0
2021050405002169,NICLBSL,42,17,10,1795.0,17950.0
2021050405002168,NICLBSL,42,48,10,1795.0,17950.0
2021050405002167,NICLBSL,22,47,26,1800.0,46800.0
2021050405002166,NICLBSL,26,1,63,1805.0,113715.0
2021050405002165,NICLBSL,26,59,10,1805.0,18050.0
2021050405002164,NICLBSL,26,38,10,1805.0,18050.0
2021050405002175,NICLBSL,57,55,99,1805.0,178695.0
2021050405002174,NICLBSL,57,49,10,1805.0,18050.0
2021050405002173,NICLBSL,57,51,10,1805.0,18050.0
2021050405002172,NICLBSL,57,1,47,1805.0,84835.0
2021050405002171,NICLBSL,57,4,10,1800.0,18000.0
2021050405002170,NICLBSL,57,47,24,1800.0,43200.0
2021050405002181,NICLBSL,16,42,10,1795.0,17950.0
2021050405002180,NICLBSL,44,7,15,1792.0,26880.0
2021050405002179,NICLBSL,26,7,15,1792.0,26880.0
2021050405002178,NICLBSL,55,7,30,1792.0,53760.0
2021050405002177,NICLBSL,51,7,10,1792.0,17920.0
2021050405002176,NICLBSL,42,7,30,1795.0,53850.0
2021050405002187,NICLBSL,14,51,10,1800.0,18000.0
2021050405002186,NICLBSL,14,14,10,1795.0,17950.0
2021050405002185,NICLBSL,54,48,10,1791.0,17910.0
2021050405002184,NICLBSL,42,42,10,1795.0,17950.0
2021050405002183,NICLBSL,54,36,10,1791.0,17910.0
2021050405002182,NICLBSL,54,17,20,1791.0,35820.0
2021050405002193,NICLBSL,6,3,10,1795.0,17950.0
2021050405002192,NICLBSL,26,17,10,1792.0,17920.0
2021050405002191,NICLBSL,42,57,30,1799.0,53970.0
2021050405002190,NICLBSL,42,6,20,1795.0,35900.0
2021050405002189,NICLBSL,26,26,10,1792.0,17920.0
2021050405002188,NICLBSL,54,36,10,1791.0,17910.0
2021050405002199,NICLBSL,14,34,40,1793.0,71720.0
2021050405002198,NICLBSL,14,58,10,1793.0,17930.0
2021050405002197,NICLBSL,26,20,65,1792.0,116480.0
2021050405002196,NICLBSL,6,20,70,1795.0,125650.0
2021050405002195,NICLBSL,6,36,10,1795.0,17950.0
2021050405002194,NICLBSL,6,53,10,1795.0,17950.0
2021050405002205,NICLBSL,48,17,10,1795.0,17950.0
2021050405002204,NICLBSL,48,3,10,1795.0,17950.0
2021050405002203,NICLBSL,48,10,10,1795.0,17950.0
2021050405002202,NICLBSL,48,45,26,1795.0,46670.0
2021050405002201,NICLBSL,48,17,10,1795.0,17950.0
2021050405002200,NICLBSL,48,56,20,1794.0,35880.0
2021050405002211,NICLBSL,47,53,10,1794.0,17940.0
2021050405002210,NICLBSL,6,49,15,1795.0,26925.0
2021050405002209,NICLBSL,58,28,10,1794.0,17940.0
2021050405002208,NICLBSL,58,48,10,1794.0,17940.0
2021050405002207,NICLBSL,51,46,20,1799.0,35980.0
2021050405002206,NICLBSL,48,28,10,1795.0,17950.0
2021050405002217,NICLBSL,39,38,190,1795.0,341050.0
2021050405002216,NICLBSL,42,19,10,1799.0,17990.0
2021050405002215,NICLBSL,39,16,10,1795.0,17950.0
2021050405002214,NICLBSL,58,49,20,1795.0,35900.0
2021050405002213,NICLBSL,58,14,10,1795.0,17950.0
2021050405002212,NICLBSL,58,49,11,1795.0,19745.0
2021050405002223,NICLBSL,32,38,10,1796.0,17960.0
2021050405002222,NICLBSL,46,38,100,1796.0,179600.0
2021050405002221,NICLBSL,29,38,125,1796.0,224500.0
2021050405002220,NICLBSL,29,48,10,1796.0,17960.0
2021050405002219,NICLBSL,29,41,155,1796.0,278380.0
2021050405002218,NICLBSL,29,38,10,1795.0,17950.0
2021050405002229,NICLBSL,6,34,10,1800.0,18000.0
2021050405002228,NICLBSL,6,35,50,1799.0,89950.0
2021050405002227,NICLBSL,6,1,10,1799.0,17990.0
2021050405002226,NICLBSL,6,34,10,1798.0,17980.0
2021050405002225,NICLBSL,19,21,10,1798.0,17980.0
2021050405002224,NICLBSL,19,38,55,1796.0,98780.0
2021050405002235,NICLBSL,48,56,10,1800.0,18000.0
2021050405002234,NICLBSL,48,13,10,1800.0,18000.0
2021050405002233,NICLBSL,48,58,10,1800.0,18000.0
2021050405002232,NICLBSL,48,14,10,1800.0,18000.0
2021050405002231,NICLBSL,48,13,10,1800.0,18000.0
2021050405002230,NICLBSL,6,47,20,1800.0,36000.0
2021050405002241,NICLBSL,48,21,10,1800.0,18000.0
2021050405002240,NICLBSL,48,8,10,1800.0,18000.0
2021050405002239,NICLBSL,48,8,10,1800.0,18000.0
2021050405002238,NICLBSL,48,52,10,1800.0,18000.0
2021050405002237,NICLBSL,48,8,10,1800.0,18000.0
2021050405002236,NICLBSL,48,22,40,1800.0,72000.0
2021050405002247,NICLBSL,39,34,10,1796.0,17960.0
2021050405002246,NICLBSL,14,41,5,1798.0,8990.0
2021050405002245,NICLBSL,10,41,10,1798.0,17980.0
2021050405002244,NICLBSL,37,41,20,1798.0,35960.0
2021050405002243,NICLBSL,22,34,10,1797.0,17970.0
2021050405002242,NICLBSL,48,58,30,1800.0,54000.0
2021050405002253,NICLBSL,48,25,10,1800.0,18000.0
2021050405002252,NICLBSL,48,48,30,1800.0,54000.0
2021050405002251,NICLBSL,41,48,20,1800.0,36000.0
2021050405002250,NICLBSL,41,58,70,1800.0,126000.0
2021050405002249,NICLBSL,41,14,10,1799.0,17990.0
2021050405002248,NICLBSL,39,1,10,1798.0,17980.0
2021050405002259,NICLBSL,48,58,10,1800.0,18000.0
2021050405002258,NICLBSL,48,36,10,1800.0,18000.0
2021050405002257,NICLBSL,48,53,50,1800.0,90000.0
2021050405002256,NICLBSL,48,59,10,1800.0,18000.0
2021050405002255,NICLBSL,48,54,50,1800.0,90000.0
2021050405002254,NICLBSL,48,45,60,1800.0,108000.0
2021050405002265,NICLBSL,14,29,10,1800.0,18000.0
2021050405002264,NICLBSL,58,44,10,1798.0,17980.0
2021050405002263,NICLBSL,34,7,10,1800.0,18000.0
2021050405002262,NICLBSL,34,41,20,1800.0,36000.0
2021050405002261,NICLBSL,58,42,20,1798.0,35960.0
2021050405002260,NICLBSL,48,41,30,1800.0,54000.0
2021050405002271,NICLBSL,14,46,200,1804.0,360800.0
2021050405002270,NICLBSL,14,42,10,1803.0,18030.0
2021050405002269,NICLBSL,14,10,100,1803.0,180300.0
2021050405002268,NICLBSL,14,55,11,1803.0,19833.0
2021050405002267,NICLBSL,14,22,10,1802.0,18020.0
2021050405002266,NICLBSL,14,20,20,1802.0,36040.0
2021050405002277,NICLBSL,14,4,59,1805.0,106495.0
2021050405002276,NICLBSL,14,44,10,1805.0,18050.0
2021050405002275,NICLBSL,14,45,10,1805.0,18050.0
2021050405002274,NICLBSL,14,33,20,1805.0,36100.0
2021050405002273,NICLBSL,14,58,10,1805.0,18050.0
2021050405002272,NICLBSL,14,22,40,1804.0,72160.0
2021050405002283,NICLBSL,34,33,10,1804.0,18040.0
2021050405002282,NICLBSL,25,54,40,1800.0,72000.0
2021050405002281,NICLBSL,58,48,10,1800.0,18000.0
2021050405002280,NICLBSL,58,34,10,1797.0,17970.0
2021050405002279,NICLBSL,54,48,10,1798.0,17980.0
2021050405002278,NICLBSL,14,48,90,1800.0,162000.0
2021050405002289,NICLBSL,6,53,30,1800.0,54000.0
2021050405002288,NICLBSL,6,54,70,1800.0,126000.0
2021050405002287,NICLBSL,26,54,15,1800.0,27000.0
2021050405002286,NICLBSL,25,54,60,1800.0,108000.0
2021050405002285,NICLBSL,51,54,30,1802.0,54060.0
2021050405002284,NICLBSL,34,20,40,1804.0,72160.0
2021050405002295,NICLBSL,45,45,50,1800.0,90000.0
2021050405002294,NICLBSL,45,33,10,1800.0,18000.0
2021050405002293,NICLBSL,45,34,10,1800.0,18000.0
2021050405002292,NICLBSL,45,14,10,1800.0,18000.0
2021050405002291,NICLBSL,19,20,60,1804.0,108240.0
2021050405002290,NICLBSL,45,53,20,1800.0,36000.0
2021050405002301,NICLBSL,14,49,50,1801.0,90050.0
2021050405002300,NICLBSL,54,56,10,1798.0,17980.0
2021050405002299,NICLBSL,56,14,10,1800.0,18000.0
2021050405002298,NICLBSL,19,52,24,1804.0,43296.0
2021050405002297,NICLBSL,19,16,76,1800.0,136800.0
2021050405002296,NICLBSL,58,16,15,1800.0,27000.0
2021050405002307,NICLBSL,14,52,10,1801.0,18010.0
2021050405002306,NICLBSL,14,28,10,1801.0,18010.0
2021050405002305,NICLBSL,48,52,25,1804.0,45100.0
2021050405002304,NICLBSL,48,16,100,1804.0,180400.0
2021050405002303,NICLBSL,48,54,85,1803.0,153255.0
2021050405002302,NICLBSL,14,52,10,1801.0,18010.0
2021050405002314,NICLBSL,50,52,10,1804.0,18040.0
2021050405002313,NICLBSL,50,17,10,1804.0,18040.0
2021050405002312,NICLBSL,50,1,10,1804.0,18040.0
2021050405002311,NICLBSL,50,52,51,1804.0,92004.0
2021050405002310,NICLBSL,50,43,10,1803.0,18030.0
2021050405002309,NICLBSL,50,53,10,1802.0,18020.0
2021050405002320,NICLBSL,48,58,49,1805.0,88445.0
2021050405002319,NICLBSL,48,22,10,1805.0,18050.0
2021050405002318,NICLBSL,48,43,10,1805.0,18050.0
2021050405002317,NICLBSL,48,54,100,1805.0,180500.0
2021050405002316,NICLBSL,48,4,41,1805.0,74005.0
2021050405002315,NICLBSL,50,45,10,1804.0,18040.0
2021050405002326,NICLBSL,14,37,10,1808.0,18080.0
2021050405002325,NICLBSL,14,33,20,1808.0,36160.0
2021050405002324,NICLBSL,14,5,170,1808.0,307360.0
2021050405002323,NICLBSL,14,33,20,1805.0,36100.0
2021050405002322,NICLBSL,14,52,10,1805.0,18050.0
2021050405002321,NICLBSL,14,52,20,1805.0,36100.0
2021050405002332,NICLBSL,21,48,10,1805.0,18050.0
2021050405002331,NICLBSL,50,59,40,1804.0,72160.0
2021050405002330,NICLBSL,14,59,40,1805.0,72200.0
2021050405002329,NICLBSL,14,58,1,1805.0,1805.0
2021050405002328,NICLBSL,14,53,10,1805.0,18050.0
2021050405002327,NICLBSL,14,21,50,1808.0,90400.0
2021050405002338,NICLBSL,10,37,10,1805.0,18050.0
2021050405002337,NICLBSL,50,22,10,1804.0,18040.0
2021050405002336,NICLBSL,50,29,10,1804.0,18040.0
2021050405002335,NICLBSL,50,53,10,1804.0,18040.0
2021050405002334,NICLBSL,21,54,10,1807.0,18070.0
2021050405002333,NICLBSL,21,52,10,1805.0,18050.0
2021050405002344,NICLBSL,54,37,10,1805.0,18050.0
2021050405002343,NICLBSL,54,21,10,1805.0,18050.0
2021050405002342,NICLBSL,54,45,200,1805.0,361000.0
2021050405002341,NICLBSL,54,37,10,1805.0,18050.0
2021050405002340,NICLBSL,54,28,10,1805.0,18050.0
2021050405002339,NICLBSL,50,28,19,1804.0,34276.0
2021050405002350,NICLBSL,59,57,15,1806.0,27090.0
2021050405002349,NICLBSL,54,36,10,1805.0,18050.0
2021050405002348,NICLBSL,54,57,20,1805.0,36100.0
2021050405002347,NICLBSL,54,57,30,1805.0,54150.0
2021050405002346,NICLBSL,54,57,100,1805.0,180500.0
2021050405002345,NICLBSL,54,26,100,1805.0,180500.0
2021050405002356,NICLBSL,3,49,10,1805.0,18050.0
2021050405002355,NICLBSL,3,45,10,1805.0,18050.0
2021050405002354,NICLBSL,3,10,10,1805.0,18050.0
2021050405002353,NICLBSL,3,29,10,1805.0,18050.0
2021050405002352,NICLBSL,56,42,10,1806.0,18060.0
2021050405002351,NICLBSL,59,21,10,1806.0,18060.0
2021050405002362,NICLBSL,53,22,10,1806.0,18060.0
2021050405002361,NICLBSL,3,45,10,1805.0,18050.0
2021050405002360,NICLBSL,48,54,14,1807.0,25298.0
2021050405002359,NICLBSL,48,21,10,1806.0,18060.0
2021050405002358,NICLBSL,48,36,20,1806.0,36120.0
2021050405002357,NICLBSL,48,36,10,1806.0,18060.0
2021050405002368,NICLBSL,50,45,24,1807.0,43368.0
2021050405002367,NICLBSL,50,54,26,1807.0,46982.0
2021050405002366,NICLBSL,21,29,10,1806.0,18060.0
2021050405002365,NICLBSL,21,45,10,1806.0,18060.0
2021050405002364,NICLBSL,56,1,10,1806.0,18060.0
2021050405002363,NICLBSL,56,36,10,1806.0,18060.0
2021050405002374,NICLBSL,50,5,26,1807.0,46982.0
2021050405002373,NICLBSL,46,54,10,1806.0,18060.0
2021050405002372,NICLBSL,4,36,10,1807.0,18070.0
2021050405002371,NICLBSL,4,45,16,1807.0,28912.0
2021050405002370,NICLBSL,53,45,10,1807.0,18070.0
2021050405002369,NICLBSL,59,45,50,1807.0,90350.0
2021050405002380,NICLBSL,59,34,20,1808.0,36160.0
2021050405002379,NICLBSL,59,45,20,1808.0,36160.0
2021050405002378,NICLBSL,59,41,10,1808.0,18080.0
2021050405002377,NICLBSL,49,51,50,1807.0,90350.0
2021050405002376,NICLBSL,58,5,20,1807.0,36140.0
2021050405002375,NICLBSL,46,45,10,1806.0,18060.0
2021050405002386,NICLBSL,55,21,10,1807.0,18070.0
2021050405002385,NICLBSL,49,21,20,1807.0,36140.0
2021050405002384,NICLBSL,59,26,20,1808.0,36160.0
2021050405002383,NICLBSL,49,36,10,1807.0,18070.0
2021050405002382,NICLBSL,49,45,10,1807.0,18070.0
2021050405002381,NICLBSL,49,51,10,1807.0,18070.0
2021050405002392,NICLBSL,58,41,10,1809.0,18090.0
2021050405002391,NICLBSL,58,5,10,1807.0,18070.0
2021050405002390,NICLBSL,58,57,40,1807.0,72280.0
2021050405002389,NICLBSL,46,38,10,1806.0,18060.0
2021050405002388,NICLBSL,55,57,10,1807.0,18070.0
2021050405002387,NICLBSL,55,43,10,1807.0,18070.0
2021050405002398,NICLBSL,54,41,50,1807.0,90350.0
2021050405002397,NICLBSL,48,41,10,1807.0,18070.0
2021050405002396,NICLBSL,48,53,10,1807.0,18070.0
2021050405002395,NICLBSL,48,59,20,1807.0,36140.0
2021050405002394,NICLBSL,50,59,20,1807.0,36140.0
2021050405002393,NICLBSL,58,39,40,1809.0,72360.0
2021050405002404,NICLBSL,48,58,10,1809.0,18090.0
2021050405002403,NICLBSL,48,39,10,1809.0,18090.0
2021050405002402,NICLBSL,59,32,20,1808.0,36160.0
2021050405002401,NICLBSL,59,43,10,1808.0,18080.0
2021050405002400,NICLBSL,14,41,10,1807.0,18070.0
2021050405002399,NICLBSL,14,41,40,1807.0,72280.0
2021050405002410,NICLBSL,57,44,10,1809.0,18090.0
2021050405002409,NICLBSL,57,50,23,1809.0,41607.0
2021050405002408,NICLBSL,48,33,10,1809.0,18090.0
2021050405002407,NICLBSL,48,21,10,1809.0,18090.0
2021050405002406,NICLBSL,48,26,10,1809.0,18090.0
2021050405002405,NICLBSL,48,28,100,1809.0,180900.0
2021050405002416,NICLBSL,3,50,20,1809.0,36180.0
2021050405002415,NICLBSL,3,57,13,1809.0,23517.0
2021050405002414,NICLBSL,53,57,20,1809.0,36180.0
2021050405002413,NICLBSL,57,57,77,1809.0,139293.0
2021050405002412,NICLBSL,57,35,10,1809.0,18090.0
2021050405002411,NICLBSL,57,53,30,1809.0,54270.0
2021050405002422,NICLBSL,45,54,10,1810.0,18100.0
2021050405002421,NICLBSL,45,4,30,1810.0,54300.0
2021050405002420,NICLBSL,45,56,20,1810.0,36200.0
2021050405002419,NICLBSL,59,35,10,1809.0,18090.0
2021050405002418,NICLBSL,59,26,36,1809.0,65124.0
2021050405002417,NICLBSL,59,54,31,1809.0,56079.0
2021050405002017,RURU,58,57,10,422.0,4220.0
2021050405001939,RURU,58,45,10,422.0,4220.0
2021050405001906,MLBSL,17,45,10,4158.0,41580.0
2021050405001904,MLBSL,17,11,10,4158.0,41580.0
2021050405001870,MLBSL,17,5,10,4158.0,41580.0
2021050405001844,MLBSL,17,49,10,4158.0,41580.0
2021050405001762,MLBSL,17,58,10,4158.0,41580.0
2021050405001752,MLBSL,17,13,10,4158.0,41580.0
2021050405001656,MLBSL,17,22,10,4158.0,41580.0
2021050405001653,MLBSL,17,32,10,4158.0,41580.0
2021050405001649,MLBSL,17,1,10,4158.0,41580.0
2021050405001587,MLBSL,17,41,10,4158.0,41580.0
2021050405001928,NICLBSL,13,58,10,1806.0,18060.0
2021050405001927,NICLBSL,17,38,10,1806.0,18060.0
2021050405001926,NICLBSL,17,29,20,1806.0,36120.0
2021050405001925,NICLBSL,1,29,20,1807.0,36140.0
2021050405001924,NICLBSL,3,29,10,1808.0,18080.0
2021050405001923,NICLBSL,3,39,10,1808.0,18080.0
2021050405001432,NICLBSL,39,34,100,1780.0,178000.0
2021050405001431,NICLBSL,39,57,10,1780.0,17800.0
2021050405001430,NICLBSL,39,45,50,1780.0,89000.0
2021050405001429,NICLBSL,39,58,10,1780.0,17800.0
2021050405001438,NICLBSL,25,45,10,1780.0,17800.0
2021050405001437,NICLBSL,42,45,40,1780.0,71200.0
2021050405001436,NICLBSL,46,29,20,1780.0,35600.0
2021050405001435,NICLBSL,45,29,50,1780.0,89000.0
2021050405001434,NICLBSL,39,29,10,1780.0,17800.0
2021050405001433,NICLBSL,39,38,10,1780.0,17800.0
2021050405001444,NICLBSL,39,40,10,1783.0,17830.0
2021050405001443,NICLBSL,57,49,10,1782.0,17820.0
2021050405001442,NICLBSL,25,14,35,1780.0,62300.0
2021050405001441,NICLBSL,1,14,65,1781.0,115765.0
2021050405001440,NICLBSL,1,41,25,1781.0,44525.0
2021050405001439,NICLBSL,25,47,10,1780.0,17800.0
2021050405001450,NICLBSL,39,22,10,1785.0,17850.0
2021050405001449,NICLBSL,39,42,10,1785.0,17850.0
2021050405001448,NICLBSL,39,11,120,1785.0,214200.0
2021050405001447,NICLBSL,39,41,50,1785.0,89250.0
2021050405001446,NICLBSL,39,29,100,1785.0,178500.0
2021050405001445,NICLBSL,39,57,50,1783.0,89150.0
2021050405001456,NICLBSL,10,45,30,1785.0,53550.0
2021050405001455,NICLBSL,57,56,25,1782.0,44550.0
2021050405001454,NICLBSL,39,45,20,1785.0,35700.0
2021050405001453,NICLBSL,39,45,10,1785.0,17850.0
2021050405001452,NICLBSL,39,22,10,1785.0,17850.0
2021050405001451,NICLBSL,39,1,10,1785.0,17850.0
2021050405001462,NICLBSL,42,26,26,1785.0,46410.0
2021050405001461,NICLBSL,10,26,10,1785.0,17850.0
2021050405001460,NICLBSL,10,56,10,1785.0,17850.0
2021050405001459,NICLBSL,10,14,120,1785.0,214200.0
2021050405001458,NICLBSL,10,17,10,1785.0,17850.0
2021050405001457,NICLBSL,10,45,20,1785.0,35700.0
2021050405001468,NICLBSL,54,55,26,1785.0,46410.0
2021050405001467,NICLBSL,54,55,14,1785.0,24990.0
2021050405001466,NICLBSL,54,8,10,1785.0,17850.0
2021050405001465,NICLBSL,54,25,26,1785.0,46410.0
2021050405001464,NICLBSL,57,20,10,1782.0,17820.0
2021050405001463,NICLBSL,42,25,24,1785.0,42840.0
2021050405001474,NICLBSL,54,34,10,1785.0,17850.0
2021050405001473,NICLBSL,1,35,50,1787.0,89350.0
2021050405001472,NICLBSL,54,22,10,1785.0,17850.0
2021050405001471,NICLBSL,58,17,10,1786.0,17860.0
2021050405001470,NICLBSL,58,33,10,1786.0,17860.0
2021050405001469,NICLBSL,54,56,20,1785.0,35700.0
2021050405001480,NICLBSL,41,34,50,1785.0,89250.0
2021050405001479,NICLBSL,46,34,50,1785.0,89250.0
2021050405001478,NICLBSL,47,34,200,1785.0,357000.0
2021050405001477,NICLBSL,22,34,50,1785.0,89250.0
2021050405001476,NICLBSL,58,34,90,1785.0,160650.0
2021050405001475,NICLBSL,40,34,100,1785.0,178500.0
2021050405001486,NICLBSL,7,34,40,1785.0,71400.0
2021050405001485,NICLBSL,29,34,100,1785.0,178500.0
2021050405001484,NICLBSL,26,34,100,1785.0,178500.0
2021050405001483,NICLBSL,47,34,100,1785.0,178500.0
2021050405001482,NICLBSL,56,34,100,1785.0,178500.0
2021050405001481,NICLBSL,39,34,20,1785.0,35700.0
2021050405001492,NICLBSL,47,35,100,1787.0,178700.0
2021050405001491,NICLBSL,7,16,10,1785.0,17850.0
2021050405001490,NICLBSL,46,35,50,1787.0,89350.0
2021050405001489,NICLBSL,7,19,10,1785.0,17850.0
2021050405001488,NICLBSL,7,48,90,1785.0,160650.0
2021050405001487,NICLBSL,57,48,10,1786.0,17860.0
2021050405001498,NICLBSL,44,43,10,1787.0,17870.0
2021050405001497,NICLBSL,57,35,50,1787.0,89350.0
2021050405001496,NICLBSL,38,35,20,1787.0,35740.0
2021050405001495,NICLBSL,22,35,31,1787.0,55397.0
2021050405001494,NICLBSL,57,35,155,1787.0,276985.0
2021050405001493,NICLBSL,7,39,15,1785.0,26775.0
2021050405001504,NICLBSL,41,28,30,1788.0,53640.0
2021050405001503,NICLBSL,47,41,100,1789.0,178900.0
2021050405001502,NICLBSL,41,16,10,1788.0,17880.0
2021050405001501,NICLBSL,41,42,10,1788.0,17880.0
2021050405001500,NICLBSL,44,16,20,1787.0,35740.0
2021050405001499,NICLBSL,44,50,10,1787.0,17870.0
2021050405001510,NICLBSL,58,50,90,1789.0,161010.0
2021050405001509,NICLBSL,44,43,60,1787.0,107220.0
2021050405001508,NICLBSL,58,43,50,1788.0,89400.0
2021050405001507,NICLBSL,35,43,20,1788.0,35760.0
2021050405001506,NICLBSL,38,43,30,1788.0,53640.0
2021050405001505,NICLBSL,38,28,70,1788.0,125160.0
2021050405001516,NICLBSL,29,3,10,1790.0,17900.0
2021050405001515,NICLBSL,35,19,10,1789.0,17890.0
2021050405001514,NICLBSL,35,16,10,1789.0,17890.0
2021050405001513,NICLBSL,35,50,15,1789.0,26835.0
2021050405001512,NICLBSL,59,56,10,1788.0,17880.0
2021050405001511,NICLBSL,7,50,335,1789.0,599315.0
2021050405001522,NICLBSL,45,45,50,1790.0,89500.0
2021050405001521,NICLBSL,34,45,50,1790.0,89500.0
2021050405001520,NICLBSL,41,45,10,1790.0,17900.0
2021050405001519,NICLBSL,41,49,40,1790.0,71600.0
2021050405001518,NICLBSL,8,49,20,1790.0,35800.0
2021050405001517,NICLBSL,29,49,40,1790.0,71600.0
2021050405001528,NICLBSL,16,45,100,1790.0,179000.0
2021050405001527,NICLBSL,58,45,20,1790.0,35800.0
2021050405001526,NICLBSL,55,45,50,1790.0,89500.0
2021050405001525,NICLBSL,57,45,20,1790.0,35800.0
2021050405001524,NICLBSL,32,45,30,1790.0,53700.0
2021050405001523,NICLBSL,54,45,50,1790.0,89500.0
2021050405001534,NICLBSL,5,14,100,1790.0,179000.0
2021050405001533,NICLBSL,41,14,75,1790.0,134250.0
2021050405001532,NICLBSL,45,14,100,1790.0,179000.0
2021050405001531,NICLBSL,48,14,40,1790.0,71600.0
2021050405001530,NICLBSL,43,14,50,1790.0,89500.0
2021050405001529,NICLBSL,43,45,50,1790.0,89500.0
2021050405001540,NICLBSL,39,41,10,1790.0,17900.0
2021050405001539,NICLBSL,39,47,10,1790.0,17900.0
2021050405001538,NICLBSL,39,14,60,1790.0,107400.0
2021050405001537,NICLBSL,48,14,15,1790.0,26850.0
2021050405001536,NICLBSL,25,14,50,1790.0,89500.0
2021050405001535,NICLBSL,25,14,20,1790.0,35800.0
2021050405001546,NICLBSL,38,41,10,1790.0,17900.0
2021050405001545,NICLBSL,38,19,10,1790.0,17900.0
2021050405001544,NICLBSL,38,55,10,1790.0,17900.0
2021050405001543,NICLBSL,38,41,10,1790.0,17900.0
2021050405001542,NICLBSL,39,41,10,1790.0,17900.0
2021050405001541,NICLBSL,39,53,10,1790.0,17900.0
2021050405001552,NICLBSL,40,49,10,1790.0,17900.0
2021050405001551,NICLBSL,40,52,20,1790.0,35800.0
2021050405001550,NICLBSL,40,55,20,1790.0,35800.0
2021050405001549,NICLBSL,40,28,10,1790.0,17900.0
2021050405001548,NICLBSL,40,53,20,1790.0,35800.0
2021050405001547,NICLBSL,38,42,10,1790.0,17900.0
2021050405001558,NICLBSL,58,42,10,1790.0,17900.0
2021050405001557,NICLBSL,58,28,30,1790.0,53700.0
2021050405001556,NICLBSL,11,28,160,1790.0,286400.0
2021050405001555,NICLBSL,11,47,10,1790.0,17900.0
2021050405001554,NICLBSL,11,44,30,1790.0,53700.0
2021050405001553,NICLBSL,40,44,20,1790.0,35800.0
2021050405001564,NICLBSL,34,34,280,1790.0,501200.0
2021050405001563,NICLBSL,34,35,20,1790.0,35800.0
2021050405001562,NICLBSL,54,29,50,1790.0,89500.0
2021050405001561,NICLBSL,40,29,20,1790.0,35800.0
2021050405001560,NICLBSL,56,29,20,1790.0,35800.0
2021050405001559,NICLBSL,58,29,10,1790.0,17900.0
2021050405001570,NICLBSL,33,16,500,1790.0,895000.0
2021050405001569,NICLBSL,21,53,10,1790.0,17900.0
2021050405001568,NICLBSL,48,53,30,1790.0,53700.0
2021050405001567,NICLBSL,48,22,140,1790.0,250600.0
2021050405001566,NICLBSL,48,34,80,1790.0,143200.0
2021050405001565,NICLBSL,6,34,140,1790.0,250600.0
2021050405001576,NICLBSL,11,34,10,1800.0,18000.0
2021050405001575,NICLBSL,11,38,10,1800.0,18000.0
2021050405001574,NICLBSL,11,58,10,1800.0,18000.0
2021050405001573,NICLBSL,56,39,120,1790.0,214800.0
2021050405001572,NICLBSL,56,17,10,1790.0,17900.0
2021050405001571,NICLBSL,56,53,20,1790.0,35800.0
2021050405001582,NICLBSL,38,58,10,1800.0,18000.0
2021050405001581,NICLBSL,38,37,35,1790.0,62650.0
2021050405001580,NICLBSL,45,37,40,1790.0,71600.0
2021050405001579,NICLBSL,56,37,25,1790.0,44750.0
2021050405001578,NICLBSL,56,33,15,1790.0,26850.0
2021050405001577,NICLBSL,56,39,10,1790.0,17900.0
2021050405001589,NICLBSL,35,56,10,1805.0,18050.0
2021050405001588,NICLBSL,35,34,43,1805.0,77615.0
2021050405001586,NICLBSL,42,52,10,1800.0,18000.0
2021050405001585,NICLBSL,42,28,50,1800.0,90000.0
2021050405001584,NICLBSL,42,47,10,1800.0,18000.0
2021050405001583,NICLBSL,38,39,190,1800.0,342000.0
2021050405001595,NICLBSL,44,4,100,1810.0,181000.0
2021050405001594,NICLBSL,7,16,20,1809.0,36180.0
2021050405001593,NICLBSL,59,16,50,1809.0,90450.0
2021050405001592,NICLBSL,28,16,30,1809.0,54270.0
2021050405001591,NICLBSL,28,52,20,1808.0,36160.0
2021050405001590,NICLBSL,35,49,10,1805.0,18050.0
2021050405001601,NICLBSL,5,43,50,1810.0,90500.0
2021050405001600,NICLBSL,5,52,10,1810.0,18100.0
2021050405001599,NICLBSL,5,4,40,1810.0,72400.0
2021050405001598,NICLBSL,35,4,40,1810.0,72400.0
2021050405001597,NICLBSL,21,4,20,1810.0,36200.0
2021050405001596,NICLBSL,7,56,25,1809.0,45225.0
2021050405001607,NICLBSL,25,28,10,1811.0,18110.0
2021050405001606,NICLBSL,25,22,10,1811.0,18110.0
2021050405001605,NICLBSL,38,43,165,1810.0,298650.0
2021050405001604,NICLBSL,53,43,100,1810.0,181000.0
2021050405001603,NICLBSL,38,43,25,1810.0,45250.0
2021050405001602,NICLBSL,47,43,100,1810.0,181000.0
2021050405001613,NICLBSL,35,35,20,1820.0,36400.0
2021050405001612,NICLBSL,35,50,100,1820.0,182000.0
2021050405001611,NICLBSL,35,44,100,1820.0,182000.0
2021050405001610,NICLBSL,35,56,10,1820.0,18200.0
2021050405001609,NICLBSL,35,52,10,1820.0,18200.0
2021050405001608,NICLBSL,35,47,10,1820.0,18200.0
2021050405001619,NICLBSL,50,26,10,1822.0,18220.0
2021050405001618,NICLBSL,55,34,30,1824.0,54720.0
2021050405001617,NICLBSL,52,6,100,1820.0,182000.0
2021050405001616,NICLBSL,17,29,10,1822.0,18220.0
2021050405001615,NICLBSL,17,21,10,1822.0,18220.0
2021050405001614,NICLBSL,35,58,10,1820.0,18200.0
2021050405001625,NICLBSL,34,57,110,1825.0,200750.0
2021050405001624,NICLBSL,34,35,70,1824.0,127680.0
2021050405001623,NICLBSL,34,35,130,1824.0,237120.0
2021050405001622,NICLBSL,50,57,90,1825.0,164250.0
2021050405001621,NICLBSL,50,17,10,1825.0,18250.0
2021050405001620,NICLBSL,34,34,70,1824.0,127680.0
2021050405001631,NICLBSL,42,57,10,1825.0,18250.0
2021050405001630,NICLBSL,42,45,10,1825.0,18250.0
2021050405001629,NICLBSL,42,58,10,1825.0,18250.0
2021050405001628,NICLBSL,42,52,10,1825.0,18250.0
2021050405001627,NICLBSL,42,45,30,1825.0,54750.0
2021050405001626,NICLBSL,34,45,20,1825.0,36500.0
2021050405001637,NICLBSL,4,39,15,1830.0,27450.0
2021050405001636,NICLBSL,4,44,35,1830.0,64050.0
2021050405001635,NICLBSL,36,44,15,1830.0,27450.0
2021050405001634,NICLBSL,36,8,10,1830.0,18300.0
2021050405001633,NICLBSL,42,26,50,1825.0,91250.0
2021050405001632,NICLBSL,42,4,10,1825.0,18250.0
2021050405001643,NICLBSL,48,43,20,1830.0,36600.0
2021050405001642,NICLBSL,19,43,100,1830.0,183000.0
2021050405001641,NICLBSL,19,28,10,1827.0,18270.0
2021050405001640,NICLBSL,19,45,10,1827.0,18270.0
2021050405001639,NICLBSL,34,41,10,1830.0,18300.0
2021050405001638,NICLBSL,4,19,25,1830.0,45750.0
2021050405001650,NICLBSL,36,6,25,1830.0,45750.0
2021050405001648,NICLBSL,17,6,80,1830.0,146400.0
2021050405001647,NICLBSL,17,56,20,1830.0,36600.0
2021050405001646,NICLBSL,17,43,60,1830.0,109800.0
2021050405001645,NICLBSL,1,43,100,1830.0,183000.0
2021050405001644,NICLBSL,17,43,100,1830.0,183000.0
2021050405001658,NICLBSL,10,52,20,1830.0,36600.0
2021050405001657,NICLBSL,10,21,10,1830.0,18300.0
2021050405001655,NICLBSL,42,47,60,1826.0,109560.0
2021050405001654,NICLBSL,35,6,10,1830.0,18300.0
2021050405001652,NICLBSL,42,56,10,1826.0,18260.0
2021050405001651,NICLBSL,42,17,10,1826.0,18260.0
2021050405001664,NICLBSL,42,34,10,1826.0,18260.0
2021050405001663,NICLBSL,42,17,20,1830.0,36600.0
2021050405001662,NICLBSL,42,57,10,1830.0,18300.0
2021050405001661,NICLBSL,42,17,20,1830.0,36600.0
2021050405001660,NICLBSL,10,49,26,1830.0,47580.0
2021050405001659,NICLBSL,10,55,50,1830.0,91500.0
2021050405001670,NICLBSL,26,57,50,1829.0,91450.0
2021050405001669,NICLBSL,26,58,20,1826.0,36520.0
2021050405001668,NICLBSL,42,57,10,1825.0,18250.0
2021050405001667,NICLBSL,42,50,10,1825.0,18250.0
2021050405001666,NICLBSL,4,57,50,1829.0,91450.0
2021050405001665,NICLBSL,42,57,10,1826.0,18260.0
2021050405001676,NICLBSL,57,34,10,1828.0,18280.0
2021050405001675,NICLBSL,57,52,50,1825.0,91250.0
2021050405001674,NICLBSL,5,52,50,1825.0,91250.0
2021050405001673,NICLBSL,5,48,50,1825.0,91250.0
2021050405001672,NICLBSL,42,48,50,1825.0,91250.0
2021050405001671,NICLBSL,26,41,30,1830.0,54900.0
2021050405001682,NICLBSL,54,57,10,1826.0,18260.0
2021050405001681,NICLBSL,54,32,30,1826.0,54780.0
2021050405001680,NICLBSL,54,48,50,1825.0,91250.0
2021050405001679,NICLBSL,54,6,60,1825.0,109500.0
2021050405001678,NICLBSL,57,6,40,1829.0,73160.0
2021050405001677,NICLBSL,57,53,100,1828.0,182800.0
2021050405001688,NICLBSL,29,1,15,1825.0,27375.0
2021050405001687,NICLBSL,29,55,20,1824.0,36480.0
2021050405001686,NICLBSL,50,8,50,1822.0,91100.0
2021050405001685,NICLBSL,14,8,100,1824.0,182400.0
2021050405001684,NICLBSL,36,8,100,1826.0,182600.0
2021050405001683,NICLBSL,54,8,50,1826.0,91300.0
2021050405001694,NICLBSL,29,41,160,1830.0,292800.0
2021050405001693,NICLBSL,29,57,10,1829.0,18290.0
2021050405001692,NICLBSL,29,43,10,1828.0,18280.0
2021050405001691,NICLBSL,29,6,10,1826.0,18260.0
2021050405001690,NICLBSL,29,53,100,1825.0,182500.0
2021050405001689,NICLBSL,29,19,10,1825.0,18250.0
2021050405001700,NICLBSL,28,35,10,1822.0,18220.0
2021050405001699,NICLBSL,50,25,40,1822.0,72880.0
2021050405001698,NICLBSL,17,25,110,1825.0,200750.0
2021050405001697,NICLBSL,29,49,145,1830.0,265350.0
2021050405001696,NICLBSL,29,58,10,1830.0,18300.0
2021050405001695,NICLBSL,29,17,10,1830.0,18300.0
2021050405001706,NICLBSL,38,26,90,1810.0,162900.0
2021050405001705,NICLBSL,35,26,10,1811.0,18110.0
2021050405001704,NICLBSL,54,19,50,1811.0,90550.0
2021050405001703,NICLBSL,28,50,100,1815.0,181500.0
2021050405001702,NICLBSL,26,35,10,1822.0,18220.0
2021050405001701,NICLBSL,14,35,20,1822.0,36440.0
2021050405001712,NICLBSL,59,52,10,1813.0,18130.0
2021050405001711,NICLBSL,17,57,90,1814.0,163260.0
2021050405001710,NICLBSL,17,19,10,1811.0,18110.0
2021050405001709,NICLBSL,38,14,50,1810.0,90500.0
2021050405001708,NICLBSL,4,14,20,1811.0,36220.0
2021050405001707,NICLBSL,38,50,10,1810.0,18100.0
2021050405001718,NICLBSL,34,19,10,1815.0,18150.0
2021050405001717,NICLBSL,34,26,100,1815.0,181500.0
2021050405001716,NICLBSL,34,57,10,1814.0,18140.0
2021050405001715,NICLBSL,59,56,10,1813.0,18130.0
2021050405001714,NICLBSL,59,29,10,1813.0,18130.0
2021050405001713,NICLBSL,59,26,10,1813.0,18130.0
2021050405001724,NICLBSL,58,40,10,1815.0,18150.0
2021050405001723,NICLBSL,58,16,10,1815.0,18150.0
2021050405001722,NICLBSL,58,4,10,1813.0,18130.0
2021050405001721,NICLBSL,38,58,10,1810.0,18100.0
2021050405001720,NICLBSL,59,58,10,1813.0,18130.0
2021050405001719,NICLBSL,34,58,80,1815.0,145200.0
2021050405001730,NICLBSL,42,34,10,1820.0,18200.0
2021050405001729,NICLBSL,42,8,50,1820.0,91000.0
2021050405001728,NICLBSL,38,26,80,1810.0,144800.0
2021050405001727,NICLBSL,42,26,10,1813.0,18130.0
2021050405001726,NICLBSL,58,26,10,1815.0,18150.0
2021050405001725,NICLBSL,58,39,10,1815.0,18150.0
2021050405001736,NICLBSL,34,36,100,1815.0,181500.0
2021050405001735,NICLBSL,51,53,20,1813.0,36260.0
2021050405001734,NICLBSL,42,53,80,1820.0,145600.0
2021050405001733,NICLBSL,42,58,10,1820.0,18200.0
2021050405001732,NICLBSL,42,48,50,1820.0,91000.0
2021050405001731,NICLBSL,42,8,100,1820.0,182000.0
2021050405001742,NICLBSL,14,34,10,1812.0,18120.0
2021050405001741,NICLBSL,57,19,50,1811.0,90550.0
2021050405001740,NICLBSL,32,19,50,1811.0,90550.0
2021050405001739,NICLBSL,34,36,80,1815.0,145200.0
2021050405001738,NICLBSL,34,17,10,1815.0,18150.0
2021050405001737,NICLBSL,34,16,10,1815.0,18150.0
2021050405001748,NICLBSL,14,8,20,1812.0,36240.0
2021050405001747,NICLBSL,55,42,30,1814.0,54420.0
2021050405001746,NICLBSL,17,42,20,1814.0,36280.0
2021050405001745,NICLBSL,17,4,10,1814.0,18140.0
2021050405001744,NICLBSL,14,19,10,1812.0,18120.0
2021050405001743,NICLBSL,14,14,10,1812.0,18120.0
2021050405001755,NICLBSL,54,43,120,1811.0,217320.0
2021050405001754,NICLBSL,41,52,10,1812.0,18120.0
2021050405001753,NICLBSL,41,36,10,1812.0,18120.0
2021050405001751,NICLBSL,54,8,80,1811.0,144880.0
2021050405001750,NICLBSL,54,8,50,1812.0,90600.0
2021050405001749,NICLBSL,40,8,50,1812.0,90600.0
2021050405001761,NICLBSL,25,40,150,1810.0,271500.0
2021050405001760,NICLBSL,4,40,50,1810.0,90500.0
2021050405001759,NICLBSL,4,16,50,1810.0,90500.0
2021050405001758,NICLBSL,42,16,50,1810.0,90500.0
2021050405001757,NICLBSL,42,36,11,1811.0,19921.0
2021050405001756,NICLBSL,14,43,20,1811.0,36220.0
2021050405001768,NICLBSL,14,29,10,1810.0,18100.0
2021050405001767,NICLBSL,14,25,90,1810.0,162900.0
2021050405001766,NICLBSL,3,25,10,1810.0,18100.0
2021050405001765,NICLBSL,38,10,20,1810.0,36200.0
2021050405001764,NICLBSL,25,10,40,1810.0,72400.0
2021050405001763,NICLBSL,25,34,10,1810.0,18100.0
2021050405001774,NICLBSL,49,5,40,1810.0,72400.0
2021050405001773,NICLBSL,14,5,20,1810.0,36200.0
2021050405001772,NICLBSL,35,36,10,1811.0,18110.0
2021050405001771,NICLBSL,14,29,30,1810.0,54300.0
2021050405001770,NICLBSL,22,29,10,1810.0,18100.0
2021050405001769,NICLBSL,14,29,50,1810.0,90500.0
2021050405001780,NICLBSL,38,49,98,1809.0,177282.0
2021050405001779,NICLBSL,17,5,200,1810.0,362000.0
2021050405001778,NICLBSL,57,5,10,1810.0,18100.0
2021050405001777,NICLBSL,56,5,10,1810.0,18100.0
2021050405001776,NICLBSL,29,5,300,1810.0,543000.0
2021050405001775,NICLBSL,53,5,20,1810.0,36200.0
2021050405001786,NICLBSL,11,8,100,1800.0,180000.0
2021050405001785,NICLBSL,59,8,50,1800.0,90000.0
2021050405001784,NICLBSL,51,8,18,1806.0,32508.0
2021050405001783,NICLBSL,51,49,32,1806.0,57792.0
2021050405001782,NICLBSL,38,49,50,1807.0,90350.0
2021050405001781,NICLBSL,53,49,20,1808.0,36160.0
2021050405001792,NICLBSL,21,8,50,1800.0,90000.0
2021050405001791,NICLBSL,43,8,100,1800.0,180000.0
2021050405001790,NICLBSL,41,8,50,1800.0,90000.0
2021050405001789,NICLBSL,58,8,10,1800.0,18000.0
2021050405001788,NICLBSL,45,8,33,1800.0,59400.0
2021050405001787,NICLBSL,11,8,20,1800.0,36000.0
2021050405001798,NICLBSL,6,5,50,1810.0,90500.0
2021050405001797,NICLBSL,49,5,22,1810.0,39820.0
2021050405001796,NICLBSL,53,5,20,1810.0,36200.0
2021050405001795,NICLBSL,58,5,20,1810.0,36200.0
2021050405001794,NICLBSL,14,8,19,1800.0,34200.0
2021050405001793,NICLBSL,32,8,50,1800.0,90000.0
2021050405001804,NICLBSL,42,21,100,1805.0,180500.0
2021050405001803,NICLBSL,7,5,100,1810.0,181000.0
2021050405001802,NICLBSL,42,29,32,1809.0,57888.0
2021050405001801,NICLBSL,49,29,18,1809.0,32562.0
2021050405001800,NICLBSL,54,5,20,1810.0,36200.0
2021050405001799,NICLBSL,18,5,130,1810.0,235300.0
2021050405001810,NICLBSL,34,5,50,1810.0,90500.0
2021050405001809,NICLBSL,32,5,40,1810.0,72400.0
2021050405001808,NICLBSL,46,3,20,1809.0,36180.0
2021050405001807,NICLBSL,46,38,30,1809.0,54270.0
2021050405001806,NICLBSL,46,45,20,1809.0,36180.0
2021050405001805,NICLBSL,6,45,10,1806.0,18060.0
2021050405001816,NICLBSL,42,5,30,1810.0,54300.0
2021050405001815,NICLBSL,42,5,10,1810.0,18100.0
2021050405001814,NICLBSL,42,36,20,1809.0,36180.0
2021050405001813,NICLBSL,46,36,20,1809.0,36180.0
2021050405001812,NICLBSL,46,34,10,1809.0,18090.0
2021050405001811,NICLBSL,28,5,30,1810.0,54300.0
2021050405001822,NICLBSL,32,16,30,1810.0,54300.0
2021050405001821,NICLBSL,22,16,42,1810.0,76020.0
2021050405001820,NICLBSL,22,17,20,1810.0,36200.0
2021050405001819,NICLBSL,22,47,20,1810.0,36200.0
2021050405001818,NICLBSL,22,5,18,1810.0,32580.0
2021050405001817,NICLBSL,6,36,20,1806.0,36120.0
2021050405001828,NICLBSL,47,25,10,1809.0,18090.0
2021050405001827,NICLBSL,51,36,10,1810.0,18100.0
2021050405001826,NICLBSL,6,55,13,1806.0,23478.0
2021050405001825,NICLBSL,19,36,15,1810.0,27150.0
2021050405001824,NICLBSL,43,36,22,1810.0,39820.0
2021050405001823,NICLBSL,43,16,28,1810.0,50680.0
2021050405001834,NICLBSL,42,50,40,1809.0,72360.0
2021050405001833,NICLBSL,42,48,10,1809.0,18090.0
2021050405001832,NICLBSL,57,36,10,1810.0,18100.0
2021050405001831,NICLBSL,57,40,40,1809.0,72360.0
2021050405001830,NICLBSL,38,25,41,1800.0,73800.0
2021050405001829,NICLBSL,6,25,57,1806.0,102942.0
2021050405001840,NICLBSL,39,36,50,1810.0,90500.0
2021050405001839,NICLBSL,39,43,10,1809.0,18090.0
2021050405001838,NICLBSL,39,21,30,1809.0,54270.0
2021050405001837,NICLBSL,39,50,10,1809.0,18090.0
2021050405001836,NICLBSL,51,49,30,1806.0,54180.0
2021050405001835,NICLBSL,41,50,50,1809.0,90450.0
2021050405001847,NICLBSL,48,43,40,1809.0,72360.0
2021050405001846,NICLBSL,48,4,10,1809.0,18090.0
2021050405001845,NICLBSL,51,28,10,1806.0,18060.0
2021050405001843,NICLBSL,17,36,10,1808.0,18080.0
2021050405001842,NICLBSL,17,40,10,1808.0,18080.0
2021050405001841,NICLBSL,57,47,50,1808.0,90400.0
2021050405001853,NICLBSL,46,41,10,1807.0,18070.0
2021050405001852,NICLBSL,38,47,367,1800.0,660600.0
2021050405001851,NICLBSL,41,47,100,1801.0,180100.0
2021050405001850,NICLBSL,41,47,33,1805.0,59565.0
2021050405001849,NICLBSL,57,20,10,1806.0,18060.0
2021050405001848,NICLBSL,51,47,10,1806.0,18060.0
2021050405001859,NICLBSL,48,45,10,1801.0,18010.0
2021050405001858,NICLBSL,42,20,18,1808.0,32544.0
2021050405001857,NICLBSL,14,38,10,1800.0,18000.0
2021050405001856,NICLBSL,58,19,25,1808.0,45200.0
2021050405001855,NICLBSL,58,38,10,1808.0,18080.0
2021050405001854,NICLBSL,58,40,10,1808.0,18080.0
2021050405001865,NICLBSL,49,35,10,1800.0,18000.0
2021050405001864,NICLBSL,21,35,10,1801.0,18010.0
2021050405001863,NICLBSL,21,39,20,1801.0,36020.0
2021050405001862,NICLBSL,41,39,20,1805.0,36100.0
2021050405001861,NICLBSL,49,38,10,1800.0,18000.0
2021050405001860,NICLBSL,14,38,190,1800.0,342000.0
2021050405001872,NICLBSL,10,55,10,1801.0,18010.0
2021050405001871,NICLBSL,10,38,10,1801.0,18010.0
2021050405001869,NICLBSL,48,34,10,1801.0,18010.0
2021050405001868,NICLBSL,35,59,50,1806.0,90300.0
2021050405001867,NICLBSL,35,4,10,1806.0,18060.0
2021050405001866,NICLBSL,35,42,10,1806.0,18060.0
2021050405001878,NICLBSL,42,4,10,1804.0,18040.0
2021050405001877,NICLBSL,10,48,10,1801.0,18010.0
2021050405001876,NICLBSL,10,39,10,1801.0,18010.0
2021050405001875,NICLBSL,10,18,10,1801.0,18010.0
2021050405001874,NICLBSL,10,22,10,1801.0,18010.0
2021050405001873,NICLBSL,10,47,10,1801.0,18010.0
2021050405001884,NICLBSL,42,41,10,1803.0,18030.0
2021050405001883,NICLBSL,57,49,10,1802.0,18020.0
2021050405001882,NICLBSL,48,38,10,1802.0,18020.0
2021050405001881,NICLBSL,36,16,10,1805.0,18050.0
2021050405001880,NICLBSL,36,45,20,1805.0,36100.0
2021050405001879,NICLBSL,36,36,20,1805.0,36100.0
2021050405001890,NICLBSL,17,36,10,1805.0,18050.0
2021050405001889,NICLBSL,17,45,10,1804.0,18040.0
2021050405001888,NICLBSL,17,50,20,1804.0,36080.0
2021050405001887,NICLBSL,17,4,10,1803.0,18030.0
2021050405001886,NICLBSL,10,20,100,1801.0,180100.0
2021050405001885,NICLBSL,42,42,30,1804.0,54120.0
2021050405001896,NICLBSL,22,47,20,1805.0,36100.0
2021050405001895,NICLBSL,22,52,30,1805.0,54150.0
2021050405001894,NICLBSL,17,52,20,1805.0,36100.0
2021050405001893,NICLBSL,17,7,10,1805.0,18050.0
2021050405001892,NICLBSL,17,29,10,1805.0,18050.0
2021050405001891,NICLBSL,17,51,10,1805.0,18050.0
2021050405001902,NICLBSL,34,38,20,1805.0,36100.0
2021050405001901,NICLBSL,34,28,10,1805.0,18050.0
2021050405001900,NICLBSL,34,45,10,1805.0,18050.0
2021050405001899,NICLBSL,57,42,10,1801.0,18010.0
2021050405001898,NICLBSL,45,42,50,1801.0,90050.0
2021050405001897,NICLBSL,10,42,30,1801.0,54030.0
2021050405001910,NICLBSL,14,7,10,1806.0,18060.0
2021050405001909,NICLBSL,14,59,330,1806.0,595980.0
2021050405001908,NICLBSL,17,59,100,1806.0,180600.0
2021050405001907,NICLBSL,52,59,30,1806.0,54180.0
2021050405001905,NICLBSL,34,48,10,1805.0,18050.0
2021050405001903,NICLBSL,34,50,10,1805.0,18050.0
2021050405001916,NICLBSL,14,44,15,1806.0,27090.0
2021050405001915,NICLBSL,34,20,32,1808.0,57856.0
2021050405001914,NICLBSL,14,38,10,1806.0,18060.0
2021050405001913,NICLBSL,14,46,50,1806.0,90300.0
2021050405001912,NICLBSL,14,45,20,1806.0,36120.0
2021050405001911,NICLBSL,14,20,65,1806.0,117390.0
2021050405001922,NICLBSL,3,49,10,1808.0,18080.0
2021050405001921,NICLBSL,3,20,60,1808.0,108480.0
2021050405001920,NICLBSL,3,58,10,1808.0,18080.0
2021050405001919,NICLBSL,17,44,65,1806.0,117390.0
2021050405001918,NICLBSL,53,44,100,1806.0,180600.0
2021050405001917,NICLBSL,51,44,20,1806.0,36120.0
2021050405001381,MLBSL,17,8,10,4158.0,41580.0
2021050405001326,MLBSL,17,32,10,4158.0,41580.0
2021050405001216,MLBSL,17,34,10,4158.0,41580.0
2021050405001197,MLBSL,17,48,10,4158.0,41580.0
2021050405001191,MLBSL,17,44,10,4158.0,41580.0
2021050405001149,MLBSL,17,41,10,4158.0,41580.0
2021050405000958,MLBSL,17,50,10,4158.0,41580.0
2021050405000929,MLBSL,17,57,10,4158.0,41580.0
2021050405001120,MLBSL,17,58,10,4158.0,41580.0
2021050405001092,MLBSL,17,57,10,4158.0,41580.0
2021050405001076,MLBSL,17,28,10,4158.0,41580.0
2021050405001024,MLBSL,17,45,10,4158.0,41580.0
2021050405001007,MLBSL,17,57,10,4158.0,41580.0
2021050405000964,MLBSL,17,44,10,4158.0,41580.0
2021050405001428,NICLBSL,39,48,10,1779.0,17790.0
2021050405001427,NICLBSL,6,48,10,1777.0,17770.0
2021050405001426,NICLBSL,6,7,10,1777.0,17770.0
2021050405001425,NICLBSL,6,38,40,1777.0,71080.0
2021050405001424,NICLBSL,28,56,10,1776.0,17760.0
2021050405001423,NICLBSL,45,38,60,1777.0,106620.0
2021050405000935,NICLBSL,59,35,345,1743.0,601335.0
2021050405000934,NICLBSL,48,44,10,1741.0,17410.0
2021050405000933,NICLBSL,39,35,70,1743.0,122010.0
2021050405000932,NICLBSL,39,19,10,1742.0,17420.0
2021050405000931,NICLBSL,39,41,10,1743.0,17430.0
2021050405000930,NICLBSL,39,17,10,1743.0,17430.0
2021050405000941,NICLBSL,59,44,10,1743.0,17430.0
2021050405000940,NICLBSL,59,3,10,1743.0,17430.0
2021050405000939,NICLBSL,59,3,10,1743.0,17430.0
2021050405000938,NICLBSL,59,44,10,1743.0,17430.0
2021050405000937,NICLBSL,59,4,10,1743.0,17430.0
2021050405000936,NICLBSL,59,58,10,1743.0,17430.0
2021050405000947,NICLBSL,17,44,10,1744.0,17440.0
2021050405000946,NICLBSL,17,3,10,1744.0,17440.0
2021050405000945,NICLBSL,17,42,10,1744.0,17440.0
2021050405000944,NICLBSL,48,3,20,1743.0,34860.0
2021050405000943,NICLBSL,48,25,75,1743.0,130725.0
2021050405000942,NICLBSL,45,28,100,1744.0,174400.0
2021050405000953,NICLBSL,42,22,10,1745.0,17450.0
2021050405000952,NICLBSL,42,45,10,1745.0,17450.0
2021050405000951,NICLBSL,13,22,10,1745.0,17450.0
2021050405000950,NICLBSL,13,21,10,1745.0,17450.0
2021050405000949,NICLBSL,13,7,10,1745.0,17450.0
2021050405000948,NICLBSL,13,32,10,1745.0,17450.0
2021050405000960,NICLBSL,34,34,20,1747.0,34940.0
2021050405000959,NICLBSL,34,56,10,1746.0,17460.0
2021050405000957,NICLBSL,59,22,30,1745.0,52350.0
2021050405000956,NICLBSL,18,22,50,1745.0,87250.0
2021050405000955,NICLBSL,42,22,20,1745.0,34900.0
2021050405000954,NICLBSL,42,44,10,1745.0,17450.0
2021050405000967,NICLBSL,58,44,10,1745.0,17450.0
2021050405000966,NICLBSL,58,20,20,1745.0,34900.0
2021050405000965,NICLBSL,59,38,10,1745.0,17450.0
2021050405000963,NICLBSL,59,29,10,1745.0,17450.0
2021050405000962,NICLBSL,34,29,10,1747.0,17470.0
2021050405000961,NICLBSL,34,34,10,1747.0,17470.0
2021050405000973,NICLBSL,42,4,10,1748.0,17480.0
2021050405000972,NICLBSL,42,14,20,1748.0,34960.0
2021050405000971,NICLBSL,42,45,10,1748.0,17480.0
2021050405000970,NICLBSL,42,1,240,1748.0,419520.0
2021050405000969,NICLBSL,58,44,10,1745.0,17450.0
2021050405000968,NICLBSL,58,1,30,1748.0,52440.0
2021050405000979,NICLBSL,42,56,10,1748.0,17480.0
2021050405000978,NICLBSL,42,34,10,1748.0,17480.0
2021050405000977,NICLBSL,42,3,10,1748.0,17480.0
2021050405000976,NICLBSL,42,44,10,1748.0,17480.0
2021050405000975,NICLBSL,42,56,59,1748.0,103132.0
2021050405000974,NICLBSL,42,14,100,1748.0,174800.0
2021050405000985,NICLBSL,58,58,10,1750.0,17500.0
2021050405000984,NICLBSL,58,34,10,1750.0,17500.0
2021050405000983,NICLBSL,38,44,10,1749.0,17490.0
2021050405000982,NICLBSL,38,44,10,1749.0,17490.0
2021050405000981,NICLBSL,34,46,20,1749.0,34980.0
2021050405000980,NICLBSL,42,42,10,1748.0,17480.0
2021050405000991,NICLBSL,58,29,10,1750.0,17500.0
2021050405000990,NICLBSL,58,21,10,1750.0,17500.0
2021050405000989,NICLBSL,58,56,10,1750.0,17500.0
2021050405000988,NICLBSL,58,29,10,1750.0,17500.0
2021050405000987,NICLBSL,58,54,20,1750.0,35000.0
2021050405000986,NICLBSL,58,56,20,1750.0,35000.0
2021050405000997,NICLBSL,58,21,20,1750.0,35000.0
2021050405000996,NICLBSL,58,32,10,1750.0,17500.0
2021050405000995,NICLBSL,58,6,10,1750.0,17500.0
2021050405000994,NICLBSL,58,38,10,1750.0,17500.0
2021050405000993,NICLBSL,58,42,10,1750.0,17500.0
2021050405000992,NICLBSL,58,37,10,1750.0,17500.0
2021050405001003,NICLBSL,58,56,20,1750.0,35000.0
2021050405001002,NICLBSL,58,42,10,1750.0,17500.0
2021050405001001,NICLBSL,58,32,10,1750.0,17500.0
2021050405001000,NICLBSL,58,38,10,1750.0,17500.0
2021050405000999,NICLBSL,58,46,10,1750.0,17500.0
2021050405000998,NICLBSL,58,36,30,1750.0,52500.0
2021050405001010,NICLBSL,58,4,100,1750.0,175000.0
2021050405001009,NICLBSL,58,38,10,1750.0,17500.0
2021050405001008,NICLBSL,58,51,10,1750.0,17500.0
2021050405001006,NICLBSL,58,35,20,1750.0,35000.0
2021050405001005,NICLBSL,58,58,10,1750.0,17500.0
2021050405001004,NICLBSL,58,22,10,1750.0,17500.0
2021050405001016,NICLBSL,8,38,10,1749.0,17490.0
2021050405001015,NICLBSL,38,11,20,1750.0,35000.0
2021050405001014,NICLBSL,38,32,10,1750.0,17500.0
2021050405001013,NICLBSL,14,4,4,1750.0,7000.0
2021050405001012,NICLBSL,58,4,96,1750.0,168000.0
2021050405001011,NICLBSL,58,34,64,1750.0,112000.0
2021050405001022,NICLBSL,58,57,210,1750.0,367500.0
2021050405001021,NICLBSL,22,57,20,1750.0,35000.0
2021050405001020,NICLBSL,17,57,10,1750.0,17500.0
2021050405001019,NICLBSL,58,57,40,1750.0,70000.0
2021050405001018,NICLBSL,58,33,10,1750.0,17500.0
2021050405001017,NICLBSL,58,45,50,1750.0,87500.0
2021050405001029,NICLBSL,28,3,10,1750.0,17500.0
2021050405001028,NICLBSL,28,35,10,1750.0,17500.0
2021050405001027,NICLBSL,28,45,10,1750.0,17500.0
2021050405001026,NICLBSL,28,53,20,1750.0,35000.0
2021050405001025,NICLBSL,28,7,10,1750.0,17500.0
2021050405001023,NICLBSL,58,57,30,1750.0,52500.0
2021050405001035,NICLBSL,58,47,10,1753.0,17530.0
2021050405001034,NICLBSL,58,46,10,1752.0,17520.0
2021050405001033,NICLBSL,58,14,10,1752.0,17520.0
2021050405001032,NICLBSL,29,46,10,1751.0,17510.0
2021050405001031,NICLBSL,28,3,10,1750.0,17500.0
2021050405001030,NICLBSL,28,17,10,1750.0,17500.0
2021050405001041,NICLBSL,42,3,10,1750.0,17500.0
2021050405001040,NICLBSL,42,3,10,1750.0,17500.0
2021050405001039,NICLBSL,42,38,10,1750.0,17500.0
2021050405001038,NICLBSL,6,38,40,1750.0,70000.0
2021050405001037,NICLBSL,28,38,20,1750.0,35000.0
2021050405001036,NICLBSL,29,38,10,1751.0,17510.0
2021050405001047,NICLBSL,29,1,10,1751.0,17510.0
2021050405001046,NICLBSL,29,28,10,1751.0,17510.0
2021050405001045,NICLBSL,29,38,10,1751.0,17510.0
2021050405001044,NICLBSL,34,38,90,1751.0,157590.0
2021050405001043,NICLBSL,34,32,10,1751.0,17510.0
2021050405001042,NICLBSL,42,16,15,1750.0,26250.0
2021050405001053,NICLBSL,50,49,39,1751.0,68289.0
2021050405001052,NICLBSL,50,34,10,1751.0,17510.0
2021050405001051,NICLBSL,50,58,31,1751.0,54281.0
2021050405001050,NICLBSL,50,17,10,1751.0,17510.0
2021050405001049,NICLBSL,50,33,10,1751.0,17510.0
2021050405001048,NICLBSL,29,39,10,1751.0,17510.0
2021050405001059,NICLBSL,28,49,10,1751.0,17510.0
2021050405001058,NICLBSL,28,49,861,1751.0,1507611.0
2021050405001057,NICLBSL,34,49,100,1751.0,175100.0
2021050405001056,NICLBSL,29,49,20,1751.0,35020.0
2021050405001055,NICLBSL,29,49,100,1751.0,175100.0
2021050405001054,NICLBSL,42,49,10,1751.0,17510.0
2021050405001065,NICLBSL,33,44,10,1752.0,17520.0
2021050405001064,NICLBSL,33,41,20,1752.0,35040.0
2021050405001063,NICLBSL,33,42,61,1751.0,106811.0
2021050405001062,NICLBSL,42,45,20,1750.0,35000.0
2021050405001061,NICLBSL,28,42,159,1751.0,278409.0
2021050405001060,NICLBSL,28,1,100,1751.0,175100.0
2021050405001071,NICLBSL,16,45,10,1752.0,17520.0
2021050405001070,NICLBSL,16,34,10,1752.0,17520.0
2021050405001069,NICLBSL,16,17,10,1752.0,17520.0
2021050405001068,NICLBSL,16,16,10,1752.0,17520.0
2021050405001067,NICLBSL,21,45,20,1751.0,35020.0
2021050405001066,NICLBSL,42,42,10,1750.0,17500.0
2021050405001078,NICLBSL,38,42,10,1753.0,17530.0
2021050405001077,NICLBSL,16,42,10,1752.0,17520.0
2021050405001075,NICLBSL,16,17,10,1752.0,17520.0
2021050405001074,NICLBSL,16,57,10,1752.0,17520.0
2021050405001073,NICLBSL,16,49,10,1752.0,17520.0
2021050405001072,NICLBSL,16,45,10,1752.0,17520.0
2021050405001084,NICLBSL,29,45,10,1754.0,17540.0
2021050405001083,NICLBSL,38,41,10,1753.0,17530.0
2021050405001082,NICLBSL,38,6,10,1753.0,17530.0
2021050405001081,NICLBSL,38,6,10,1753.0,17530.0
2021050405001080,NICLBSL,38,7,10,1753.0,17530.0
2021050405001079,NICLBSL,38,6,41,1753.0,71873.0
2021050405001090,NICLBSL,38,49,10,1753.0,17530.0
2021050405001089,NICLBSL,38,21,20,1753.0,35060.0
2021050405001088,NICLBSL,38,42,30,1753.0,52590.0
2021050405001087,NICLBSL,29,42,70,1754.0,122780.0
2021050405001086,NICLBSL,29,10,10,1754.0,17540.0
2021050405001085,NICLBSL,29,29,10,1754.0,17540.0
2021050405001097,NICLBSL,45,35,10,1752.0,17520.0
2021050405001096,NICLBSL,16,35,10,1752.0,17520.0
2021050405001095,NICLBSL,38,35,39,1753.0,68367.0
2021050405001094,NICLBSL,58,21,10,1754.0,17540.0
2021050405001093,NICLBSL,58,50,10,1754.0,17540.0
2021050405001091,NICLBSL,38,10,10,1753.0,17530.0
2021050405001103,NICLBSL,50,34,30,1755.0,52650.0
2021050405001102,NICLBSL,50,52,20,1755.0,35100.0
2021050405001101,NICLBSL,50,26,10,1755.0,17550.0
2021050405001100,NICLBSL,38,34,10,1753.0,17530.0
2021050405001099,NICLBSL,16,35,100,1751.0,175100.0
2021050405001098,NICLBSL,21,35,40,1751.0,70040.0
2021050405001109,NICLBSL,47,56,19,1755.0,33345.0
2021050405001108,NICLBSL,38,38,10,1753.0,17530.0
2021050405001107,NICLBSL,50,56,10,1755.0,17550.0
2021050405001106,NICLBSL,50,21,10,1755.0,17550.0
2021050405001105,NICLBSL,50,22,10,1755.0,17550.0
2021050405001104,NICLBSL,50,38,10,1755.0,17550.0
2021050405001115,NICLBSL,38,43,50,1750.0,87500.0
2021050405001114,NICLBSL,42,43,35,1750.0,61250.0
2021050405001113,NICLBSL,39,35,50,1753.0,87650.0
2021050405001112,NICLBSL,47,35,20,1753.0,35060.0
2021050405001111,NICLBSL,38,35,25,1753.0,43825.0
2021050405001110,NICLBSL,38,35,80,1753.0,140240.0
2021050405001122,NICLBSL,47,49,10,1750.0,17500.0
2021050405001121,NICLBSL,8,43,56,1749.0,97944.0
2021050405001119,NICLBSL,58,49,50,1750.0,87500.0
2021050405001118,NICLBSL,25,49,40,1750.0,70000.0
2021050405001117,NICLBSL,25,49,10,1750.0,17500.0
2021050405001116,NICLBSL,25,43,50,1750.0,87500.0
2021050405001128,NICLBSL,36,35,25,1753.0,43825.0
2021050405001127,NICLBSL,36,13,10,1752.0,17520.0
2021050405001126,NICLBSL,36,5,10,1752.0,17520.0
2021050405001125,NICLBSL,36,52,10,1751.0,17510.0
2021050405001124,NICLBSL,36,36,10,1750.0,17500.0
2021050405001123,NICLBSL,42,17,10,1748.0,17480.0
2021050405001134,NICLBSL,17,43,50,1749.0,87450.0
2021050405001133,NICLBSL,17,17,10,1749.0,17490.0
2021050405001132,NICLBSL,17,17,10,1749.0,17490.0
2021050405001131,NICLBSL,17,17,10,1749.0,17490.0
2021050405001130,NICLBSL,22,17,10,1748.0,17480.0
2021050405001129,NICLBSL,36,54,10,1753.0,17530.0
2021050405001140,NICLBSL,36,43,60,1750.0,105000.0
2021050405001139,NICLBSL,37,43,10,1750.0,17500.0
2021050405001138,NICLBSL,47,43,10,1751.0,17510.0
2021050405001137,NICLBSL,37,17,10,1750.0,17500.0
2021050405001136,NICLBSL,16,47,10,1751.0,17510.0
2021050405001135,NICLBSL,17,17,10,1749.0,17490.0
2021050405001146,NICLBSL,21,19,20,1749.0,34980.0
2021050405001145,NICLBSL,17,17,10,1749.0,17490.0
2021050405001144,NICLBSL,36,47,10,1750.0,17500.0
2021050405001143,NICLBSL,36,17,10,1750.0,17500.0
2021050405001142,NICLBSL,36,45,10,1750.0,17500.0
2021050405001141,NICLBSL,36,17,10,1750.0,17500.0
2021050405001153,NICLBSL,34,20,10,1749.0,17490.0
2021050405001152,NICLBSL,58,14,10,1750.0,17500.0
2021050405001151,NICLBSL,58,36,20,1750.0,35000.0
2021050405001150,NICLBSL,34,17,10,1749.0,17490.0
2021050405001148,NICLBSL,34,42,15,1749.0,26235.0
2021050405001147,NICLBSL,21,17,10,1749.0,17490.0
2021050405001159,NICLBSL,7,20,10,1749.0,17490.0
2021050405001158,NICLBSL,7,6,10,1749.0,17490.0
2021050405001157,NICLBSL,36,41,40,1750.0,70000.0
2021050405001156,NICLBSL,36,43,10,1750.0,17500.0
2021050405001155,NICLBSL,7,43,50,1749.0,87450.0
2021050405001154,NICLBSL,34,43,50,1749.0,87450.0
2021050405001165,NICLBSL,54,38,10,1750.0,17500.0
2021050405001164,NICLBSL,54,38,20,1750.0,35000.0
2021050405001163,NICLBSL,55,38,30,1750.0,52500.0
2021050405001162,NICLBSL,55,41,60,1750.0,105000.0
2021050405001161,NICLBSL,7,42,10,1749.0,17490.0
2021050405001160,NICLBSL,7,22,10,1749.0,17490.0
2021050405001171,NICLBSL,26,35,20,1750.0,35000.0
2021050405001170,NICLBSL,48,35,50,1750.0,87500.0
2021050405001169,NICLBSL,38,54,10,1749.0,17490.0
2021050405001168,NICLBSL,7,54,10,1749.0,17490.0
2021050405001167,NICLBSL,54,35,60,1750.0,105000.0
2021050405001166,NICLBSL,54,47,10,1750.0,17500.0
2021050405001177,NICLBSL,55,58,10,1750.0,17500.0
2021050405001176,NICLBSL,55,14,10,1750.0,17500.0
2021050405001175,NICLBSL,55,52,10,1750.0,17500.0
2021050405001174,NICLBSL,55,52,10,1750.0,17500.0
2021050405001173,NICLBSL,38,35,15,1750.0,26250.0
2021050405001172,NICLBSL,43,35,50,1750.0,87500.0
2021050405001183,NICLBSL,10,39,10,1751.0,17510.0
2021050405001182,NICLBSL,10,54,260,1751.0,455260.0
2021050405001181,NICLBSL,57,59,5,1750.0,8750.0
2021050405001180,NICLBSL,55,49,10,1750.0,17500.0
2021050405001179,NICLBSL,53,54,30,1751.0,52530.0
2021050405001178,NICLBSL,38,54,10,1751.0,17510.0
2021050405001189,NICLBSL,22,1,10,1753.0,17530.0
2021050405001188,NICLBSL,16,3,10,1752.0,17520.0
2021050405001187,NICLBSL,10,38,10,1751.0,17510.0
2021050405001186,NICLBSL,10,47,10,1751.0,17510.0
2021050405001185,NICLBSL,42,39,10,1752.0,17520.0
2021050405001184,NICLBSL,42,8,40,1752.0,70080.0
2021050405001196,NICLBSL,46,17,10,1751.0,17510.0
2021050405001195,NICLBSL,58,14,90,1753.0,157770.0
2021050405001194,NICLBSL,58,1,10,1753.0,17530.0
2021050405001193,NICLBSL,41,1,10,1753.0,17530.0
2021050405001192,NICLBSL,41,28,50,1752.0,87600.0
2021050405001190,NICLBSL,10,47,10,1751.0,17510.0
2021050405001203,NICLBSL,3,47,10,1753.0,17530.0
2021050405001202,NICLBSL,3,42,90,1753.0,157770.0
2021050405001201,NICLBSL,47,7,10,1752.0,17520.0
2021050405001200,NICLBSL,47,17,10,1752.0,17520.0
2021050405001199,NICLBSL,7,51,10,1752.0,17520.0
2021050405001198,NICLBSL,42,36,10,1753.0,17530.0
2021050405001209,NICLBSL,47,7,20,1752.0,35040.0
2021050405001208,NICLBSL,47,39,10,1752.0,17520.0
2021050405001207,NICLBSL,41,45,40,1754.0,70160.0
2021050405001206,NICLBSL,41,28,10,1753.0,17530.0
2021050405001205,NICLBSL,39,45,30,1754.0,52620.0
2021050405001204,NICLBSL,21,47,10,1753.0,17530.0
2021050405001215,NICLBSL,38,45,50,1754.0,87700.0
2021050405001214,NICLBSL,41,28,10,1753.0,17530.0
2021050405001213,NICLBSL,47,21,90,1752.0,157680.0
2021050405001212,NICLBSL,47,45,20,1754.0,35080.0
2021050405001211,NICLBSL,42,45,80,1754.0,140320.0
2021050405001210,NICLBSL,42,28,10,1753.0,17530.0
2021050405001222,NICLBSL,38,56,51,1755.0,89505.0
2021050405001221,NICLBSL,13,56,100,1755.0,175500.0
2021050405001220,NICLBSL,38,19,10,1754.0,17540.0
2021050405001219,NICLBSL,4,28,10,1753.0,17530.0
2021050405001218,NICLBSL,56,54,10,1754.0,17540.0
2021050405001217,NICLBSL,56,45,80,1754.0,140320.0
2021050405001228,NICLBSL,42,45,10,1755.0,17550.0
2021050405001227,NICLBSL,42,22,10,1755.0,17550.0
2021050405001226,NICLBSL,42,14,10,1755.0,17550.0
2021050405001225,NICLBSL,42,35,16,1755.0,28080.0
2021050405001224,NICLBSL,58,35,25,1755.0,43875.0
2021050405001223,NICLBSL,38,35,49,1755.0,85995.0
2021050405001234,NICLBSL,38,22,10,1754.0,17540.0
2021050405001233,NICLBSL,38,21,10,1754.0,17540.0
2021050405001232,NICLBSL,42,38,25,1755.0,43875.0
2021050405001231,NICLBSL,42,20,10,1755.0,17550.0
2021050405001230,NICLBSL,42,39,11,1755.0,19305.0
2021050405001229,NICLBSL,42,46,20,1755.0,35100.0
2021050405001240,NICLBSL,13,35,20,1756.0,35120.0
2021050405001239,NICLBSL,39,28,10,1755.0,17550.0
2021050405001238,NICLBSL,39,42,10,1755.0,17550.0
2021050405001237,NICLBSL,39,41,50,1755.0,87750.0
2021050405001236,NICLBSL,39,48,54,1755.0,94770.0
2021050405001235,NICLBSL,39,1,10,1755.0,17550.0
2021050405001246,NICLBSL,13,32,10,1759.0,17590.0
2021050405001245,NICLBSL,13,17,10,1758.0,17580.0
2021050405001244,NICLBSL,13,17,40,1758.0,70320.0
2021050405001243,NICLBSL,13,41,10,1758.0,17580.0
2021050405001242,NICLBSL,13,58,20,1758.0,35160.0
2021050405001241,NICLBSL,13,58,10,1757.0,17570.0
2021050405001252,NICLBSL,17,45,10,1760.0,17600.0
2021050405001251,NICLBSL,17,48,100,1760.0,176000.0
2021050405001250,NICLBSL,17,34,20,1760.0,35200.0
2021050405001249,NICLBSL,17,52,10,1760.0,17600.0
2021050405001248,NICLBSL,17,5,20,1760.0,35200.0
2021050405001247,NICLBSL,13,19,10,1759.0,17590.0
2021050405001258,NICLBSL,49,28,10,1760.0,17600.0
2021050405001257,NICLBSL,17,42,10,1760.0,17600.0
2021050405001256,NICLBSL,17,22,10,1760.0,17600.0
2021050405001255,NICLBSL,17,29,10,1760.0,17600.0
2021050405001254,NICLBSL,17,49,200,1760.0,352000.0
2021050405001253,NICLBSL,17,3,10,1760.0,17600.0
2021050405001264,NICLBSL,58,14,50,1760.0,88000.0
2021050405001263,NICLBSL,47,14,20,1760.0,35200.0
2021050405001262,NICLBSL,41,14,30,1760.0,52800.0
2021050405001261,NICLBSL,41,56,10,1760.0,17600.0
2021050405001260,NICLBSL,41,25,10,1760.0,17600.0
2021050405001259,NICLBSL,49,25,90,1760.0,158400.0
2021050405001270,NICLBSL,14,41,10,1760.0,17600.0
2021050405001269,NICLBSL,14,43,10,1760.0,17600.0
2021050405001268,NICLBSL,14,35,10,1760.0,17600.0
2021050405001267,NICLBSL,14,52,10,1760.0,17600.0
2021050405001266,NICLBSL,28,52,90,1760.0,158400.0
2021050405001265,NICLBSL,28,56,10,1760.0,17600.0
2021050405001276,NICLBSL,56,16,12,1760.0,21120.0
2021050405001275,NICLBSL,40,49,10,1760.0,17600.0
2021050405001274,NICLBSL,55,47,10,1759.0,17590.0
2021050405001273,NICLBSL,14,59,210,1760.0,369600.0
2021050405001272,NICLBSL,14,39,32,1760.0,56320.0
2021050405001271,NICLBSL,14,59,10,1760.0,17600.0
2021050405001282,NICLBSL,35,6,10,1760.0,17600.0
2021050405001281,NICLBSL,58,34,10,1761.0,17610.0
2021050405001280,NICLBSL,58,42,10,1761.0,17610.0
2021050405001279,NICLBSL,35,49,10,1760.0,17600.0
2021050405001278,NICLBSL,35,36,20,1760.0,35200.0
2021050405001277,NICLBSL,35,49,10,1760.0,17600.0
2021050405001288,NICLBSL,54,6,150,1761.0,264150.0
2021050405001287,NICLBSL,42,6,100,1761.0,176100.0
2021050405001286,NICLBSL,54,6,100,1761.0,176100.0
2021050405001285,NICLBSL,58,6,12,1761.0,21132.0
2021050405001284,NICLBSL,58,53,10,1761.0,17610.0
2021050405001283,NICLBSL,35,28,10,1760.0,17600.0
2021050405001294,NICLBSL,59,47,10,1763.0,17630.0
2021050405001293,NICLBSL,59,38,10,1762.0,17620.0
2021050405001292,NICLBSL,54,35,124,1761.0,218364.0
2021050405001291,NICLBSL,17,35,76,1761.0,133836.0
2021050405001290,NICLBSL,17,6,24,1761.0,42264.0
2021050405001289,NICLBSL,21,6,14,1761.0,24654.0
2021050405001300,NICLBSL,6,19,15,1764.0,26460.0
2021050405001299,NICLBSL,43,19,30,1764.0,52920.0
2021050405001298,NICLBSL,1,19,15,1764.0,26460.0
2021050405001297,NICLBSL,59,28,10,1763.0,17630.0
2021050405001296,NICLBSL,57,19,20,1764.0,35280.0
2021050405001295,NICLBSL,57,17,10,1764.0,17640.0
2021050405001306,NICLBSL,21,6,20,1765.0,35300.0
2021050405001305,NICLBSL,21,49,20,1765.0,35300.0
2021050405001304,NICLBSL,48,49,10,1765.0,17650.0
2021050405001303,NICLBSL,42,49,20,1765.0,35300.0
2021050405001302,NICLBSL,38,49,50,1765.0,88250.0
2021050405001301,NICLBSL,57,41,100,1765.0,176500.0
2021050405001312,NICLBSL,58,13,10,1765.0,17650.0
2021050405001311,NICLBSL,58,39,20,1765.0,35300.0
2021050405001310,NICLBSL,58,22,10,1765.0,17650.0
2021050405001309,NICLBSL,58,41,60,1765.0,105900.0
2021050405001308,NICLBSL,58,41,40,1765.0,70600.0
2021050405001307,NICLBSL,21,52,10,1765.0,17650.0
2021050405001318,NICLBSL,47,21,10,1768.0,17680.0
2021050405001317,NICLBSL,47,16,10,1768.0,17680.0
2021050405001316,NICLBSL,48,45,20,1767.0,35340.0
2021050405001315,NICLBSL,55,34,20,1766.0,35320.0
2021050405001314,NICLBSL,58,47,20,1765.0,35300.0
2021050405001313,NICLBSL,58,54,20,1765.0,35300.0
2021050405001324,NICLBSL,58,21,10,1769.0,17690.0
2021050405001323,NICLBSL,58,37,10,1769.0,17690.0
2021050405001322,NICLBSL,58,17,10,1769.0,17690.0
2021050405001321,NICLBSL,58,17,10,1769.0,17690.0
2021050405001320,NICLBSL,58,17,10,1769.0,17690.0
2021050405001319,NICLBSL,47,39,10,1768.0,17680.0
2021050405001331,NICLBSL,7,46,50,1770.0,88500.0
2021050405001330,NICLBSL,11,46,60,1770.0,106200.0
2021050405001329,NICLBSL,8,46,10,1770.0,17700.0
2021050405001328,NICLBSL,8,14,40,1770.0,70800.0
2021050405001327,NICLBSL,58,21,10,1769.0,17690.0
2021050405001325,NICLBSL,58,21,10,1769.0,17690.0
2021050405001337,NICLBSL,21,25,30,1770.0,53100.0
2021050405001336,NICLBSL,46,25,20,1770.0,35400.0
2021050405001335,NICLBSL,46,51,10,1770.0,17700.0
2021050405001334,NICLBSL,46,46,20,1770.0,35400.0
2021050405001333,NICLBSL,58,46,10,1770.0,17700.0
2021050405001332,NICLBSL,39,46,50,1770.0,88500.0
2021050405001343,NICLBSL,48,41,20,1770.0,35400.0
2021050405001342,NICLBSL,38,41,30,1770.0,53100.0
2021050405001341,NICLBSL,38,8,10,1770.0,17700.0
2021050405001340,NICLBSL,38,44,10,1770.0,17700.0
2021050405001339,NICLBSL,21,33,60,1770.0,106200.0
2021050405001338,NICLBSL,21,47,10,1770.0,17700.0
2021050405001349,NICLBSL,48,16,10,1770.0,17700.0
2021050405001348,NICLBSL,48,36,10,1770.0,17700.0
2021050405001347,NICLBSL,48,39,30,1770.0,53100.0
2021050405001346,NICLBSL,48,46,10,1770.0,17700.0
2021050405001345,NICLBSL,48,33,10,1770.0,17700.0
2021050405001344,NICLBSL,48,5,20,1770.0,35400.0
2021050405001355,NICLBSL,19,20,10,1770.0,17700.0
2021050405001354,NICLBSL,19,17,10,1770.0,17700.0
2021050405001353,NICLBSL,19,28,10,1770.0,17700.0
2021050405001352,NICLBSL,19,56,20,1770.0,35400.0
2021050405001351,NICLBSL,48,56,80,1770.0,141600.0
2021050405001350,NICLBSL,48,22,10,1770.0,17700.0
2021050405001361,NICLBSL,57,4,50,1770.0,88500.0
2021050405001360,NICLBSL,49,4,50,1770.0,88500.0
2021050405001359,NICLBSL,34,4,50,1770.0,88500.0
2021050405001358,NICLBSL,28,4,50,1770.0,88500.0
2021050405001357,NICLBSL,28,17,10,1770.0,17700.0
2021050405001356,NICLBSL,53,41,26,1770.0,46020.0
2021050405001367,NICLBSL,38,8,92,1770.0,162840.0
2021050405001366,NICLBSL,34,8,75,1770.0,132750.0
2021050405001365,NICLBSL,17,8,33,1770.0,58410.0
2021050405001364,NICLBSL,17,43,67,1770.0,118590.0
2021050405001363,NICLBSL,57,43,40,1770.0,70800.0
2021050405001362,NICLBSL,57,51,10,1770.0,17700.0
2021050405001373,NICLBSL,49,43,50,1772.0,88600.0
2021050405001372,NICLBSL,49,19,10,1772.0,17720.0
2021050405001371,NICLBSL,49,38,10,1771.0,17710.0
2021050405001370,NICLBSL,49,21,10,1771.0,17710.0
2021050405001369,NICLBSL,49,34,10,1771.0,17710.0
2021050405001368,NICLBSL,49,1,10,1771.0,17710.0
2021050405001379,NICLBSL,43,49,20,1772.0,35440.0
2021050405001378,NICLBSL,43,43,10,1772.0,17720.0
2021050405001377,NICLBSL,38,43,90,1772.0,159480.0
2021050405001376,NICLBSL,1,43,50,1772.0,88600.0
2021050405001375,NICLBSL,1,56,10,1771.0,17710.0
2021050405001374,NICLBSL,38,16,10,1770.0,17700.0
2021050405001386,NICLBSL,16,55,10,1774.0,17740.0
2021050405001385,NICLBSL,16,58,10,1774.0,17740.0
2021050405001384,NICLBSL,16,56,10,1773.0,17730.0
2021050405001383,NICLBSL,16,58,10,1773.0,17730.0
2021050405001382,NICLBSL,16,58,10,1773.0,17730.0
2021050405001380,NICLBSL,43,50,10,1772.0,17720.0
2021050405001392,NICLBSL,43,41,25,1774.0,44350.0
2021050405001391,NICLBSL,43,34,10,1774.0,17740.0
2021050405001390,NICLBSL,43,58,15,1774.0,26610.0
2021050405001389,NICLBSL,43,52,10,1772.0,17720.0
2021050405001388,NICLBSL,16,58,30,1774.0,53220.0
2021050405001387,NICLBSL,16,18,20,1774.0,35480.0
2021050405001398,NICLBSL,47,47,12,1775.0,21300.0
2021050405001397,NICLBSL,47,49,127,1774.0,225298.0
2021050405001396,NICLBSL,54,56,10,1773.0,17730.0
2021050405001395,NICLBSL,26,49,75,1774.0,133050.0
2021050405001394,NICLBSL,26,21,10,1774.0,17740.0
2021050405001393,NICLBSL,26,41,25,1774.0,44350.0
2021050405001404,NICLBSL,52,42,10,1775.0,17750.0
2021050405001403,NICLBSL,6,58,110,1775.0,195250.0
2021050405001402,NICLBSL,6,34,10,1775.0,17750.0
2021050405001401,NICLBSL,6,1,159,1775.0,282225.0
2021050405001400,NICLBSL,47,1,51,1775.0,90525.0
2021050405001399,NICLBSL,47,20,10,1775.0,17750.0
2021050405001410,NICLBSL,52,58,36,1775.0,63900.0
2021050405001409,NICLBSL,52,48,10,1775.0,17750.0
2021050405001408,NICLBSL,52,41,10,1775.0,17750.0
2021050405001407,NICLBSL,52,49,10,1775.0,17750.0
2021050405001406,NICLBSL,52,34,10,1775.0,17750.0
2021050405001405,NICLBSL,52,48,10,1775.0,17750.0
2021050405001416,NICLBSL,28,45,10,1776.0,17760.0
2021050405001415,NICLBSL,28,16,10,1776.0,17760.0
2021050405001414,NICLBSL,58,58,10,1775.0,17750.0
2021050405001413,NICLBSL,58,49,10,1774.0,17740.0
2021050405001412,NICLBSL,52,17,88,1775.0,156200.0
2021050405001411,NICLBSL,52,48,10,1775.0,17750.0
2021050405001422,NICLBSL,45,13,10,1777.0,17770.0
2021050405001421,NICLBSL,45,48,10,1777.0,17770.0
2021050405001420,NICLBSL,45,48,10,1777.0,17770.0
2021050405001419,NICLBSL,45,21,10,1777.0,17770.0
2021050405001418,NICLBSL,28,48,10,1776.0,17760.0
2021050405001417,NICLBSL,28,33,10,1776.0,17760.0
2021050405000927,MLBSL,17,41,10,4158.0,41580.0
2021050405000926,MLBSL,17,52,10,4158.0,41580.0
2021050405000922,MLBSL,47,6,10,4158.0,41580.0
2021050405000912,MLBSL,47,58,10,4158.0,41580.0
2021050405000903,MLBSL,47,58,10,4158.0,41580.0
2021050405000901,MLBSL,47,55,10,4158.0,41580.0
2021050405000438,MLBSL,47,35,10,4158.0,41580.0
2021050405000437,MLBSL,47,25,10,4158.0,41580.0
2021050405000486,MLBSL,47,41,10,4158.0,41580.0
2021050405000479,MLBSL,47,34,10,4158.0,41580.0
2021050405000477,MLBSL,47,49,10,4158.0,41580.0
2021050405000475,MLBSL,47,49,10,4158.0,41580.0
2021050405000457,MLBSL,47,10,10,4158.0,41580.0
2021050405000449,MLBSL,47,38,10,4158.0,41580.0
2021050405000524,MLBSL,47,17,10,4158.0,41580.0
2021050405000511,MLBSL,47,45,10,4158.0,41580.0
2021050405000508,MLBSL,47,41,10,4158.0,41580.0
2021050405000505,MLBSL,47,3,10,4158.0,41580.0
2021050405000499,MLBSL,47,3,10,4158.0,41580.0
2021050405000493,MLBSL,47,58,10,4158.0,41580.0
2021050405000647,MLBSL,47,36,10,4158.0,41580.0
2021050405000586,MLBSL,47,17,10,4158.0,41580.0
2021050405000585,MLBSL,47,17,10,4158.0,41580.0
2021050405000584,MLBSL,47,42,10,4158.0,41580.0
2021050405000526,MLBSL,47,49,10,4158.0,41580.0
2021050405000525,MLBSL,47,17,10,4158.0,41580.0
2021050405000749,MLBSL,47,22,10,4158.0,41580.0
2021050405000744,MLBSL,47,28,10,4158.0,41580.0
2021050405000739,MLBSL,47,51,10,4158.0,41580.0
2021050405000667,MLBSL,47,38,10,4158.0,41580.0
2021050405000663,MLBSL,47,22,10,4158.0,41580.0
2021050405000654,MLBSL,47,52,10,4158.0,41580.0
2021050405000793,MLBSL,47,8,10,4158.0,41580.0
2021050405000784,MLBSL,47,52,10,4158.0,41580.0
2021050405000770,MLBSL,47,45,10,4158.0,41580.0
2021050405000766,MLBSL,47,8,10,4158.0,41580.0
2021050405000761,MLBSL,47,17,10,4158.0,41580.0
2021050405000751,MLBSL,47,38,10,4158.0,41580.0
2021050405000836,MLBSL,47,32,10,4158.0,41580.0
2021050405000830,MLBSL,47,16,10,4158.0,41580.0
2021050405000822,MLBSL,47,36,10,4158.0,41580.0
2021050405000808,MLBSL,47,58,10,4158.0,41580.0
2021050405000807,MLBSL,47,7,10,4158.0,41580.0
2021050405000798,MLBSL,47,58,10,4158.0,41580.0
2021050405000898,MLBSL,47,49,10,4158.0,41580.0
2021050405000890,MLBSL,47,44,10,4158.0,41580.0
2021050405000888,MLBSL,47,58,10,4158.0,41580.0
2021050405000854,MLBSL,47,38,10,4158.0,41580.0
2021050405000853,MLBSL,47,51,10,4158.0,41580.0
2021050405000847,MLBSL,47,21,10,4158.0,41580.0
2021050405000928,NICLBSL,48,44,10,1741.0,17410.0
2021050405000925,NICLBSL,7,35,19,1743.0,33117.0
2021050405000924,NICLBSL,7,26,31,1743.0,54033.0
2021050405000923,NICLBSL,48,58,10,1741.0,17410.0
2021050405000921,NICLBSL,48,8,10,1741.0,17410.0
2021050405000920,NICLBSL,48,28,10,1741.0,17410.0
2021050405000431,NICLBSL,5,58,10,1730.0,17300.0
2021050405000430,NICLBSL,5,21,10,1730.0,17300.0
2021050405000429,NICLBSL,41,13,10,1730.0,17300.0
2021050405000439,NICLBSL,50,14,20,1735.0,34700.0
2021050405000436,NICLBSL,49,22,10,1734.0,17340.0
2021050405000435,NICLBSL,55,44,10,1730.0,17300.0
2021050405000434,NICLBSL,41,44,10,1730.0,17300.0
2021050405000433,NICLBSL,39,4,500,1734.0,867000.0
2021050405000432,NICLBSL,5,51,10,1730.0,17300.0
2021050405000445,NICLBSL,41,7,26,1730.0,44980.0
2021050405000444,NICLBSL,55,7,10,1730.0,17300.0
2021050405000443,NICLBSL,55,59,10,1730.0,17300.0
2021050405000442,NICLBSL,55,28,10,1730.0,17300.0
2021050405000441,NICLBSL,43,25,10,1734.0,17340.0
2021050405000440,NICLBSL,49,28,10,1734.0,17340.0
2021050405000452,NICLBSL,49,49,1,1730.0,1730.0
2021050405000451,NICLBSL,43,7,41,1730.0,70930.0
2021050405000450,NICLBSL,43,28,10,1730.0,17300.0
2021050405000448,NICLBSL,43,7,51,1730.0,88230.0
2021050405000447,NICLBSL,43,28,10,1730.0,17300.0
2021050405000446,NICLBSL,43,28,20,1730.0,34600.0
2021050405000459,NICLBSL,26,7,20,1730.0,34600.0
2021050405000458,NICLBSL,43,7,12,1730.0,20760.0
2021050405000456,NICLBSL,45,45,10,1733.0,17330.0
2021050405000455,NICLBSL,43,7,36,1730.0,62280.0
2021050405000454,NICLBSL,43,28,10,1730.0,17300.0
2021050405000453,NICLBSL,43,58,10,1730.0,17300.0
2021050405000465,NICLBSL,21,4,10,1730.0,17300.0
2021050405000464,NICLBSL,21,7,10,1730.0,17300.0
2021050405000463,NICLBSL,21,28,10,1730.0,17300.0
2021050405000462,NICLBSL,21,34,10,1730.0,17300.0
2021050405000461,NICLBSL,42,34,30,1730.0,51900.0
2021050405000460,NICLBSL,41,7,4,1730.0,6920.0
2021050405000471,NICLBSL,21,49,10,1730.0,17300.0
2021050405000470,NICLBSL,47,38,20,1734.0,34680.0
2021050405000469,NICLBSL,21,28,10,1730.0,17300.0
2021050405000468,NICLBSL,21,28,10,1730.0,17300.0
2021050405000467,NICLBSL,21,7,10,1730.0,17300.0
2021050405000466,NICLBSL,21,7,10,1730.0,17300.0
2021050405000480,NICLBSL,13,29,10,1730.0,17300.0
2021050405000478,NICLBSL,13,29,10,1730.0,17300.0
2021050405000476,NICLBSL,13,45,10,1730.0,17300.0
2021050405000474,NICLBSL,13,20,10,1730.0,17300.0
2021050405000473,NICLBSL,36,58,10,1728.0,17280.0
2021050405000472,NICLBSL,21,41,10,1730.0,17300.0
2021050405000487,NICLBSL,13,48,10,1730.0,17300.0
2021050405000485,NICLBSL,13,1,10,1730.0,17300.0
2021050405000484,NICLBSL,13,28,10,1730.0,17300.0
2021050405000483,NICLBSL,51,58,15,1734.0,26010.0
2021050405000482,NICLBSL,51,1,36,1734.0,62424.0
2021050405000481,NICLBSL,51,55,20,1734.0,34680.0
2021050405000494,NICLBSL,14,42,10,1730.0,17300.0
2021050405000492,NICLBSL,14,29,10,1730.0,17300.0
2021050405000491,NICLBSL,14,28,10,1730.0,17300.0
2021050405000490,NICLBSL,13,42,10,1730.0,17300.0
2021050405000489,NICLBSL,13,6,10,1730.0,17300.0
2021050405000488,NICLBSL,13,28,10,1730.0,17300.0
2021050405000501,NICLBSL,14,58,10,1730.0,17300.0
2021050405000500,NICLBSL,14,58,10,1730.0,17300.0
2021050405000498,NICLBSL,14,58,20,1730.0,34600.0
2021050405000497,NICLBSL,14,58,10,1730.0,17300.0
2021050405000496,NICLBSL,14,28,10,1730.0,17300.0
2021050405000495,NICLBSL,14,42,10,1730.0,17300.0
2021050405000509,NICLBSL,46,17,20,1733.0,34660.0
2021050405000507,NICLBSL,46,58,10,1733.0,17330.0
2021050405000506,NICLBSL,21,14,20,1735.0,34700.0
2021050405000504,NICLBSL,46,47,10,1733.0,17330.0
2021050405000503,NICLBSL,46,51,10,1733.0,17330.0
2021050405000502,NICLBSL,53,28,10,1730.0,17300.0
2021050405000516,NICLBSL,58,35,10,1735.0,17350.0
2021050405000515,NICLBSL,58,26,10,1735.0,17350.0
2021050405000514,NICLBSL,58,6,10,1735.0,17350.0
2021050405000513,NICLBSL,21,14,10,1735.0,17350.0
2021050405000512,NICLBSL,52,43,15,1734.0,26010.0
2021050405000510,NICLBSL,46,38,10,1733.0,17330.0
2021050405000522,NICLBSL,28,35,28,1735.0,48580.0
2021050405000521,NICLBSL,28,59,10,1735.0,17350.0
2021050405000520,NICLBSL,28,45,790,1735.0,1370650.0
2021050405000519,NICLBSL,54,54,36,1734.0,62424.0
2021050405000518,NICLBSL,55,45,100,1735.0,173500.0
2021050405000517,NICLBSL,58,45,110,1735.0,190850.0
2021050405000531,NICLBSL,28,41,10,1738.0,17380.0
2021050405000530,NICLBSL,28,53,10,1738.0,17380.0
2021050405000529,NICLBSL,28,6,10,1737.0,17370.0
2021050405000528,NICLBSL,28,47,10,1737.0,17370.0
2021050405000527,NICLBSL,59,29,10,1735.0,17350.0
2021050405000523,NICLBSL,28,5,50,1735.0,86750.0
2021050405000537,NICLBSL,28,58,10,1739.0,17390.0
2021050405000536,NICLBSL,28,41,10,1739.0,17390.0
2021050405000535,NICLBSL,28,47,10,1739.0,17390.0
2021050405000534,NICLBSL,28,42,10,1739.0,17390.0
2021050405000533,NICLBSL,28,41,10,1739.0,17390.0
2021050405000532,NICLBSL,28,58,10,1739.0,17390.0
2021050405000543,NICLBSL,56,22,10,1740.0,17400.0
2021050405000542,NICLBSL,56,35,20,1740.0,34800.0
2021050405000541,NICLBSL,59,3,10,1735.0,17350.0
2021050405000540,NICLBSL,59,38,10,1735.0,17350.0
2021050405000539,NICLBSL,59,29,10,1735.0,17350.0
2021050405000538,NICLBSL,28,57,20,1739.0,34780.0
2021050405000549,NICLBSL,48,33,10,1740.0,17400.0
2021050405000548,NICLBSL,48,45,38,1740.0,66120.0
2021050405000547,NICLBSL,48,26,10,1739.0,17390.0
2021050405000546,NICLBSL,59,3,50,1735.0,86750.0
2021050405000545,NICLBSL,28,45,12,1740.0,20880.0
2021050405000544,NICLBSL,56,52,10,1740.0,17400.0
2021050405000555,NICLBSL,46,21,10,1740.0,17400.0
2021050405000554,NICLBSL,38,21,90,1740.0,156600.0
2021050405000553,NICLBSL,38,17,10,1740.0,17400.0
2021050405000552,NICLBSL,26,29,10,1736.0,17360.0
2021050405000551,NICLBSL,48,35,132,1740.0,229680.0
2021050405000550,NICLBSL,48,49,10,1740.0,17400.0
2021050405000561,NICLBSL,38,53,10,1741.0,17410.0
2021050405000560,NICLBSL,38,55,10,1741.0,17410.0
2021050405000559,NICLBSL,46,38,10,1740.0,17400.0
2021050405000558,NICLBSL,46,45,10,1740.0,17400.0
2021050405000557,NICLBSL,46,19,10,1740.0,17400.0
2021050405000556,NICLBSL,46,32,10,1740.0,17400.0
2021050405000567,NICLBSL,38,36,31,1744.0,54064.0
2021050405000566,NICLBSL,38,41,10,1744.0,17440.0
2021050405000565,NICLBSL,38,6,19,1744.0,33136.0
2021050405000564,NICLBSL,38,39,20,1742.0,34840.0
2021050405000563,NICLBSL,38,42,20,1742.0,34840.0
2021050405000562,NICLBSL,38,51,10,1741.0,17410.0
2021050405000573,NICLBSL,38,22,20,1745.0,34900.0
2021050405000572,NICLBSL,38,56,10,1745.0,17450.0
2021050405000571,NICLBSL,38,16,100,1745.0,174500.0
2021050405000570,NICLBSL,38,8,20,1745.0,34900.0
2021050405000569,NICLBSL,38,41,10,1745.0,17450.0
2021050405000568,NICLBSL,38,43,10,1745.0,17450.0
2021050405000579,NICLBSL,16,19,10,1748.0,17480.0
2021050405000578,NICLBSL,16,49,10,1746.0,17460.0
2021050405000577,NICLBSL,16,1,10,1745.0,17450.0
2021050405000576,NICLBSL,16,36,10,1745.0,17450.0
2021050405000575,NICLBSL,46,8,10,1740.0,17400.0
2021050405000574,NICLBSL,46,42,10,1740.0,17400.0
2021050405000588,NICLBSL,11,39,10,1744.0,17440.0
2021050405000587,NICLBSL,58,38,10,1745.0,17450.0
2021050405000583,NICLBSL,42,16,20,1748.0,34960.0
2021050405000582,NICLBSL,42,21,10,1748.0,17480.0
2021050405000581,NICLBSL,42,39,10,1748.0,17480.0
2021050405000580,NICLBSL,42,36,10,1748.0,17480.0
2021050405000594,NICLBSL,22,58,10,1750.0,17500.0
2021050405000593,NICLBSL,22,45,10,1750.0,17500.0
2021050405000592,NICLBSL,22,57,10,1749.0,17490.0
2021050405000591,NICLBSL,46,29,10,1745.0,17450.0
2021050405000590,NICLBSL,46,39,10,1744.0,17440.0
2021050405000589,NICLBSL,11,29,10,1745.0,17450.0
2021050405000600,NICLBSL,22,26,10,1750.0,17500.0
2021050405000599,NICLBSL,22,44,10,1750.0,17500.0
2021050405000598,NICLBSL,22,46,10,1750.0,17500.0
2021050405000597,NICLBSL,22,6,10,1750.0,17500.0
2021050405000596,NICLBSL,22,25,50,1750.0,87500.0
2021050405000595,NICLBSL,22,14,10,1750.0,17500.0
2021050405000606,NICLBSL,22,45,96,1750.0,168000.0
2021050405000605,NICLBSL,22,29,20,1750.0,35000.0
2021050405000604,NICLBSL,22,45,20,1750.0,35000.0
2021050405000603,NICLBSL,22,21,64,1749.0,111936.0
2021050405000602,NICLBSL,22,25,25,1750.0,43750.0
2021050405000601,NICLBSL,22,25,70,1750.0,122500.0
2021050405000612,NICLBSL,6,55,20,1749.0,34980.0
2021050405000611,NICLBSL,45,3,20,1741.0,34820.0
2021050405000610,NICLBSL,43,45,100,1750.0,175000.0
2021050405000609,NICLBSL,45,39,20,1736.0,34720.0
2021050405000608,NICLBSL,46,38,10,1745.0,17450.0
2021050405000607,NICLBSL,48,38,10,1746.0,17460.0
2021050405000618,NICLBSL,43,48,10,1746.0,17460.0
2021050405000617,NICLBSL,42,3,10,1745.0,17450.0
2021050405000616,NICLBSL,45,3,10,1741.0,17410.0
2021050405000615,NICLBSL,14,55,50,1749.0,87450.0
2021050405000614,NICLBSL,14,3,10,1745.0,17450.0
2021050405000613,NICLBSL,46,29,10,1745.0,17450.0
2021050405000624,NICLBSL,38,17,10,1750.0,17500.0
2021050405000623,NICLBSL,38,45,96,1750.0,168000.0
2021050405000622,NICLBSL,22,40,50,1749.0,87450.0
2021050405000621,NICLBSL,22,1,10,1749.0,17490.0
2021050405000620,NICLBSL,22,6,10,1749.0,17490.0
2021050405000619,NICLBSL,43,6,90,1749.0,157410.0
2021050405000630,NICLBSL,38,48,10,1750.0,17500.0
2021050405000629,NICLBSL,38,36,10,1750.0,17500.0
2021050405000628,NICLBSL,38,3,10,1750.0,17500.0
2021050405000627,NICLBSL,38,47,10,1750.0,17500.0
2021050405000626,NICLBSL,38,16,10,1750.0,17500.0
2021050405000625,NICLBSL,38,32,10,1750.0,17500.0
2021050405000636,NICLBSL,22,32,10,1750.0,17500.0
2021050405000635,NICLBSL,22,14,50,1750.0,87500.0
2021050405000634,NICLBSL,22,58,10,1750.0,17500.0
2021050405000633,NICLBSL,38,26,10,1750.0,17500.0
2021050405000632,NICLBSL,38,41,10,1750.0,17500.0
2021050405000631,NICLBSL,38,34,10,1750.0,17500.0
2021050405000642,NICLBSL,40,43,26,1750.0,45500.0
2021050405000641,NICLBSL,40,19,10,1750.0,17500.0
2021050405000640,NICLBSL,22,58,100,1750.0,175000.0
2021050405000639,NICLBSL,22,42,10,1750.0,17500.0
2021050405000638,NICLBSL,22,36,10,1750.0,17500.0
2021050405000637,NICLBSL,22,19,10,1750.0,17500.0
2021050405000649,NICLBSL,55,42,10,1755.0,17550.0
2021050405000648,NICLBSL,55,14,100,1755.0,175500.0
2021050405000646,NICLBSL,21,34,30,1751.0,52530.0
2021050405000645,NICLBSL,55,22,10,1750.0,17500.0
2021050405000644,NICLBSL,55,57,10,1750.0,17500.0
2021050405000643,NICLBSL,40,6,14,1750.0,24500.0
2021050405000656,NICLBSL,22,52,100,1755.0,175500.0
2021050405000655,NICLBSL,22,4,10,1755.0,17550.0
2021050405000653,NICLBSL,22,17,10,1755.0,17550.0
2021050405000652,NICLBSL,52,3,10,1755.0,17550.0
2021050405000651,NICLBSL,55,38,10,1750.0,17500.0
2021050405000650,NICLBSL,55,20,10,1755.0,17550.0
2021050405000662,NICLBSL,21,38,10,1755.0,17550.0
2021050405000661,NICLBSL,26,38,10,1755.0,17550.0
2021050405000660,NICLBSL,26,57,10,1755.0,17550.0
2021050405000659,NICLBSL,42,38,20,1755.0,35100.0
2021050405000658,NICLBSL,42,22,20,1755.0,35100.0
2021050405000657,NICLBSL,42,1,10,1755.0,17550.0
2021050405000670,NICLBSL,54,7,10,1757.0,17570.0
2021050405000669,NICLBSL,21,41,10,1755.0,17550.0
2021050405000668,NICLBSL,21,38,10,1755.0,17550.0
2021050405000666,NICLBSL,54,38,10,1756.0,17560.0
2021050405000665,NICLBSL,21,45,20,1755.0,35100.0
2021050405000664,NICLBSL,21,38,20,1755.0,35100.0
2021050405000676,NICLBSL,59,41,10,1758.0,17580.0
2021050405000675,NICLBSL,21,57,10,1755.0,17550.0
2021050405000674,NICLBSL,4,28,15,1757.0,26355.0
2021050405000673,NICLBSL,50,52,10,1756.0,17560.0
2021050405000672,NICLBSL,57,52,90,1758.0,158220.0
2021050405000671,NICLBSL,57,41,10,1758.0,17580.0
2021050405000682,NICLBSL,59,26,10,1760.0,17600.0
2021050405000681,NICLBSL,59,14,99,1760.0,174240.0
2021050405000680,NICLBSL,59,51,15,1759.0,26385.0
2021050405000679,NICLBSL,59,50,400,1759.0,703600.0
2021050405000678,NICLBSL,59,34,10,1759.0,17590.0
2021050405000677,NICLBSL,59,42,100,1758.0,175800.0
2021050405000688,NICLBSL,59,58,10,1760.0,17600.0
2021050405000687,NICLBSL,59,41,10,1760.0,17600.0
2021050405000686,NICLBSL,59,14,100,1760.0,176000.0
2021050405000685,NICLBSL,59,58,10,1760.0,17600.0
2021050405000684,NICLBSL,59,58,10,1760.0,17600.0
2021050405000683,NICLBSL,59,53,10,1760.0,17600.0
2021050405000694,NICLBSL,59,42,10,1760.0,17600.0
2021050405000693,NICLBSL,59,38,60,1760.0,105600.0
2021050405000692,NICLBSL,59,42,10,1760.0,17600.0
2021050405000691,NICLBSL,59,25,10,1760.0,17600.0
2021050405000690,NICLBSL,59,21,10,1760.0,17600.0
2021050405000689,NICLBSL,59,1,10,1760.0,17600.0
2021050405000700,NICLBSL,59,21,10,1760.0,17600.0
2021050405000699,NICLBSL,59,52,10,1760.0,17600.0
2021050405000698,NICLBSL,59,32,10,1760.0,17600.0
2021050405000697,NICLBSL,59,52,10,1760.0,17600.0
2021050405000696,NICLBSL,59,6,10,1760.0,17600.0
2021050405000695,NICLBSL,59,17,10,1760.0,17600.0
2021050405000706,NICLBSL,21,38,10,1755.0,17550.0
2021050405000705,NICLBSL,21,38,20,1755.0,35100.0
2021050405000704,NICLBSL,21,50,84,1755.0,147420.0
2021050405000703,NICLBSL,59,50,16,1760.0,28160.0
2021050405000702,NICLBSL,59,38,10,1760.0,17600.0
2021050405000701,NICLBSL,59,52,10,1760.0,17600.0
2021050405000712,NICLBSL,21,51,10,1755.0,17550.0
2021050405000711,NICLBSL,21,45,10,1755.0,17550.0
2021050405000710,NICLBSL,8,45,30,1761.0,52830.0
2021050405000709,NICLBSL,8,52,10,1760.0,17600.0
2021050405000708,NICLBSL,8,41,10,1760.0,17600.0
2021050405000707,NICLBSL,21,36,10,1755.0,17550.0
2021050405000718,NICLBSL,22,52,10,1749.0,17490.0
2021050405000717,NICLBSL,37,34,40,1750.0,70000.0
2021050405000716,NICLBSL,55,34,50,1750.0,87500.0
2021050405000715,NICLBSL,55,48,10,1750.0,17500.0
2021050405000714,NICLBSL,55,44,10,1750.0,17500.0
2021050405000713,NICLBSL,21,13,20,1755.0,35100.0
2021050405000724,NICLBSL,45,45,10,1749.0,17490.0
2021050405000723,NICLBSL,45,45,90,1749.0,157410.0
2021050405000722,NICLBSL,28,45,500,1749.0,874500.0
2021050405000721,NICLBSL,26,45,20,1749.0,34980.0
2021050405000720,NICLBSL,22,45,20,1749.0,34980.0
2021050405000719,NICLBSL,19,45,40,1750.0,70000.0
2021050405000730,NICLBSL,35,50,10,1745.0,17450.0
2021050405000729,NICLBSL,14,52,10,1745.0,17450.0
2021050405000728,NICLBSL,50,52,10,1745.0,17450.0
2021050405000727,NICLBSL,50,41,10,1745.0,17450.0
2021050405000726,NICLBSL,50,17,10,1745.0,17450.0
2021050405000725,NICLBSL,42,34,10,1745.0,17450.0
2021050405000736,NICLBSL,49,44,10,1742.0,17420.0
2021050405000735,NICLBSL,49,48,20,1742.0,34840.0
2021050405000734,NICLBSL,49,52,10,1742.0,17420.0
2021050405000733,NICLBSL,49,44,10,1742.0,17420.0
2021050405000732,NICLBSL,49,52,20,1742.0,34840.0
2021050405000731,NICLBSL,35,45,30,1745.0,52350.0
2021050405000743,NICLBSL,1,56,10,1740.0,17400.0
2021050405000742,NICLBSL,1,34,10,1740.0,17400.0
2021050405000741,NICLBSL,53,38,10,1741.0,17410.0
2021050405000740,NICLBSL,49,37,10,1742.0,17420.0
2021050405000738,NICLBSL,49,44,10,1742.0,17420.0
2021050405000737,NICLBSL,49,26,10,1742.0,17420.0
2021050405000752,NICLBSL,1,19,50,1740.0,87000.0
2021050405000750,NICLBSL,1,45,10,1740.0,17400.0
2021050405000748,NICLBSL,47,41,10,1741.0,17410.0
2021050405000747,NICLBSL,47,50,10,1741.0,17410.0
2021050405000746,NICLBSL,47,51,20,1741.0,34820.0
2021050405000745,NICLBSL,47,32,10,1741.0,17410.0
2021050405000758,NICLBSL,16,51,21,1743.0,36603.0
2021050405000757,NICLBSL,16,17,10,1743.0,17430.0
2021050405000756,NICLBSL,16,33,10,1742.0,17420.0
2021050405000755,NICLBSL,47,17,10,1741.0,17410.0
2021050405000754,NICLBSL,47,34,10,1741.0,17410.0
2021050405000753,NICLBSL,1,56,10,1740.0,17400.0
2021050405000767,NICLBSL,8,34,10,1742.0,17420.0
2021050405000765,NICLBSL,47,44,41,1741.0,71381.0
2021050405000764,NICLBSL,47,39,20,1741.0,34820.0
2021050405000763,NICLBSL,47,17,10,1741.0,17410.0
2021050405000762,NICLBSL,47,39,10,1741.0,17410.0
2021050405000759,NICLBSL,54,29,10,1742.0,17420.0
2021050405000775,NICLBSL,34,29,10,1743.0,17430.0
2021050405000774,NICLBSL,8,48,10,1742.0,17420.0
2021050405000773,NICLBSL,54,8,10,1743.0,17430.0
2021050405000771,NICLBSL,8,59,10,1742.0,17420.0
2021050405000769,NICLBSL,45,35,10,1743.0,17430.0
2021050405000768,NICLBSL,8,38,30,1742.0,52260.0
2021050405000781,NICLBSL,8,5,10,1742.0,17420.0
2021050405000780,NICLBSL,56,39,10,1744.0,17440.0
2021050405000779,NICLBSL,8,22,10,1742.0,17420.0
2021050405000778,NICLBSL,34,39,20,1744.0,34880.0
2021050405000777,NICLBSL,34,29,10,1743.0,17430.0
2021050405000776,NICLBSL,34,29,10,1743.0,17430.0
2021050405000788,NICLBSL,4,52,10,1745.0,17450.0
2021050405000787,NICLBSL,6,39,10,1744.0,17440.0
2021050405000786,NICLBSL,6,54,10,1744.0,17440.0
2021050405000785,NICLBSL,34,29,10,1743.0,17430.0
2021050405000783,NICLBSL,16,47,11,1743.0,19173.0
2021050405000782,NICLBSL,34,29,10,1743.0,17430.0
2021050405000795,NICLBSL,57,43,10,1744.0,17440.0
2021050405000794,NICLBSL,6,43,60,1744.0,104640.0
2021050405000792,NICLBSL,4,14,10,1745.0,17450.0
2021050405000791,NICLBSL,4,1,10,1745.0,17450.0
2021050405000790,NICLBSL,4,49,10,1745.0,17450.0
2021050405000789,NICLBSL,4,34,10,1745.0,17450.0
2021050405000802,NICLBSL,47,39,20,1743.0,34860.0
2021050405000801,NICLBSL,22,38,15,1743.0,26145.0
2021050405000800,NICLBSL,50,38,15,1743.0,26145.0
2021050405000799,NICLBSL,8,38,10,1742.0,17420.0
2021050405000797,NICLBSL,34,38,20,1743.0,34860.0
2021050405000796,NICLBSL,34,58,10,1743.0,17430.0
2021050405000810,NICLBSL,47,44,10,1743.0,17430.0
2021050405000809,NICLBSL,47,26,10,1743.0,17430.0
2021050405000806,NICLBSL,47,41,10,1743.0,17430.0
2021050405000805,NICLBSL,47,37,10,1743.0,17430.0
2021050405000804,NICLBSL,47,43,10,1743.0,17430.0
2021050405000803,NICLBSL,47,22,10,1743.0,17430.0
2021050405000816,NICLBSL,38,3,10,1742.0,17420.0
2021050405000815,NICLBSL,38,33,20,1742.0,34840.0
2021050405000814,NICLBSL,8,37,10,1742.0,17420.0
2021050405000813,NICLBSL,41,34,60,1743.0,104580.0
2021050405000812,NICLBSL,47,57,10,1743.0,17430.0
2021050405000811,NICLBSL,47,37,10,1743.0,17430.0
2021050405000824,NICLBSL,47,37,20,1742.0,34840.0
2021050405000823,NICLBSL,47,3,20,1742.0,34840.0
2021050405000821,NICLBSL,47,17,10,1742.0,17420.0
2021050405000820,NICLBSL,47,54,10,1742.0,17420.0
2021050405000818,NICLBSL,47,29,10,1742.0,17420.0
2021050405000817,NICLBSL,47,3,10,1742.0,17420.0
2021050405000831,NICLBSL,8,37,10,1742.0,17420.0
2021050405000829,NICLBSL,8,58,10,1742.0,17420.0
2021050405000828,NICLBSL,8,51,10,1742.0,17420.0
2021050405000827,NICLBSL,8,38,10,1742.0,17420.0
2021050405000826,NICLBSL,47,38,10,1742.0,17420.0
2021050405000825,NICLBSL,47,37,10,1742.0,17420.0
2021050405000838,NICLBSL,8,32,10,1742.0,17420.0
2021050405000837,NICLBSL,8,42,10,1742.0,17420.0
2021050405000835,NICLBSL,8,37,10,1742.0,17420.0
2021050405000834,NICLBSL,8,37,10,1742.0,17420.0
2021050405000833,NICLBSL,8,49,10,1742.0,17420.0
2021050405000832,NICLBSL,8,33,10,1742.0,17420.0
2021050405000844,NICLBSL,47,38,10,1741.0,17410.0
2021050405000843,NICLBSL,47,22,10,1741.0,17410.0
2021050405000842,NICLBSL,52,17,10,1743.0,17430.0
2021050405000841,NICLBSL,52,49,10,1743.0,17430.0
2021050405000840,NICLBSL,52,38,10,1742.0,17420.0
2021050405000839,NICLBSL,52,37,10,1742.0,17420.0
2021050405000851,NICLBSL,38,29,20,1740.0,34800.0
2021050405000850,NICLBSL,1,33,10,1740.0,17400.0
2021050405000849,NICLBSL,47,49,10,1741.0,17410.0
2021050405000848,NICLBSL,47,28,10,1741.0,17410.0
2021050405000846,NICLBSL,47,33,10,1741.0,17410.0
2021050405000845,NICLBSL,47,16,10,1741.0,17410.0
2021050405000859,NICLBSL,13,34,10,1742.0,17420.0
2021050405000858,NICLBSL,13,34,10,1741.0,17410.0
2021050405000857,NICLBSL,13,49,10,1741.0,17410.0
2021050405000856,NICLBSL,13,3,20,1741.0,34820.0
2021050405000855,NICLBSL,13,29,10,1741.0,17410.0
2021050405000852,NICLBSL,38,33,10,1740.0,17400.0
2021050405000865,NICLBSL,13,37,10,1742.0,17420.0
2021050405000864,NICLBSL,13,37,10,1742.0,17420.0
2021050405000863,NICLBSL,13,36,10,1742.0,17420.0
2021050405000862,NICLBSL,13,53,10,1742.0,17420.0
2021050405000861,NICLBSL,13,48,10,1742.0,17420.0
2021050405000860,NICLBSL,13,37,10,1742.0,17420.0
2021050405000871,NICLBSL,4,37,10,1742.0,17420.0
2021050405000870,NICLBSL,38,33,10,1741.0,17410.0
2021050405000869,NICLBSL,38,57,10,1741.0,17410.0
2021050405000868,NICLBSL,13,33,10,1742.0,17420.0
2021050405000867,NICLBSL,13,37,10,1742.0,17420.0
2021050405000866,NICLBSL,13,1,10,1742.0,17420.0
2021050405000877,NICLBSL,4,59,10,1742.0,17420.0
2021050405000876,NICLBSL,4,22,10,1742.0,17420.0
2021050405000875,NICLBSL,4,59,10,1742.0,17420.0
2021050405000874,NICLBSL,4,59,10,1742.0,17420.0
2021050405000873,NICLBSL,4,34,20,1742.0,34840.0
2021050405000872,NICLBSL,4,37,10,1742.0,17420.0
2021050405000883,NICLBSL,8,22,10,1743.0,17430.0
2021050405000882,NICLBSL,4,50,10,1742.0,17420.0
2021050405000881,NICLBSL,14,42,20,1744.0,34880.0
2021050405000880,NICLBSL,14,25,80,1743.0,139440.0
2021050405000879,NICLBSL,4,41,10,1742.0,17420.0
2021050405000878,NICLBSL,4,33,10,1742.0,17420.0
2021050405000891,NICLBSL,28,13,10,1744.0,17440.0
2021050405000889,NICLBSL,4,56,30,1742.0,52260.0
2021050405000887,NICLBSL,8,45,10,1743.0,17430.0
2021050405000886,NICLBSL,8,57,10,1743.0,17430.0
2021050405000885,NICLBSL,8,33,10,1743.0,17430.0
2021050405000884,NICLBSL,8,58,10,1743.0,17430.0
2021050405000897,NICLBSL,38,6,10,1743.0,17430.0
2021050405000896,NICLBSL,38,17,10,1743.0,17430.0
2021050405000895,NICLBSL,28,45,10,1744.0,17440.0
2021050405000894,NICLBSL,28,45,10,1744.0,17440.0
2021050405000893,NICLBSL,28,8,10,1744.0,17440.0
2021050405000892,NICLBSL,28,13,10,1744.0,17440.0
2021050405000906,NICLBSL,4,19,17,1742.0,29614.0
2021050405000905,NICLBSL,4,11,10,1742.0,17420.0
2021050405000904,NICLBSL,4,44,10,1742.0,17420.0
2021050405000902,NICLBSL,4,57,10,1742.0,17420.0
2021050405000900,NICLBSL,38,3,10,1743.0,17430.0
2021050405000899,NICLBSL,38,26,31,1743.0,54033.0
2021050405000913,NICLBSL,38,57,10,1741.0,17410.0
2021050405000911,NICLBSL,28,25,50,1742.0,87100.0
2021050405000910,NICLBSL,4,25,33,1742.0,57486.0
2021050405000909,NICLBSL,4,19,10,1742.0,17420.0
2021050405000908,NICLBSL,4,44,10,1742.0,17420.0
2021050405000907,NICLBSL,4,49,10,1742.0,17420.0
2021050405000919,NICLBSL,48,57,10,1741.0,17410.0
2021050405000918,NICLBSL,38,44,10,1741.0,17410.0
2021050405000917,NICLBSL,38,38,10,1741.0,17410.0
2021050405000916,NICLBSL,35,44,20,1742.0,34840.0
2021050405000915,NICLBSL,35,22,10,1742.0,17420.0
2021050405000914,NICLBSL,35,25,67,1742.0,116714.0
2021050405000819,RURU,47,33,10,421.0,4210.0
2021050405000772,RURU,49,17,10,413.0,4130.0
2021050405000760,RURU,16,17,10,405.0,4050.0
2021050404024935,AHPC,58,49,20,306.0,6120.0
2021050404024927,AKJCL,58,52,100,159.0,15900.0
2021050404024939,AKPL,44,11,100,351.0,35100.0
2021050404024986,API,21,28,35,364.0,12740.0
2021050404024985,API,56,28,350,364.0,127400.0
2021050404024987,DHPL,53,17,10,141.0,1410.0
2021050404024937,DHPL,32,17,47,141.0,6627.0
2021050404024972,EIC,58,52,116,798.0,92568.0
2021050404024971,EIC,58,48,200,798.0,159600.0
2021050404024970,EIC,58,40,100,798.0,79800.0
2021050404024969,EIC,58,59,70,798.0,55860.0
2021050404024968,EIC,58,22,14,795.0,11130.0
2021050404024966,EIC,34,59,300,791.0,237300.0
2021050404024952,EIC,32,22,20,795.0,15900.0
2021050404024941,EIC,58,48,100,797.0,79700.0
2021050404024934,EIC,58,14,500,798.0,399000.0
2021050404024967,GIC,49,38,100,711.0,71100.0
2021050404024961,GIC,50,38,200,711.0,142200.0
2021050404024990,IGI,45,13,50,1153.0,57650.0
2021050404024931,KPCL,40,57,30,306.0,9180.0
2021050404024930,KPCL,51,57,470,306.0,143820.0
2021050404024958,LGIL,44,7,100,791.0,79100.0
2021050404024957,LGIL,17,7,100,791.0,79100.0
2021050405000424,MLBSL,59,14,5,4158.0,20790.0
2021050405000416,MLBSL,47,53,10,4158.0,41580.0
2021050405000413,MLBSL,47,4,10,4158.0,41580.0
2021050405000408,MLBSL,47,3,10,4158.0,41580.0
2021050405000407,MLBSL,47,46,10,4158.0,41580.0
2021050405000406,MLBSL,47,49,10,4158.0,41580.0
2021050405000008,MLBSL,32,34,10,4128.0,41280.0
2021050405000007,MLBSL,48,4,10,4048.0,40480.0
2021050405000006,MLBSL,48,17,10,3969.0,39690.0
2021050405000005,MLBSL,48,52,10,3969.0,39690.0
2021050405000004,MLBSL,48,47,10,3969.0,39690.0
2021050405000014,MLBSL,48,32,10,4158.0,41580.0
2021050405000013,MLBSL,48,57,10,4158.0,41580.0
2021050405000012,MLBSL,48,32,10,4158.0,41580.0
2021050405000011,MLBSL,48,16,10,4158.0,41580.0
2021050405000010,MLBSL,48,1,10,4158.0,41580.0
2021050405000009,MLBSL,48,7,10,4158.0,41580.0
2021050405000020,MLBSL,48,44,10,4158.0,41580.0
2021050405000019,MLBSL,48,21,10,4158.0,41580.0
2021050405000018,MLBSL,48,4,10,4158.0,41580.0
2021050405000017,MLBSL,48,57,10,4158.0,41580.0
2021050405000016,MLBSL,48,16,10,4158.0,41580.0
2021050405000015,MLBSL,48,17,10,4158.0,41580.0
2021050405000026,MLBSL,48,57,10,4158.0,41580.0
