Transact. No.,Symbol,Buyer,Seller,Quantity,Rate,Amount
2021050505003764,MLBSL,13,34,10,4573.0,45730.0
2021050505003684,MLBSL,13,14,10,4573.0,45730.0
2021050505003636,MLBSL,13,44,10,4573.0,45730.0
2021050505003528,MLBSL,13,44,10,4573.0,45730.0
2021050505003504,MLBSL,13,22,10,4573.0,45730.0
2021050505003500,MLBSL,13,32,10,4573.0,45730.0
2021050505003292,MLBSL,57,33,10,4573.0,45730.0
2021050505003498,MLBSL,13,35,10,4573.0,45730.0
2021050505003486,MLBSL,13,22,10,4573.0,45730.0
2021050505003438,MLBSL,13,8,10,4573.0,45730.0
2021050505003353,MLBSL,13,40,10,4573.0,45730.0
2021050505003326,MLBSL,13,25,10,4573.0,45730.0
2021050505003295,MLBSL,13,35,10,4573.0,45730.0
2021050505003771,NICLBSL,22,45,10,1873.0,18730.0
2021050505003770,NICLBSL,22,16,10,1873.0,18730.0
2021050505003769,NICLBSL,6,59,5,1872.0,9360.0
2021050505003768,NICLBSL,41,59,20,1873.0,37460.0
2021050505003767,NICLBSL,41,34,10,1873.0,18730.0
2021050505003766,NICLBSL,41,37,200,1873.0,374600.0
2021050505003272,NICLBSL,57,14,20,1875.0,37500.0
2021050505003278,NICLBSL,57,29,10,1876.0,18760.0
2021050505003277,NICLBSL,57,29,10,1875.0,18750.0
2021050505003276,NICLBSL,57,42,41,1875.0,76875.0
2021050505003275,NICLBSL,57,47,10,1875.0,18750.0
2021050505003274,NICLBSL,57,21,10,1875.0,18750.0
2021050505003273,NICLBSL,57,45,10,1875.0,18750.0
2021050505003284,NICLBSL,58,21,10,1876.0,18760.0
2021050505003283,NICLBSL,57,29,10,1875.0,18750.0
2021050505003282,NICLBSL,57,41,10,1875.0,18750.0
2021050505003281,NICLBSL,57,34,10,1875.0,18750.0
2021050505003280,NICLBSL,57,21,20,1875.0,37500.0
2021050505003279,NICLBSL,57,5,50,1876.0,93800.0
2021050505003290,NICLBSL,25,36,10,1875.0,18750.0
2021050505003289,NICLBSL,57,57,10,1875.0,18750.0
2021050505003288,NICLBSL,57,45,100,1875.0,187500.0
2021050505003287,NICLBSL,57,57,100,1875.0,187500.0
2021050505003286,NICLBSL,57,42,30,1875.0,56250.0
2021050505003285,NICLBSL,58,42,30,1876.0,56280.0
2021050505003298,NICLBSL,52,36,30,1876.0,56280.0
2021050505003297,NICLBSL,25,41,10,1875.0,18750.0
2021050505003296,NICLBSL,25,42,51,1875.0,95625.0
2021050505003294,NICLBSL,25,47,10,1875.0,18750.0
2021050505003293,NICLBSL,25,21,10,1875.0,18750.0
2021050505003291,NICLBSL,25,21,10,1875.0,18750.0
2021050505003304,NICLBSL,25,48,10,1875.0,18750.0
2021050505003303,NICLBSL,25,58,50,1875.0,93750.0
2021050505003302,NICLBSL,25,17,50,1875.0,93750.0
2021050505003301,NICLBSL,25,57,10,1875.0,18750.0
2021050505003300,NICLBSL,25,14,10,1875.0,18750.0
2021050505003299,NICLBSL,25,28,200,1875.0,375000.0
2021050505003310,NICLBSL,47,28,50,1875.0,93750.0
2021050505003309,NICLBSL,36,28,169,1875.0,316875.0
2021050505003308,NICLBSL,36,43,31,1875.0,58125.0
2021050505003307,NICLBSL,25,43,69,1875.0,129375.0
2021050505003306,NICLBSL,7,52,25,1876.0,46900.0
2021050505003305,NICLBSL,7,36,25,1876.0,46900.0
2021050505003316,NICLBSL,19,40,89,1876.0,166964.0
2021050505003315,NICLBSL,19,52,11,1876.0,20636.0
2021050505003314,NICLBSL,53,28,54,1875.0,101250.0
2021050505003313,NICLBSL,45,28,20,1875.0,37500.0
2021050505003312,NICLBSL,48,28,20,1875.0,37500.0
2021050505003311,NICLBSL,45,28,10,1875.0,18750.0
2021050505003322,NICLBSL,35,14,10,1875.0,18750.0
2021050505003321,NICLBSL,57,37,20,1875.0,37500.0
2021050505003320,NICLBSL,45,55,20,1875.0,37500.0
2021050505003319,NICLBSL,53,41,10,1875.0,18750.0
2021050505003318,NICLBSL,53,37,20,1875.0,37500.0
2021050505003317,NICLBSL,53,1,10,1875.0,18750.0
2021050505003329,NICLBSL,34,39,11,1876.0,20636.0
2021050505003328,NICLBSL,35,49,10,1875.0,18750.0
2021050505003327,NICLBSL,35,14,10,1875.0,18750.0
2021050505003325,NICLBSL,19,39,89,1876.0,166964.0
2021050505003324,NICLBSL,19,40,11,1876.0,20636.0
2021050505003323,NICLBSL,35,37,10,1875.0,18750.0
2021050505003335,NICLBSL,35,49,10,1875.0,18750.0
2021050505003334,NICLBSL,35,14,10,1875.0,18750.0
2021050505003333,NICLBSL,7,26,10,1877.0,18770.0
2021050505003332,NICLBSL,35,18,461,1875.0,864375.0
2021050505003331,NICLBSL,34,18,39,1876.0,73164.0
2021050505003330,NICLBSL,34,21,50,1876.0,93800.0
2021050505003341,NICLBSL,8,49,36,1877.0,67572.0
2021050505003340,NICLBSL,8,36,10,1877.0,18770.0
2021050505003339,NICLBSL,8,57,100,1877.0,187700.0
2021050505003338,NICLBSL,8,26,43,1877.0,80711.0
2021050505003337,NICLBSL,35,58,10,1875.0,18750.0
2021050505003336,NICLBSL,7,26,20,1877.0,37540.0
2021050505003347,NICLBSL,8,42,10,1876.0,18760.0
2021050505003346,NICLBSL,28,42,10,1877.0,18770.0
2021050505003345,NICLBSL,28,14,10,1877.0,18770.0
2021050505003344,NICLBSL,28,49,10,1877.0,18770.0
2021050505003343,NICLBSL,8,42,20,1877.0,37540.0
2021050505003342,NICLBSL,8,55,10,1877.0,18770.0
2021050505003354,NICLBSL,35,52,10,1875.0,18750.0
2021050505003352,NICLBSL,8,34,142,1876.0,266392.0
2021050505003351,NICLBSL,8,7,10,1876.0,18760.0
2021050505003350,NICLBSL,8,40,10,1876.0,18760.0
2021050505003349,NICLBSL,8,36,10,1876.0,18760.0
2021050505003348,NICLBSL,8,56,10,1876.0,18760.0
2021050505003360,NICLBSL,29,6,10,1877.0,18770.0
2021050505003359,NICLBSL,29,40,10,1876.0,18760.0
2021050505003358,NICLBSL,29,7,10,1876.0,18760.0
2021050505003357,NICLBSL,4,50,10,1876.0,18760.0
2021050505003356,NICLBSL,4,7,10,1876.0,18760.0
2021050505003355,NICLBSL,35,45,10,1875.0,18750.0
2021050505003366,NICLBSL,29,50,10,1878.0,18780.0
2021050505003365,NICLBSL,29,57,100,1878.0,187800.0
2021050505003364,NICLBSL,29,50,20,1878.0,37560.0
2021050505003363,NICLBSL,29,10,10,1878.0,18780.0
2021050505003362,NICLBSL,29,17,10,1877.0,18770.0
2021050505003361,NICLBSL,29,6,20,1877.0,37540.0
2021050505003372,NICLBSL,29,43,20,1879.0,37580.0
2021050505003371,NICLBSL,29,49,10,1879.0,18790.0
2021050505003370,NICLBSL,29,7,10,1879.0,18790.0
2021050505003369,NICLBSL,29,10,10,1879.0,18790.0
2021050505003368,NICLBSL,29,21,10,1878.0,18780.0
2021050505003367,NICLBSL,29,50,10,1878.0,18780.0
2021050505003378,NICLBSL,13,36,10,1876.0,18760.0
2021050505003377,NICLBSL,35,40,10,1875.0,18750.0
2021050505003376,NICLBSL,29,32,59,1879.0,110861.0
2021050505003375,NICLBSL,29,26,10,1879.0,18790.0
2021050505003374,NICLBSL,29,20,50,1879.0,93950.0
2021050505003373,NICLBSL,29,34,31,1879.0,58249.0
2021050505003384,NICLBSL,47,11,20,1876.0,37520.0
2021050505003383,NICLBSL,47,40,10,1876.0,18760.0
2021050505003382,NICLBSL,35,49,10,1875.0,18750.0
2021050505003381,NICLBSL,35,7,10,1875.0,18750.0
2021050505003380,NICLBSL,35,59,10,1875.0,18750.0
2021050505003379,NICLBSL,35,7,10,1875.0,18750.0
2021050505003390,NICLBSL,21,10,10,1876.0,18760.0
2021050505003389,NICLBSL,21,40,10,1876.0,18760.0
2021050505003388,NICLBSL,21,17,10,1876.0,18760.0
2021050505003387,NICLBSL,21,11,20,1876.0,37520.0
2021050505003386,NICLBSL,47,3,152,1876.0,285152.0
2021050505003385,NICLBSL,47,48,10,1876.0,18760.0
2021050505003396,NICLBSL,16,58,10,1876.0,18760.0
2021050505003395,NICLBSL,21,58,10,1876.0,18760.0
2021050505003394,NICLBSL,21,48,10,1876.0,18760.0
2021050505003393,NICLBSL,21,11,10,1876.0,18760.0
2021050505003392,NICLBSL,21,44,10,1876.0,18760.0
2021050505003391,NICLBSL,21,21,10,1876.0,18760.0
2021050505003402,NICLBSL,44,29,10,1877.0,18770.0
2021050505003401,NICLBSL,44,17,10,1877.0,18770.0
2021050505003400,NICLBSL,44,44,10,1877.0,18770.0
2021050505003399,NICLBSL,44,26,10,1877.0,18770.0
2021050505003398,NICLBSL,44,17,10,1877.0,18770.0
2021050505003397,NICLBSL,16,17,10,1876.0,18760.0
2021050505003408,NICLBSL,3,45,46,1878.0,86388.0
2021050505003407,NICLBSL,3,17,10,1878.0,18780.0
2021050505003406,NICLBSL,3,44,10,1878.0,18780.0
2021050505003405,NICLBSL,3,43,10,1878.0,18780.0
2021050505003404,NICLBSL,44,58,10,1877.0,18770.0
2021050505003403,NICLBSL,44,57,25,1877.0,46925.0
2021050505003414,NICLBSL,38,21,20,1879.0,37580.0
2021050505003413,NICLBSL,38,52,10,1879.0,18790.0
2021050505003412,NICLBSL,38,32,10,1879.0,18790.0
2021050505003411,NICLBSL,38,32,76,1879.0,142804.0
2021050505003410,NICLBSL,3,44,14,1878.0,26292.0
2021050505003409,NICLBSL,3,45,10,1878.0,18780.0
2021050505003420,NICLBSL,38,34,100,1880.0,188000.0
2021050505003419,NICLBSL,38,38,100,1880.0,188000.0
2021050505003418,NICLBSL,38,1,100,1880.0,188000.0
2021050505003417,NICLBSL,38,42,100,1880.0,188000.0
2021050505003416,NICLBSL,38,32,10,1879.0,18790.0
2021050505003415,NICLBSL,38,45,50,1879.0,93950.0
2021050505003426,NICLBSL,38,52,20,1880.0,37600.0
2021050505003425,NICLBSL,38,49,10,1880.0,18800.0
2021050505003424,NICLBSL,38,50,40,1880.0,75200.0
2021050505003423,NICLBSL,38,38,60,1880.0,112800.0
2021050505003422,NICLBSL,38,58,20,1880.0,37600.0
2021050505003421,NICLBSL,38,59,18,1880.0,33840.0
2021050505003432,NICLBSL,48,11,20,1878.0,37560.0
2021050505003431,NICLBSL,48,41,20,1878.0,37560.0
2021050505003430,NICLBSL,38,1,200,1880.0,376000.0
2021050505003429,NICLBSL,38,42,10,1880.0,18800.0
2021050505003428,NICLBSL,38,45,20,1880.0,37600.0
2021050505003427,NICLBSL,38,42,20,1880.0,37600.0
2021050505003439,NICLBSL,34,10,10,1879.0,18790.0
2021050505003437,NICLBSL,48,17,10,1878.0,18780.0
2021050505003436,NICLBSL,48,33,10,1878.0,18780.0
2021050505003435,NICLBSL,48,6,200,1878.0,375600.0
2021050505003434,NICLBSL,48,28,10,1878.0,18780.0
2021050505003433,NICLBSL,48,35,10,1878.0,18780.0
2021050505003445,NICLBSL,34,45,19,1879.0,35701.0
2021050505003444,NICLBSL,34,35,10,1879.0,18790.0
2021050505003443,NICLBSL,34,17,10,1879.0,18790.0
2021050505003442,NICLBSL,34,44,10,1879.0,18790.0
2021050505003441,NICLBSL,34,19,25,1879.0,46975.0
2021050505003440,NICLBSL,34,11,20,1879.0,37580.0
2021050505003451,NICLBSL,45,40,10,1880.0,18800.0
2021050505003450,NICLBSL,45,47,10,1880.0,18800.0
2021050505003449,NICLBSL,34,22,10,1879.0,18790.0
2021050505003448,NICLBSL,34,36,25,1879.0,46975.0
2021050505003447,NICLBSL,34,58,13,1880.0,24440.0
2021050505003446,NICLBSL,34,42,10,1879.0,18790.0
2021050505003457,NICLBSL,45,17,10,1880.0,18800.0
2021050505003456,NICLBSL,45,33,10,1880.0,18800.0
2021050505003455,NICLBSL,45,25,10,1880.0,18800.0
2021050505003454,NICLBSL,45,45,20,1880.0,37600.0
2021050505003453,NICLBSL,45,21,10,1880.0,18800.0
2021050505003452,NICLBSL,45,7,10,1880.0,18800.0
2021050505003463,NICLBSL,25,17,30,1880.0,56400.0
2021050505003462,NICLBSL,34,50,20,1879.0,37580.0
2021050505003461,NICLBSL,34,18,10,1879.0,18790.0
2021050505003460,NICLBSL,34,44,10,1879.0,18790.0
2021050505003459,NICLBSL,45,6,10,1880.0,18800.0
2021050505003458,NICLBSL,45,51,20,1880.0,37600.0
2021050505003469,NICLBSL,25,35,10,1880.0,18800.0
2021050505003468,NICLBSL,25,32,60,1880.0,112800.0
2021050505003467,NICLBSL,25,50,50,1880.0,94000.0
2021050505003466,NICLBSL,25,46,10,1880.0,18800.0
2021050505003465,NICLBSL,25,28,20,1880.0,37600.0
2021050505003464,NICLBSL,25,3,10,1880.0,18800.0
2021050505003475,NICLBSL,25,11,10,1880.0,18800.0
2021050505003474,NICLBSL,25,54,40,1880.0,75200.0
2021050505003473,NICLBSL,6,51,10,1879.0,18790.0
2021050505003472,NICLBSL,34,17,11,1879.0,20669.0
2021050505003471,NICLBSL,49,55,5,1880.0,9400.0
2021050505003470,NICLBSL,25,55,10,1880.0,18800.0
2021050505003481,NICLBSL,49,22,10,1880.0,18800.0
2021050505003480,NICLBSL,25,42,10,1880.0,18800.0
2021050505003479,NICLBSL,25,21,10,1880.0,18800.0
2021050505003478,NICLBSL,25,44,10,1880.0,18800.0
2021050505003477,NICLBSL,25,11,10,1880.0,18800.0
2021050505003476,NICLBSL,25,47,10,1880.0,18800.0
2021050505003488,NICLBSL,45,53,20,1880.0,37600.0
2021050505003487,NICLBSL,45,58,20,1880.0,37600.0
2021050505003485,NICLBSL,56,11,10,1879.0,18790.0
2021050505003484,NICLBSL,1,59,10,1880.0,18800.0
2021050505003483,NICLBSL,40,44,10,1880.0,18800.0
2021050505003482,NICLBSL,40,28,10,1880.0,18800.0
2021050505003494,NICLBSL,35,33,50,1880.0,94000.0
2021050505003493,NICLBSL,35,29,110,1880.0,206800.0
2021050505003492,NICLBSL,35,11,10,1880.0,18800.0
2021050505003491,NICLBSL,56,47,10,1879.0,18790.0
2021050505003490,NICLBSL,56,44,10,1879.0,18790.0
2021050505003489,NICLBSL,45,11,30,1880.0,56400.0
2021050505003502,NICLBSL,14,11,10,1880.0,18800.0
2021050505003501,NICLBSL,14,21,10,1880.0,18800.0
2021050505003499,NICLBSL,14,44,10,1880.0,18800.0
2021050505003497,NICLBSL,14,14,50,1880.0,94000.0
2021050505003496,NICLBSL,47,44,300,1879.0,563700.0
2021050505003495,NICLBSL,56,22,10,1879.0,18790.0
2021050505003509,NICLBSL,45,5,10,1880.0,18800.0
2021050505003508,NICLBSL,45,51,10,1880.0,18800.0
2021050505003507,NICLBSL,45,48,30,1880.0,56400.0
2021050505003506,NICLBSL,35,48,10,1880.0,18800.0
2021050505003505,NICLBSL,14,48,10,1880.0,18800.0
2021050505003503,NICLBSL,14,3,10,1880.0,18800.0
2021050505003515,NICLBSL,6,6,15,1879.0,28185.0
2021050505003514,NICLBSL,36,6,20,1879.0,37580.0
2021050505003513,NICLBSL,44,6,18,1879.0,33822.0
2021050505003512,NICLBSL,3,6,10,1879.0,18790.0
2021050505003511,NICLBSL,45,6,130,1880.0,244400.0
2021050505003510,NICLBSL,45,49,20,1880.0,37600.0
2021050505003521,NICLBSL,32,6,25,1877.0,46925.0
2021050505003520,NICLBSL,44,6,15,1877.0,28155.0
2021050505003519,NICLBSL,13,6,300,1878.0,563400.0
2021050505003518,NICLBSL,49,6,10,1878.0,18780.0
2021050505003517,NICLBSL,58,6,100,1878.0,187800.0
2021050505003516,NICLBSL,45,6,70,1878.0,131460.0
2021050505003527,NICLBSL,11,58,327,1876.0,613452.0
2021050505003526,NICLBSL,44,58,73,1876.0,136948.0
2021050505003525,NICLBSL,44,6,27,1876.0,50652.0
2021050505003524,NICLBSL,49,6,50,1877.0,93850.0
2021050505003523,NICLBSL,55,6,200,1877.0,375400.0
2021050505003522,NICLBSL,58,6,10,1877.0,18770.0
2021050505003534,NICLBSL,46,44,20,1877.0,37540.0
2021050505003533,NICLBSL,11,20,10,1876.0,18760.0
2021050505003532,NICLBSL,11,54,10,1876.0,18760.0
2021050505003531,NICLBSL,51,43,40,1880.0,75200.0
2021050505003530,NICLBSL,51,50,10,1880.0,18800.0
2021050505003529,NICLBSL,51,11,10,1880.0,18800.0
2021050505003540,NICLBSL,59,22,10,1879.0,18790.0
2021050505003539,NICLBSL,59,35,10,1879.0,18790.0
2021050505003538,NICLBSL,46,6,200,1877.0,375400.0
2021050505003537,NICLBSL,46,7,20,1877.0,37540.0
2021050505003536,NICLBSL,46,51,40,1877.0,75080.0
2021050505003535,NICLBSL,46,13,200,1877.0,375400.0
2021050505003546,NICLBSL,46,44,10,1877.0,18770.0
2021050505003545,NICLBSL,59,45,14,1881.0,26334.0
2021050505003544,NICLBSL,59,59,20,1881.0,37620.0
2021050505003543,NICLBSL,59,44,20,1881.0,37620.0
2021050505003542,NICLBSL,59,46,16,1881.0,30096.0
2021050505003541,NICLBSL,59,43,110,1880.0,206800.0
2021050505003552,NICLBSL,48,51,10,1876.0,18760.0
2021050505003551,NICLBSL,48,7,69,1876.0,129444.0
2021050505003550,NICLBSL,11,7,131,1876.0,245756.0
2021050505003549,NICLBSL,11,57,12,1876.0,22512.0
2021050505003548,NICLBSL,11,22,40,1876.0,75040.0
2021050505003547,NICLBSL,46,22,10,1877.0,18770.0
2021050505003558,NICLBSL,48,36,10,1880.0,18800.0
2021050505003557,NICLBSL,48,59,190,1880.0,357200.0
2021050505003556,NICLBSL,48,41,10,1880.0,18800.0
2021050505003555,NICLBSL,48,19,63,1879.0,118377.0
2021050505003554,NICLBSL,48,11,60,1879.0,112740.0
2021050505003553,NICLBSL,48,5,10,1877.0,18770.0
2021050505003564,NICLBSL,48,38,50,1882.0,94100.0
2021050505003563,NICLBSL,48,19,10,1882.0,18820.0
2021050505003562,NICLBSL,48,19,10,1882.0,18820.0
2021050505003561,NICLBSL,48,36,200,1881.0,376200.0
2021050505003560,NICLBSL,48,45,16,1881.0,30096.0
2021050505003559,NICLBSL,48,57,40,1880.0,75200.0
2021050505003570,NICLBSL,48,49,10,1882.0,18820.0
2021050505003569,NICLBSL,48,53,10,1882.0,18820.0
2021050505003568,NICLBSL,48,39,60,1882.0,112920.0
2021050505003567,NICLBSL,48,51,39,1882.0,73398.0
2021050505003566,NICLBSL,48,50,100,1882.0,188200.0
2021050505003565,NICLBSL,48,45,100,1882.0,188200.0
2021050505003576,NICLBSL,53,16,41,1880.0,77080.0
2021050505003575,NICLBSL,53,34,10,1880.0,18800.0
2021050505003574,NICLBSL,53,37,68,1880.0,127840.0
2021050505003573,NICLBSL,48,37,43,1882.0,80926.0
2021050505003572,NICLBSL,48,4,10,1882.0,18820.0
2021050505003571,NICLBSL,48,38,100,1882.0,188200.0
2021050505003582,NICLBSL,53,58,10,1880.0,18800.0
2021050505003581,NICLBSL,53,39,10,1880.0,18800.0
2021050505003580,NICLBSL,53,52,46,1880.0,86480.0
2021050505003579,NICLBSL,53,20,10,1880.0,18800.0
2021050505003578,NICLBSL,56,7,15,1883.0,28245.0
2021050505003577,NICLBSL,53,21,30,1880.0,56400.0
2021050505003588,NICLBSL,45,21,10,1879.0,18790.0
2021050505003587,NICLBSL,45,44,10,1879.0,18790.0
2021050505003586,NICLBSL,47,6,200,1880.0,376000.0
2021050505003585,NICLBSL,36,6,100,1880.0,188000.0
2021050505003584,NICLBSL,14,6,10,1880.0,18800.0
2021050505003583,NICLBSL,53,6,275,1880.0,517000.0
2021050505003594,NICLBSL,45,59,100,1879.0,187900.0
2021050505003593,NICLBSL,45,56,10,1879.0,18790.0
2021050505003592,NICLBSL,41,6,30,1880.0,56400.0
2021050505003591,NICLBSL,45,39,10,1879.0,18790.0
2021050505003590,NICLBSL,45,49,10,1879.0,18790.0
2021050505003589,NICLBSL,45,39,10,1879.0,18790.0
2021050505003600,NICLBSL,41,53,50,1879.0,93950.0
2021050505003599,NICLBSL,45,58,20,1879.0,37580.0
2021050505003598,NICLBSL,8,6,50,1880.0,94000.0
2021050505003597,NICLBSL,34,6,14,1880.0,26320.0
2021050505003596,NICLBSL,45,22,10,1879.0,18790.0
2021050505003595,NICLBSL,45,39,10,1879.0,18790.0
2021050505003606,NICLBSL,47,6,108,1880.0,203040.0
2021050505003605,NICLBSL,14,58,20,1879.0,37580.0
2021050505003604,NICLBSL,14,39,10,1879.0,18790.0
2021050505003603,NICLBSL,28,6,40,1880.0,75200.0
2021050505003602,NICLBSL,28,53,10,1878.0,18780.0
2021050505003601,NICLBSL,6,53,40,1878.0,75120.0
2021050505003612,NICLBSL,48,43,100,1875.0,187500.0
2021050505003611,NICLBSL,8,43,30,1876.0,56280.0
2021050505003610,NICLBSL,56,6,25,1877.0,46925.0
2021050505003609,NICLBSL,49,43,13,1878.0,24414.0
2021050505003608,NICLBSL,14,43,220,1879.0,413380.0
2021050505003607,NICLBSL,14,51,200,1879.0,375800.0
2021050505003618,NICLBSL,5,26,18,1878.0,33804.0
2021050505003617,NICLBSL,5,6,32,1877.0,60064.0
2021050505003616,NICLBSL,5,38,20,1877.0,37540.0
2021050505003615,NICLBSL,5,20,10,1876.0,18760.0
2021050505003614,NICLBSL,43,43,17,1875.0,31875.0
2021050505003613,NICLBSL,39,43,40,1875.0,75000.0
2021050505003624,NICLBSL,13,44,10,1875.0,18750.0
2021050505003623,NICLBSL,3,44,90,1877.0,168930.0
2021050505003622,NICLBSL,3,11,10,1876.0,18760.0
2021050505003621,NICLBSL,3,36,50,1876.0,93800.0
2021050505003620,NICLBSL,43,34,20,1875.0,37500.0
2021050505003619,NICLBSL,43,51,10,1875.0,18750.0
2021050505003630,NICLBSL,59,22,35,1875.0,65625.0
2021050505003629,NICLBSL,59,44,65,1875.0,121875.0
2021050505003628,NICLBSL,45,44,10,1875.0,18750.0
2021050505003627,NICLBSL,42,44,50,1875.0,93750.0
2021050505003626,NICLBSL,58,44,25,1875.0,46875.0
2021050505003625,NICLBSL,21,44,50,1875.0,93750.0
2021050505003637,NICLBSL,48,47,30,1875.0,56250.0
2021050505003635,NICLBSL,48,20,10,1875.0,18750.0
2021050505003634,NICLBSL,48,8,10,1875.0,18750.0
2021050505003633,NICLBSL,50,22,5,1875.0,9375.0
2021050505003632,NICLBSL,42,22,120,1875.0,225000.0
2021050505003631,NICLBSL,34,22,50,1875.0,93750.0
2021050505003643,NICLBSL,11,8,10,1875.0,18750.0
2021050505003642,NICLBSL,11,16,10,1875.0,18750.0
2021050505003641,NICLBSL,11,8,10,1875.0,18750.0
2021050505003640,NICLBSL,11,8,10,1875.0,18750.0
2021050505003639,NICLBSL,11,42,30,1875.0,56250.0
2021050505003638,NICLBSL,11,47,20,1875.0,37500.0
2021050505003649,NICLBSL,57,47,1,1875.0,1875.0
2021050505003648,NICLBSL,14,47,10,1875.0,18750.0
2021050505003647,NICLBSL,45,47,20,1875.0,37500.0
2021050505003646,NICLBSL,11,22,10,1875.0,18750.0
2021050505003645,NICLBSL,58,56,41,1876.0,76916.0
2021050505003644,NICLBSL,58,6,10,1876.0,18760.0
2021050505003655,NICLBSL,7,51,10,1875.0,18750.0
2021050505003654,NICLBSL,7,17,100,1875.0,187500.0
2021050505003653,NICLBSL,7,58,20,1875.0,37500.0
2021050505003652,NICLBSL,7,38,60,1875.0,112500.0
2021050505003651,NICLBSL,45,16,100,1874.0,187400.0
2021050505003650,NICLBSL,53,16,100,1874.0,187400.0
2021050505003661,NICLBSL,7,20,50,1878.0,93900.0
2021050505003660,NICLBSL,7,26,37,1878.0,69486.0
2021050505003659,NICLBSL,7,16,20,1877.0,37540.0
2021050505003658,NICLBSL,7,56,49,1876.0,91924.0
2021050505003657,NICLBSL,7,8,10,1875.0,18750.0
2021050505003656,NICLBSL,7,47,31,1875.0,58125.0
2021050505003667,NICLBSL,19,40,25,1874.0,46850.0
2021050505003666,NICLBSL,45,40,220,1874.0,412280.0
2021050505003665,NICLBSL,7,19,63,1879.0,118377.0
2021050505003664,NICLBSL,7,39,10,1879.0,18790.0
2021050505003663,NICLBSL,7,43,30,1879.0,56370.0
2021050505003662,NICLBSL,7,41,10,1878.0,18780.0
2021050505003673,NICLBSL,34,50,40,1873.0,74920.0
2021050505003672,NICLBSL,34,53,10,1873.0,18730.0
2021050505003671,NICLBSL,34,16,150,1873.0,280950.0
2021050505003670,NICLBSL,53,40,44,1874.0,82456.0
2021050505003669,NICLBSL,58,40,50,1874.0,93700.0
2021050505003668,NICLBSL,28,40,50,1874.0,93700.0
2021050505003679,NICLBSL,51,58,43,1873.0,80539.0
2021050505003678,NICLBSL,51,50,37,1873.0,69301.0
2021050505003677,NICLBSL,55,40,211,1872.0,394992.0
2021050505003676,NICLBSL,42,50,58,1873.0,108634.0
2021050505003675,NICLBSL,14,50,100,1873.0,187300.0
2021050505003674,NICLBSL,57,50,10,1873.0,18730.0
2021050505003686,NICLBSL,55,47,31,1872.0,58032.0
2021050505003685,NICLBSL,55,45,10,1872.0,18720.0
2021050505003683,NICLBSL,55,38,10,1872.0,18720.0
2021050505003682,NICLBSL,55,47,10,1872.0,18720.0
2021050505003681,NICLBSL,55,34,20,1872.0,37440.0
2021050505003680,NICLBSL,55,47,41,1872.0,76752.0
2021050505003692,NICLBSL,44,35,20,1874.0,37480.0
2021050505003691,NICLBSL,44,41,10,1874.0,18740.0
2021050505003690,NICLBSL,44,22,10,1873.0,18730.0
2021050505003689,NICLBSL,44,58,17,1873.0,31841.0
2021050505003688,NICLBSL,55,3,41,1872.0,76752.0
2021050505003687,NICLBSL,55,41,10,1872.0,18720.0
2021050505003698,NICLBSL,44,56,10,1875.0,18750.0
2021050505003697,NICLBSL,44,47,26,1875.0,48750.0
2021050505003696,NICLBSL,44,38,240,1875.0,450000.0
2021050505003695,NICLBSL,44,58,31,1875.0,58125.0
2021050505003694,NICLBSL,44,5,10,1875.0,18750.0
2021050505003693,NICLBSL,44,8,10,1875.0,18750.0
2021050505003704,NICLBSL,44,26,10,1875.0,18750.0
2021050505003703,NICLBSL,44,34,20,1875.0,37500.0
2021050505003702,NICLBSL,55,52,10,1876.0,18760.0
2021050505003701,NICLBSL,44,57,50,1875.0,93750.0
2021050505003700,NICLBSL,44,28,10,1875.0,18750.0
2021050505003699,NICLBSL,44,38,20,1875.0,37500.0
2021050505003710,NICLBSL,56,51,15,1875.0,28125.0
2021050505003709,NICLBSL,55,11,40,1872.0,74880.0
2021050505003708,NICLBSL,39,11,10,1873.0,18730.0
2021050505003707,NICLBSL,11,51,25,1875.0,46875.0
2021050505003706,NICLBSL,58,51,50,1875.0,93750.0
2021050505003705,NICLBSL,44,42,6,1875.0,11250.0
2021050505003716,NICLBSL,55,52,31,1872.0,58032.0
2021050505003715,NICLBSL,4,10,10,1874.0,18740.0
2021050505003714,NICLBSL,4,21,20,1874.0,37480.0
2021050505003713,NICLBSL,4,55,20,1873.0,37460.0
2021050505003712,NICLBSL,55,52,10,1872.0,18720.0
2021050505003711,NICLBSL,55,58,10,1872.0,18720.0
2021050505003722,NICLBSL,45,10,20,1872.0,37440.0
2021050505003721,NICLBSL,45,56,10,1872.0,18720.0
2021050505003720,NICLBSL,45,55,10,1872.0,18720.0
2021050505003719,NICLBSL,41,52,20,1872.0,37440.0
2021050505003718,NICLBSL,40,52,50,1872.0,93600.0
2021050505003717,NICLBSL,11,52,20,1872.0,37440.0
2021050505003728,NICLBSL,47,57,110,1875.0,206250.0
2021050505003727,NICLBSL,47,51,10,1875.0,18750.0
2021050505003726,NICLBSL,47,51,11,1875.0,20625.0
2021050505003725,NICLBSL,47,52,20,1874.0,37480.0
2021050505003724,NICLBSL,47,11,10,1874.0,18740.0
2021050505003723,NICLBSL,45,22,10,1872.0,18720.0
2021050505003734,NICLBSL,39,41,7,1879.0,13153.0
2021050505003733,NICLBSL,45,58,10,1872.0,18720.0
2021050505003732,NICLBSL,44,49,30,1872.0,56160.0
2021050505003731,NICLBSL,7,10,10,1871.0,18710.0
2021050505003730,NICLBSL,45,49,10,1872.0,18720.0
2021050505003729,NICLBSL,47,49,19,1875.0,35625.0
2021050505003740,NICLBSL,34,59,37,1873.0,69301.0
2021050505003739,NICLBSL,21,59,10,1873.0,18730.0
2021050505003738,NICLBSL,21,53,20,1873.0,37460.0
2021050505003737,NICLBSL,6,47,15,1872.0,28080.0
2021050505003736,NICLBSL,35,47,15,1873.0,28095.0
2021050505003735,NICLBSL,35,10,10,1873.0,18730.0
2021050505003746,NICLBSL,6,10,10,1872.0,18720.0
2021050505003745,NICLBSL,34,47,128,1873.0,239744.0
2021050505003744,NICLBSL,34,26,10,1873.0,18730.0
2021050505003743,NICLBSL,34,39,10,1873.0,18730.0
2021050505003742,NICLBSL,34,45,40,1873.0,74920.0
2021050505003741,NICLBSL,34,39,20,1873.0,37460.0
2021050505003752,NICLBSL,17,52,9,1872.0,16848.0
2021050505003751,NICLBSL,17,57,10,1872.0,18720.0
2021050505003750,NICLBSL,17,49,21,1872.0,39312.0
2021050505003749,NICLBSL,35,49,10,1872.0,18720.0
2021050505003748,NICLBSL,45,47,20,1873.0,37460.0
2021050505003747,NICLBSL,6,57,10,1872.0,18720.0
2021050505003758,NICLBSL,6,51,10,1875.0,18750.0
2021050505003757,NICLBSL,6,20,10,1873.0,18730.0
2021050505003756,NICLBSL,6,45,10,1873.0,18730.0
2021050505003755,NICLBSL,6,47,25,1873.0,46825.0
2021050505003754,NICLBSL,6,45,10,1873.0,18730.0
2021050505003753,NICLBSL,6,47,52,1873.0,97396.0
2021050505003765,NICLBSL,41,10,10,1873.0,18730.0
2021050505003763,NICLBSL,44,59,50,1872.0,93600.0
2021050505003762,NICLBSL,44,59,50,1872.0,93600.0
2021050505003761,NICLBSL,6,18,63,1875.0,118125.0
2021050505003760,NICLBSL,6,5,10,1875.0,18750.0
2021050505003759,NICLBSL,6,58,10,1875.0,18750.0
2021050505003264,MLBSL,47,47,5,4563.0,22815.0
2021050505003262,MLBSL,47,47,5,4563.0,22815.0
2021050505003221,MLBSL,57,17,10,4573.0,45730.0
2021050505003207,MLBSL,57,35,10,4573.0,45730.0
2021050505003205,MLBSL,57,55,10,4573.0,45730.0
2021050505003176,MLBSL,57,57,10,4573.0,45730.0
2021050505002957,MLBSL,47,28,10,4573.0,45730.0
2021050505002940,MLBSL,47,1,10,4573.0,45730.0
2021050505002915,MLBSL,47,6,10,4573.0,45730.0
2021050505002796,MLBSL,47,8,10,4573.0,45730.0
2021050505002793,MLBSL,47,58,10,4573.0,45730.0
2021050505003168,MLBSL,57,20,10,4573.0,45730.0
2021050505003069,MLBSL,57,43,10,4573.0,45730.0
2021050505003054,MLBSL,57,22,10,4573.0,45730.0
2021050505002975,MLBSL,57,28,10,4573.0,45730.0
2021050505002974,MLBSL,57,57,10,4573.0,45730.0
2021050505002967,MLBSL,47,6,10,4573.0,45730.0
2021050505003271,NICLBSL,57,21,10,1875.0,18750.0
2021050505003270,NICLBSL,26,38,110,1876.0,206360.0
2021050505003269,NICLBSL,35,26,17,1877.0,31909.0
2021050505003268,NICLBSL,26,16,20,1876.0,37520.0
2021050505003267,NICLBSL,26,14,20,1876.0,37520.0
2021050505003266,NICLBSL,26,6,10,1876.0,18760.0
2021050505002774,NICLBSL,57,38,10,1862.0,18620.0
2021050505002773,NICLBSL,57,46,10,1862.0,18620.0
2021050505002772,NICLBSL,16,21,16,1863.0,29808.0
2021050505002780,NICLBSL,22,51,20,1863.0,37260.0
2021050505002779,NICLBSL,22,6,10,1863.0,18630.0
2021050505002778,NICLBSL,22,16,20,1863.0,37260.0
2021050505002777,NICLBSL,22,37,10,1863.0,18630.0
2021050505002776,NICLBSL,22,29,10,1863.0,18630.0
2021050505002775,NICLBSL,22,21,39,1863.0,72657.0
2021050505002786,NICLBSL,16,25,55,1865.0,102575.0
2021050505002785,NICLBSL,53,11,41,1864.0,76424.0
2021050505002784,NICLBSL,42,25,30,1865.0,55950.0
2021050505002783,NICLBSL,42,49,10,1865.0,18650.0
2021050505002782,NICLBSL,42,42,10,1865.0,18650.0
2021050505002781,NICLBSL,41,44,10,1865.0,18650.0
2021050505002792,NICLBSL,49,21,10,1865.0,18650.0
2021050505002791,NICLBSL,49,55,10,1865.0,18650.0
2021050505002790,NICLBSL,49,29,10,1865.0,18650.0
2021050505002789,NICLBSL,53,51,10,1864.0,18640.0
2021050505002788,NICLBSL,38,25,10,1865.0,18650.0
2021050505002787,NICLBSL,38,25,15,1865.0,27975.0
2021050505002800,NICLBSL,43,47,10,1870.0,18700.0
2021050505002799,NICLBSL,43,49,10,1869.0,18690.0
2021050505002798,NICLBSL,53,37,10,1866.0,18660.0
2021050505002797,NICLBSL,53,6,10,1866.0,18660.0
2021050505002795,NICLBSL,53,58,20,1866.0,37320.0
2021050505002794,NICLBSL,53,14,10,1866.0,18660.0
2021050505002806,NICLBSL,43,37,10,1870.0,18700.0
2021050505002805,NICLBSL,43,54,10,1870.0,18700.0
2021050505002804,NICLBSL,43,47,10,1870.0,18700.0
2021050505002803,NICLBSL,43,42,111,1870.0,207570.0
2021050505002802,NICLBSL,43,50,10,1870.0,18700.0
2021050505002801,NICLBSL,43,57,10,1870.0,18700.0
2021050505002812,NICLBSL,43,53,10,1870.0,18700.0
2021050505002811,NICLBSL,43,34,10,1870.0,18700.0
2021050505002810,NICLBSL,43,34,10,1870.0,18700.0
2021050505002809,NICLBSL,43,43,10,1870.0,18700.0
2021050505002808,NICLBSL,43,58,40,1870.0,74800.0
2021050505002807,NICLBSL,43,58,10,1870.0,18700.0
2021050505002818,NICLBSL,43,37,10,1871.0,18710.0
2021050505002817,NICLBSL,43,49,10,1871.0,18710.0
2021050505002816,NICLBSL,43,28,20,1871.0,37420.0
2021050505002815,NICLBSL,43,43,10,1871.0,18710.0
2021050505002814,NICLBSL,43,11,10,1871.0,18710.0
2021050505002813,NICLBSL,43,29,10,1871.0,18710.0
2021050505002824,NICLBSL,43,45,15,1875.0,28125.0
2021050505002823,NICLBSL,43,34,100,1875.0,187500.0
2021050505002822,NICLBSL,43,38,10,1875.0,18750.0
2021050505002821,NICLBSL,43,47,10,1875.0,18750.0
2021050505002820,NICLBSL,43,50,110,1874.0,206140.0
2021050505002819,NICLBSL,43,29,10,1871.0,18710.0
2021050505002830,NICLBSL,43,36,43,1879.0,80797.0
2021050505002829,NICLBSL,43,44,20,1879.0,37580.0
2021050505002828,NICLBSL,43,44,10,1878.0,18780.0
2021050505002827,NICLBSL,43,58,10,1875.0,18750.0
2021050505002826,NICLBSL,43,53,25,1875.0,46875.0
2021050505002825,NICLBSL,43,25,10,1875.0,18750.0
2021050505002836,NICLBSL,43,8,10,1880.0,18800.0
2021050505002835,NICLBSL,43,8,10,1880.0,18800.0
2021050505002834,NICLBSL,43,8,10,1880.0,18800.0
2021050505002833,NICLBSL,43,8,10,1880.0,18800.0
2021050505002832,NICLBSL,43,8,10,1880.0,18800.0
2021050505002831,NICLBSL,43,34,50,1879.0,93950.0
2021050505002842,NICLBSL,43,40,500,1880.0,940000.0
2021050505002841,NICLBSL,43,54,10,1880.0,18800.0
2021050505002840,NICLBSL,43,18,10,1880.0,18800.0
2021050505002839,NICLBSL,43,41,10,1880.0,18800.0
2021050505002838,NICLBSL,43,8,10,1880.0,18800.0
2021050505002837,NICLBSL,43,8,10,1880.0,18800.0
2021050505002848,NICLBSL,43,21,10,1880.0,18800.0
2021050505002847,NICLBSL,43,57,50,1880.0,94000.0
2021050505002846,NICLBSL,43,14,10,1880.0,18800.0
2021050505002845,NICLBSL,43,14,10,1880.0,18800.0
2021050505002844,NICLBSL,43,14,10,1880.0,18800.0
2021050505002843,NICLBSL,43,19,10,1880.0,18800.0
2021050505002854,NICLBSL,43,52,20,1880.0,37600.0
2021050505002853,NICLBSL,43,25,10,1880.0,18800.0
2021050505002852,NICLBSL,43,49,10,1880.0,18800.0
2021050505002851,NICLBSL,43,4,10,1880.0,18800.0
2021050505002850,NICLBSL,43,42,10,1880.0,18800.0
2021050505002849,NICLBSL,43,55,240,1880.0,451200.0
2021050505002860,NICLBSL,43,25,10,1880.0,18800.0
2021050505002859,NICLBSL,43,58,10,1880.0,18800.0
2021050505002858,NICLBSL,43,10,20,1880.0,37600.0
2021050505002857,NICLBSL,43,59,10,1880.0,18800.0
2021050505002856,NICLBSL,43,14,10,1880.0,18800.0
2021050505002855,NICLBSL,43,13,10,1880.0,18800.0
2021050505002866,NICLBSL,14,53,10,1871.0,18710.0
2021050505002865,NICLBSL,14,29,10,1871.0,18710.0
2021050505002864,NICLBSL,14,8,24,1871.0,44904.0
2021050505002863,NICLBSL,43,8,129,1871.0,241359.0
2021050505002862,NICLBSL,43,8,17,1880.0,31960.0
2021050505002861,NICLBSL,43,6,20,1865.0,37300.0
2021050505002872,NICLBSL,57,38,26,1867.0,48542.0
2021050505002871,NICLBSL,8,38,10,1870.0,18700.0
2021050505002870,NICLBSL,8,29,10,1870.0,18700.0
2021050505002869,NICLBSL,8,26,10,1870.0,18700.0
2021050505002868,NICLBSL,53,6,10,1866.0,18660.0
2021050505002867,NICLBSL,53,17,11,1866.0,20526.0
2021050505002878,NICLBSL,43,56,40,1881.0,75240.0
2021050505002877,NICLBSL,43,34,10,1881.0,18810.0
2021050505002876,NICLBSL,43,34,10,1881.0,18810.0
2021050505002875,NICLBSL,43,37,10,1880.0,18800.0
2021050505002874,NICLBSL,43,54,10,1880.0,18800.0
2021050505002873,NICLBSL,43,42,30,1880.0,56400.0
2021050505002884,NICLBSL,43,45,330,1884.0,621720.0
2021050505002883,NICLBSL,43,40,10,1884.0,18840.0
2021050505002882,NICLBSL,43,38,10,1883.0,18830.0
2021050505002881,NICLBSL,43,13,10,1882.0,18820.0
2021050505002880,NICLBSL,43,37,100,1882.0,188200.0
2021050505002879,NICLBSL,43,21,10,1882.0,18820.0
2021050505002890,NICLBSL,43,21,50,1885.0,94250.0
2021050505002889,NICLBSL,43,45,10,1885.0,18850.0
2021050505002888,NICLBSL,43,47,110,1885.0,207350.0
2021050505002887,NICLBSL,43,38,10,1885.0,18850.0
2021050505002886,NICLBSL,43,34,10,1885.0,18850.0
2021050505002885,NICLBSL,43,18,500,1885.0,942500.0
2021050505002896,NICLBSL,43,43,52,1885.0,98020.0
2021050505002895,NICLBSL,43,48,20,1885.0,37700.0
2021050505002894,NICLBSL,43,56,10,1885.0,18850.0
2021050505002893,NICLBSL,43,50,200,1885.0,377000.0
2021050505002892,NICLBSL,43,22,20,1885.0,37700.0
2021050505002891,NICLBSL,43,34,30,1885.0,56550.0
2021050505002902,NICLBSL,43,45,10,1886.0,18860.0
2021050505002901,NICLBSL,43,42,10,1886.0,18860.0
2021050505002900,NICLBSL,43,48,60,1886.0,113160.0
2021050505002899,NICLBSL,43,39,35,1886.0,66010.0
2021050505002898,NICLBSL,43,19,30,1885.0,56550.0
2021050505002897,NICLBSL,43,40,100,1885.0,188500.0
2021050505002908,NICLBSL,43,59,50,1886.0,94300.0
2021050505002907,NICLBSL,43,38,20,1886.0,37720.0
2021050505002906,NICLBSL,43,38,10,1886.0,18860.0
2021050505002905,NICLBSL,43,38,36,1886.0,67896.0
2021050505002904,NICLBSL,43,58,10,1886.0,18860.0
2021050505002903,NICLBSL,43,38,10,1886.0,18860.0
2021050505002914,NICLBSL,57,38,10,1867.0,18670.0
2021050505002913,NICLBSL,57,38,20,1867.0,37340.0
2021050505002912,NICLBSL,43,29,10,1886.0,18860.0
2021050505002911,NICLBSL,43,22,50,1887.0,94350.0
2021050505002910,NICLBSL,43,45,60,1887.0,113220.0
2021050505002909,NICLBSL,43,5,10,1887.0,18870.0
2021050505002921,NICLBSL,53,29,10,1866.0,18660.0
2021050505002920,NICLBSL,57,42,10,1867.0,18670.0
2021050505002919,NICLBSL,45,44,10,1878.0,18780.0
2021050505002918,NICLBSL,57,38,10,1867.0,18670.0
2021050505002917,NICLBSL,57,38,10,1867.0,18670.0
2021050505002916,NICLBSL,57,38,10,1867.0,18670.0
2021050505002927,NICLBSL,53,29,10,1867.0,18670.0
2021050505002926,NICLBSL,53,38,36,1866.0,67176.0
2021050505002925,NICLBSL,53,50,10,1866.0,18660.0
2021050505002924,NICLBSL,53,29,10,1866.0,18660.0
2021050505002923,NICLBSL,53,28,10,1866.0,18660.0
2021050505002922,NICLBSL,53,38,10,1866.0,18660.0
2021050505002933,NICLBSL,53,38,10,1866.0,18660.0
2021050505002932,NICLBSL,53,29,10,1866.0,18660.0
2021050505002931,NICLBSL,53,25,10,1886.0,18860.0
2021050505002930,NICLBSL,53,57,10,1880.0,18800.0
2021050505002929,NICLBSL,53,29,10,1880.0,18800.0
2021050505002928,NICLBSL,53,41,10,1880.0,18800.0
2021050505002939,NICLBSL,21,53,10,1867.0,18670.0
2021050505002938,NICLBSL,53,44,10,1866.0,18660.0
2021050505002937,NICLBSL,53,29,10,1866.0,18660.0
2021050505002936,NICLBSL,53,38,41,1866.0,76506.0
2021050505002935,NICLBSL,53,29,10,1866.0,18660.0
2021050505002934,NICLBSL,53,38,36,1866.0,67176.0
2021050505002946,NICLBSL,53,49,10,1866.0,18660.0
2021050505002945,NICLBSL,53,29,10,1866.0,18660.0
2021050505002944,NICLBSL,21,29,10,1868.0,18680.0
2021050505002943,NICLBSL,21,29,10,1868.0,18680.0
2021050505002942,NICLBSL,21,42,10,1868.0,18680.0
2021050505002941,NICLBSL,21,29,10,1868.0,18680.0
2021050505002952,NICLBSL,43,57,10,1875.0,18750.0
2021050505002951,NICLBSL,16,29,10,1870.0,18700.0
2021050505002950,NICLBSL,17,29,10,1867.0,18670.0
2021050505002949,NICLBSL,17,29,10,1867.0,18670.0
2021050505002948,NICLBSL,44,44,10,1870.0,18700.0
2021050505002947,NICLBSL,53,29,10,1866.0,18660.0
2021050505002959,NICLBSL,35,58,10,1870.0,18700.0
2021050505002958,NICLBSL,58,29,10,1868.0,18680.0
2021050505002956,NICLBSL,16,29,10,1870.0,18700.0
2021050505002955,NICLBSL,16,29,10,1870.0,18700.0
2021050505002954,NICLBSL,16,39,10,1870.0,18700.0
2021050505002953,NICLBSL,16,32,10,1870.0,18700.0
2021050505002965,NICLBSL,17,49,10,1875.0,18750.0
2021050505002964,NICLBSL,17,29,10,1875.0,18750.0
2021050505002963,NICLBSL,17,29,50,1875.0,93750.0
2021050505002962,NICLBSL,35,29,10,1870.0,18700.0
2021050505002961,NICLBSL,35,51,10,1870.0,18700.0
2021050505002960,NICLBSL,35,29,20,1870.0,37400.0
2021050505002972,NICLBSL,4,44,10,1884.0,18840.0
2021050505002971,NICLBSL,4,25,30,1884.0,56520.0
2021050505002970,NICLBSL,17,50,10,1875.0,18750.0
2021050505002969,NICLBSL,17,42,10,1875.0,18750.0
2021050505002968,NICLBSL,17,57,10,1875.0,18750.0
2021050505002966,NICLBSL,17,29,10,1875.0,18750.0
2021050505002980,NICLBSL,34,4,10,1876.0,18760.0
2021050505002979,NICLBSL,34,22,10,1876.0,18760.0
2021050505002978,NICLBSL,45,36,10,1876.0,18760.0
2021050505002977,NICLBSL,45,52,10,1876.0,18760.0
2021050505002976,NICLBSL,14,22,20,1876.0,37520.0
2021050505002973,NICLBSL,14,32,10,1876.0,18760.0
2021050505002986,NICLBSL,49,38,20,1880.0,37600.0
2021050505002985,NICLBSL,49,51,10,1880.0,18800.0
2021050505002984,NICLBSL,49,46,10,1880.0,18800.0
2021050505002983,NICLBSL,49,10,10,1880.0,18800.0
2021050505002982,NICLBSL,49,29,36,1880.0,67680.0
2021050505002981,NICLBSL,49,59,10,1880.0,18800.0
2021050505002992,NICLBSL,49,6,40,1877.0,75080.0
2021050505002991,NICLBSL,49,36,10,1877.0,18770.0
2021050505002990,NICLBSL,34,36,10,1876.0,18760.0
2021050505002989,NICLBSL,49,35,4,1880.0,7520.0
2021050505002988,NICLBSL,38,35,30,1880.0,56400.0
2021050505002987,NICLBSL,34,14,10,1876.0,18760.0
2021050505002998,NICLBSL,17,29,21,1875.0,39375.0
2021050505002997,NICLBSL,42,29,15,1876.0,28140.0
2021050505002996,NICLBSL,42,6,160,1876.0,300160.0
2021050505002995,NICLBSL,52,6,50,1876.0,93800.0
2021050505002994,NICLBSL,14,6,100,1876.0,187600.0
2021050505002993,NICLBSL,34,6,60,1876.0,112560.0
2021050505003004,NICLBSL,17,36,10,1875.0,18750.0
2021050505003003,NICLBSL,17,45,10,1875.0,18750.0
2021050505003002,NICLBSL,34,58,10,1876.0,18760.0
2021050505003001,NICLBSL,17,47,10,1875.0,18750.0
2021050505003000,NICLBSL,17,45,10,1875.0,18750.0
2021050505002999,NICLBSL,51,42,30,1882.0,56460.0
2021050505003010,NICLBSL,40,47,10,1875.0,18750.0
2021050505003009,NICLBSL,40,36,10,1875.0,18750.0
2021050505003008,NICLBSL,40,44,10,1875.0,18750.0
2021050505003007,NICLBSL,49,28,10,1875.0,18750.0
2021050505003006,NICLBSL,17,47,10,1875.0,18750.0
2021050505003005,NICLBSL,17,28,10,1875.0,18750.0
2021050505003016,NICLBSL,6,38,40,1876.0,75040.0
2021050505003015,NICLBSL,40,6,10,1875.0,18750.0
2021050505003014,NICLBSL,7,38,200,1876.0,375200.0
2021050505003013,NICLBSL,40,6,10,1875.0,18750.0
2021050505003012,NICLBSL,40,42,20,1875.0,37500.0
2021050505003011,NICLBSL,40,53,10,1875.0,18750.0
2021050505003022,NICLBSL,7,17,23,1875.0,43125.0
2021050505003021,NICLBSL,59,17,15,1875.0,28125.0
2021050505003020,NICLBSL,40,17,862,1875.0,1616250.0
2021050505003019,NICLBSL,40,36,10,1875.0,18750.0
2021050505003018,NICLBSL,40,32,38,1875.0,71250.0
2021050505003017,NICLBSL,40,58,10,1875.0,18750.0
2021050505003028,NICLBSL,7,38,15,1871.0,28065.0
2021050505003027,NICLBSL,7,29,10,1871.0,18710.0
2021050505003026,NICLBSL,42,29,10,1872.0,18720.0
2021050505003025,NICLBSL,7,21,10,1871.0,18710.0
2021050505003024,NICLBSL,58,49,50,1872.0,93600.0
2021050505003023,NICLBSL,7,38,37,1876.0,69412.0
2021050505003034,NICLBSL,7,29,10,1871.0,18710.0
2021050505003033,NICLBSL,7,36,10,1871.0,18710.0
2021050505003032,NICLBSL,7,21,10,1871.0,18710.0
2021050505003031,NICLBSL,7,57,10,1871.0,18710.0
2021050505003030,NICLBSL,7,1,10,1871.0,18710.0
2021050505003029,NICLBSL,7,38,10,1871.0,18710.0
2021050505003040,NICLBSL,49,10,10,1875.0,18750.0
2021050505003039,NICLBSL,55,1,100,1872.0,187200.0
2021050505003038,NICLBSL,55,26,25,1872.0,46800.0
2021050505003037,NICLBSL,55,21,10,1872.0,18720.0
2021050505003036,NICLBSL,55,58,30,1872.0,56160.0
2021050505003035,NICLBSL,55,54,10,1872.0,18720.0
2021050505003046,NICLBSL,55,17,15,1875.0,28125.0
2021050505003045,NICLBSL,6,29,10,1873.0,18730.0
2021050505003044,NICLBSL,55,38,10,1872.0,18720.0
2021050505003043,NICLBSL,55,5,20,1872.0,37440.0
2021050505003042,NICLBSL,55,38,10,1872.0,18720.0
2021050505003041,NICLBSL,55,29,10,1872.0,18720.0
2021050505003052,NICLBSL,55,49,10,1875.0,18750.0
2021050505003051,NICLBSL,55,10,20,1875.0,37500.0
2021050505003050,NICLBSL,55,52,20,1875.0,37500.0
2021050505003049,NICLBSL,55,10,10,1875.0,18750.0
2021050505003048,NICLBSL,55,16,10,1875.0,18750.0
2021050505003047,NICLBSL,55,16,10,1875.0,18750.0
2021050505003059,NICLBSL,55,6,88,1875.0,165000.0
2021050505003058,NICLBSL,55,49,20,1875.0,37500.0
2021050505003057,NICLBSL,55,38,10,1875.0,18750.0
2021050505003056,NICLBSL,55,29,20,1875.0,37500.0
2021050505003055,NICLBSL,55,38,10,1875.0,18750.0
2021050505003053,NICLBSL,55,28,10,1875.0,18750.0
2021050505003065,NICLBSL,55,38,10,1875.0,18750.0
2021050505003064,NICLBSL,55,26,10,1875.0,18750.0
2021050505003063,NICLBSL,55,52,20,1875.0,37500.0
2021050505003062,NICLBSL,55,57,10,1875.0,18750.0
2021050505003061,NICLBSL,25,38,10,1876.0,18760.0
2021050505003060,NICLBSL,25,57,10,1876.0,18760.0
2021050505003072,NICLBSL,55,38,10,1875.0,18750.0
2021050505003071,NICLBSL,11,29,10,1876.0,18760.0
2021050505003070,NICLBSL,55,38,10,1875.0,18750.0
2021050505003068,NICLBSL,55,37,190,1875.0,356250.0
2021050505003067,NICLBSL,55,45,10,1875.0,18750.0
2021050505003066,NICLBSL,55,38,10,1875.0,18750.0
2021050505003078,NICLBSL,41,10,10,1877.0,18770.0
2021050505003077,NICLBSL,41,36,10,1877.0,18770.0
2021050505003076,NICLBSL,41,36,10,1877.0,18770.0
2021050505003075,NICLBSL,55,44,10,1875.0,18750.0
2021050505003074,NICLBSL,55,38,10,1875.0,18750.0
2021050505003073,NICLBSL,55,29,10,1875.0,18750.0
2021050505003084,NICLBSL,8,57,30,1877.0,56310.0
2021050505003083,NICLBSL,8,41,10,1876.0,18760.0
2021050505003082,NICLBSL,55,38,10,1875.0,18750.0
2021050505003081,NICLBSL,55,38,10,1875.0,18750.0
2021050505003080,NICLBSL,22,41,10,1876.0,18760.0
2021050505003079,NICLBSL,22,38,10,1876.0,18760.0
2021050505003090,NICLBSL,49,34,10,1877.0,18770.0
2021050505003089,NICLBSL,47,34,40,1877.0,75080.0
2021050505003088,NICLBSL,47,38,10,1877.0,18770.0
2021050505003087,NICLBSL,32,38,10,1876.0,18760.0
2021050505003086,NICLBSL,32,50,10,1876.0,18760.0
2021050505003085,NICLBSL,25,57,10,1877.0,18770.0
2021050505003096,NICLBSL,32,34,10,1876.0,18760.0
2021050505003095,NICLBSL,32,28,10,1876.0,18760.0
2021050505003094,NICLBSL,32,57,10,1876.0,18760.0
2021050505003093,NICLBSL,32,38,10,1876.0,18760.0
2021050505003092,NICLBSL,32,51,10,1876.0,18760.0
2021050505003091,NICLBSL,32,34,50,1876.0,93800.0
2021050505003102,NICLBSL,32,50,10,1876.0,18760.0
2021050505003101,NICLBSL,32,29,10,1876.0,18760.0
2021050505003100,NICLBSL,32,34,10,1876.0,18760.0
2021050505003099,NICLBSL,32,26,15,1876.0,28140.0
2021050505003098,NICLBSL,32,50,10,1876.0,18760.0
2021050505003097,NICLBSL,32,28,10,1876.0,18760.0
2021050505003108,NICLBSL,47,38,10,1876.0,18760.0
2021050505003107,NICLBSL,47,16,20,1876.0,37520.0
2021050505003106,NICLBSL,49,16,30,1876.0,56280.0
2021050505003105,NICLBSL,49,57,10,1876.0,18760.0
2021050505003104,NICLBSL,49,13,10,1876.0,18760.0
2021050505003103,NICLBSL,32,29,10,1876.0,18760.0
2021050505003114,NICLBSL,55,38,10,1875.0,18750.0
2021050505003113,NICLBSL,55,38,10,1875.0,18750.0
2021050505003112,NICLBSL,55,29,10,1875.0,18750.0
2021050505003111,NICLBSL,42,34,80,1876.0,150080.0
2021050505003110,NICLBSL,47,34,220,1876.0,412720.0
2021050505003109,NICLBSL,38,21,10,1877.0,18770.0
2021050505003120,NICLBSL,55,38,20,1875.0,37500.0
2021050505003119,NICLBSL,55,49,10,1875.0,18750.0
2021050505003118,NICLBSL,55,41,10,1875.0,18750.0
2021050505003117,NICLBSL,55,38,10,1875.0,18750.0
2021050505003116,NICLBSL,55,51,10,1875.0,18750.0
2021050505003115,NICLBSL,55,26,10,1875.0,18750.0
2021050505003126,NICLBSL,11,28,32,1875.0,60000.0
2021050505003125,NICLBSL,55,28,17,1875.0,31875.0
2021050505003124,NICLBSL,53,28,51,1876.0,95676.0
2021050505003123,NICLBSL,53,41,10,1876.0,18760.0
2021050505003122,NICLBSL,53,33,10,1876.0,18760.0
2021050505003121,NICLBSL,53,34,35,1876.0,65660.0
2021050505003132,NICLBSL,21,38,10,1878.0,18780.0
2021050505003131,NICLBSL,21,52,10,1878.0,18780.0
2021050505003130,NICLBSL,21,20,20,1878.0,37560.0
2021050505003129,NICLBSL,21,49,10,1878.0,18780.0
2021050505003128,NICLBSL,11,38,10,1875.0,18750.0
2021050505003127,NICLBSL,49,22,10,1877.0,18770.0
2021050505003138,NICLBSL,58,55,10,1878.0,18780.0
2021050505003137,NICLBSL,58,41,10,1878.0,18780.0
2021050505003136,NICLBSL,58,26,10,1878.0,18780.0
2021050505003135,NICLBSL,54,35,10,1878.0,18780.0
2021050505003134,NICLBSL,10,35,30,1878.0,56340.0
2021050505003133,NICLBSL,21,35,50,1878.0,93900.0
2021050505003144,NICLBSL,11,44,10,1879.0,18790.0
2021050505003143,NICLBSL,11,47,10,1879.0,18790.0
2021050505003142,NICLBSL,11,57,10,1879.0,18790.0
2021050505003141,NICLBSL,11,22,10,1879.0,18790.0
2021050505003140,NICLBSL,11,7,10,1879.0,18790.0
2021050505003139,NICLBSL,11,44,20,1879.0,37580.0
2021050505003150,NICLBSL,58,45,20,1880.0,37600.0
2021050505003149,NICLBSL,58,55,30,1879.0,56370.0
2021050505003148,NICLBSL,11,55,18,1879.0,33822.0
2021050505003147,NICLBSL,11,52,10,1879.0,18790.0
2021050505003146,NICLBSL,35,45,80,1880.0,150400.0
2021050505003145,NICLBSL,11,22,10,1879.0,18790.0
2021050505003156,NICLBSL,58,43,10,1880.0,18800.0
2021050505003155,NICLBSL,58,45,10,1880.0,18800.0
2021050505003154,NICLBSL,58,49,10,1880.0,18800.0
2021050505003153,NICLBSL,58,19,10,1880.0,18800.0
2021050505003152,NICLBSL,58,54,20,1880.0,37600.0
2021050505003151,NICLBSL,58,54,10,1880.0,18800.0
2021050505003162,NICLBSL,25,59,10,1879.0,18790.0
2021050505003161,NICLBSL,25,35,10,1880.0,18800.0
2021050505003160,NICLBSL,25,48,10,1879.0,18790.0
2021050505003159,NICLBSL,6,10,10,1878.0,18780.0
2021050505003158,NICLBSL,38,7,10,1878.0,18780.0
2021050505003157,NICLBSL,58,34,10,1880.0,18800.0
2021050505003169,NICLBSL,45,43,10,1877.0,18770.0
2021050505003167,NICLBSL,28,16,20,1877.0,37540.0
2021050505003166,NICLBSL,51,29,10,1877.0,18770.0
2021050505003165,NICLBSL,51,43,10,1877.0,18770.0
2021050505003164,NICLBSL,45,25,10,1878.0,18780.0
2021050505003163,NICLBSL,51,10,10,1877.0,18770.0
2021050505003175,NICLBSL,21,11,10,1877.0,18770.0
2021050505003174,NICLBSL,45,29,10,1876.0,18760.0
2021050505003173,NICLBSL,45,41,100,1876.0,187600.0
2021050505003172,NICLBSL,45,50,10,1876.0,18760.0
2021050505003171,NICLBSL,47,50,40,1876.0,75040.0
2021050505003170,NICLBSL,49,52,10,1876.0,18760.0
2021050505003182,NICLBSL,32,6,100,1876.0,187600.0
2021050505003181,NICLBSL,32,6,250,1876.0,469000.0
2021050505003180,NICLBSL,42,22,10,1875.0,18750.0
2021050505003179,NICLBSL,43,22,20,1875.0,37500.0
2021050505003178,NICLBSL,43,29,10,1875.0,18750.0
2021050505003177,NICLBSL,43,42,10,1875.0,18750.0
2021050505003188,NICLBSL,32,10,10,1879.0,18790.0
2021050505003187,NICLBSL,32,59,10,1879.0,18790.0
2021050505003186,NICLBSL,32,7,22,1878.0,41316.0
2021050505003185,NICLBSL,32,42,20,1878.0,37560.0
2021050505003184,NICLBSL,32,8,20,1876.0,37520.0
2021050505003183,NICLBSL,32,21,10,1876.0,18760.0
2021050505003194,NICLBSL,32,10,10,1879.0,18790.0
2021050505003193,NICLBSL,32,10,10,1879.0,18790.0
2021050505003192,NICLBSL,32,10,10,1879.0,18790.0
2021050505003191,NICLBSL,32,17,26,1879.0,48854.0
2021050505003190,NICLBSL,32,10,20,1879.0,37580.0
2021050505003189,NICLBSL,32,10,10,1879.0,18790.0
2021050505003200,NICLBSL,32,7,10,1880.0,18800.0
2021050505003199,NICLBSL,32,25,10,1880.0,18800.0
2021050505003198,NICLBSL,32,49,10,1880.0,18800.0
2021050505003197,NICLBSL,32,10,10,1879.0,18790.0
2021050505003196,NICLBSL,32,10,10,1879.0,18790.0
2021050505003195,NICLBSL,32,10,10,1879.0,18790.0
2021050505003208,NICLBSL,58,29,10,1876.0,18760.0
2021050505003206,NICLBSL,45,21,10,1876.0,18760.0
2021050505003204,NICLBSL,45,49,10,1876.0,18760.0
2021050505003203,NICLBSL,28,40,8,1880.0,15040.0
2021050505003202,NICLBSL,32,40,192,1880.0,360960.0
2021050505003201,NICLBSL,32,50,20,1880.0,37600.0
2021050505003214,NICLBSL,7,7,10,1876.0,18760.0
2021050505003213,NICLBSL,42,29,10,1875.0,18750.0
2021050505003212,NICLBSL,58,16,13,1878.0,24414.0
2021050505003211,NICLBSL,58,50,10,1878.0,18780.0
2021050505003210,NICLBSL,58,45,10,1876.0,18760.0
2021050505003209,NICLBSL,58,58,10,1876.0,18760.0
2021050505003220,NICLBSL,17,26,20,1877.0,37540.0
2021050505003219,NICLBSL,17,35,20,1876.0,37520.0
2021050505003218,NICLBSL,7,50,10,1876.0,18760.0
2021050505003217,NICLBSL,7,40,10,1876.0,18760.0
2021050505003216,NICLBSL,7,36,10,1876.0,18760.0
2021050505003215,NICLBSL,7,54,10,1876.0,18760.0
2021050505003227,NICLBSL,34,52,10,1876.0,18760.0
2021050505003226,NICLBSL,44,38,10,1876.0,18760.0
2021050505003225,NICLBSL,44,57,10,1876.0,18760.0
2021050505003224,NICLBSL,44,25,10,1876.0,18760.0
2021050505003223,NICLBSL,44,38,10,1876.0,18760.0
2021050505003222,NICLBSL,44,58,10,1876.0,18760.0
2021050505003233,NICLBSL,47,7,10,1875.0,18750.0
2021050505003232,NICLBSL,47,14,10,1875.0,18750.0
2021050505003231,NICLBSL,47,38,10,1875.0,18750.0
2021050505003230,NICLBSL,38,26,40,1877.0,75080.0
2021050505003229,NICLBSL,42,41,10,1875.0,18750.0
2021050505003228,NICLBSL,42,38,10,1875.0,18750.0
2021050505003239,NICLBSL,47,14,10,1875.0,18750.0
2021050505003238,NICLBSL,47,21,10,1875.0,18750.0
2021050505003237,NICLBSL,47,14,10,1875.0,18750.0
2021050505003236,NICLBSL,47,14,10,1875.0,18750.0
2021050505003235,NICLBSL,25,36,10,1876.0,18760.0
2021050505003234,NICLBSL,25,57,10,1876.0,18760.0
2021050505003245,NICLBSL,47,7,10,1875.0,18750.0
2021050505003244,NICLBSL,47,39,10,1875.0,18750.0
2021050505003243,NICLBSL,47,49,36,1875.0,67500.0
2021050505003242,NICLBSL,47,57,10,1875.0,18750.0
2021050505003241,NICLBSL,47,16,10,1875.0,18750.0
2021050505003240,NICLBSL,47,7,20,1875.0,37500.0
2021050505003251,NICLBSL,57,38,48,1875.0,90000.0
2021050505003250,NICLBSL,47,38,24,1875.0,45000.0
2021050505003249,NICLBSL,47,35,20,1875.0,37500.0
2021050505003248,NICLBSL,47,14,10,1875.0,18750.0
2021050505003247,NICLBSL,47,57,10,1875.0,18750.0
2021050505003246,NICLBSL,47,14,10,1875.0,18750.0
2021050505003257,NICLBSL,57,14,10,1875.0,18750.0
2021050505003256,NICLBSL,57,14,10,1875.0,18750.0
2021050505003255,NICLBSL,57,17,10,1875.0,18750.0
2021050505003254,NICLBSL,45,16,60,1876.0,112560.0
2021050505003253,NICLBSL,45,57,10,1876.0,18760.0
2021050505003252,NICLBSL,57,26,10,1875.0,18750.0
2021050505003265,NICLBSL,26,49,10,1876.0,18760.0
2021050505003263,NICLBSL,26,14,10,1876.0,18760.0
2021050505003261,NICLBSL,26,41,10,1876.0,18760.0
2021050505003260,NICLBSL,28,26,50,1877.0,93850.0
2021050505003259,NICLBSL,26,57,10,1876.0,18760.0
2021050505003258,NICLBSL,57,57,10,1875.0,18750.0
2021050505002771,MLBSL,47,38,10,4573.0,45730.0
2021050505002770,MLBSL,47,8,10,4573.0,45730.0
2021050505002706,MLBSL,47,41,10,4573.0,45730.0
2021050505002643,MLBSL,47,49,10,4573.0,45730.0
2021050505002641,MLBSL,47,42,10,4573.0,45730.0
2021050505002568,MLBSL,47,19,10,4573.0,45730.0
2021050505002329,MLBSL,47,45,10,4573.0,45730.0
2021050505002313,MLBSL,47,47,10,4573.0,45730.0
2021050505002292,MLBSL,47,28,10,4573.0,45730.0
2021050505002493,MLBSL,47,41,10,4573.0,45730.0
2021050505002459,MLBSL,47,45,10,4573.0,45730.0
2021050505002442,MLBSL,47,47,10,4573.0,45730.0
2021050505002438,MLBSL,47,19,10,4573.0,45730.0
2021050505002425,MLBSL,47,41,10,4573.0,45730.0
2021050505002339,MLBSL,47,57,10,4573.0,45730.0
2021050505002566,MLBSL,47,25,10,4573.0,45730.0
2021050505002552,MLBSL,47,36,10,4573.0,45730.0
2021050505002547,MLBSL,47,11,10,4573.0,45730.0
2021050505002536,MLBSL,47,22,10,4573.0,45730.0
2021050505002519,MLBSL,47,34,10,4573.0,45730.0
2021050505002504,MLBSL,47,32,10,4573.0,45730.0
2021050505002769,NICLBSL,48,21,45,1863.0,83835.0
2021050505002768,NICLBSL,57,52,10,1862.0,18620.0
2021050505002767,NICLBSL,57,1,10,1862.0,18620.0
2021050505002766,NICLBSL,57,14,10,1862.0,18620.0
2021050505002765,NICLBSL,39,29,10,1860.0,18600.0
2021050505002764,NICLBSL,39,52,50,1860.0,93000.0
2021050505002275,NICLBSL,58,44,10,1861.0,18610.0
2021050505002274,NICLBSL,58,58,20,1861.0,37220.0
2021050505002273,NICLBSL,58,39,10,1861.0,18610.0
2021050505002272,NICLBSL,58,49,10,1865.0,18650.0
2021050505002281,NICLBSL,1,28,10,1860.0,18600.0
2021050505002280,NICLBSL,44,6,10,1860.0,18600.0
2021050505002279,NICLBSL,44,21,15,1860.0,27900.0
2021050505002278,NICLBSL,26,21,50,1860.0,93000.0
2021050505002277,NICLBSL,7,21,20,1860.0,37200.0
2021050505002276,NICLBSL,58,21,15,1861.0,27915.0
2021050505002287,NICLBSL,10,52,10,1860.0,18600.0
2021050505002286,NICLBSL,10,48,10,1860.0,18600.0
2021050505002285,NICLBSL,41,48,10,1860.0,18600.0
2021050505002284,NICLBSL,58,48,30,1865.0,55950.0
2021050505002283,NICLBSL,1,28,10,1860.0,18600.0
2021050505002282,NICLBSL,32,38,10,1861.0,18610.0
2021050505002294,NICLBSL,14,38,30,1861.0,55830.0
2021050505002293,NICLBSL,14,58,10,1860.0,18600.0
2021050505002291,NICLBSL,26,45,20,1860.0,37200.0
2021050505002290,NICLBSL,26,39,20,1860.0,37200.0
2021050505002289,NICLBSL,26,52,10,1860.0,18600.0
2021050505002288,NICLBSL,51,28,20,1857.0,37140.0
2021050505002300,NICLBSL,41,44,50,1857.0,92850.0
2021050505002299,NICLBSL,26,44,40,1857.0,74280.0
2021050505002298,NICLBSL,19,47,16,1860.0,29760.0
2021050505002297,NICLBSL,26,28,10,1857.0,18570.0
2021050505002296,NICLBSL,36,47,10,1860.0,18600.0
2021050505002295,NICLBSL,14,49,10,1861.0,18610.0
2021050505002306,NICLBSL,28,41,10,1860.0,18600.0
2021050505002305,NICLBSL,28,47,10,1860.0,18600.0
2021050505002304,NICLBSL,28,8,10,1860.0,18600.0
2021050505002303,NICLBSL,28,47,51,1860.0,94860.0
2021050505002302,NICLBSL,16,57,20,1857.0,37140.0
2021050505002301,NICLBSL,16,44,10,1857.0,18570.0
2021050505002312,NICLBSL,48,39,10,1858.0,18580.0
2021050505002311,NICLBSL,48,52,20,1858.0,37160.0
2021050505002310,NICLBSL,35,39,10,1860.0,18600.0
2021050505002309,NICLBSL,16,6,10,1857.0,18570.0
2021050505002308,NICLBSL,19,6,10,1860.0,18600.0
2021050505002307,NICLBSL,28,44,19,1860.0,35340.0
2021050505002319,NICLBSL,41,39,10,1857.0,18570.0
2021050505002318,NICLBSL,58,22,10,1856.0,18560.0
2021050505002317,NICLBSL,58,43,10,1856.0,18560.0
2021050505002316,NICLBSL,48,44,10,1858.0,18580.0
2021050505002315,NICLBSL,6,29,10,1860.0,18600.0
2021050505002314,NICLBSL,48,28,10,1858.0,18580.0
2021050505002325,NICLBSL,58,39,10,1856.0,18560.0
2021050505002324,NICLBSL,46,36,20,1857.0,37140.0
2021050505002323,NICLBSL,48,36,40,1857.0,74280.0
2021050505002322,NICLBSL,41,36,20,1857.0,37140.0
2021050505002321,NICLBSL,41,39,10,1857.0,18570.0
2021050505002320,NICLBSL,41,29,10,1857.0,18570.0
2021050505002332,NICLBSL,13,21,10,1856.0,18560.0
2021050505002331,NICLBSL,13,43,10,1856.0,18560.0
2021050505002330,NICLBSL,13,28,10,1856.0,18560.0
2021050505002328,NICLBSL,13,57,40,1856.0,74240.0
2021050505002327,NICLBSL,58,57,70,1856.0,129920.0
2021050505002326,NICLBSL,41,36,100,1857.0,185700.0
2021050505002338,NICLBSL,13,57,10,1856.0,18560.0
2021050505002337,NICLBSL,13,4,10,1856.0,18560.0
2021050505002336,NICLBSL,13,28,20,1856.0,37120.0
2021050505002335,NICLBSL,13,39,10,1856.0,18560.0
2021050505002334,NICLBSL,13,28,10,1856.0,18560.0
2021050505002333,NICLBSL,13,39,10,1856.0,18560.0
2021050505002345,NICLBSL,25,58,10,1857.0,18570.0
2021050505002344,NICLBSL,25,45,10,1857.0,18570.0
2021050505002343,NICLBSL,25,36,20,1857.0,37140.0
2021050505002342,NICLBSL,13,52,20,1856.0,37120.0
2021050505002341,NICLBSL,13,58,20,1856.0,37120.0
2021050505002340,NICLBSL,13,28,10,1856.0,18560.0
2021050505002351,NICLBSL,13,28,10,1856.0,18560.0
2021050505002350,NICLBSL,13,38,10,1856.0,18560.0
2021050505002349,NICLBSL,44,57,10,1857.0,18570.0
2021050505002348,NICLBSL,25,45,31,1857.0,57567.0
2021050505002347,NICLBSL,25,5,10,1857.0,18570.0
2021050505002346,NICLBSL,25,28,10,1857.0,18570.0
2021050505002357,NICLBSL,13,19,10,1856.0,18560.0
2021050505002356,NICLBSL,13,42,90,1856.0,167040.0
2021050505002355,NICLBSL,17,42,10,1857.0,18570.0
2021050505002354,NICLBSL,17,25,10,1857.0,18570.0
2021050505002353,NICLBSL,13,55,10,1856.0,18560.0
2021050505002352,NICLBSL,13,58,10,1856.0,18560.0
2021050505002363,NICLBSL,28,39,10,1856.0,18560.0
2021050505002362,NICLBSL,28,38,80,1856.0,148480.0
2021050505002361,NICLBSL,13,38,170,1856.0,315520.0
2021050505002360,NICLBSL,25,38,20,1857.0,37140.0
2021050505002359,NICLBSL,45,44,10,1857.0,18570.0
2021050505002358,NICLBSL,45,59,10,1857.0,18570.0
2021050505002369,NICLBSL,58,57,10,1856.0,18560.0
2021050505002368,NICLBSL,58,48,20,1856.0,37120.0
2021050505002367,NICLBSL,51,39,10,1855.0,18550.0
2021050505002366,NICLBSL,51,39,40,1855.0,74200.0
2021050505002365,NICLBSL,45,22,10,1857.0,18570.0
2021050505002364,NICLBSL,28,38,10,1856.0,18560.0
2021050505002375,NICLBSL,8,28,10,1855.0,18550.0
2021050505002374,NICLBSL,21,39,10,1855.0,18550.0
2021050505002373,NICLBSL,16,29,20,1857.0,37140.0
2021050505002372,NICLBSL,58,39,20,1855.0,37100.0
2021050505002371,NICLBSL,59,39,50,1855.0,92750.0
2021050505002370,NICLBSL,38,39,30,1855.0,55650.0
2021050505002381,NICLBSL,37,56,50,1855.0,92750.0
2021050505002380,NICLBSL,6,44,15,1859.0,27885.0
2021050505002379,NICLBSL,6,33,15,1858.0,27870.0
2021050505002378,NICLBSL,57,39,10,1854.0,18540.0
2021050505002377,NICLBSL,57,26,30,1855.0,55650.0
2021050505002376,NICLBSL,8,28,10,1855.0,18550.0
2021050505002387,NICLBSL,6,39,10,1855.0,18550.0
2021050505002386,NICLBSL,16,44,41,1859.0,76219.0
2021050505002385,NICLBSL,57,48,10,1854.0,18540.0
2021050505002384,NICLBSL,57,39,10,1854.0,18540.0
2021050505002383,NICLBSL,37,49,50,1855.0,92750.0
2021050505002382,NICLBSL,43,39,10,1857.0,18570.0
2021050505002393,NICLBSL,6,39,10,1855.0,18550.0
2021050505002392,NICLBSL,6,19,14,1860.0,26040.0
2021050505002391,NICLBSL,6,25,10,1860.0,18600.0
2021050505002390,NICLBSL,6,49,16,1860.0,29760.0
2021050505002389,NICLBSL,6,13,10,1860.0,18600.0
2021050505002388,NICLBSL,6,45,10,1855.0,18550.0
2021050505002399,NICLBSL,6,39,10,1855.0,18550.0
2021050505002398,NICLBSL,6,38,10,1855.0,18550.0
2021050505002397,NICLBSL,6,39,10,1855.0,18550.0
2021050505002396,NICLBSL,32,19,10,1860.0,18600.0
2021050505002395,NICLBSL,6,14,20,1855.0,37100.0
2021050505002394,NICLBSL,6,28,10,1855.0,18550.0
2021050505002405,NICLBSL,57,39,10,1854.0,18540.0
2021050505002404,NICLBSL,21,39,5,1855.0,9275.0
2021050505002403,NICLBSL,26,28,10,1855.0,18550.0
2021050505002402,NICLBSL,19,39,10,1855.0,18550.0
2021050505002401,NICLBSL,19,6,10,1855.0,18550.0
2021050505002400,NICLBSL,6,6,10,1855.0,18550.0
2021050505002411,NICLBSL,57,39,10,1854.0,18540.0
2021050505002410,NICLBSL,57,10,10,1854.0,18540.0
2021050505002409,NICLBSL,45,28,10,1855.0,18550.0
2021050505002408,NICLBSL,57,39,10,1854.0,18540.0
2021050505002407,NICLBSL,57,46,10,1854.0,18540.0
2021050505002406,NICLBSL,32,22,10,1855.0,18550.0
2021050505002417,NICLBSL,57,46,10,1854.0,18540.0
2021050505002416,NICLBSL,32,18,10,1859.0,18590.0
2021050505002415,NICLBSL,57,39,10,1854.0,18540.0
2021050505002414,NICLBSL,57,39,10,1854.0,18540.0
2021050505002413,NICLBSL,57,26,60,1854.0,111240.0
2021050505002412,NICLBSL,57,26,40,1854.0,74160.0
2021050505002424,NICLBSL,57,39,20,1854.0,37080.0
2021050505002423,NICLBSL,57,28,10,1854.0,18540.0
2021050505002421,NICLBSL,57,46,10,1854.0,18540.0
2021050505002420,NICLBSL,57,39,10,1854.0,18540.0
2021050505002419,NICLBSL,57,19,50,1854.0,92700.0
2021050505002418,NICLBSL,57,39,10,1854.0,18540.0
2021050505002431,NICLBSL,13,39,10,1854.0,18540.0
2021050505002430,NICLBSL,13,11,10,1854.0,18540.0
2021050505002429,NICLBSL,13,11,10,1854.0,18540.0
2021050505002428,NICLBSL,13,28,10,1854.0,18540.0
2021050505002427,NICLBSL,58,46,10,1852.0,18520.0
2021050505002426,NICLBSL,22,45,10,1852.0,18520.0
2021050505002437,NICLBSL,38,28,10,1851.0,18510.0
2021050505002436,NICLBSL,51,41,10,1854.0,18540.0
2021050505002435,NICLBSL,51,11,10,1854.0,18540.0
2021050505002434,NICLBSL,51,11,10,1854.0,18540.0
2021050505002433,NICLBSL,48,17,10,1851.0,18510.0
2021050505002432,NICLBSL,13,11,10,1854.0,18540.0
2021050505002445,NICLBSL,47,52,300,1857.0,557100.0
2021050505002444,NICLBSL,47,42,35,1857.0,64995.0
2021050505002443,NICLBSL,47,38,10,1854.0,18540.0
2021050505002441,NICLBSL,38,33,10,1851.0,18510.0
2021050505002440,NICLBSL,38,28,10,1851.0,18510.0
2021050505002439,NICLBSL,38,22,10,1851.0,18510.0
2021050505002451,NICLBSL,47,39,10,1857.0,18570.0
2021050505002450,NICLBSL,47,25,20,1857.0,37140.0
2021050505002449,NICLBSL,39,44,1,1857.0,1857.0
2021050505002448,NICLBSL,47,17,10,1857.0,18570.0
2021050505002447,NICLBSL,47,41,10,1857.0,18570.0
2021050505002446,NICLBSL,47,52,40,1857.0,74280.0
2021050505002457,NICLBSL,16,58,10,1858.0,18580.0
2021050505002456,NICLBSL,47,28,10,1857.0,18570.0
2021050505002455,NICLBSL,47,57,10,1857.0,18570.0
2021050505002454,NICLBSL,47,28,10,1857.0,18570.0
2021050505002453,NICLBSL,47,29,10,1857.0,18570.0
2021050505002452,NICLBSL,47,19,10,1857.0,18570.0
2021050505002464,NICLBSL,44,45,30,1858.0,55740.0
2021050505002463,NICLBSL,1,35,20,1859.0,37180.0
2021050505002462,NICLBSL,1,53,10,1859.0,18590.0
2021050505002461,NICLBSL,44,29,10,1858.0,18580.0
2021050505002460,NICLBSL,44,28,10,1858.0,18580.0
2021050505002458,NICLBSL,47,28,10,1857.0,18570.0
2021050505002470,NICLBSL,47,41,10,1857.0,18570.0
2021050505002469,NICLBSL,47,28,10,1857.0,18570.0
2021050505002468,NICLBSL,47,25,20,1857.0,37140.0
2021050505002467,NICLBSL,47,25,10,1857.0,18570.0
2021050505002466,NICLBSL,47,28,10,1857.0,18570.0
2021050505002465,NICLBSL,47,45,170,1857.0,315690.0
2021050505002476,NICLBSL,47,44,10,1857.0,18570.0
2021050505002475,NICLBSL,47,28,10,1857.0,18570.0
2021050505002474,NICLBSL,47,22,10,1857.0,18570.0
2021050505002473,NICLBSL,47,29,10,1857.0,18570.0
2021050505002472,NICLBSL,47,37,10,1857.0,18570.0
2021050505002471,NICLBSL,47,28,20,1857.0,37140.0
2021050505002482,NICLBSL,36,57,10,1858.0,18580.0
2021050505002481,NICLBSL,36,45,50,1858.0,92900.0
2021050505002480,NICLBSL,47,35,10,1857.0,18570.0
2021050505002479,NICLBSL,47,50,10,1857.0,18570.0
2021050505002478,NICLBSL,47,40,10,1857.0,18570.0
2021050505002477,NICLBSL,47,28,10,1857.0,18570.0
2021050505002488,NICLBSL,47,6,20,1857.0,37140.0
2021050505002487,NICLBSL,47,21,10,1857.0,18570.0
2021050505002486,NICLBSL,44,34,10,1858.0,18580.0
2021050505002485,NICLBSL,44,18,20,1858.0,37160.0
2021050505002484,NICLBSL,47,28,10,1857.0,18570.0
2021050505002483,NICLBSL,47,28,10,1857.0,18570.0
2021050505002495,NICLBSL,58,28,10,1857.0,18570.0
2021050505002494,NICLBSL,58,58,20,1857.0,37140.0
2021050505002492,NICLBSL,58,59,10,1857.0,18570.0
2021050505002491,NICLBSL,47,29,10,1857.0,18570.0
2021050505002490,NICLBSL,47,41,100,1857.0,185700.0
2021050505002489,NICLBSL,36,19,40,1860.0,74400.0
2021050505002501,NICLBSL,50,29,10,1855.0,18550.0
2021050505002500,NICLBSL,36,13,125,1859.0,232375.0
2021050505002499,NICLBSL,36,38,10,1858.0,18580.0
2021050505002498,NICLBSL,36,17,10,1857.0,18570.0
2021050505002497,NICLBSL,57,28,20,1857.0,37140.0
2021050505002496,NICLBSL,58,41,10,1857.0,18570.0
2021050505002508,NICLBSL,41,57,10,1855.0,18550.0
2021050505002507,NICLBSL,41,34,10,1855.0,18550.0
2021050505002506,NICLBSL,41,7,10,1855.0,18550.0
2021050505002505,NICLBSL,41,43,10,1855.0,18550.0
2021050505002503,NICLBSL,50,35,10,1855.0,18550.0
2021050505002502,NICLBSL,50,43,10,1855.0,18550.0
2021050505002514,NICLBSL,42,28,10,1857.0,18570.0
2021050505002513,NICLBSL,42,28,10,1857.0,18570.0
2021050505002512,NICLBSL,42,34,10,1857.0,18570.0
2021050505002511,NICLBSL,41,29,10,1855.0,18550.0
2021050505002510,NICLBSL,41,6,10,1855.0,18550.0
2021050505002509,NICLBSL,41,28,10,1855.0,18550.0
2021050505002521,NICLBSL,26,50,20,1859.0,37180.0
2021050505002520,NICLBSL,26,13,15,1859.0,27885.0
2021050505002518,NICLBSL,42,6,20,1858.0,37160.0
2021050505002517,NICLBSL,42,28,10,1858.0,18580.0
2021050505002516,NICLBSL,42,34,10,1858.0,18580.0
2021050505002515,NICLBSL,42,53,10,1858.0,18580.0
2021050505002527,NICLBSL,42,28,10,1858.0,18580.0
2021050505002526,NICLBSL,42,28,10,1858.0,18580.0
2021050505002525,NICLBSL,42,6,25,1858.0,46450.0
2021050505002524,NICLBSL,47,50,10,1859.0,18590.0
2021050505002523,NICLBSL,42,28,10,1858.0,18580.0
2021050505002522,NICLBSL,42,58,10,1858.0,18580.0
2021050505002533,NICLBSL,42,28,10,1858.0,18580.0
2021050505002532,NICLBSL,28,50,85,1859.0,158015.0
2021050505002531,NICLBSL,42,53,10,1858.0,18580.0
2021050505002530,NICLBSL,42,28,10,1858.0,18580.0
2021050505002529,NICLBSL,42,48,10,1858.0,18580.0
2021050505002528,NICLBSL,42,28,10,1858.0,18580.0
2021050505002540,NICLBSL,37,54,70,1858.0,130060.0
2021050505002539,NICLBSL,37,44,10,1858.0,18580.0
2021050505002538,NICLBSL,37,54,110,1858.0,204380.0
2021050505002537,NICLBSL,42,48,10,1857.0,18570.0
2021050505002535,NICLBSL,11,54,25,1858.0,46450.0
2021050505002534,NICLBSL,42,54,65,1858.0,120770.0
2021050505002546,NICLBSL,41,19,20,1855.0,37100.0
2021050505002545,NICLBSL,43,19,85,1860.0,158100.0
2021050505002544,NICLBSL,43,34,10,1859.0,18590.0
2021050505002543,NICLBSL,43,50,385,1859.0,715715.0
2021050505002542,NICLBSL,43,54,20,1857.0,37140.0
2021050505002541,NICLBSL,42,54,20,1857.0,37140.0
2021050505002554,NICLBSL,16,26,10,1852.0,18520.0
2021050505002553,NICLBSL,41,48,10,1851.0,18510.0
2021050505002551,NICLBSL,36,5,20,1852.0,37040.0
2021050505002550,NICLBSL,36,56,10,1852.0,18520.0
2021050505002549,NICLBSL,36,48,20,1852.0,37040.0
2021050505002548,NICLBSL,41,48,10,1855.0,18550.0
2021050505002560,NICLBSL,42,6,10,1852.0,18520.0
2021050505002559,NICLBSL,16,45,10,1855.0,18550.0
2021050505002558,NICLBSL,42,49,10,1852.0,18520.0
2021050505002557,NICLBSL,42,29,10,1852.0,18520.0
2021050505002556,NICLBSL,42,8,10,1852.0,18520.0
2021050505002555,NICLBSL,42,56,10,1852.0,18520.0
2021050505002567,NICLBSL,42,29,10,1852.0,18520.0
2021050505002565,NICLBSL,34,29,10,1857.0,18570.0
2021050505002564,NICLBSL,34,19,10,1856.0,18560.0
2021050505002563,NICLBSL,34,35,10,1855.0,18550.0
2021050505002562,NICLBSL,42,56,10,1852.0,18520.0
2021050505002561,NICLBSL,42,48,10,1852.0,18520.0
2021050505002574,NICLBSL,4,39,20,1851.0,37020.0
2021050505002573,NICLBSL,4,8,10,1851.0,18510.0
2021050505002572,NICLBSL,4,29,10,1851.0,18510.0
2021050505002571,NICLBSL,41,48,10,1851.0,18510.0
2021050505002570,NICLBSL,42,56,10,1852.0,18520.0
2021050505002569,NICLBSL,42,48,10,1852.0,18520.0
2021050505002580,NICLBSL,45,49,10,1856.0,18560.0
2021050505002579,NICLBSL,28,53,20,1851.0,37020.0
2021050505002578,NICLBSL,19,53,50,1851.0,92550.0
2021050505002577,NICLBSL,4,53,30,1851.0,55530.0
2021050505002576,NICLBSL,4,6,10,1851.0,18510.0
2021050505002575,NICLBSL,4,48,20,1851.0,37020.0
2021050505002586,NICLBSL,22,34,10,1852.0,18520.0
2021050505002585,NICLBSL,26,49,33,1851.0,61083.0
2021050505002584,NICLBSL,59,49,50,1851.0,92550.0
2021050505002583,NICLBSL,28,49,17,1851.0,31467.0
2021050505002582,NICLBSL,19,34,10,1852.0,18520.0
2021050505002581,NICLBSL,45,46,18,1857.0,33426.0
2021050505002592,NICLBSL,29,58,10,1852.0,18520.0
2021050505002591,NICLBSL,26,34,10,1851.0,18510.0
2021050505002590,NICLBSL,26,49,10,1851.0,18510.0
2021050505002589,NICLBSL,26,29,10,1851.0,18510.0
2021050505002588,NICLBSL,26,6,10,1851.0,18510.0
2021050505002587,NICLBSL,22,48,10,1852.0,18520.0
2021050505002598,NICLBSL,26,36,10,1851.0,18510.0
2021050505002597,NICLBSL,26,7,10,1851.0,18510.0
2021050505002596,NICLBSL,29,36,10,1852.0,18520.0
2021050505002595,NICLBSL,29,44,10,1852.0,18520.0
2021050505002594,NICLBSL,29,49,10,1852.0,18520.0
2021050505002593,NICLBSL,29,29,10,1852.0,18520.0
2021050505002604,NICLBSL,51,17,10,1850.0,18500.0
2021050505002603,NICLBSL,51,38,10,1850.0,18500.0
2021050505002602,NICLBSL,32,17,20,1851.0,37020.0
2021050505002601,NICLBSL,51,56,20,1850.0,37000.0
2021050505002600,NICLBSL,51,36,10,1850.0,18500.0
2021050505002599,NICLBSL,26,17,172,1851.0,318372.0
2021050505002610,NICLBSL,37,3,10,1851.0,18510.0
2021050505002609,NICLBSL,37,58,10,1851.0,18510.0
2021050505002608,NICLBSL,37,6,10,1851.0,18510.0
2021050505002607,NICLBSL,37,57,15,1851.0,27765.0
2021050505002606,NICLBSL,37,26,20,1851.0,37020.0
2021050505002605,NICLBSL,37,6,10,1851.0,18510.0
2021050505002616,NICLBSL,34,57,10,1854.0,18540.0
2021050505002615,NICLBSL,34,49,10,1854.0,18540.0
2021050505002614,NICLBSL,34,34,20,1854.0,37080.0
2021050505002613,NICLBSL,34,39,20,1851.0,37020.0
2021050505002612,NICLBSL,37,6,10,1851.0,18510.0
2021050505002611,NICLBSL,37,50,10,1851.0,18510.0
2021050505002622,NICLBSL,17,29,10,1851.0,18510.0
2021050505002621,NICLBSL,16,17,15,1851.0,27765.0
2021050505002620,NICLBSL,32,17,10,1851.0,18510.0
2021050505002619,NICLBSL,47,56,72,1855.0,133560.0
2021050505002618,NICLBSL,47,29,100,1855.0,185500.0
2021050505002617,NICLBSL,47,57,28,1854.0,51912.0
2021050505002628,NICLBSL,51,28,10,1850.0,18500.0
2021050505002627,NICLBSL,32,32,10,1851.0,18510.0
2021050505002626,NICLBSL,40,58,20,1851.0,37020.0
2021050505002625,NICLBSL,40,29,10,1851.0,18510.0
2021050505002624,NICLBSL,40,4,20,1851.0,37020.0
2021050505002623,NICLBSL,17,4,70,1851.0,129570.0
2021050505002634,NICLBSL,55,5,10,1852.0,18520.0
2021050505002633,NICLBSL,49,35,10,1854.0,18540.0
2021050505002632,NICLBSL,49,49,10,1854.0,18540.0
2021050505002631,NICLBSL,55,14,10,1852.0,18520.0
2021050505002630,NICLBSL,55,45,10,1852.0,18520.0
2021050505002629,NICLBSL,55,3,41,1852.0,75932.0
2021050505002640,NICLBSL,39,29,10,1851.0,18510.0
2021050505002639,NICLBSL,39,47,10,1851.0,18510.0
2021050505002638,NICLBSL,39,48,10,1851.0,18510.0
2021050505002637,NICLBSL,45,17,15,1852.0,27780.0
2021050505002636,NICLBSL,46,42,10,1851.0,18510.0
2021050505002635,NICLBSL,55,22,20,1852.0,37040.0
2021050505002648,NICLBSL,58,48,10,1852.0,18520.0
2021050505002647,NICLBSL,58,48,10,1852.0,18520.0
2021050505002646,NICLBSL,58,17,24,1852.0,44448.0
2021050505002645,NICLBSL,25,11,90,1851.0,166590.0
2021050505002644,NICLBSL,39,11,10,1851.0,18510.0
2021050505002642,NICLBSL,39,48,10,1851.0,18510.0
2021050505002654,NICLBSL,51,48,10,1850.0,18500.0
2021050505002653,NICLBSL,51,38,10,1850.0,18500.0
2021050505002652,NICLBSL,34,59,40,1852.0,74080.0
2021050505002651,NICLBSL,34,26,10,1852.0,18520.0
2021050505002650,NICLBSL,25,48,10,1851.0,18510.0
2021050505002649,NICLBSL,58,17,10,1852.0,18520.0
2021050505002660,NICLBSL,58,19,10,1850.0,18500.0
2021050505002659,NICLBSL,43,59,10,1851.0,18510.0
2021050505002658,NICLBSL,58,48,10,1850.0,18500.0
2021050505002657,NICLBSL,38,17,24,1850.0,44400.0
2021050505002656,NICLBSL,51,17,20,1850.0,37000.0
2021050505002655,NICLBSL,45,59,38,1851.0,70338.0
2021050505002666,NICLBSL,34,6,10,1852.0,18520.0
2021050505002665,NICLBSL,34,3,10,1852.0,18520.0
2021050505002664,NICLBSL,34,5,16,1851.0,29616.0
2021050505002663,NICLBSL,34,57,10,1851.0,18510.0
2021050505002662,NICLBSL,34,59,12,1851.0,22212.0
2021050505002661,NICLBSL,58,28,10,1850.0,18500.0
2021050505002672,NICLBSL,50,29,10,1852.0,18520.0
2021050505002671,NICLBSL,50,32,10,1852.0,18520.0
2021050505002670,NICLBSL,50,5,10,1851.0,18510.0
2021050505002669,NICLBSL,26,19,20,1851.0,37020.0
2021050505002668,NICLBSL,26,29,10,1851.0,18510.0
2021050505002667,NICLBSL,38,6,20,1854.0,37080.0
2021050505002678,NICLBSL,48,22,6,1815.0,10890.0
2021050505002677,NICLBSL,50,28,10,1851.0,18510.0
2021050505002676,NICLBSL,50,16,10,1851.0,18510.0
2021050505002675,NICLBSL,50,29,10,1852.0,18520.0
2021050505002674,NICLBSL,50,38,16,1852.0,29632.0
2021050505002673,NICLBSL,14,39,20,1853.0,37060.0
2021050505002684,NICLBSL,52,34,10,1854.0,18540.0
2021050505002683,NICLBSL,41,35,10,1854.0,18540.0
2021050505002682,NICLBSL,41,6,90,1854.0,166860.0
2021050505002681,NICLBSL,49,6,90,1854.0,166860.0
2021050505002680,NICLBSL,49,56,10,1852.0,18520.0
2021050505002679,NICLBSL,50,38,35,1851.0,64785.0
2021050505002690,NICLBSL,50,58,35,1851.0,64785.0
2021050505002689,NICLBSL,21,19,40,1852.0,74080.0
2021050505002688,NICLBSL,42,39,7,1854.0,12978.0
2021050505002687,NICLBSL,42,37,10,1854.0,18540.0
2021050505002686,NICLBSL,42,17,10,1854.0,18540.0
2021050505002685,NICLBSL,21,19,10,1852.0,18520.0
2021050505002696,NICLBSL,47,58,10,1852.0,18520.0
2021050505002695,NICLBSL,47,29,10,1852.0,18520.0
2021050505002694,NICLBSL,47,38,10,1852.0,18520.0
2021050505002693,NICLBSL,45,38,10,1851.0,18510.0
2021050505002692,NICLBSL,8,14,10,1851.0,18510.0
2021050505002691,NICLBSL,14,58,50,1851.0,92550.0
2021050505002702,NICLBSL,3,56,10,1854.0,18540.0
2021050505002701,NICLBSL,41,43,10,1853.0,18530.0
2021050505002700,NICLBSL,41,16,10,1853.0,18530.0
2021050505002699,NICLBSL,41,39,10,1853.0,18530.0
2021050505002698,NICLBSL,47,14,10,1852.0,18520.0
2021050505002697,NICLBSL,47,36,10,1852.0,18520.0
2021050505002709,NICLBSL,34,28,10,1854.0,18540.0
2021050505002708,NICLBSL,51,56,20,1855.0,37100.0
2021050505002707,NICLBSL,41,13,50,1855.0,92750.0
2021050505002705,NICLBSL,34,22,10,1854.0,18540.0
2021050505002704,NICLBSL,41,29,10,1853.0,18530.0
2021050505002703,NICLBSL,54,16,10,1854.0,18540.0
2021050505002715,NICLBSL,22,48,10,1855.0,18550.0
2021050505002714,NICLBSL,22,3,10,1855.0,18550.0
2021050505002713,NICLBSL,22,3,10,1855.0,18550.0
2021050505002712,NICLBSL,22,39,10,1855.0,18550.0
2021050505002711,NICLBSL,22,29,10,1855.0,18550.0
2021050505002710,NICLBSL,53,32,10,1855.0,18550.0
2021050505002721,NICLBSL,14,55,10,1855.0,18550.0
2021050505002720,NICLBSL,14,37,10,1855.0,18550.0
2021050505002719,NICLBSL,14,48,10,1855.0,18550.0
2021050505002718,NICLBSL,14,3,10,1855.0,18550.0
2021050505002717,NICLBSL,34,28,10,1854.0,18540.0
2021050505002716,NICLBSL,34,29,10,1854.0,18540.0
2021050505002727,NICLBSL,41,41,10,1855.0,18550.0
2021050505002726,NICLBSL,34,59,10,1854.0,18540.0
2021050505002725,NICLBSL,14,48,50,1856.0,92800.0
2021050505002724,NICLBSL,14,37,10,1855.0,18550.0
2021050505002723,NICLBSL,14,38,10,1855.0,18550.0
2021050505002722,NICLBSL,14,38,10,1855.0,18550.0
2021050505002733,NICLBSL,58,46,30,1857.0,55710.0
2021050505002732,NICLBSL,58,44,20,1856.0,37120.0
2021050505002731,NICLBSL,21,37,10,1856.0,18560.0
2021050505002730,NICLBSL,21,38,10,1856.0,18560.0
2021050505002729,NICLBSL,41,42,10,1855.0,18550.0
2021050505002728,NICLBSL,41,28,10,1855.0,18550.0
2021050505002739,NICLBSL,26,11,10,1858.0,18580.0
2021050505002738,NICLBSL,26,45,10,1858.0,18580.0
2021050505002737,NICLBSL,26,6,10,1858.0,18580.0
2021050505002736,NICLBSL,26,6,10,1858.0,18580.0
2021050505002735,NICLBSL,5,37,10,1857.0,18570.0
2021050505002734,NICLBSL,5,46,62,1857.0,115134.0
2021050505002745,NICLBSL,26,28,10,1858.0,18580.0
2021050505002744,NICLBSL,5,49,10,1857.0,18570.0
2021050505002743,NICLBSL,28,28,100,1858.0,185800.0
2021050505002742,NICLBSL,26,28,190,1858.0,353020.0
2021050505002741,NICLBSL,26,6,10,1858.0,18580.0
2021050505002740,NICLBSL,26,6,10,1858.0,18580.0
2021050505002751,NICLBSL,39,42,50,1860.0,93000.0
2021050505002750,NICLBSL,39,29,20,1860.0,37200.0
2021050505002749,NICLBSL,39,6,10,1860.0,18600.0
2021050505002748,NICLBSL,39,25,10,1859.0,18590.0
2021050505002747,NICLBSL,39,28,10,1859.0,18590.0
2021050505002746,NICLBSL,39,26,20,1859.0,37180.0
2021050505002757,NICLBSL,39,52,10,1860.0,18600.0
2021050505002756,NICLBSL,39,34,10,1860.0,18600.0
2021050505002755,NICLBSL,39,49,50,1860.0,93000.0
2021050505002754,NICLBSL,39,44,10,1860.0,18600.0
2021050505002753,NICLBSL,39,39,10,1860.0,18600.0
2021050505002752,NICLBSL,39,5,10,1860.0,18600.0
2021050505002763,NICLBSL,39,21,100,1860.0,186000.0
2021050505002762,NICLBSL,39,6,10,1860.0,18600.0
2021050505002761,NICLBSL,39,36,30,1860.0,55800.0
2021050505002760,NICLBSL,39,58,10,1860.0,18600.0
2021050505002759,NICLBSL,39,34,10,1860.0,18600.0
2021050505002758,NICLBSL,39,32,10,1860.0,18600.0
2021050505002422,RURU,49,51,10,454.0,4540.0
2021050505002253,MLBSL,47,52,10,4573.0,45730.0
2021050505002251,MLBSL,47,40,10,4573.0,45730.0
2021050505002209,MLBSL,47,57,10,4573.0,45730.0
2021050505002199,MLBSL,47,45,10,4573.0,45730.0
2021050505002198,MLBSL,47,14,10,4573.0,45730.0
2021050505002181,MLBSL,47,17,10,4573.0,45730.0
2021050505001848,MLBSL,47,58,10,4573.0,45730.0
2021050505001846,MLBSL,47,52,10,4573.0,45730.0
2021050505001812,MLBSL,47,21,10,4573.0,45730.0
2021050505001798,MLBSL,47,22,10,4573.0,45730.0
2021050505001797,MLBSL,47,13,10,4573.0,45730.0
2021050505001926,MLBSL,47,34,10,4573.0,45730.0
2021050505001922,MLBSL,47,14,10,4573.0,45730.0
2021050505001915,MLBSL,47,36,10,4573.0,45730.0
2021050505001892,MLBSL,47,8,10,4573.0,45730.0
2021050505001875,MLBSL,47,55,10,4573.0,45730.0
2021050505001874,MLBSL,47,45,10,4573.0,45730.0
2021050505002038,MLBSL,47,45,10,4573.0,45730.0
2021050505002036,MLBSL,47,22,10,4573.0,45730.0
2021050505002032,MLBSL,47,18,10,4573.0,45730.0
2021050505001989,MLBSL,47,8,10,4573.0,45730.0
2021050505001984,MLBSL,47,11,10,4573.0,45730.0
2021050505001980,MLBSL,47,34,10,4573.0,45730.0
2021050505002164,MLBSL,47,54,10,4573.0,45730.0
2021050505002136,MLBSL,47,29,10,4573.0,45730.0
2021050505002102,MLBSL,47,43,10,4573.0,45730.0
2021050505002086,MLBSL,47,49,10,4573.0,45730.0
2021050505002082,MLBSL,47,47,10,4573.0,45730.0
2021050505002043,MLBSL,47,21,10,4573.0,45730.0
2021050505002271,NICLBSL,58,57,25,1861.0,46525.0
2021050505002270,NICLBSL,58,46,10,1861.0,18610.0
2021050505002269,NICLBSL,58,57,10,1861.0,18610.0
2021050505002268,NICLBSL,7,39,10,1860.0,18600.0
2021050505002267,NICLBSL,32,28,10,1861.0,18610.0
2021050505002266,NICLBSL,7,39,10,1860.0,18600.0
2021050505001774,NICLBSL,14,41,10,1870.0,18700.0
2021050505001773,NICLBSL,14,18,10,1870.0,18700.0
2021050505001772,NICLBSL,48,26,46,1869.0,85974.0
2021050505001780,NICLBSL,14,22,10,1870.0,18700.0
2021050505001779,NICLBSL,14,56,10,1870.0,18700.0
2021050505001778,NICLBSL,14,40,20,1870.0,37400.0
2021050505001777,NICLBSL,14,33,10,1870.0,18700.0
2021050505001776,NICLBSL,14,52,10,1870.0,18700.0
2021050505001775,NICLBSL,14,17,10,1870.0,18700.0
2021050505001786,NICLBSL,38,42,10,1875.0,18750.0
2021050505001785,NICLBSL,38,42,14,1875.0,26250.0
2021050505001784,NICLBSL,38,42,10,1875.0,18750.0
2021050505001783,NICLBSL,38,38,10,1872.0,18720.0
2021050505001782,NICLBSL,41,6,10,1871.0,18710.0
2021050505001781,NICLBSL,41,14,10,1871.0,18710.0
2021050505001792,NICLBSL,38,17,10,1875.0,18750.0
2021050505001791,NICLBSL,38,54,10,1875.0,18750.0
2021050505001790,NICLBSL,38,54,10,1875.0,18750.0
2021050505001789,NICLBSL,38,49,25,1875.0,46875.0
2021050505001788,NICLBSL,38,26,200,1875.0,375000.0
2021050505001787,NICLBSL,38,42,10,1875.0,18750.0
2021050505001800,NICLBSL,38,47,20,1875.0,37500.0
2021050505001799,NICLBSL,38,3,41,1875.0,76875.0
2021050505001796,NICLBSL,47,39,70,1879.0,131530.0
2021050505001795,NICLBSL,38,52,10,1875.0,18750.0
2021050505001794,NICLBSL,38,45,10,1875.0,18750.0
2021050505001793,NICLBSL,38,29,10,1875.0,18750.0
2021050505001806,NICLBSL,47,39,27,1879.0,50733.0
2021050505001805,NICLBSL,47,49,10,1878.0,18780.0
2021050505001804,NICLBSL,1,57,10,1876.0,18760.0
2021050505001803,NICLBSL,58,49,100,1878.0,187800.0
2021050505001802,NICLBSL,17,39,40,1879.0,75160.0
2021050505001801,NICLBSL,17,58,10,1878.0,18780.0
2021050505001813,NICLBSL,34,50,20,1880.0,37600.0
2021050505001811,NICLBSL,47,4,43,1879.0,80797.0
2021050505001810,NICLBSL,47,16,10,1879.0,18790.0
2021050505001809,NICLBSL,47,52,10,1879.0,18790.0
2021050505001808,NICLBSL,47,45,10,1879.0,18790.0
2021050505001807,NICLBSL,47,55,10,1879.0,18790.0
2021050505001819,NICLBSL,42,11,10,1879.0,18790.0
2021050505001818,NICLBSL,58,45,10,1877.0,18770.0
2021050505001817,NICLBSL,58,14,14,1877.0,26278.0
2021050505001816,NICLBSL,49,50,100,1880.0,188000.0
2021050505001815,NICLBSL,58,43,40,1877.0,75080.0
2021050505001814,NICLBSL,17,43,10,1878.0,18780.0
2021050505001825,NICLBSL,58,57,36,1877.0,67572.0
2021050505001824,NICLBSL,42,57,37,1879.0,69523.0
2021050505001823,NICLBSL,42,50,40,1880.0,75200.0
2021050505001822,NICLBSL,42,11,10,1879.0,18790.0
2021050505001821,NICLBSL,40,50,15,1880.0,28200.0
2021050505001820,NICLBSL,42,54,10,1879.0,18790.0
2021050505001831,NICLBSL,16,50,54,1880.0,101520.0
2021050505001830,NICLBSL,16,51,46,1879.0,86434.0
2021050505001829,NICLBSL,43,50,100,1880.0,188000.0
2021050505001828,NICLBSL,14,50,40,1880.0,75200.0
2021050505001827,NICLBSL,21,57,37,1877.0,69449.0
2021050505001826,NICLBSL,50,57,100,1877.0,187700.0
2021050505001837,NICLBSL,52,39,20,1880.0,37600.0
2021050505001836,NICLBSL,34,49,40,1879.0,75160.0
2021050505001835,NICLBSL,1,39,70,1880.0,131600.0
2021050505001834,NICLBSL,47,39,170,1880.0,319600.0
2021050505001833,NICLBSL,47,50,80,1880.0,150400.0
2021050505001832,NICLBSL,58,50,40,1880.0,75200.0
2021050505001843,NICLBSL,58,35,10,1880.0,18800.0
2021050505001842,NICLBSL,58,58,10,1880.0,18800.0
2021050505001841,NICLBSL,58,17,10,1880.0,18800.0
2021050505001840,NICLBSL,58,4,34,1880.0,63920.0
2021050505001839,NICLBSL,58,4,66,1880.0,124080.0
2021050505001838,NICLBSL,58,39,34,1880.0,63920.0
2021050505001851,NICLBSL,39,26,10,1885.0,18850.0
2021050505001850,NICLBSL,4,37,20,1885.0,37700.0
2021050505001849,NICLBSL,54,44,10,1884.0,18840.0
2021050505001847,NICLBSL,58,42,50,1880.0,94000.0
2021050505001845,NICLBSL,58,55,100,1880.0,188000.0
2021050505001844,NICLBSL,58,21,10,1880.0,18800.0
2021050505001857,NICLBSL,58,49,12,1890.0,22680.0
2021050505001856,NICLBSL,58,32,10,1890.0,18900.0
2021050505001855,NICLBSL,20,7,10,1885.0,18850.0
2021050505001854,NICLBSL,20,19,10,1884.0,18840.0
2021050505001853,NICLBSL,53,49,40,1884.0,75360.0
2021050505001852,NICLBSL,53,38,10,1884.0,18840.0
2021050505001863,NICLBSL,39,41,40,1889.0,75560.0
2021050505001862,NICLBSL,39,39,10,1888.0,18880.0
2021050505001861,NICLBSL,53,36,10,1885.0,18850.0
2021050505001860,NICLBSL,51,41,10,1889.0,18890.0
2021050505001859,NICLBSL,53,55,40,1885.0,75400.0
2021050505001858,NICLBSL,25,55,10,1885.0,18850.0
2021050505001869,NICLBSL,39,6,40,1888.0,75520.0
2021050505001868,NICLBSL,45,6,20,1888.0,37760.0
2021050505001867,NICLBSL,58,16,113,1889.0,213457.0
2021050505001866,NICLBSL,58,16,30,1888.0,56640.0
2021050505001865,NICLBSL,50,45,10,1885.0,18850.0
2021050505001864,NICLBSL,39,16,10,1889.0,18890.0
2021050505001877,NICLBSL,50,40,10,1885.0,18850.0
2021050505001876,NICLBSL,51,42,10,1887.0,18870.0
2021050505001873,NICLBSL,49,6,30,1888.0,56640.0
2021050505001872,NICLBSL,50,58,10,1885.0,18850.0
2021050505001871,NICLBSL,50,1,10,1885.0,18850.0
2021050505001870,NICLBSL,50,54,10,1885.0,18850.0
2021050505001883,NICLBSL,26,35,10,1887.0,18870.0
2021050505001882,NICLBSL,26,5,10,1887.0,18870.0
2021050505001881,NICLBSL,26,42,40,1887.0,75480.0
2021050505001880,NICLBSL,58,6,210,1886.0,396060.0
2021050505001879,NICLBSL,34,41,45,1885.0,84825.0
2021050505001878,NICLBSL,50,41,50,1885.0,94250.0
2021050505001889,NICLBSL,47,39,10,1888.0,18880.0
2021050505001888,NICLBSL,47,58,117,1888.0,220896.0
2021050505001887,NICLBSL,16,39,10,1887.0,18870.0
2021050505001886,NICLBSL,16,52,10,1887.0,18870.0
2021050505001885,NICLBSL,26,52,30,1887.0,56610.0
2021050505001884,NICLBSL,26,17,10,1887.0,18870.0
2021050505001896,NICLBSL,58,57,10,1886.0,18860.0
2021050505001895,NICLBSL,58,46,10,1886.0,18860.0
2021050505001894,NICLBSL,58,39,10,1886.0,18860.0
2021050505001893,NICLBSL,47,35,13,1888.0,24544.0
2021050505001891,NICLBSL,47,39,10,1888.0,18880.0
2021050505001890,NICLBSL,47,51,100,1888.0,188800.0
2021050505001902,NICLBSL,58,49,20,1885.0,37700.0
2021050505001901,NICLBSL,10,39,20,1886.0,37720.0
2021050505001900,NICLBSL,58,35,30,1885.0,56550.0
2021050505001899,NICLBSL,58,39,10,1885.0,18850.0
2021050505001898,NICLBSL,45,38,10,1886.0,18860.0
2021050505001897,NICLBSL,58,11,10,1886.0,18860.0
2021050505001908,NICLBSL,26,42,50,1885.0,94250.0
2021050505001907,NICLBSL,26,57,10,1885.0,18850.0
2021050505001906,NICLBSL,25,39,10,1881.0,18810.0
2021050505001905,NICLBSL,49,57,30,1885.0,56550.0
2021050505001904,NICLBSL,49,39,60,1885.0,113100.0
2021050505001903,NICLBSL,58,39,40,1885.0,75400.0
2021050505001914,NICLBSL,38,39,20,1880.0,37600.0
2021050505001913,NICLBSL,38,6,20,1880.0,37600.0
2021050505001912,NICLBSL,22,6,20,1880.0,37600.0
2021050505001911,NICLBSL,32,6,40,1880.0,75200.0
2021050505001910,NICLBSL,17,6,30,1880.0,56400.0
2021050505001909,NICLBSL,17,39,10,1880.0,18800.0
2021050505001921,NICLBSL,21,35,40,1879.0,75160.0
2021050505001920,NICLBSL,33,35,30,1879.0,56370.0
2021050505001919,NICLBSL,33,58,10,1879.0,18790.0
2021050505001918,NICLBSL,33,16,10,1879.0,18790.0
2021050505001917,NICLBSL,33,34,50,1879.0,93950.0
2021050505001916,NICLBSL,38,6,253,1880.0,475640.0
2021050505001929,NICLBSL,47,17,10,1876.0,18760.0
2021050505001928,NICLBSL,47,16,10,1876.0,18760.0
2021050505001927,NICLBSL,47,47,10,1876.0,18760.0
2021050505001925,NICLBSL,47,17,10,1876.0,18760.0
2021050505001924,NICLBSL,50,25,70,1875.0,131250.0
2021050505001923,NICLBSL,38,25,30,1875.0,56250.0
2021050505001935,NICLBSL,47,58,10,1876.0,18760.0
2021050505001934,NICLBSL,47,6,10,1876.0,18760.0
2021050505001933,NICLBSL,47,35,20,1876.0,37520.0
2021050505001932,NICLBSL,47,42,10,1876.0,18760.0
2021050505001931,NICLBSL,47,34,20,1876.0,37520.0
2021050505001930,NICLBSL,47,54,86,1876.0,161336.0
2021050505001941,NICLBSL,50,33,10,1875.0,18750.0
2021050505001940,NICLBSL,47,53,24,1876.0,45024.0
2021050505001939,NICLBSL,47,45,10,1876.0,18760.0
2021050505001938,NICLBSL,47,49,10,1876.0,18760.0
2021050505001937,NICLBSL,47,42,10,1876.0,18760.0
2021050505001936,NICLBSL,47,50,50,1876.0,93800.0
2021050505001947,NICLBSL,38,19,50,1875.0,93750.0
2021050505001946,NICLBSL,44,19,20,1875.0,37500.0
2021050505001945,NICLBSL,44,6,30,1875.0,56250.0
2021050505001944,NICLBSL,21,6,20,1875.0,37500.0
2021050505001943,NICLBSL,36,53,40,1876.0,75040.0
2021050505001942,NICLBSL,50,22,15,1875.0,28125.0
2021050505001953,NICLBSL,7,49,10,1876.0,18760.0
2021050505001952,NICLBSL,7,49,10,1876.0,18760.0
2021050505001951,NICLBSL,7,39,10,1876.0,18760.0
2021050505001950,NICLBSL,7,58,10,1876.0,18760.0
2021050505001949,NICLBSL,7,53,40,1876.0,75040.0
2021050505001948,NICLBSL,45,19,20,1875.0,37500.0
2021050505001959,NICLBSL,7,38,10,1878.0,18780.0
2021050505001958,NICLBSL,7,35,100,1878.0,187800.0
2021050505001957,NICLBSL,7,22,15,1878.0,28170.0
2021050505001956,NICLBSL,7,5,10,1877.0,18770.0
2021050505001955,NICLBSL,7,42,100,1877.0,187700.0
2021050505001954,NICLBSL,7,21,10,1876.0,18760.0
2021050505001965,NICLBSL,7,41,10,1880.0,18800.0
2021050505001964,NICLBSL,7,5,10,1880.0,18800.0
2021050505001963,NICLBSL,7,54,12,1880.0,22560.0
2021050505001962,NICLBSL,7,57,60,1880.0,112800.0
2021050505001961,NICLBSL,7,48,10,1880.0,18800.0
2021050505001960,NICLBSL,7,58,10,1879.0,18790.0
2021050505001971,NICLBSL,47,57,10,1871.0,18710.0
2021050505001970,NICLBSL,14,58,10,1871.0,18710.0
2021050505001969,NICLBSL,14,7,190,1871.0,355490.0
2021050505001968,NICLBSL,7,56,43,1880.0,80840.0
2021050505001967,NICLBSL,7,21,10,1880.0,18800.0
2021050505001966,NICLBSL,7,42,10,1880.0,18800.0
2021050505001977,NICLBSL,38,16,10,1873.0,18730.0
2021050505001976,NICLBSL,38,6,10,1873.0,18730.0
2021050505001975,NICLBSL,38,57,20,1873.0,37460.0
2021050505001974,NICLBSL,58,35,10,1875.0,18750.0
2021050505001973,NICLBSL,38,58,10,1873.0,18730.0
2021050505001972,NICLBSL,38,6,27,1873.0,50571.0
2021050505001985,NICLBSL,51,6,10,1873.0,18730.0
2021050505001983,NICLBSL,47,36,50,1871.0,93550.0
2021050505001982,NICLBSL,49,36,10,1873.0,18730.0
2021050505001981,NICLBSL,38,36,20,1875.0,37500.0
2021050505001979,NICLBSL,38,56,10,1873.0,18730.0
2021050505001978,NICLBSL,38,45,10,1873.0,18730.0
2021050505001992,NICLBSL,48,43,10,1876.0,18760.0
2021050505001991,NICLBSL,18,38,20,1876.0,37520.0
2021050505001990,NICLBSL,18,41,20,1876.0,37520.0
2021050505001988,NICLBSL,47,29,10,1875.0,18750.0
2021050505001987,NICLBSL,51,56,10,1875.0,18750.0
2021050505001986,NICLBSL,51,58,10,1875.0,18750.0
2021050505001998,NICLBSL,39,39,"4,483",1879.0,8423557.0
2021050505001997,NICLBSL,48,39,429,1880.0,806520.0
2021050505001996,NICLBSL,48,51,50,1880.0,94000.0
2021050505001995,NICLBSL,48,44,10,1880.0,18800.0
2021050505001994,NICLBSL,48,56,57,1880.0,107160.0
2021050505001993,NICLBSL,48,56,10,1876.0,18760.0
2021050505002004,NICLBSL,39,16,10,1879.0,18790.0
2021050505002003,NICLBSL,39,38,10,1879.0,18790.0
2021050505002002,NICLBSL,39,6,10,1879.0,18790.0
2021050505002001,NICLBSL,39,59,20,1879.0,37580.0
2021050505002000,NICLBSL,39,57,150,1879.0,281850.0
2021050505001999,NICLBSL,39,39,10,1879.0,18790.0
2021050505002010,NICLBSL,45,6,10,1880.0,18800.0
2021050505002009,NICLBSL,45,48,10,1880.0,18800.0
2021050505002008,NICLBSL,39,39,10,1879.0,18790.0
2021050505002007,NICLBSL,39,43,10,1879.0,18790.0
2021050505002006,NICLBSL,39,55,112,1879.0,210448.0
2021050505002005,NICLBSL,39,38,10,1879.0,18790.0
2021050505002016,NICLBSL,45,16,10,1880.0,18800.0
2021050505002015,NICLBSL,45,51,10,1880.0,18800.0
2021050505002014,NICLBSL,39,54,10,1884.0,18840.0
2021050505002013,NICLBSL,45,28,30,1880.0,56400.0
2021050505002012,NICLBSL,45,49,10,1880.0,18800.0
2021050505002011,NICLBSL,45,38,20,1880.0,37600.0
2021050505002022,NICLBSL,45,21,10,1881.0,18810.0
2021050505002021,NICLBSL,39,55,20,1879.0,37580.0
2021050505002020,NICLBSL,39,45,20,1879.0,37580.0
2021050505002019,NICLBSL,39,43,10,1879.0,18790.0
2021050505002018,NICLBSL,39,21,10,1879.0,18790.0
2021050505002017,NICLBSL,38,54,50,1884.0,94200.0
2021050505002028,NICLBSL,39,39,300,1883.0,564900.0
2021050505002027,NICLBSL,16,21,10,1881.0,18810.0
2021050505002026,NICLBSL,16,6,310,1881.0,583110.0
2021050505002025,NICLBSL,45,6,70,1881.0,131670.0
2021050505002024,NICLBSL,45,43,10,1881.0,18810.0
2021050505002023,NICLBSL,45,45,10,1881.0,18810.0
2021050505002035,NICLBSL,14,58,10,1883.0,18830.0
2021050505002034,NICLBSL,14,53,60,1883.0,112980.0
2021050505002033,NICLBSL,19,43,20,1882.0,37640.0
2021050505002031,NICLBSL,19,45,10,1882.0,18820.0
2021050505002030,NICLBSL,45,40,100,1884.0,188400.0
2021050505002029,NICLBSL,19,43,10,1882.0,18820.0
2021050505002044,NICLBSL,19,7,50,1882.0,94100.0
2021050505002042,NICLBSL,19,38,10,1882.0,18820.0
2021050505002041,NICLBSL,58,40,90,1884.0,169560.0
2021050505002040,NICLBSL,14,54,10,1883.0,18830.0
2021050505002039,NICLBSL,14,10,10,1883.0,18830.0
2021050505002037,NICLBSL,14,10,10,1883.0,18830.0
2021050505002050,NICLBSL,16,35,20,1881.0,37620.0
2021050505002049,NICLBSL,16,21,50,1881.0,94050.0
2021050505002048,NICLBSL,16,10,10,1881.0,18810.0
2021050505002047,NICLBSL,43,7,10,1882.0,18820.0
2021050505002046,NICLBSL,49,7,15,1882.0,28230.0
2021050505002045,NICLBSL,35,7,120,1882.0,225840.0
2021050505002056,NICLBSL,39,17,160,1880.0,300800.0
2021050505002055,NICLBSL,16,17,40,1881.0,75240.0
2021050505002054,NICLBSL,16,44,10,1881.0,18810.0
2021050505002053,NICLBSL,16,35,20,1881.0,37620.0
2021050505002052,NICLBSL,16,21,10,1881.0,18810.0
2021050505002051,NICLBSL,16,58,20,1881.0,37620.0
2021050505002062,NICLBSL,39,17,10,1880.0,18800.0
2021050505002061,NICLBSL,39,8,10,1880.0,18800.0
2021050505002060,NICLBSL,39,55,50,1880.0,94000.0
2021050505002059,NICLBSL,16,36,31,1881.0,58311.0
2021050505002058,NICLBSL,16,7,10,1881.0,18810.0
2021050505002057,NICLBSL,39,8,10,1880.0,18800.0
2021050505002068,NICLBSL,39,1,10,1879.0,18790.0
2021050505002067,NICLBSL,58,7,10,1880.0,18800.0
2021050505002066,NICLBSL,16,7,20,1880.0,37600.0
2021050505002065,NICLBSL,28,7,100,1880.0,188000.0
2021050505002064,NICLBSL,39,7,10,1880.0,18800.0
2021050505002063,NICLBSL,39,41,50,1880.0,94000.0
2021050505002074,NICLBSL,58,32,22,1878.0,41316.0
2021050505002073,NICLBSL,7,58,10,1877.0,18770.0
2021050505002072,NICLBSL,7,14,10,1877.0,18770.0
2021050505002071,NICLBSL,39,32,18,1878.0,33804.0
2021050505002070,NICLBSL,7,17,10,1877.0,18770.0
2021050505002069,NICLBSL,56,32,10,1879.0,18790.0
2021050505002080,NICLBSL,28,56,10,1878.0,18780.0
2021050505002079,NICLBSL,57,10,10,1876.0,18760.0
2021050505002078,NICLBSL,57,10,10,1876.0,18760.0
2021050505002077,NICLBSL,7,10,70,1877.0,131390.0
2021050505002076,NICLBSL,58,7,68,1880.0,127840.0
2021050505002075,NICLBSL,58,47,10,1879.0,18790.0
2021050505002088,NICLBSL,47,29,10,1875.0,18750.0
2021050505002087,NICLBSL,42,53,10,1876.0,18760.0
2021050505002085,NICLBSL,21,1,10,1879.0,18790.0
2021050505002084,NICLBSL,21,58,10,1878.0,18780.0
2021050505002083,NICLBSL,42,59,10,1876.0,18760.0
2021050505002081,NICLBSL,28,10,10,1878.0,18780.0
2021050505002094,NICLBSL,47,58,18,1875.0,33750.0
2021050505002093,NICLBSL,47,32,10,1875.0,18750.0
2021050505002092,NICLBSL,51,34,12,1879.0,22548.0
2021050505002091,NICLBSL,51,13,10,1876.0,18760.0
2021050505002090,NICLBSL,47,41,10,1875.0,18750.0
2021050505002089,NICLBSL,47,41,10,1875.0,18750.0
2021050505002100,NICLBSL,47,56,10,1875.0,18750.0
2021050505002099,NICLBSL,28,13,10,1880.0,18800.0
2021050505002098,NICLBSL,28,8,10,1880.0,18800.0
2021050505002097,NICLBSL,28,7,22,1880.0,41360.0
2021050505002096,NICLBSL,21,59,10,1876.0,18760.0
2021050505002095,NICLBSL,47,10,10,1875.0,18750.0
2021050505002107,NICLBSL,58,13,10,1876.0,18760.0
2021050505002106,NICLBSL,47,16,10,1875.0,18750.0
2021050505002105,NICLBSL,47,48,10,1875.0,18750.0
2021050505002104,NICLBSL,47,28,10,1875.0,18750.0
2021050505002103,NICLBSL,47,29,15,1875.0,28125.0
2021050505002101,NICLBSL,47,7,10,1875.0,18750.0
2021050505002113,NICLBSL,36,58,20,1875.0,37500.0
2021050505002112,NICLBSL,36,17,33,1875.0,61875.0
2021050505002111,NICLBSL,47,17,47,1875.0,88125.0
2021050505002110,NICLBSL,47,10,10,1875.0,18750.0
2021050505002109,NICLBSL,58,49,2,1880.0,3760.0
2021050505002108,NICLBSL,58,13,10,1876.0,18760.0
2021050505002119,NICLBSL,1,34,20,1875.0,37500.0
2021050505002118,NICLBSL,53,34,50,1875.0,93750.0
2021050505002117,NICLBSL,39,34,20,1875.0,37500.0
2021050505002116,NICLBSL,41,34,20,1875.0,37500.0
2021050505002115,NICLBSL,36,34,127,1875.0,238125.0
2021050505002114,NICLBSL,36,53,20,1875.0,37500.0
2021050505002125,NICLBSL,47,34,180,1871.0,336780.0
2021050505002124,NICLBSL,47,54,10,1871.0,18710.0
2021050505002123,NICLBSL,58,34,13,1875.0,24375.0
2021050505002122,NICLBSL,58,21,10,1872.0,18720.0
2021050505002121,NICLBSL,45,54,10,1872.0,18720.0
2021050505002120,NICLBSL,57,39,100,1872.0,187200.0
2021050505002131,NICLBSL,17,19,40,1874.0,74960.0
2021050505002130,NICLBSL,22,19,10,1874.0,18740.0
2021050505002129,NICLBSL,22,58,10,1874.0,18740.0
2021050505002128,NICLBSL,29,18,10,1871.0,18710.0
2021050505002127,NICLBSL,29,48,10,1871.0,18710.0
2021050505002126,NICLBSL,29,34,70,1871.0,130970.0
2021050505002138,NICLBSL,29,7,74,1871.0,138454.0
2021050505002137,NICLBSL,25,7,30,1872.0,56160.0
2021050505002135,NICLBSL,34,34,10,1875.0,18750.0
2021050505002134,NICLBSL,16,26,10,1874.0,18740.0
2021050505002133,NICLBSL,29,41,26,1871.0,48646.0
2021050505002132,NICLBSL,29,8,10,1871.0,18710.0
2021050505002144,NICLBSL,22,7,70,1870.0,130900.0
2021050505002143,NICLBSL,17,7,10,1870.0,18700.0
2021050505002142,NICLBSL,14,7,50,1870.0,93500.0
2021050505002141,NICLBSL,32,7,10,1871.0,18710.0
2021050505002140,NICLBSL,58,7,10,1871.0,18710.0
2021050505002139,NICLBSL,36,7,100,1871.0,187100.0
2021050505002150,NICLBSL,25,7,100,1870.0,187000.0
2021050505002149,NICLBSL,28,7,100,1870.0,187000.0
2021050505002148,NICLBSL,49,7,10,1870.0,18700.0
2021050505002147,NICLBSL,38,7,50,1870.0,93500.0
2021050505002146,NICLBSL,4,7,100,1870.0,187000.0
2021050505002145,NICLBSL,51,7,100,1870.0,187000.0
2021050505002156,NICLBSL,29,7,50,1870.0,93500.0
2021050505002155,NICLBSL,42,7,25,1870.0,46750.0
2021050505002154,NICLBSL,36,7,20,1870.0,37400.0
2021050505002153,NICLBSL,47,7,50,1870.0,93500.0
2021050505002152,NICLBSL,41,7,50,1870.0,93500.0
2021050505002151,NICLBSL,39,7,250,1870.0,467500.0
2021050505002162,NICLBSL,34,45,10,1871.0,18710.0
2021050505002161,NICLBSL,28,54,10,1870.0,18700.0
2021050505002160,NICLBSL,32,45,10,1871.0,18710.0
2021050505002159,NICLBSL,28,58,10,1870.0,18700.0
2021050505002158,NICLBSL,28,7,50,1870.0,93500.0
2021050505002157,NICLBSL,57,7,100,1870.0,187000.0
2021050505002169,NICLBSL,28,59,50,1870.0,93500.0
2021050505002168,NICLBSL,28,41,10,1870.0,18700.0
2021050505002167,NICLBSL,28,47,10,1870.0,18700.0
2021050505002166,NICLBSL,28,35,30,1870.0,56100.0
2021050505002165,NICLBSL,28,13,10,1870.0,18700.0
2021050505002163,NICLBSL,28,38,10,1870.0,18700.0
2021050505002175,NICLBSL,1,39,10,1870.0,18700.0
2021050505002174,NICLBSL,45,39,40,1870.0,74800.0
2021050505002173,NICLBSL,45,45,10,1870.0,18700.0
2021050505002172,NICLBSL,28,45,40,1870.0,74800.0
2021050505002171,NICLBSL,28,22,10,1870.0,18700.0
2021050505002170,NICLBSL,28,59,10,1870.0,18700.0
2021050505002182,NICLBSL,33,54,10,1870.0,18700.0
2021050505002180,NICLBSL,33,1,10,1870.0,18700.0
2021050505002179,NICLBSL,33,58,20,1870.0,37400.0
2021050505002178,NICLBSL,33,49,16,1870.0,29920.0
2021050505002177,NICLBSL,1,49,10,1870.0,18700.0
2021050505002176,NICLBSL,42,45,10,1871.0,18710.0
2021050505002188,NICLBSL,33,26,10,1870.0,18700.0
2021050505002187,NICLBSL,33,38,20,1870.0,37400.0
2021050505002186,NICLBSL,33,17,10,1870.0,18700.0
2021050505002185,NICLBSL,33,41,10,1870.0,18700.0
2021050505002184,NICLBSL,33,35,10,1870.0,18700.0
2021050505002183,NICLBSL,33,45,30,1870.0,56100.0
2021050505002194,NICLBSL,41,7,41,1870.0,76670.0
2021050505002193,NICLBSL,33,59,20,1870.0,37400.0
2021050505002192,NICLBSL,33,58,10,1870.0,18700.0
2021050505002191,NICLBSL,56,45,100,1871.0,187100.0
2021050505002190,NICLBSL,33,17,10,1870.0,18700.0
2021050505002189,NICLBSL,33,53,10,1870.0,18700.0
2021050505002202,NICLBSL,51,21,10,1868.0,18680.0
2021050505002201,NICLBSL,58,45,10,1871.0,18710.0
2021050505002200,NICLBSL,41,35,10,1870.0,18700.0
2021050505002197,NICLBSL,41,45,10,1870.0,18700.0
2021050505002196,NICLBSL,41,5,10,1870.0,18700.0
2021050505002195,NICLBSL,41,29,20,1870.0,37400.0
2021050505002208,NICLBSL,14,39,10,1868.0,18680.0
2021050505002207,NICLBSL,43,34,10,1869.0,18690.0
2021050505002206,NICLBSL,14,36,170,1868.0,317560.0
2021050505002205,NICLBSL,19,11,10,1868.0,18680.0
2021050505002204,NICLBSL,58,36,30,1869.0,56070.0
2021050505002203,NICLBSL,58,58,10,1869.0,18690.0
2021050505002215,NICLBSL,40,41,10,1870.0,18700.0
2021050505002214,NICLBSL,40,43,10,1870.0,18700.0
2021050505002213,NICLBSL,6,28,10,1868.0,18680.0
2021050505002212,NICLBSL,14,28,10,1868.0,18680.0
2021050505002211,NICLBSL,14,34,10,1868.0,18680.0
2021050505002210,NICLBSL,43,57,10,1869.0,18690.0
2021050505002221,NICLBSL,48,42,10,1868.0,18680.0
2021050505002220,NICLBSL,48,58,10,1868.0,18680.0
2021050505002219,NICLBSL,40,45,14,1871.0,26194.0
2021050505002218,NICLBSL,40,49,46,1870.0,86020.0
2021050505002217,NICLBSL,40,38,100,1870.0,187000.0
2021050505002216,NICLBSL,40,42,10,1870.0,18700.0
2021050505002227,NICLBSL,33,45,10,1865.0,18650.0
2021050505002226,NICLBSL,14,45,10,1865.0,18650.0
2021050505002225,NICLBSL,16,45,50,1865.0,93250.0
2021050505002224,NICLBSL,45,45,10,1867.0,18670.0
2021050505002223,NICLBSL,52,45,40,1868.0,74720.0
2021050505002222,NICLBSL,48,28,10,1868.0,18680.0
2021050505002233,NICLBSL,19,45,20,1862.0,37240.0
2021050505002232,NICLBSL,42,45,106,1864.0,197584.0
2021050505002231,NICLBSL,26,45,100,1865.0,186500.0
2021050505002230,NICLBSL,44,45,20,1865.0,37300.0
2021050505002229,NICLBSL,4,45,15,1865.0,27975.0
2021050505002228,NICLBSL,1,45,20,1865.0,37300.0
2021050505002239,NICLBSL,45,45,20,1860.0,37200.0
2021050505002238,NICLBSL,29,45,100,1860.0,186000.0
2021050505002237,NICLBSL,1,45,50,1860.0,93000.0
2021050505002236,NICLBSL,29,45,50,1860.0,93000.0
2021050505002235,NICLBSL,46,45,50,1860.0,93000.0
2021050505002234,NICLBSL,42,45,20,1862.0,37240.0
2021050505002245,NICLBSL,48,45,100,1860.0,186000.0
2021050505002244,NICLBSL,28,45,50,1860.0,93000.0
2021050505002243,NICLBSL,6,45,100,1860.0,186000.0
2021050505002242,NICLBSL,48,45,100,1860.0,186000.0
2021050505002241,NICLBSL,29,45,50,1860.0,93000.0
2021050505002240,NICLBSL,53,45,60,1860.0,111600.0
2021050505002252,NICLBSL,28,13,22,1860.0,40920.0
2021050505002250,NICLBSL,28,34,66,1860.0,122760.0
2021050505002249,NICLBSL,36,34,22,1860.0,40920.0
2021050505002248,NICLBSL,36,45,28,1860.0,52080.0
2021050505002247,NICLBSL,34,45,30,1860.0,55800.0
2021050505002246,NICLBSL,51,45,20,1860.0,37200.0
2021050505002259,NICLBSL,17,11,10,1868.0,18680.0
2021050505002258,NICLBSL,7,37,10,1860.0,18600.0
2021050505002257,NICLBSL,7,57,10,1860.0,18600.0
2021050505002256,NICLBSL,7,56,10,1860.0,18600.0
2021050505002255,NICLBSL,7,45,10,1860.0,18600.0
2021050505002254,NICLBSL,28,57,10,1860.0,18600.0
2021050505002265,NICLBSL,7,44,10,1860.0,18600.0
2021050505002264,NICLBSL,33,49,24,1868.0,44832.0
2021050505002263,NICLBSL,33,33,60,1868.0,112080.0
2021050505002262,NICLBSL,33,44,20,1867.0,37340.0
2021050505002261,NICLBSL,7,45,10,1860.0,18600.0
2021050505002260,NICLBSL,17,57,10,1868.0,18680.0
2021050505001765,MLBSL,47,35,10,4573.0,45730.0
2021050505001743,MLBSL,47,47,10,4573.0,45730.0
2021050505001736,MLBSL,47,29,10,4573.0,45730.0
2021050505001718,MLBSL,47,25,10,4573.0,45730.0
2021050505001717,MLBSL,47,42,10,4573.0,45730.0
2021050505001681,MLBSL,47,18,10,4573.0,45730.0
2021050505001420,MLBSL,47,3,10,4573.0,45730.0
2021050505001408,MLBSL,47,38,10,4573.0,45730.0
2021050505001296,MLBSL,47,16,10,4573.0,45730.0
2021050505001294,MLBSL,47,58,10,4573.0,45730.0
2021050505001293,MLBSL,47,58,10,4573.0,45730.0
2021050505001285,MLBSL,47,47,10,4573.0,45730.0
2021050505001672,MLBSL,47,22,10,4573.0,45730.0
2021050505001646,MLBSL,47,58,10,4573.0,45730.0
2021050505001644,MLBSL,47,19,10,4573.0,45730.0
2021050505001488,MLBSL,47,58,10,4573.0,45730.0
2021050505001477,MLBSL,47,51,10,4573.0,45730.0
2021050505001470,MLBSL,47,58,10,4573.0,45730.0
2021050505001771,NICLBSL,48,53,100,1869.0,186900.0
2021050505001770,NICLBSL,34,18,60,1870.0,112200.0
2021050505001769,NICLBSL,19,50,50,1870.0,93500.0
2021050505001768,NICLBSL,48,50,20,1869.0,37380.0
2021050505001767,NICLBSL,48,34,100,1869.0,186900.0
2021050505001766,NICLBSL,48,42,10,1869.0,18690.0
2021050505001273,NICLBSL,42,38,10,1877.0,18770.0
2021050505001272,NICLBSL,42,45,10,1877.0,18770.0
2021050505001279,NICLBSL,34,38,30,1879.0,56370.0
2021050505001278,NICLBSL,32,1,90,1878.0,169020.0
2021050505001277,NICLBSL,59,1,50,1878.0,93900.0
2021050505001276,NICLBSL,21,1,100,1878.0,187800.0
2021050505001275,NICLBSL,42,1,60,1878.0,112680.0
2021050505001274,NICLBSL,42,21,20,1877.0,37540.0
2021050505001286,NICLBSL,21,19,36,1880.0,67680.0
2021050505001284,NICLBSL,48,19,64,1880.0,120320.0
2021050505001283,NICLBSL,48,47,36,1880.0,67680.0
2021050505001282,NICLBSL,11,4,100,1879.0,187900.0
2021050505001281,NICLBSL,11,41,32,1879.0,60128.0
2021050505001280,NICLBSL,11,38,70,1879.0,131530.0
2021050505001292,NICLBSL,34,44,50,1882.0,94100.0
2021050505001291,NICLBSL,55,59,20,1880.0,37600.0
2021050505001290,NICLBSL,55,32,10,1880.0,18800.0
2021050505001289,NICLBSL,11,18,50,1879.0,93950.0
2021050505001288,NICLBSL,21,58,50,1880.0,94000.0
2021050505001287,NICLBSL,21,42,10,1880.0,18800.0
2021050505001301,NICLBSL,47,53,10,1885.0,18850.0
