Transact. No.,Symbol,Buyer,Seller,Quantity,Rate,Amount
2021050605002776,MLBSL,40,58,10,5030.0,50300.0
2021050605002775,MLBSL,40,50,10,5030.0,50300.0
2021050605002768,MLBSL,40,58,10,5030.0,50300.0
2021050605002755,MLBSL,40,58,10,5030.0,50300.0
2021050605002754,MLBSL,40,41,10,5030.0,50300.0
2021050605002739,MLBSL,40,58,10,5030.0,50300.0
2021050605002286,MLBSL,57,35,10,5030.0,50300.0
2021050605002284,MLBSL,57,17,10,5030.0,50300.0
2021050605002282,MLBSL,57,4,10,5030.0,50300.0
2021050605002326,MLBSL,34,57,10,5030.0,50300.0
2021050605002323,MLBSL,58,11,10,5030.0,50300.0
2021050605002322,MLBSL,57,19,10,5030.0,50300.0
2021050605002316,MLBSL,57,50,10,5030.0,50300.0
2021050605002313,MLBSL,57,58,10,5030.0,50300.0
2021050605002299,MLBSL,57,56,10,5030.0,50300.0
2021050605002363,MLBSL,43,58,10,5030.0,50300.0
2021050605002361,MLBSL,43,57,10,5030.0,50300.0
2021050605002350,MLBSL,43,38,10,5030.0,50300.0
2021050605002348,MLBSL,43,38,10,5030.0,50300.0
2021050605002340,MLBSL,43,59,10,5030.0,50300.0
2021050605002335,MLBSL,13,11,10,5030.0,50300.0
2021050605002375,MLBSL,38,32,10,5030.0,50300.0
2021050605002369,MLBSL,38,57,10,5030.0,50300.0
2021050605002368,MLBSL,57,20,10,5030.0,50300.0
2021050605002367,MLBSL,14,45,10,5030.0,50300.0
2021050605002366,MLBSL,49,38,10,5030.0,50300.0
2021050605002365,MLBSL,41,6,10,5030.0,50300.0
2021050605002390,MLBSL,16,6,10,5030.0,50300.0
2021050605002389,MLBSL,16,6,10,5030.0,50300.0
2021050605002388,MLBSL,16,58,10,5030.0,50300.0
2021050605002386,MLBSL,16,58,10,5030.0,50300.0
2021050605002385,MLBSL,21,6,10,5030.0,50300.0
2021050605002377,MLBSL,38,26,10,5030.0,50300.0
2021050605002416,MLBSL,59,6,10,5030.0,50300.0
2021050605002409,MLBSL,11,38,10,5030.0,50300.0
2021050605002408,MLBSL,16,42,10,5030.0,50300.0
2021050605002407,MLBSL,16,36,10,5030.0,50300.0
2021050605002397,MLBSL,16,57,10,5030.0,50300.0
2021050605002391,MLBSL,16,6,10,5030.0,50300.0
2021050605002444,MLBSL,59,22,10,5030.0,50300.0
2021050605002441,MLBSL,59,51,10,5030.0,50300.0
2021050605002440,MLBSL,59,29,10,5030.0,50300.0
2021050605002437,MLBSL,59,56,10,5030.0,50300.0
2021050605002424,MLBSL,59,41,10,5030.0,50300.0
2021050605002422,MLBSL,59,33,10,5030.0,50300.0
2021050605002456,MLBSL,42,33,10,5030.0,50300.0
2021050605002455,MLBSL,42,57,10,5030.0,50300.0
2021050605002453,MLBSL,42,52,10,5030.0,50300.0
2021050605002451,MLBSL,59,42,10,5030.0,50300.0
2021050605002449,MLBSL,59,34,10,5030.0,50300.0
2021050605002446,MLBSL,59,33,10,5030.0,50300.0
2021050605002470,MLBSL,57,39,10,5030.0,50300.0
2021050605002468,MLBSL,42,34,10,5030.0,50300.0
2021050605002464,MLBSL,42,49,10,5030.0,50300.0
2021050605002463,MLBSL,42,36,10,5030.0,50300.0
2021050605002460,MLBSL,42,47,10,5030.0,50300.0
2021050605002458,MLBSL,42,56,10,5030.0,50300.0
2021050605002498,MLBSL,57,36,10,5030.0,50300.0
2021050605002497,MLBSL,57,58,10,5030.0,50300.0
2021050605002492,MLBSL,57,39,10,5030.0,50300.0
2021050605002491,MLBSL,57,46,10,5030.0,50300.0
2021050605002489,MLBSL,57,46,10,5030.0,50300.0
2021050605002471,MLBSL,57,49,10,5030.0,50300.0
2021050605002527,MLBSL,45,56,10,5030.0,50300.0
2021050605002516,MLBSL,45,46,10,5030.0,50300.0
2021050605002505,MLBSL,45,47,10,5030.0,50300.0
2021050605002502,MLBSL,45,52,10,5030.0,50300.0
2021050605002500,MLBSL,45,14,10,5030.0,50300.0
2021050605002499,MLBSL,45,46,10,5030.0,50300.0
2021050605002559,MLBSL,59,42,10,5030.0,50300.0
2021050605002557,MLBSL,45,42,10,5030.0,50300.0
2021050605002555,MLBSL,45,46,10,5030.0,50300.0
2021050605002538,MLBSL,45,11,10,5030.0,50300.0
2021050605002537,MLBSL,45,1,10,5030.0,50300.0
2021050605002536,MLBSL,45,46,10,5030.0,50300.0
2021050605002592,MLBSL,51,1,10,5030.0,50300.0
2021050605002581,MLBSL,49,45,10,5030.0,50300.0
2021050605002580,MLBSL,59,53,10,5030.0,50300.0
2021050605002578,MLBSL,59,43,10,5030.0,50300.0
2021050605002571,MLBSL,59,45,10,5030.0,50300.0
2021050605002570,MLBSL,59,28,10,5030.0,50300.0
2021050605002663,MLBSL,1,45,10,5030.0,50300.0
2021050605002653,MLBSL,58,28,10,5030.0,50300.0
2021050605002647,MLBSL,59,21,7,5030.0,35210.0
2021050605002611,MLBSL,59,21,2,5030.0,10060.0
2021050605002603,MLBSL,58,56,10,5030.0,50300.0
2021050605002594,MLBSL,34,36,10,5030.0,50300.0
2021050605002699,MLBSL,40,1,10,5030.0,50300.0
2021050605002696,MLBSL,40,19,10,5030.0,50300.0
2021050605002686,MLBSL,40,48,10,5030.0,50300.0
2021050605002685,MLBSL,36,41,10,5030.0,50300.0
2021050605002682,MLBSL,1,28,10,5030.0,50300.0
2021050605002679,MLBSL,59,21,1,5030.0,5030.0
2021050605002734,MLBSL,59,35,4,5030.0,20120.0
2021050605002727,MLBSL,40,55,10,5030.0,50300.0
2021050605002720,MLBSL,40,28,10,5030.0,50300.0
2021050605002716,MLBSL,40,17,10,5030.0,50300.0
2021050605002714,MLBSL,40,36,10,5030.0,50300.0
2021050605002702,MLBSL,40,57,10,5030.0,50300.0
2021050605002777,NICLBSL,48,22,10,1821.0,18210.0
2021050605002774,NICLBSL,48,48,70,1821.0,127470.0
2021050605002773,NICLBSL,38,48,40,1821.0,72840.0
2021050605002772,NICLBSL,35,45,30,1821.0,54630.0
2021050605002771,NICLBSL,35,45,30,1821.0,54630.0
2021050605002770,NICLBSL,34,45,25,1821.0,45525.0
2021050605002280,NICLBSL,49,17,10,1823.0,18230.0
2021050605002279,NICLBSL,51,55,1,1824.0,1824.0
2021050605002278,NICLBSL,39,55,50,1824.0,91200.0
2021050605002289,NICLBSL,56,17,10,1824.0,18240.0
2021050605002288,NICLBSL,56,36,10,1824.0,18240.0
2021050605002287,NICLBSL,34,34,10,1824.0,18240.0
2021050605002285,NICLBSL,41,1,20,1823.0,36460.0
2021050605002283,NICLBSL,35,16,10,1823.0,18230.0
2021050605002281,NICLBSL,35,38,10,1823.0,18230.0
2021050605002295,NICLBSL,45,41,10,1825.0,18250.0
2021050605002294,NICLBSL,45,17,10,1825.0,18250.0
2021050605002293,NICLBSL,45,36,10,1824.0,18240.0
2021050605002292,NICLBSL,43,44,51,1824.0,93024.0
2021050605002291,NICLBSL,56,16,10,1824.0,18240.0
2021050605002290,NICLBSL,56,41,10,1824.0,18240.0
2021050605002302,NICLBSL,6,25,10,1825.0,18250.0
2021050605002301,NICLBSL,6,38,10,1825.0,18250.0
2021050605002300,NICLBSL,6,17,10,1825.0,18250.0
2021050605002298,NICLBSL,6,26,10,1825.0,18250.0
2021050605002297,NICLBSL,45,46,10,1825.0,18250.0
2021050605002296,NICLBSL,45,42,10,1825.0,18250.0
2021050605002308,NICLBSL,37,33,10,1825.0,18250.0
2021050605002307,NICLBSL,6,6,10,1826.0,18260.0
2021050605002306,NICLBSL,37,58,10,1825.0,18250.0
2021050605002305,NICLBSL,58,16,10,1825.0,18250.0
2021050605002304,NICLBSL,6,34,10,1825.0,18250.0
2021050605002303,NICLBSL,6,42,10,1825.0,18250.0
2021050605002315,NICLBSL,16,49,10,1826.0,18260.0
2021050605002314,NICLBSL,37,34,10,1825.0,18250.0
2021050605002312,NICLBSL,37,17,10,1825.0,18250.0
2021050605002311,NICLBSL,37,36,10,1825.0,18250.0
2021050605002310,NICLBSL,39,25,20,1826.0,36520.0
2021050605002309,NICLBSL,37,36,10,1825.0,18250.0
2021050605002324,NICLBSL,14,41,10,1828.0,18280.0
2021050605002321,NICLBSL,16,17,10,1826.0,18260.0
2021050605002320,NICLBSL,48,19,200,1828.0,365600.0
2021050605002319,NICLBSL,16,34,10,1826.0,18260.0
2021050605002318,NICLBSL,16,33,10,1826.0,18260.0
2021050605002317,NICLBSL,16,36,10,1826.0,18260.0
2021050605002331,NICLBSL,51,26,20,1830.0,36600.0
2021050605002330,NICLBSL,51,7,70,1830.0,128100.0
2021050605002329,NICLBSL,44,7,10,1830.0,18300.0
2021050605002328,NICLBSL,14,34,36,1828.0,65808.0
2021050605002327,NICLBSL,14,26,10,1828.0,18280.0
2021050605002325,NICLBSL,14,38,10,1828.0,18280.0
2021050605002338,NICLBSL,57,33,10,1830.0,18300.0
2021050605002337,NICLBSL,57,21,10,1830.0,18300.0
2021050605002336,NICLBSL,14,34,10,1828.0,18280.0
2021050605002334,NICLBSL,51,33,10,1830.0,18300.0
2021050605002333,NICLBSL,51,25,10,1830.0,18300.0
2021050605002332,NICLBSL,51,38,20,1830.0,36600.0
2021050605002345,NICLBSL,14,56,10,1828.0,18280.0
2021050605002344,NICLBSL,58,34,10,1831.0,18310.0
2021050605002343,NICLBSL,58,14,20,1831.0,36620.0
2021050605002342,NICLBSL,19,36,46,1830.0,84180.0
2021050605002341,NICLBSL,57,36,24,1830.0,43920.0
2021050605002339,NICLBSL,57,47,10,1830.0,18300.0
2021050605002353,NICLBSL,51,41,10,1832.0,18320.0
2021050605002352,NICLBSL,34,34,20,1830.0,36600.0
2021050605002351,NICLBSL,34,56,10,1830.0,18300.0
2021050605002349,NICLBSL,38,6,20,1828.0,36560.0
2021050605002347,NICLBSL,28,47,10,1831.0,18310.0
2021050605002346,NICLBSL,28,29,10,1831.0,18310.0
2021050605002359,NICLBSL,34,36,10,1830.0,18300.0
2021050605002358,NICLBSL,38,47,20,1833.0,36660.0
2021050605002357,NICLBSL,34,13,42,1830.0,76860.0
2021050605002356,NICLBSL,34,47,10,1830.0,18300.0
2021050605002355,NICLBSL,34,36,10,1830.0,18300.0
2021050605002354,NICLBSL,34,46,20,1830.0,36600.0
2021050605002372,NICLBSL,57,58,20,1831.0,36620.0
2021050605002371,NICLBSL,34,53,10,1830.0,18300.0
2021050605002370,NICLBSL,34,36,10,1830.0,18300.0
2021050605002364,NICLBSL,39,25,20,1833.0,36660.0
2021050605002362,NICLBSL,34,47,10,1830.0,18300.0
2021050605002360,NICLBSL,34,34,10,1830.0,18300.0
2021050605002380,NICLBSL,38,42,90,1833.0,164970.0
2021050605002379,NICLBSL,38,42,10,1833.0,18330.0
2021050605002378,NICLBSL,38,19,25,1832.0,45800.0
2021050605002376,NICLBSL,57,36,10,1831.0,18310.0
2021050605002374,NICLBSL,57,7,10,1831.0,18310.0
2021050605002373,NICLBSL,57,56,10,1831.0,18310.0
2021050605002392,NICLBSL,32,21,20,1834.0,36680.0
2021050605002387,NICLBSL,58,56,10,1832.0,18320.0
2021050605002384,NICLBSL,58,54,10,1832.0,18320.0
2021050605002383,NICLBSL,34,38,20,1830.0,36600.0
2021050605002382,NICLBSL,38,56,10,1833.0,18330.0
2021050605002381,NICLBSL,38,33,10,1833.0,18330.0
2021050605002399,NICLBSL,45,59,40,1834.0,73360.0
2021050605002398,NICLBSL,45,25,10,1834.0,18340.0
2021050605002396,NICLBSL,56,36,10,1833.0,18330.0
2021050605002395,NICLBSL,56,57,10,1833.0,18330.0
2021050605002394,NICLBSL,58,38,10,1832.0,18320.0
2021050605002393,NICLBSL,58,36,10,1832.0,18320.0
2021050605002406,NICLBSL,19,36,10,1833.0,18330.0
2021050605002405,NICLBSL,19,17,10,1833.0,18330.0
2021050605002404,NICLBSL,1,59,60,1834.0,110040.0
2021050605002403,NICLBSL,1,1,200,1834.0,366800.0
2021050605002402,NICLBSL,56,7,10,1833.0,18330.0
2021050605002401,NICLBSL,56,56,20,1833.0,36660.0
2021050605002415,NICLBSL,58,56,10,1832.0,18320.0
2021050605002414,NICLBSL,22,26,10,1834.0,18340.0
2021050605002413,NICLBSL,22,8,10,1834.0,18340.0
2021050605002412,NICLBSL,42,56,10,1833.0,18330.0
2021050605002411,NICLBSL,42,36,10,1833.0,18330.0
2021050605002410,NICLBSL,19,58,10,1833.0,18330.0
2021050605002423,NICLBSL,55,49,10,1832.0,18320.0
2021050605002421,NICLBSL,55,36,10,1832.0,18320.0
2021050605002420,NICLBSL,55,36,10,1832.0,18320.0
2021050605002419,NICLBSL,16,56,40,1833.0,73320.0
2021050605002418,NICLBSL,16,58,10,1833.0,18330.0
2021050605002417,NICLBSL,44,49,25,1832.0,45800.0
2021050605002430,NICLBSL,51,18,10,1835.0,18350.0
2021050605002429,NICLBSL,51,39,10,1835.0,18350.0
2021050605002428,NICLBSL,51,8,10,1834.0,18340.0
2021050605002427,NICLBSL,51,41,10,1833.0,18330.0
2021050605002426,NICLBSL,51,56,10,1833.0,18330.0
2021050605002425,NICLBSL,55,36,10,1832.0,18320.0
2021050605002436,NICLBSL,55,4,14,1832.0,25648.0
2021050605002435,NICLBSL,55,38,10,1832.0,18320.0
2021050605002434,NICLBSL,55,41,20,1832.0,36640.0
2021050605002433,NICLBSL,51,46,30,1835.0,55050.0
2021050605002432,NICLBSL,51,34,10,1835.0,18350.0
2021050605002431,NICLBSL,51,8,10,1835.0,18350.0
2021050605002448,NICLBSL,20,58,10,1833.0,18330.0
2021050605002447,NICLBSL,20,47,10,1833.0,18330.0
2021050605002445,NICLBSL,49,4,14,1834.0,25676.0
2021050605002443,NICLBSL,55,36,10,1832.0,18320.0
2021050605002439,NICLBSL,34,46,20,1835.0,36700.0
2021050605002438,NICLBSL,55,36,10,1832.0,18320.0
2021050605002461,NICLBSL,58,21,10,1834.0,18340.0
2021050605002459,NICLBSL,40,7,20,1835.0,36700.0
2021050605002457,NICLBSL,58,36,10,1834.0,18340.0
2021050605002454,NICLBSL,58,36,10,1834.0,18340.0
2021050605002452,NICLBSL,58,34,10,1833.0,18330.0
2021050605002450,NICLBSL,55,4,10,1832.0,18320.0
2021050605002472,NICLBSL,7,38,10,1834.0,18340.0
2021050605002469,NICLBSL,7,36,10,1834.0,18340.0
2021050605002467,NICLBSL,7,42,10,1834.0,18340.0
2021050605002466,NICLBSL,55,57,10,1832.0,18320.0
2021050605002465,NICLBSL,55,41,10,1832.0,18320.0
2021050605002462,NICLBSL,58,36,10,1834.0,18340.0
2021050605002478,NICLBSL,55,7,66,1832.0,120912.0
2021050605002477,NICLBSL,50,7,45,1833.0,82485.0
2021050605002476,NICLBSL,34,7,18,1833.0,32994.0
2021050605002475,NICLBSL,17,17,10,1834.0,18340.0
2021050605002474,NICLBSL,7,17,10,1834.0,18340.0
2021050605002473,NICLBSL,7,57,10,1834.0,18340.0
2021050605002484,NICLBSL,45,42,100,1831.0,183100.0
2021050605002483,NICLBSL,45,7,50,1832.0,91600.0
2021050605002482,NICLBSL,57,7,46,1832.0,84272.0
2021050605002481,NICLBSL,20,7,20,1832.0,36640.0
2021050605002480,NICLBSL,8,7,200,1832.0,366400.0
2021050605002479,NICLBSL,20,7,20,1832.0,36640.0
2021050605002493,NICLBSL,1,42,10,1832.0,18320.0
2021050605002490,NICLBSL,1,46,10,1832.0,18320.0
2021050605002488,NICLBSL,1,7,12,1832.0,21984.0
2021050605002487,NICLBSL,43,28,10,1831.0,18310.0
2021050605002486,NICLBSL,45,7,20,1832.0,36640.0
2021050605002485,NICLBSL,43,17,23,1831.0,42113.0
2021050605002504,NICLBSL,3,36,10,1831.0,18310.0
2021050605002503,NICLBSL,3,25,100,1831.0,183100.0
2021050605002501,NICLBSL,43,26,17,1831.0,31127.0
2021050605002496,NICLBSL,47,49,10,1833.0,18330.0
2021050605002495,NICLBSL,49,36,10,1833.0,18330.0
2021050605002494,NICLBSL,53,42,75,1832.0,137400.0
2021050605002511,NICLBSL,45,45,20,1831.0,36620.0
2021050605002510,NICLBSL,44,46,10,1830.0,18300.0
2021050605002509,NICLBSL,3,14,120,1831.0,219720.0
2021050605002508,NICLBSL,3,34,10,1831.0,18310.0
2021050605002507,NICLBSL,3,57,41,1831.0,75071.0
2021050605002506,NICLBSL,3,38,10,1831.0,18310.0
2021050605002518,NICLBSL,55,34,50,1830.0,91500.0
2021050605002517,NICLBSL,44,34,40,1830.0,73200.0
2021050605002515,NICLBSL,45,34,50,1832.0,91600.0
2021050605002514,NICLBSL,45,58,10,1832.0,18320.0
2021050605002513,NICLBSL,45,21,10,1831.0,18310.0
2021050605002512,NICLBSL,45,26,10,1831.0,18310.0
2021050605002524,NICLBSL,21,19,10,1832.0,18320.0
2021050605002523,NICLBSL,21,40,10,1831.0,18310.0
2021050605002522,NICLBSL,21,6,50,1831.0,91550.0
2021050605002521,NICLBSL,48,21,10,1830.0,18300.0
2021050605002520,NICLBSL,14,38,10,1831.0,18310.0
2021050605002519,NICLBSL,48,34,10,1830.0,18300.0
2021050605002531,NICLBSL,21,17,10,1834.0,18340.0
2021050605002530,NICLBSL,21,25,20,1833.0,36660.0
2021050605002529,NICLBSL,21,42,95,1832.0,174040.0
2021050605002528,NICLBSL,48,42,45,1830.0,82350.0
2021050605002526,NICLBSL,48,52,10,1830.0,18300.0
2021050605002525,NICLBSL,21,42,80,1832.0,146560.0
2021050605002540,NICLBSL,41,14,10,1833.0,18330.0
2021050605002539,NICLBSL,48,16,10,1830.0,18300.0
2021050605002535,NICLBSL,48,52,10,1830.0,18300.0
2021050605002534,NICLBSL,48,16,10,1830.0,18300.0
2021050605002533,NICLBSL,21,49,10,1835.0,18350.0
2021050605002532,NICLBSL,21,40,10,1834.0,18340.0
2021050605002546,NICLBSL,48,16,10,1830.0,18300.0
2021050605002545,NICLBSL,41,13,50,1835.0,91750.0
2021050605002544,NICLBSL,41,45,10,1835.0,18350.0
2021050605002543,NICLBSL,41,21,10,1835.0,18350.0
2021050605002542,NICLBSL,41,39,10,1835.0,18350.0
2021050605002541,NICLBSL,41,57,10,1834.0,18340.0
2021050605002552,NICLBSL,58,50,10,1833.0,18330.0
2021050605002551,NICLBSL,58,50,10,1832.0,18320.0
2021050605002550,NICLBSL,21,49,10,1831.0,18310.0
2021050605002549,NICLBSL,48,21,10,1830.0,18300.0
2021050605002548,NICLBSL,48,32,10,1830.0,18300.0
2021050605002547,NICLBSL,48,41,100,1830.0,183000.0
2021050605002561,NICLBSL,34,45,20,1833.0,36660.0
2021050605002560,NICLBSL,21,16,10,1831.0,18310.0
2021050605002558,NICLBSL,52,45,10,1832.0,18320.0
2021050605002556,NICLBSL,21,18,10,1831.0,18310.0
2021050605002554,NICLBSL,21,20,10,1831.0,18310.0
2021050605002553,NICLBSL,21,53,10,1831.0,18310.0
2021050605002567,NICLBSL,49,57,30,1830.0,54900.0
2021050605002566,NICLBSL,26,57,35,1830.0,64050.0
2021050605002565,NICLBSL,41,57,10,1830.0,18300.0
2021050605002564,NICLBSL,45,57,100,1830.0,183000.0
2021050605002563,NICLBSL,48,57,265,1830.0,484950.0
2021050605002562,NICLBSL,34,21,5,1834.0,9170.0
2021050605002575,NICLBSL,34,17,20,1831.0,36620.0
2021050605002574,NICLBSL,58,36,10,1830.0,18300.0
2021050605002573,NICLBSL,58,8,10,1830.0,18300.0
2021050605002572,NICLBSL,58,57,10,1830.0,18300.0
2021050605002569,NICLBSL,58,57,10,1830.0,18300.0
2021050605002568,NICLBSL,58,57,50,1830.0,91500.0
2021050605002584,NICLBSL,14,20,14,1828.0,25592.0
2021050605002583,NICLBSL,38,20,100,1829.0,182900.0
2021050605002582,NICLBSL,58,20,30,1830.0,54900.0
2021050605002579,NICLBSL,58,57,10,1830.0,18300.0
2021050605002577,NICLBSL,58,45,20,1830.0,36600.0
2021050605002576,NICLBSL,48,17,10,1831.0,18310.0
2021050605002590,NICLBSL,8,25,40,1830.0,73200.0
2021050605002589,NICLBSL,8,34,50,1830.0,91500.0
2021050605002588,NICLBSL,8,36,10,1830.0,18300.0
2021050605002587,NICLBSL,35,20,31,1828.0,56668.0
2021050605002586,NICLBSL,51,20,50,1828.0,91400.0
2021050605002585,NICLBSL,38,20,45,1828.0,82260.0
2021050605002598,NICLBSL,48,36,10,1828.0,18280.0
2021050605002597,NICLBSL,35,52,10,1828.0,18280.0
2021050605002596,NICLBSL,35,40,35,1828.0,63980.0
2021050605002595,NICLBSL,35,52,10,1828.0,18280.0
2021050605002593,NICLBSL,35,40,10,1828.0,18280.0
2021050605002591,NICLBSL,46,25,60,1830.0,109800.0
2021050605002605,NICLBSL,52,57,10,1830.0,18300.0
2021050605002604,NICLBSL,43,8,20,1830.0,36600.0
2021050605002602,NICLBSL,48,8,80,1830.0,146400.0
2021050605002601,NICLBSL,48,57,10,1830.0,18300.0
2021050605002600,NICLBSL,48,42,10,1829.0,18290.0
2021050605002599,NICLBSL,34,42,10,1829.0,18290.0
2021050605002612,NICLBSL,52,45,10,1828.0,18280.0
2021050605002610,NICLBSL,52,35,20,1828.0,36560.0
2021050605002609,NICLBSL,48,35,10,1828.0,18280.0
2021050605002608,NICLBSL,48,36,10,1828.0,18280.0
2021050605002607,NICLBSL,48,45,20,1828.0,36560.0
2021050605002606,NICLBSL,52,59,30,1830.0,54900.0
2021050605002618,NICLBSL,53,45,20,1826.0,36520.0
2021050605002617,NICLBSL,53,36,190,1826.0,346940.0
2021050605002616,NICLBSL,1,36,50,1826.0,91300.0
2021050605002615,NICLBSL,1,29,50,1828.0,91400.0
2021050605002614,NICLBSL,11,29,10,1828.0,18280.0
2021050605002613,NICLBSL,52,29,10,1828.0,18280.0
2021050605002624,NICLBSL,53,45,10,1826.0,18260.0
2021050605002623,NICLBSL,53,41,10,1826.0,18260.0
2021050605002622,NICLBSL,53,34,10,1826.0,18260.0
2021050605002621,NICLBSL,53,1,10,1826.0,18260.0
2021050605002620,NICLBSL,53,36,10,1826.0,18260.0
2021050605002619,NICLBSL,53,45,10,1826.0,18260.0
2021050605002630,NICLBSL,37,45,10,1825.0,18250.0
2021050605002629,NICLBSL,55,59,30,1827.0,54810.0
2021050605002628,NICLBSL,55,50,20,1826.0,36520.0
2021050605002627,NICLBSL,57,50,20,1826.0,36520.0
2021050605002626,NICLBSL,16,50,80,1826.0,146080.0
2021050605002625,NICLBSL,53,50,730,1826.0,1332980.0
2021050605002636,NICLBSL,29,43,20,1825.0,36500.0
2021050605002635,NICLBSL,43,43,30,1825.0,54750.0
2021050605002634,NICLBSL,35,43,10,1825.0,18250.0
2021050605002633,NICLBSL,37,43,30,1825.0,54750.0
2021050605002632,NICLBSL,56,59,80,1827.0,146160.0
2021050605002631,NICLBSL,56,46,20,1826.0,36520.0
2021050605002642,NICLBSL,6,46,10,1825.0,18250.0
2021050605002641,NICLBSL,45,21,10,1825.0,18250.0
2021050605002640,NICLBSL,34,36,33,1827.0,60291.0
2021050605002639,NICLBSL,34,59,17,1827.0,31059.0
2021050605002638,NICLBSL,45,43,90,1825.0,164250.0
2021050605002637,NICLBSL,46,43,20,1825.0,36500.0
2021050605002649,NICLBSL,6,50,10,1825.0,18250.0
2021050605002648,NICLBSL,41,46,10,1823.0,18230.0
2021050605002646,NICLBSL,47,50,70,1825.0,127750.0
2021050605002645,NICLBSL,47,42,10,1825.0,18250.0
2021050605002644,NICLBSL,47,21,10,1825.0,18250.0
2021050605002643,NICLBSL,47,50,10,1825.0,18250.0
2021050605002656,NICLBSL,37,17,10,1825.0,18250.0
2021050605002655,NICLBSL,37,47,10,1825.0,18250.0
2021050605002654,NICLBSL,37,41,10,1825.0,18250.0
2021050605002652,NICLBSL,43,45,30,1823.0,54690.0
2021050605002651,NICLBSL,55,45,50,1823.0,91150.0
2021050605002650,NICLBSL,41,45,20,1823.0,36460.0
2021050605002662,NICLBSL,7,21,10,1822.0,18220.0
2021050605002661,NICLBSL,55,59,28,1823.0,51044.0
2021050605002660,NICLBSL,43,59,20,1823.0,36460.0
2021050605002659,NICLBSL,59,59,40,1825.0,73000.0
2021050605002658,NICLBSL,59,17,10,1825.0,18250.0
2021050605002657,NICLBSL,17,41,50,1824.0,91200.0
2021050605002669,NICLBSL,49,36,10,1823.0,18230.0
2021050605002668,NICLBSL,7,36,48,1827.0,87696.0
2021050605002667,NICLBSL,7,45,10,1823.0,18230.0
2021050605002666,NICLBSL,7,45,20,1823.0,36460.0
2021050605002665,NICLBSL,7,59,12,1823.0,21876.0
2021050605002664,NICLBSL,7,53,10,1822.0,18220.0
2021050605002675,NICLBSL,52,11,10,1823.0,18230.0
2021050605002674,NICLBSL,7,21,10,1822.0,18220.0
2021050605002673,NICLBSL,17,56,10,1823.0,18230.0
2021050605002672,NICLBSL,17,38,26,1823.0,47398.0
2021050605002671,NICLBSL,17,29,10,1823.0,18230.0
2021050605002670,NICLBSL,7,59,10,1822.0,18220.0
2021050605002683,NICLBSL,57,4,10,1823.0,18230.0
2021050605002681,NICLBSL,26,34,40,1823.0,72920.0
2021050605002680,NICLBSL,7,21,10,1822.0,18220.0
2021050605002678,NICLBSL,52,34,10,1823.0,18230.0
2021050605002677,NICLBSL,53,34,150,1823.0,273450.0
2021050605002676,NICLBSL,32,36,10,1827.0,18270.0
2021050605002691,NICLBSL,38,43,20,1823.0,36460.0
2021050605002690,NICLBSL,45,43,100,1823.0,182300.0
2021050605002689,NICLBSL,16,43,20,1823.0,36460.0
2021050605002688,NICLBSL,57,36,10,1823.0,18230.0
2021050605002687,NICLBSL,57,52,10,1823.0,18230.0
2021050605002684,NICLBSL,19,58,8,1800.0,14400.0
2021050605002698,NICLBSL,58,21,10,1822.0,18220.0
2021050605002697,NICLBSL,58,52,10,1822.0,18220.0
2021050605002695,NICLBSL,50,52,10,1822.0,18220.0
2021050605002694,NICLBSL,50,21,10,1822.0,18220.0
2021050605002693,NICLBSL,7,43,50,1822.0,91100.0
2021050605002692,NICLBSL,38,43,25,1823.0,45575.0
2021050605002706,NICLBSL,36,22,25,1822.0,45550.0
2021050605002705,NICLBSL,17,22,50,1822.0,91100.0
2021050605002704,NICLBSL,19,22,30,1822.0,54660.0
2021050605002703,NICLBSL,45,22,10,1823.0,18230.0
2021050605002701,NICLBSL,44,17,10,1823.0,18230.0
2021050605002700,NICLBSL,19,53,10,1822.0,18220.0
2021050605002712,NICLBSL,47,52,10,1822.0,18220.0
2021050605002711,NICLBSL,47,5,15,1822.0,27330.0
2021050605002710,NICLBSL,47,36,10,1821.0,18210.0
2021050605002709,NICLBSL,38,42,10,1824.0,18240.0
2021050605002708,NICLBSL,38,52,10,1822.0,18220.0
2021050605002707,NICLBSL,47,22,20,1821.0,36420.0
2021050605002721,NICLBSL,47,3,10,1821.0,18210.0
2021050605002719,NICLBSL,33,49,20,1822.0,36440.0
2021050605002718,NICLBSL,47,25,100,1821.0,182100.0
2021050605002717,NICLBSL,19,16,20,1822.0,36440.0
2021050605002715,NICLBSL,43,4,50,1822.0,91100.0
2021050605002713,NICLBSL,47,34,10,1822.0,18220.0
2021050605002728,NICLBSL,32,58,10,1821.0,18210.0
2021050605002726,NICLBSL,32,36,10,1821.0,18210.0
2021050605002725,NICLBSL,50,22,99,1821.0,180279.0
2021050605002724,NICLBSL,47,22,20,1821.0,36420.0
2021050605002723,NICLBSL,58,55,20,1822.0,36440.0
2021050605002722,NICLBSL,58,49,85,1822.0,154870.0
2021050605002735,NICLBSL,54,45,30,1821.0,54630.0
2021050605002733,NICLBSL,47,45,25,1821.0,45525.0
2021050605002732,NICLBSL,34,45,50,1821.0,91050.0
2021050605002731,NICLBSL,45,45,21,1821.0,38241.0
2021050605002730,NICLBSL,52,34,10,1821.0,18210.0
2021050605002729,NICLBSL,32,43,5,1821.0,9105.0
2021050605002742,NICLBSL,45,59,25,1821.0,45525.0
2021050605002741,NICLBSL,45,45,15,1821.0,27315.0
2021050605002740,NICLBSL,19,45,25,1821.0,45525.0
2021050605002738,NICLBSL,57,45,10,1821.0,18210.0
2021050605002737,NICLBSL,11,45,20,1821.0,36420.0
2021050605002736,NICLBSL,3,45,100,1821.0,182100.0
2021050605002748,NICLBSL,29,59,75,1821.0,136575.0
2021050605002747,NICLBSL,38,59,20,1820.0,36400.0
2021050605002746,NICLBSL,32,59,50,1820.0,91000.0
2021050605002745,NICLBSL,4,59,30,1820.0,54600.0
2021050605002744,NICLBSL,4,58,10,1820.0,18200.0
2021050605002743,NICLBSL,4,26,10,1820.0,18200.0
2021050605002756,NICLBSL,39,38,10,1821.0,18210.0
2021050605002753,NICLBSL,39,38,20,1821.0,36420.0
2021050605002752,NICLBSL,8,22,10,1820.0,18200.0
2021050605002751,NICLBSL,38,36,19,1820.0,34580.0
2021050605002750,NICLBSL,38,36,10,1820.0,18200.0
2021050605002749,NICLBSL,29,41,20,1821.0,36420.0
2021050605002762,NICLBSL,13,6,10,1821.0,18210.0
2021050605002761,NICLBSL,13,49,25,1821.0,45525.0
2021050605002760,NICLBSL,13,35,25,1821.0,45525.0
2021050605002759,NICLBSL,13,35,100,1821.0,182100.0
2021050605002758,NICLBSL,13,57,10,1821.0,18210.0
2021050605002757,NICLBSL,39,57,40,1821.0,72840.0
2021050605002769,NICLBSL,34,38,20,1821.0,36420.0
2021050605002767,NICLBSL,34,22,10,1821.0,18210.0
2021050605002766,NICLBSL,22,42,20,1821.0,36420.0
2021050605002765,NICLBSL,22,45,10,1821.0,18210.0
2021050605002764,NICLBSL,13,45,10,1821.0,18210.0
2021050605002763,NICLBSL,13,42,20,1821.0,36420.0
2021050605002442,RURU,13,6,10,499.0,4990.0
2021050605002400,RURU,13,45,10,499.0,4990.0
2021050605002277,MLBSL,6,49,9,5026.0,45234.0
2021050605002271,MLBSL,57,45,10,5030.0,50300.0
2021050605002266,MLBSL,6,49,1,5026.0,5026.0
2021050605002250,MLBSL,57,52,10,5030.0,50300.0
2021050605002248,MLBSL,57,36,10,5030.0,50300.0
2021050605002237,MLBSL,25,3,10,5030.0,50300.0
2021050605001789,MLBSL,43,19,10,5030.0,50300.0
2021050605001788,MLBSL,34,53,10,5030.0,50300.0
2021050605001783,MLBSL,34,45,10,5030.0,50300.0
2021050605001780,MLBSL,45,8,10,5030.0,50300.0
2021050605001779,MLBSL,45,55,10,5030.0,50300.0
2021050605001832,MLBSL,53,35,10,5030.0,50300.0
2021050605001825,MLBSL,13,43,10,5030.0,50300.0
2021050605001817,MLBSL,13,51,10,5030.0,50300.0
2021050605001814,MLBSL,13,41,10,5030.0,50300.0
2021050605001803,MLBSL,13,21,10,5030.0,50300.0
2021050605001799,MLBSL,13,45,10,5030.0,50300.0
2021050605001850,MLBSL,58,36,10,5030.0,50300.0
2021050605001846,MLBSL,58,52,10,5030.0,50300.0
2021050605001844,MLBSL,58,55,10,5030.0,50300.0
2021050605001836,MLBSL,58,38,10,5030.0,50300.0
2021050605001835,MLBSL,58,58,10,5030.0,50300.0
2021050605001834,MLBSL,58,34,10,5030.0,50300.0
2021050605001869,MLBSL,21,34,10,5030.0,50300.0
2021050605001865,MLBSL,21,21,10,5030.0,50300.0
2021050605001864,MLBSL,8,21,10,5030.0,50300.0
2021050605001863,MLBSL,6,54,10,5030.0,50300.0
2021050605001856,MLBSL,58,58,10,5030.0,50300.0
2021050605001854,MLBSL,58,47,10,5030.0,50300.0
2021050605001904,MLBSL,42,58,10,5030.0,50300.0
2021050605001903,MLBSL,21,41,10,5030.0,50300.0
2021050605001898,MLBSL,21,36,10,5030.0,50300.0
2021050605001876,MLBSL,21,6,10,5030.0,50300.0
2021050605001875,MLBSL,21,34,10,5030.0,50300.0
2021050605001873,MLBSL,21,44,10,5030.0,50300.0
2021050605001928,MLBSL,51,43,10,5030.0,50300.0
2021050605001927,MLBSL,51,34,10,5030.0,50300.0
2021050605001926,MLBSL,51,36,10,5030.0,50300.0
2021050605001914,MLBSL,51,49,10,5030.0,50300.0
2021050605001910,MLBSL,51,19,10,5030.0,50300.0
2021050605001908,MLBSL,51,59,10,5030.0,50300.0
2021050605001943,MLBSL,38,6,10,5030.0,50300.0
2021050605001940,MLBSL,38,22,10,5030.0,50300.0
2021050605001939,MLBSL,51,6,10,5030.0,50300.0
2021050605001938,MLBSL,51,38,10,5030.0,50300.0
2021050605001937,MLBSL,51,49,10,5030.0,50300.0
2021050605001932,MLBSL,51,57,10,5030.0,50300.0
2021050605001963,MLBSL,6,39,10,5030.0,50300.0
2021050605001961,MLBSL,38,29,10,5030.0,50300.0
2021050605001960,MLBSL,38,16,10,5030.0,50300.0
2021050605001952,MLBSL,38,51,10,5030.0,50300.0
2021050605001951,MLBSL,38,58,10,5030.0,50300.0
2021050605001944,MLBSL,38,35,10,5030.0,50300.0
2021050605001997,MLBSL,14,36,10,5030.0,50300.0
2021050605001989,MLBSL,14,28,10,5030.0,50300.0
2021050605001987,MLBSL,20,28,10,5030.0,50300.0
2021050605001985,MLBSL,6,47,10,5030.0,50300.0
2021050605001978,MLBSL,6,4,10,5030.0,50300.0
2021050605001972,MLBSL,6,39,10,5030.0,50300.0
2021050605002021,MLBSL,29,57,10,5030.0,50300.0
2021050605002019,MLBSL,29,45,10,5030.0,50300.0
2021050605002018,MLBSL,29,34,10,5030.0,50300.0
2021050605002017,MLBSL,29,36,10,5030.0,50300.0
2021050605002016,MLBSL,29,45,10,5030.0,50300.0
2021050605002014,MLBSL,14,59,10,5030.0,50300.0
2021050605002038,MLBSL,45,26,10,5030.0,50300.0
2021050605002036,MLBSL,45,45,10,5030.0,50300.0
2021050605002035,MLBSL,45,11,10,5030.0,50300.0
2021050605002034,MLBSL,45,1,10,5030.0,50300.0
2021050605002030,MLBSL,48,39,10,5030.0,50300.0
2021050605002029,MLBSL,48,51,10,5030.0,50300.0
2021050605002078,MLBSL,45,37,10,5030.0,50300.0
2021050605002067,MLBSL,59,58,5,5030.0,25150.0
2021050605002064,MLBSL,45,57,10,5030.0,50300.0
2021050605002058,MLBSL,45,38,10,5030.0,50300.0
2021050605002043,MLBSL,45,42,10,5030.0,50300.0
2021050605002040,MLBSL,45,21,10,5030.0,50300.0
2021050605002099,MLBSL,42,49,10,5030.0,50300.0
2021050605002098,MLBSL,55,58,10,5030.0,50300.0
2021050605002094,MLBSL,22,17,10,5030.0,50300.0
2021050605002087,MLBSL,22,58,10,5030.0,50300.0
2021050605002084,MLBSL,22,48,10,5030.0,50300.0
2021050605002079,MLBSL,45,29,10,5030.0,50300.0
2021050605002140,MLBSL,45,38,10,5030.0,50300.0
2021050605002137,MLBSL,45,34,10,5030.0,50300.0
2021050605002114,MLBSL,42,49,10,5030.0,50300.0
2021050605002111,MLBSL,42,54,10,5030.0,50300.0
2021050605002107,MLBSL,42,47,10,5030.0,50300.0
2021050605002106,MLBSL,42,56,10,5030.0,50300.0
2021050605002155,MLBSL,44,36,10,5030.0,50300.0
2021050605002151,MLBSL,57,6,10,5030.0,50300.0
2021050605002150,MLBSL,32,6,10,5030.0,50300.0
2021050605002149,MLBSL,45,6,10,5030.0,50300.0
2021050605002142,MLBSL,45,26,10,5030.0,50300.0
2021050605002141,MLBSL,45,29,10,5030.0,50300.0
2021050605002171,MLBSL,8,43,10,5030.0,50300.0
2021050605002166,MLBSL,8,58,10,5030.0,50300.0
2021050605002163,MLBSL,8,21,10,5030.0,50300.0
2021050605002159,MLBSL,8,28,10,5030.0,50300.0
2021050605002157,MLBSL,51,45,10,5030.0,50300.0
2021050605002156,MLBSL,51,21,10,5030.0,50300.0
2021050605002194,MLBSL,57,32,10,5030.0,50300.0
2021050605002186,MLBSL,57,56,10,5030.0,50300.0
2021050605002185,MLBSL,57,29,10,5030.0,50300.0
2021050605002183,MLBSL,57,38,10,5030.0,50300.0
2021050605002179,MLBSL,57,58,10,5030.0,50300.0
2021050605002177,MLBSL,8,53,10,5030.0,50300.0
2021050605002229,MLBSL,25,36,10,5030.0,50300.0
2021050605002228,MLBSL,57,51,10,5030.0,50300.0
2021050605002213,MLBSL,47,45,10,5030.0,50300.0
2021050605002211,MLBSL,13,34,10,5030.0,50300.0
2021050605002208,MLBSL,13,46,10,5030.0,50300.0
2021050605002200,MLBSL,14,45,10,5030.0,50300.0
2021050605002276,NICLBSL,49,56,10,1823.0,18230.0
2021050605002275,NICLBSL,51,55,50,1824.0,91200.0
2021050605002274,NICLBSL,49,42,10,1823.0,18230.0
2021050605002273,NICLBSL,16,55,20,1824.0,36480.0
2021050605002272,NICLBSL,33,55,20,1824.0,36480.0
2021050605002270,NICLBSL,51,25,27,1824.0,49248.0
2021050605001784,NICLBSL,52,41,10,1835.0,18350.0
2021050605001782,NICLBSL,52,5,10,1835.0,18350.0
2021050605001778,NICLBSL,52,58,82,1835.0,150470.0
2021050605001792,NICLBSL,52,49,200,1835.0,367000.0
2021050605001791,NICLBSL,52,50,20,1835.0,36700.0
2021050605001790,NICLBSL,52,37,10,1835.0,18350.0
2021050605001787,NICLBSL,52,42,10,1835.0,18350.0
2021050605001786,NICLBSL,56,37,20,1836.0,36720.0
2021050605001785,NICLBSL,56,55,10,1836.0,18360.0
2021050605001798,NICLBSL,51,47,70,1837.0,128590.0
2021050605001797,NICLBSL,51,11,10,1837.0,18370.0
2021050605001796,NICLBSL,51,50,10,1837.0,18370.0
2021050605001795,NICLBSL,51,42,10,1836.0,18360.0
2021050605001794,NICLBSL,52,25,10,1835.0,18350.0
2021050605001793,NICLBSL,52,11,10,1835.0,18350.0
2021050605001806,NICLBSL,38,21,10,1834.0,18340.0
2021050605001805,NICLBSL,32,59,20,1835.0,36700.0
2021050605001804,NICLBSL,38,34,10,1834.0,18340.0
2021050605001802,NICLBSL,45,59,20,1835.0,36700.0
2021050605001801,NICLBSL,52,59,128,1835.0,234880.0
2021050605001800,NICLBSL,52,50,10,1835.0,18350.0
2021050605001812,NICLBSL,13,57,10,1835.0,18350.0
2021050605001811,NICLBSL,56,57,40,1835.0,73400.0
2021050605001810,NICLBSL,56,47,40,1835.0,73400.0
2021050605001809,NICLBSL,56,11,20,1835.0,36700.0
2021050605001808,NICLBSL,51,1,10,1835.0,18350.0
2021050605001807,NICLBSL,51,59,32,1835.0,58720.0
2021050605001821,NICLBSL,5,47,10,1835.0,18350.0
2021050605001820,NICLBSL,5,34,10,1835.0,18350.0
2021050605001818,NICLBSL,57,25,10,1834.0,18340.0
2021050605001816,NICLBSL,16,47,10,1834.0,18340.0
2021050605001815,NICLBSL,38,47,20,1834.0,36680.0
2021050605001813,NICLBSL,38,57,10,1834.0,18340.0
2021050605001828,NICLBSL,57,28,10,1835.0,18350.0
2021050605001827,NICLBSL,25,25,10,1833.0,18330.0
2021050605001826,NICLBSL,25,36,10,1833.0,18330.0
2021050605001824,NICLBSL,25,34,10,1833.0,18330.0
2021050605001823,NICLBSL,5,29,10,1835.0,18350.0
2021050605001822,NICLBSL,5,45,10,1835.0,18350.0
2021050605001838,NICLBSL,25,25,10,1833.0,18330.0
2021050605001837,NICLBSL,37,45,10,1835.0,18350.0
2021050605001833,NICLBSL,37,5,10,1835.0,18350.0
2021050605001831,NICLBSL,26,28,10,1835.0,18350.0
2021050605001830,NICLBSL,25,39,10,1833.0,18330.0
2021050605001829,NICLBSL,25,34,10,1833.0,18330.0
2021050605001845,NICLBSL,50,49,10,1835.0,18350.0
2021050605001843,NICLBSL,3,25,10,1834.0,18340.0
2021050605001842,NICLBSL,17,8,20,1835.0,36700.0
2021050605001841,NICLBSL,17,56,10,1835.0,18350.0
2021050605001840,NICLBSL,45,25,50,1836.0,91800.0
2021050605001839,NICLBSL,17,3,10,1835.0,18350.0
2021050605001853,NICLBSL,3,25,10,1834.0,18340.0
2021050605001852,NICLBSL,3,43,55,1834.0,100870.0
2021050605001851,NICLBSL,3,34,10,1834.0,18340.0
2021050605001849,NICLBSL,22,49,40,1835.0,73400.0
2021050605001848,NICLBSL,22,34,10,1835.0,18350.0
2021050605001847,NICLBSL,3,57,10,1834.0,18340.0
2021050605001861,NICLBSL,47,47,25,1834.0,45850.0
2021050605001860,NICLBSL,3,47,75,1834.0,137550.0
2021050605001859,NICLBSL,3,56,10,1834.0,18340.0
2021050605001858,NICLBSL,3,34,10,1834.0,18340.0
2021050605001857,NICLBSL,3,56,10,1834.0,18340.0
2021050605001855,NICLBSL,38,49,20,1835.0,36700.0
2021050605001871,NICLBSL,5,36,10,1832.0,18320.0
2021050605001870,NICLBSL,5,45,10,1832.0,18320.0
2021050605001868,NICLBSL,17,10,10,1833.0,18330.0
2021050605001867,NICLBSL,25,57,10,1833.0,18330.0
2021050605001866,NICLBSL,25,32,30,1833.0,54990.0
2021050605001862,NICLBSL,47,21,25,1834.0,45850.0
2021050605001880,NICLBSL,35,34,20,1830.0,36600.0
2021050605001879,NICLBSL,48,34,30,1830.0,54900.0
2021050605001878,NICLBSL,45,34,100,1831.0,183100.0
2021050605001877,NICLBSL,36,34,130,1831.0,238030.0
2021050605001874,NICLBSL,5,4,170,1832.0,311440.0
2021050605001872,NICLBSL,5,34,10,1832.0,18320.0
2021050605001886,NICLBSL,45,34,50,1830.0,91500.0
2021050605001885,NICLBSL,38,34,100,1830.0,183000.0
2021050605001884,NICLBSL,38,34,30,1830.0,54900.0
2021050605001883,NICLBSL,17,34,100,1830.0,183000.0
2021050605001882,NICLBSL,48,34,50,1830.0,91500.0
2021050605001881,NICLBSL,32,34,25,1830.0,45750.0
2021050605001892,NICLBSL,45,34,20,1830.0,36600.0
2021050605001891,NICLBSL,58,34,50,1830.0,91500.0
2021050605001890,NICLBSL,13,34,50,1830.0,91500.0
2021050605001889,NICLBSL,59,34,50,1830.0,91500.0
2021050605001888,NICLBSL,58,34,40,1830.0,73200.0
2021050605001887,NICLBSL,47,34,100,1830.0,183000.0
2021050605001899,NICLBSL,59,14,10,1831.0,18310.0
2021050605001897,NICLBSL,59,7,10,1831.0,18310.0
2021050605001896,NICLBSL,49,4,10,1832.0,18320.0
2021050605001895,NICLBSL,13,47,15,1830.0,27450.0
2021050605001894,NICLBSL,13,34,35,1830.0,64050.0
2021050605001893,NICLBSL,49,34,20,1830.0,36600.0
2021050605001907,NICLBSL,49,39,10,1830.0,18300.0
2021050605001906,NICLBSL,49,47,20,1830.0,36600.0
2021050605001905,NICLBSL,59,47,30,1831.0,54930.0
2021050605001902,NICLBSL,51,36,70,1832.0,128240.0
2021050605001901,NICLBSL,51,45,10,1832.0,18320.0
2021050605001900,NICLBSL,51,4,20,1832.0,36640.0
2021050605001916,NICLBSL,49,41,10,1830.0,18300.0
2021050605001915,NICLBSL,49,36,10,1830.0,18300.0
2021050605001913,NICLBSL,49,52,10,1830.0,18300.0
2021050605001912,NICLBSL,42,52,250,1831.0,457750.0
2021050605001911,NICLBSL,51,52,50,1831.0,91550.0
2021050605001909,NICLBSL,49,34,10,1830.0,18300.0
2021050605001922,NICLBSL,56,51,100,1830.0,183000.0
2021050605001921,NICLBSL,17,51,10,1830.0,18300.0
2021050605001920,NICLBSL,49,51,10,1830.0,18300.0
2021050605001919,NICLBSL,49,41,10,1830.0,18300.0
2021050605001918,NICLBSL,16,25,10,1831.0,18310.0
2021050605001917,NICLBSL,49,1,10,1830.0,18300.0
2021050605001931,NICLBSL,48,17,10,1830.0,18300.0
2021050605001930,NICLBSL,41,36,50,1832.0,91600.0
2021050605001929,NICLBSL,44,32,10,1831.0,18310.0
2021050605001925,NICLBSL,48,51,79,1830.0,144570.0
2021050605001924,NICLBSL,19,51,20,1830.0,36600.0
2021050605001923,NICLBSL,49,51,100,1830.0,183000.0
2021050605001945,NICLBSL,19,43,10,1830.0,18300.0
2021050605001942,NICLBSL,19,49,10,1830.0,18300.0
2021050605001941,NICLBSL,19,56,10,1830.0,18300.0
2021050605001935,NICLBSL,19,34,10,1830.0,18300.0
2021050605001934,NICLBSL,19,17,10,1830.0,18300.0
2021050605001933,NICLBSL,48,49,10,1830.0,18300.0
2021050605001953,NICLBSL,29,14,13,1829.0,23777.0
2021050605001950,NICLBSL,1,42,10,1831.0,18310.0
2021050605001949,NICLBSL,1,50,10,1830.0,18300.0
2021050605001948,NICLBSL,49,50,10,1830.0,18300.0
2021050605001947,NICLBSL,49,43,40,1830.0,73200.0
2021050605001946,NICLBSL,44,43,10,1830.0,18300.0
2021050605001959,NICLBSL,56,49,10,1829.0,18290.0
2021050605001958,NICLBSL,29,29,20,1829.0,36580.0
2021050605001957,NICLBSL,29,13,10,1829.0,18290.0
2021050605001956,NICLBSL,36,33,25,1831.0,45775.0
2021050605001955,NICLBSL,36,42,10,1831.0,18310.0
2021050605001954,NICLBSL,36,13,10,1830.0,18300.0
2021050605001968,NICLBSL,40,58,10,1830.0,18300.0
2021050605001967,NICLBSL,40,37,10,1830.0,18300.0
2021050605001966,NICLBSL,40,6,10,1830.0,18300.0
2021050605001965,NICLBSL,40,13,10,1830.0,18300.0
2021050605001964,NICLBSL,40,57,10,1829.0,18290.0
2021050605001962,NICLBSL,56,37,10,1829.0,18290.0
2021050605001975,NICLBSL,56,52,11,1828.0,20108.0
2021050605001974,NICLBSL,16,52,10,1828.0,18280.0
2021050605001973,NICLBSL,25,56,10,1828.0,18280.0
2021050605001971,NICLBSL,40,56,10,1830.0,18300.0
2021050605001970,NICLBSL,40,13,10,1830.0,18300.0
2021050605001969,NICLBSL,40,10,30,1830.0,54900.0
2021050605001982,NICLBSL,29,59,10,1828.0,18280.0
2021050605001981,NICLBSL,18,59,60,1828.0,109680.0
2021050605001980,NICLBSL,48,59,30,1828.0,54840.0
2021050605001979,NICLBSL,48,5,10,1828.0,18280.0
2021050605001977,NICLBSL,48,56,10,1828.0,18280.0
2021050605001976,NICLBSL,26,52,20,1828.0,36560.0
2021050605001992,NICLBSL,14,56,10,1827.0,18270.0
2021050605001991,NICLBSL,35,37,10,1829.0,18290.0
2021050605001990,NICLBSL,7,51,10,1827.0,18270.0
2021050605001988,NICLBSL,35,56,10,1828.0,18280.0
2021050605001986,NICLBSL,35,38,10,1828.0,18280.0
2021050605001984,NICLBSL,29,56,10,1828.0,18280.0
2021050605001999,NICLBSL,19,51,10,1826.0,18260.0
2021050605001998,NICLBSL,51,42,50,1827.0,91350.0
2021050605001996,NICLBSL,19,38,10,1826.0,18260.0
2021050605001995,NICLBSL,58,42,30,1827.0,54810.0
2021050605001994,NICLBSL,58,56,10,1827.0,18270.0
2021050605001993,NICLBSL,14,1,10,1827.0,18270.0
2021050605002005,NICLBSL,7,51,10,1828.0,18280.0
2021050605002004,NICLBSL,7,42,61,1827.0,111447.0
2021050605002003,NICLBSL,50,59,10,1826.0,18260.0
2021050605002002,NICLBSL,50,38,50,1826.0,91300.0
2021050605002001,NICLBSL,19,38,10,1826.0,18260.0
2021050605002000,NICLBSL,53,42,10,1827.0,18270.0
2021050605002011,NICLBSL,50,59,40,1826.0,73040.0
2021050605002010,NICLBSL,7,59,29,1830.0,53070.0
2021050605002009,NICLBSL,7,42,10,1830.0,18300.0
2021050605002008,NICLBSL,7,38,10,1830.0,18300.0
2021050605002007,NICLBSL,7,34,20,1830.0,36600.0
2021050605002006,NICLBSL,7,29,10,1829.0,18290.0
2021050605002023,NICLBSL,32,17,10,1827.0,18270.0
2021050605002022,NICLBSL,28,28,10,1827.0,18270.0
2021050605002020,NICLBSL,49,40,10,1830.0,18300.0
2021050605002015,NICLBSL,28,22,10,1827.0,18270.0
2021050605002013,NICLBSL,29,40,10,1826.0,18260.0
2021050605002012,NICLBSL,29,59,31,1826.0,56606.0
2021050605002031,NICLBSL,38,21,10,1827.0,18270.0
2021050605002028,NICLBSL,38,57,10,1827.0,18270.0
2021050605002027,NICLBSL,36,57,90,1827.0,164430.0
2021050605002026,NICLBSL,36,28,10,1827.0,18270.0
2021050605002025,NICLBSL,52,40,15,1830.0,27450.0
2021050605002024,NICLBSL,32,17,10,1827.0,18270.0
2021050605002042,NICLBSL,49,29,20,1828.0,36560.0
2021050605002041,NICLBSL,49,54,10,1828.0,18280.0
2021050605002039,NICLBSL,49,1,10,1828.0,18280.0
2021050605002037,NICLBSL,49,28,10,1828.0,18280.0
2021050605002033,NICLBSL,38,29,20,1827.0,36540.0
2021050605002032,NICLBSL,38,45,10,1827.0,18270.0
2021050605002049,NICLBSL,36,40,70,1830.0,128100.0
2021050605002048,NICLBSL,36,38,10,1828.0,18280.0
2021050605002047,NICLBSL,36,1,10,1828.0,18280.0
2021050605002046,NICLBSL,36,29,10,1827.0,18270.0
2021050605002045,NICLBSL,36,47,10,1827.0,18270.0
2021050605002044,NICLBSL,29,16,20,1827.0,36540.0
2021050605002055,NICLBSL,5,55,42,1826.0,76692.0
2021050605002054,NICLBSL,25,55,10,1826.0,18260.0
2021050605002053,NICLBSL,36,35,70,1830.0,128100.0
2021050605002052,NICLBSL,36,43,10,1830.0,18300.0
2021050605002051,NICLBSL,36,47,50,1830.0,91500.0
2021050605002050,NICLBSL,36,38,10,1830.0,18300.0
2021050605002062,NICLBSL,57,28,10,1825.0,18250.0
2021050605002061,NICLBSL,22,29,10,1826.0,18260.0
2021050605002060,NICLBSL,55,29,20,1826.0,36520.0
2021050605002059,NICLBSL,5,29,48,1826.0,87648.0
2021050605002057,NICLBSL,22,29,10,1827.0,18270.0
2021050605002056,NICLBSL,5,1,10,1826.0,18260.0
2021050605002070,NICLBSL,21,29,180,1826.0,328680.0
2021050605002069,NICLBSL,52,28,10,1825.0,18250.0
2021050605002068,NICLBSL,52,58,10,1825.0,18250.0
2021050605002066,NICLBSL,22,46,10,1825.0,18250.0
2021050605002065,NICLBSL,57,46,10,1825.0,18250.0
2021050605002063,NICLBSL,32,29,20,1826.0,36520.0
2021050605002076,NICLBSL,21,36,10,1830.0,18300.0
2021050605002075,NICLBSL,21,49,10,1830.0,18300.0
2021050605002074,NICLBSL,21,4,210,1830.0,384300.0
2021050605002073,NICLBSL,21,45,10,1830.0,18300.0
2021050605002072,NICLBSL,21,35,30,1830.0,54900.0
2021050605002071,NICLBSL,21,49,30,1827.0,54810.0
2021050605002085,NICLBSL,29,3,10,1827.0,18270.0
2021050605002083,NICLBSL,52,36,55,1825.0,100375.0
2021050605002082,NICLBSL,52,28,10,1825.0,18250.0
2021050605002081,NICLBSL,45,28,20,1827.0,36540.0
2021050605002080,NICLBSL,45,20,10,1827.0,18270.0
2021050605002077,NICLBSL,21,7,20,1830.0,36600.0
2021050605002092,NICLBSL,45,4,40,1825.0,73000.0
2021050605002091,NICLBSL,45,36,80,1825.0,146000.0
2021050605002090,NICLBSL,45,49,20,1825.0,36500.0
2021050605002089,NICLBSL,38,49,10,1825.0,18250.0
2021050605002088,NICLBSL,52,17,10,1825.0,18250.0
2021050605002086,NICLBSL,29,45,20,1827.0,36540.0
2021050605002101,NICLBSL,48,7,25,1825.0,45625.0
2021050605002100,NICLBSL,45,7,140,1825.0,255500.0
2021050605002097,NICLBSL,45,47,87,1825.0,158775.0
2021050605002096,NICLBSL,45,47,123,1825.0,224475.0
2021050605002095,NICLBSL,29,58,20,1826.0,36520.0
2021050605002093,NICLBSL,45,38,10,1825.0,18250.0
2021050605002109,NICLBSL,38,28,10,1825.0,18250.0
2021050605002108,NICLBSL,38,49,20,1825.0,36500.0
2021050605002105,NICLBSL,38,7,20,1825.0,36500.0
2021050605002104,NICLBSL,6,7,50,1825.0,91250.0
2021050605002103,NICLBSL,26,7,10,1825.0,18250.0
2021050605002102,NICLBSL,50,7,10,1825.0,18250.0
2021050605002117,NICLBSL,38,28,10,1826.0,18260.0
2021050605002116,NICLBSL,38,58,70,1826.0,127820.0
2021050605002115,NICLBSL,40,55,10,1825.0,18250.0
2021050605002113,NICLBSL,40,38,292,1825.0,532900.0
2021050605002112,NICLBSL,40,10,10,1825.0,18250.0
2021050605002110,NICLBSL,6,52,10,1825.0,18250.0
2021050605002123,NICLBSL,38,52,39,1826.0,71214.0
2021050605002122,NICLBSL,38,51,10,1826.0,18260.0
2021050605002121,NICLBSL,38,22,20,1826.0,36520.0
2021050605002120,NICLBSL,38,44,31,1826.0,56606.0
2021050605002119,NICLBSL,38,38,10,1826.0,18260.0
2021050605002118,NICLBSL,38,57,10,1826.0,18260.0
2021050605002129,NICLBSL,16,29,60,1825.0,109500.0
2021050605002128,NICLBSL,44,26,20,1824.0,36480.0
2021050605002127,NICLBSL,16,29,13,1825.0,23725.0
2021050605002126,NICLBSL,40,29,77,1825.0,140525.0
2021050605002125,NICLBSL,40,52,111,1825.0,202575.0
2021050605002124,NICLBSL,6,52,50,1826.0,91300.0
2021050605002135,NICLBSL,16,58,59,1826.0,107734.0
2021050605002134,NICLBSL,16,26,10,1826.0,18260.0
2021050605002133,NICLBSL,16,16,10,1826.0,18260.0
2021050605002132,NICLBSL,16,35,100,1826.0,182600.0
2021050605002131,NICLBSL,16,49,90,1826.0,164340.0
2021050605002130,NICLBSL,16,21,10,1826.0,18260.0
2021050605002145,NICLBSL,16,20,10,1826.0,18260.0
2021050605002144,NICLBSL,16,57,100,1826.0,182600.0
2021050605002143,NICLBSL,16,38,10,1826.0,18260.0
2021050605002139,NICLBSL,45,17,30,1828.0,54840.0
2021050605002138,NICLBSL,45,51,10,1827.0,18270.0
2021050605002136,NICLBSL,16,28,20,1826.0,36520.0
2021050605002154,NICLBSL,44,25,20,1824.0,36480.0
2021050605002153,NICLBSL,44,29,10,1824.0,18240.0
2021050605002152,NICLBSL,35,25,50,1825.0,91250.0
2021050605002148,NICLBSL,38,28,10,1825.0,18250.0
2021050605002147,NICLBSL,56,44,10,1826.0,18260.0
2021050605002146,NICLBSL,16,44,21,1826.0,38346.0
2021050605002167,NICLBSL,28,28,10,1823.0,18230.0
2021050605002165,NICLBSL,28,28,10,1823.0,18230.0
2021050605002164,NICLBSL,51,25,10,1824.0,18240.0
2021050605002162,NICLBSL,28,29,10,1823.0,18230.0
2021050605002161,NICLBSL,44,25,20,1824.0,36480.0
2021050605002158,NICLBSL,44,25,10,1824.0,18240.0
2021050605002174,NICLBSL,44,52,10,1821.0,18210.0
2021050605002173,NICLBSL,34,52,70,1821.0,127470.0
2021050605002172,NICLBSL,34,34,10,1821.0,18210.0
2021050605002170,NICLBSL,34,54,10,1821.0,18210.0
2021050605002169,NICLBSL,34,34,10,1821.0,18210.0
2021050605002168,NICLBSL,29,28,10,1822.0,18220.0
2021050605002182,NICLBSL,48,17,170,1821.0,309570.0
2021050605002181,NICLBSL,47,34,10,1822.0,18220.0
2021050605002180,NICLBSL,48,59,10,1821.0,18210.0
2021050605002178,NICLBSL,48,11,100,1821.0,182100.0
2021050605002176,NICLBSL,48,52,168,1821.0,305928.0
2021050605002175,NICLBSL,32,52,60,1821.0,109260.0
2021050605002191,NICLBSL,48,34,10,1821.0,18210.0
2021050605002190,NICLBSL,48,58,10,1821.0,18210.0
2021050605002189,NICLBSL,48,7,10,1821.0,18210.0
2021050605002188,NICLBSL,53,25,50,1823.0,91150.0
2021050605002187,NICLBSL,48,17,10,1821.0,18210.0
2021050605002184,NICLBSL,48,34,10,1821.0,18210.0
2021050605002198,NICLBSL,48,49,10,1821.0,18210.0
2021050605002197,NICLBSL,48,55,10,1821.0,18210.0
2021050605002196,NICLBSL,48,34,10,1821.0,18210.0
2021050605002195,NICLBSL,48,16,10,1821.0,18210.0
2021050605002193,NICLBSL,48,54,20,1821.0,36420.0
2021050605002192,NICLBSL,48,34,10,1821.0,18210.0
2021050605002205,NICLBSL,48,55,10,1821.0,18210.0
2021050605002204,NICLBSL,48,34,10,1821.0,18210.0
2021050605002203,NICLBSL,48,42,10,1821.0,18210.0
2021050605002202,NICLBSL,48,32,10,1821.0,18210.0
2021050605002201,NICLBSL,48,21,70,1821.0,127470.0
2021050605002199,NICLBSL,44,10,10,1822.0,18220.0
2021050605002214,NICLBSL,48,22,20,1821.0,36420.0
2021050605002212,NICLBSL,48,49,10,1821.0,18210.0
2021050605002210,NICLBSL,48,41,10,1821.0,18210.0
2021050605002209,NICLBSL,48,34,10,1821.0,18210.0
2021050605002207,NICLBSL,48,46,100,1821.0,182100.0
2021050605002206,NICLBSL,48,34,10,1821.0,18210.0
2021050605002220,NICLBSL,29,44,30,1821.0,54630.0
2021050605002219,NICLBSL,48,44,142,1821.0,258582.0
2021050605002218,NICLBSL,48,55,10,1821.0,18210.0
2021050605002217,NICLBSL,48,34,10,1821.0,18210.0
2021050605002216,NICLBSL,44,28,20,1822.0,36440.0
2021050605002215,NICLBSL,44,17,10,1822.0,18220.0
2021050605002227,NICLBSL,56,34,10,1821.0,18210.0
2021050605002226,NICLBSL,56,36,20,1821.0,36420.0
2021050605002225,NICLBSL,56,55,10,1821.0,18210.0
2021050605002224,NICLBSL,56,17,10,1821.0,18210.0
2021050605002223,NICLBSL,47,28,20,1822.0,36440.0
2021050605002221,NICLBSL,56,44,29,1821.0,52809.0
2021050605002235,NICLBSL,56,49,10,1821.0,18210.0
2021050605002234,NICLBSL,56,34,20,1821.0,36420.0
2021050605002233,NICLBSL,56,49,10,1821.0,18210.0
2021050605002232,NICLBSL,56,49,10,1821.0,18210.0
2021050605002231,NICLBSL,56,25,10,1821.0,18210.0
2021050605002230,NICLBSL,56,34,10,1821.0,18210.0
2021050605002242,NICLBSL,56,25,10,1821.0,18210.0
2021050605002241,NICLBSL,56,49,10,1821.0,18210.0
2021050605002240,NICLBSL,14,28,20,1822.0,36440.0
2021050605002239,NICLBSL,56,49,10,1821.0,18210.0
2021050605002238,NICLBSL,21,28,10,1822.0,18220.0
2021050605002236,NICLBSL,26,28,20,1822.0,36440.0
2021050605002249,NICLBSL,45,59,10,1822.0,18220.0
2021050605002247,NICLBSL,20,25,50,1823.0,91150.0
2021050605002246,NICLBSL,56,50,80,1821.0,145680.0
2021050605002245,NICLBSL,35,50,20,1822.0,36440.0
2021050605002244,NICLBSL,35,28,60,1822.0,109320.0
2021050605002243,NICLBSL,56,34,10,1821.0,18210.0
2021050605002256,NICLBSL,45,49,10,1822.0,18220.0
2021050605002255,NICLBSL,45,33,10,1822.0,18220.0
2021050605002254,NICLBSL,45,34,10,1822.0,18220.0
2021050605002253,NICLBSL,45,45,10,1822.0,18220.0
2021050605002252,NICLBSL,19,25,10,1823.0,18230.0
2021050605002251,NICLBSL,19,25,20,1823.0,36460.0
2021050605002262,NICLBSL,1,25,50,1821.0,91050.0
2021050605002261,NICLBSL,57,25,40,1821.0,72840.0
2021050605002260,NICLBSL,35,34,30,1822.0,54660.0
2021050605002259,NICLBSL,38,34,30,1822.0,54660.0
2021050605002258,NICLBSL,56,26,31,1821.0,56451.0
2021050605002257,NICLBSL,45,34,10,1822.0,18220.0
2021050605002269,NICLBSL,49,36,10,1823.0,18230.0
2021050605002268,NICLBSL,49,17,10,1823.0,18230.0
2021050605002267,NICLBSL,49,58,10,1823.0,18230.0
2021050605002265,NICLBSL,49,7,10,1822.0,18220.0
2021050605002264,NICLBSL,49,34,130,1822.0,236860.0
2021050605002263,NICLBSL,47,25,40,1821.0,72840.0
2021050605002222,RURU,13,42,10,499.0,4990.0
2021050605002160,RURU,13,34,10,499.0,4990.0
2021050605001983,RURU,13,36,10,499.0,4990.0
2021050605001936,RURU,13,49,10,499.0,4990.0
2021050605001819,RURU,13,44,10,499.0,4990.0
2021050605001781,RURU,13,44,10,499.0,4990.0
2021050605001771,MLBSL,8,6,10,5030.0,50300.0
2021050605001767,MLBSL,13,28,10,5030.0,50300.0
2021050605001762,MLBSL,44,6,10,5030.0,50300.0
2021050605001753,MLBSL,26,50,10,5030.0,50300.0
2021050605001750,MLBSL,26,17,10,5030.0,50300.0
2021050605001726,MLBSL,38,14,10,5030.0,50300.0
2021050605001281,MLBSL,38,10,10,5030.0,50300.0
2021050605001280,MLBSL,38,59,10,5030.0,50300.0
2021050605001299,MLBSL,38,21,10,5030.0,50300.0
2021050605001297,MLBSL,38,54,10,5030.0,50300.0
2021050605001295,MLBSL,38,50,10,5030.0,50300.0
2021050605001294,MLBSL,38,41,10,5030.0,50300.0
2021050605001292,MLBSL,38,33,10,5030.0,50300.0
2021050605001287,MLBSL,38,16,10,5030.0,50300.0
2021050605001318,MLBSL,38,45,10,5030.0,50300.0
2021050605001317,MLBSL,38,10,10,5030.0,50300.0
2021050605001315,MLBSL,38,32,10,5030.0,50300.0
2021050605001311,MLBSL,38,34,10,5030.0,50300.0
2021050605001307,MLBSL,38,10,10,5030.0,50300.0
2021050605001301,MLBSL,38,21,10,5030.0,50300.0
2021050605001338,MLBSL,38,7,10,5030.0,50300.0
2021050605001333,MLBSL,38,29,10,5030.0,50300.0
2021050605001327,MLBSL,38,6,10,5030.0,50300.0
2021050605001325,MLBSL,38,21,10,5030.0,50300.0
2021050605001323,MLBSL,38,48,10,5030.0,50300.0
2021050605001319,MLBSL,38,22,10,5030.0,50300.0
2021050605001371,MLBSL,38,49,10,5030.0,50300.0
2021050605001358,MLBSL,38,17,10,5030.0,50300.0
2021050605001357,MLBSL,38,55,10,5030.0,50300.0
2021050605001356,MLBSL,38,17,10,5030.0,50300.0
2021050605001346,MLBSL,38,47,10,5030.0,50300.0
2021050605001341,MLBSL,38,56,10,5030.0,50300.0
2021050605001405,MLBSL,11,52,10,5030.0,50300.0
2021050605001404,MLBSL,38,44,10,5030.0,50300.0
2021050605001397,MLBSL,38,6,10,5030.0,50300.0
2021050605001394,MLBSL,38,45,10,5030.0,50300.0
2021050605001386,MLBSL,38,38,10,5030.0,50300.0
2021050605001383,MLBSL,38,6,10,5030.0,50300.0
2021050605001422,MLBSL,57,58,10,5030.0,50300.0
2021050605001420,MLBSL,57,52,10,5030.0,50300.0
2021050605001417,MLBSL,57,26,10,5030.0,50300.0
2021050605001416,MLBSL,57,52,10,5030.0,50300.0
2021050605001414,MLBSL,43,14,10,5030.0,50300.0
2021050605001412,MLBSL,49,52,10,5030.0,50300.0
2021050605001437,MLBSL,57,42,10,5030.0,50300.0
2021050605001436,MLBSL,57,28,10,5030.0,50300.0
2021050605001428,MLBSL,57,17,10,5030.0,50300.0
2021050605001426,MLBSL,57,6,10,5030.0,50300.0
2021050605001425,MLBSL,57,52,10,5030.0,50300.0
2021050605001423,MLBSL,57,21,10,5030.0,50300.0
2021050605001457,MLBSL,49,49,10,5030.0,50300.0
2021050605001450,MLBSL,47,26,10,5030.0,50300.0
2021050605001448,MLBSL,47,56,10,5030.0,50300.0
2021050605001446,MLBSL,47,39,10,5030.0,50300.0
2021050605001441,MLBSL,40,41,10,5030.0,50300.0
2021050605001439,MLBSL,3,45,10,5030.0,50300.0
2021050605001466,MLBSL,49,38,10,5030.0,50300.0
2021050605001465,MLBSL,49,48,10,5030.0,50300.0
2021050605001464,MLBSL,49,42,10,5030.0,50300.0
2021050605001463,MLBSL,49,38,10,5030.0,50300.0
2021050605001462,MLBSL,49,45,10,5030.0,50300.0
2021050605001458,MLBSL,49,42,10,5030.0,50300.0
2021050605001483,MLBSL,47,1,10,5030.0,50300.0
2021050605001482,MLBSL,47,45,10,5030.0,50300.0
2021050605001480,MLBSL,48,6,10,5030.0,50300.0
2021050605001474,MLBSL,49,28,10,5030.0,50300.0
2021050605001472,MLBSL,49,34,10,5030.0,50300.0
2021050605001468,MLBSL,49,34,10,5030.0,50300.0
2021050605001496,MLBSL,34,49,10,5030.0,50300.0
2021050605001495,MLBSL,34,46,10,5030.0,50300.0
2021050605001494,MLBSL,34,35,10,5030.0,50300.0
2021050605001490,MLBSL,47,56,10,5030.0,50300.0
2021050605001489,MLBSL,47,1,10,5030.0,50300.0
2021050605001488,MLBSL,47,54,10,5030.0,50300.0
2021050605001517,MLBSL,19,13,10,5030.0,50300.0
2021050605001512,MLBSL,19,5,10,5030.0,50300.0
2021050605001511,MLBSL,19,21,10,5030.0,50300.0
2021050605001507,MLBSL,19,26,10,5030.0,50300.0
2021050605001501,MLBSL,34,34,10,5030.0,50300.0
2021050605001497,MLBSL,34,6,10,5030.0,50300.0
2021050605001527,MLBSL,19,46,10,5030.0,50300.0
2021050605001525,MLBSL,19,5,10,5030.0,50300.0
2021050605001523,MLBSL,19,22,10,5030.0,50300.0
2021050605001522,MLBSL,19,21,10,5030.0,50300.0
2021050605001520,MLBSL,19,37,10,5030.0,50300.0
2021050605001519,MLBSL,19,42,10,5030.0,50300.0
2021050605001548,MLBSL,57,14,10,5030.0,50300.0
2021050605001546,MLBSL,57,59,10,5030.0,50300.0
2021050605001545,MLBSL,57,58,10,5030.0,50300.0
2021050605001544,MLBSL,57,19,10,5030.0,50300.0
2021050605001543,MLBSL,57,58,10,5030.0,50300.0
2021050605001532,MLBSL,57,41,10,5030.0,50300.0
2021050605001587,MLBSL,57,59,10,5030.0,50300.0
2021050605001583,MLBSL,57,55,10,5030.0,50300.0
2021050605001572,MLBSL,57,22,10,5030.0,50300.0
2021050605001570,MLBSL,57,10,10,5030.0,50300.0
2021050605001569,MLBSL,57,50,10,5030.0,50300.0
2021050605001567,MLBSL,57,50,10,5030.0,50300.0
2021050605001602,MLBSL,57,4,10,5030.0,50300.0
2021050605001599,MLBSL,57,17,10,5030.0,50300.0
2021050605001597,MLBSL,57,34,10,5030.0,50300.0
2021050605001596,MLBSL,57,6,10,5030.0,50300.0
2021050605001595,MLBSL,57,22,10,5030.0,50300.0
2021050605001588,MLBSL,57,45,10,5030.0,50300.0
2021050605001630,MLBSL,7,26,10,5030.0,50300.0
2021050605001626,MLBSL,7,6,10,5030.0,50300.0
2021050605001621,MLBSL,7,32,10,5030.0,50300.0
2021050605001610,MLBSL,7,21,10,5030.0,50300.0
2021050605001605,MLBSL,57,45,10,5030.0,50300.0
2021050605001603,MLBSL,57,38,10,5030.0,50300.0
2021050605001652,MLBSL,47,35,10,5030.0,50300.0
2021050605001648,MLBSL,47,32,10,5030.0,50300.0
2021050605001647,MLBSL,47,14,10,5030.0,50300.0
2021050605001646,MLBSL,41,17,10,5030.0,50300.0
2021050605001645,MLBSL,41,42,10,5030.0,50300.0
2021050605001642,MLBSL,7,32,10,5030.0,50300.0
2021050605001671,MLBSL,10,38,10,5030.0,50300.0
2021050605001668,MLBSL,10,14,10,5030.0,50300.0
2021050605001667,MLBSL,10,58,10,5030.0,50300.0
2021050605001666,MLBSL,10,29,10,5030.0,50300.0
2021050605001663,MLBSL,47,59,10,5030.0,50300.0
2021050605001662,MLBSL,47,56,10,5030.0,50300.0
2021050605001694,MLBSL,10,22,10,5030.0,50300.0
2021050605001688,MLBSL,10,34,10,5030.0,50300.0
2021050605001687,MLBSL,10,38,10,5030.0,50300.0
2021050605001682,MLBSL,10,52,10,5030.0,50300.0
2021050605001674,MLBSL,10,14,10,5030.0,50300.0
2021050605001672,MLBSL,10,36,10,5030.0,50300.0
2021050605001719,MLBSL,33,8,10,5030.0,50300.0
2021050605001711,MLBSL,38,47,10,5030.0,50300.0
2021050605001710,MLBSL,38,47,10,5030.0,50300.0
2021050605001709,MLBSL,19,26,10,5030.0,50300.0
2021050605001708,MLBSL,45,47,10,5030.0,50300.0
2021050605001695,MLBSL,45,47,10,5030.0,50300.0
2021050605001777,NICLBSL,7,58,25,1835.0,45875.0
2021050605001776,NICLBSL,21,58,10,1835.0,18350.0
2021050605001775,NICLBSL,51,58,10,1835.0,18350.0
2021050605001774,NICLBSL,32,58,13,1835.0,23855.0
2021050605001773,NICLBSL,17,58,70,1836.0,128520.0
2021050605001772,NICLBSL,17,42,10,1836.0,18360.0
2021050605001285,NICLBSL,19,47,80,1847.0,147760.0
2021050605001284,NICLBSL,19,19,10,1847.0,18470.0
2021050605001283,NICLBSL,19,25,45,1847.0,83115.0
2021050605001282,NICLBSL,40,16,10,1846.0,18460.0
2021050605001279,NICLBSL,40,1,10,1846.0,18460.0
2021050605001278,NICLBSL,40,57,10,1846.0,18460.0
2021050605001293,NICLBSL,40,47,14,1846.0,25844.0
2021050605001291,NICLBSL,40,48,10,1846.0,18460.0
2021050605001290,NICLBSL,40,52,20,1846.0,36920.0
2021050605001289,NICLBSL,48,52,50,1847.0,92350.0
2021050605001288,NICLBSL,40,52,30,1847.0,55410.0
2021050605001286,NICLBSL,19,48,10,1847.0,18470.0
2021050605001304,NICLBSL,36,59,94,1846.0,173524.0
2021050605001303,NICLBSL,36,59,400,1846.0,738400.0
2021050605001302,NICLBSL,57,59,60,1846.0,110760.0
2021050605001300,NICLBSL,34,16,10,1848.0,18480.0
2021050605001298,NICLBSL,57,57,20,1846.0,36920.0
2021050605001296,NICLBSL,57,32,10,1846.0,18460.0
2021050605001312,NICLBSL,34,57,10,1847.0,18470.0
2021050605001310,NICLBSL,8,48,10,1846.0,18460.0
2021050605001309,NICLBSL,44,16,10,1847.0,18470.0
2021050605001308,NICLBSL,44,57,10,1847.0,18470.0
2021050605001306,NICLBSL,8,48,10,1846.0,18460.0
2021050605001305,NICLBSL,36,47,6,1846.0,11076.0
2021050605001324,NICLBSL,41,38,10,1847.0,18470.0
2021050605001321,NICLBSL,41,42,20,1847.0,36940.0
2021050605001320,NICLBSL,43,32,10,1848.0,18480.0
2021050605001316,NICLBSL,41,58,10,1847.0,18470.0
2021050605001314,NICLBSL,43,1,10,1847.0,18470.0
2021050605001313,NICLBSL,43,6,10,1847.0,18470.0
2021050605001332,NICLBSL,47,42,10,1848.0,18480.0
2021050605001331,NICLBSL,48,42,35,1848.0,64680.0
2021050605001330,NICLBSL,48,34,10,1848.0,18480.0
2021050605001329,NICLBSL,41,48,10,1847.0,18470.0
2021050605001328,NICLBSL,41,36,20,1847.0,36940.0
2021050605001326,NICLBSL,41,45,10,1847.0,18470.0
2021050605001340,NICLBSL,35,42,20,1849.0,36980.0
2021050605001339,NICLBSL,5,48,10,1848.0,18480.0
2021050605001337,NICLBSL,5,47,10,1848.0,18480.0
2021050605001336,NICLBSL,5,42,10,1848.0,18480.0
2021050605001335,NICLBSL,5,29,10,1848.0,18480.0
2021050605001334,NICLBSL,5,48,10,1848.0,18480.0
2021050605001348,NICLBSL,19,39,10,1849.0,18490.0
2021050605001347,NICLBSL,36,29,10,1848.0,18480.0
2021050605001345,NICLBSL,5,29,10,1848.0,18480.0
2021050605001344,NICLBSL,5,48,10,1848.0,18480.0
2021050605001343,NICLBSL,5,49,20,1848.0,36960.0
2021050605001342,NICLBSL,5,29,10,1848.0,18480.0
2021050605001354,NICLBSL,36,21,10,1848.0,18480.0
2021050605001353,NICLBSL,35,52,50,1850.0,92500.0
2021050605001352,NICLBSL,35,44,10,1850.0,18500.0
2021050605001351,NICLBSL,35,45,10,1850.0,18500.0
2021050605001350,NICLBSL,35,38,10,1850.0,18500.0
2021050605001349,NICLBSL,19,38,50,1850.0,92500.0
2021050605001363,NICLBSL,36,26,10,1850.0,18500.0
2021050605001362,NICLBSL,36,45,50,1850.0,92500.0
2021050605001361,NICLBSL,36,51,10,1850.0,18500.0
2021050605001360,NICLBSL,36,52,150,1850.0,277500.0
2021050605001359,NICLBSL,36,20,10,1848.0,18480.0
2021050605001355,NICLBSL,34,16,10,1849.0,18490.0
2021050605001369,NICLBSL,36,42,10,1850.0,18500.0
2021050605001368,NICLBSL,36,34,10,1850.0,18500.0
2021050605001367,NICLBSL,36,45,100,1850.0,185000.0
2021050605001366,NICLBSL,36,52,100,1850.0,185000.0
2021050605001365,NICLBSL,36,42,10,1850.0,18500.0
2021050605001364,NICLBSL,36,56,10,1850.0,18500.0
2021050605001376,NICLBSL,32,46,10,1848.0,18480.0
2021050605001375,NICLBSL,36,46,30,1848.0,55440.0
2021050605001374,NICLBSL,36,36,10,1848.0,18480.0
2021050605001373,NICLBSL,36,13,10,1848.0,18480.0
2021050605001372,NICLBSL,36,52,20,1848.0,36960.0
2021050605001370,NICLBSL,36,26,40,1850.0,74000.0
2021050605001382,NICLBSL,57,13,10,1848.0,18480.0
2021050605001381,NICLBSL,58,13,10,1848.0,18480.0
2021050605001380,NICLBSL,57,22,10,1848.0,18480.0
2021050605001379,NICLBSL,46,26,15,1850.0,27750.0
2021050605001378,NICLBSL,57,49,10,1848.0,18480.0
2021050605001377,NICLBSL,57,46,60,1848.0,110880.0
2021050605001390,NICLBSL,53,40,30,1847.0,55410.0
2021050605001389,NICLBSL,41,40,20,1847.0,36940.0
2021050605001388,NICLBSL,21,40,10,1848.0,18480.0
2021050605001387,NICLBSL,13,40,90,1848.0,166320.0
2021050605001385,NICLBSL,13,48,10,1848.0,18480.0
2021050605001384,NICLBSL,57,47,10,1848.0,18480.0
2021050605001398,NICLBSL,36,48,20,1847.0,36940.0
2021050605001396,NICLBSL,36,16,10,1847.0,18470.0
2021050605001395,NICLBSL,17,20,10,1847.0,18470.0
2021050605001393,NICLBSL,17,45,45,1850.0,83250.0
2021050605001392,NICLBSL,17,3,10,1850.0,18500.0
2021050605001391,NICLBSL,17,26,45,1850.0,83250.0
2021050605001406,NICLBSL,36,20,10,1847.0,18470.0
2021050605001403,NICLBSL,45,48,10,1848.0,18480.0
2021050605001402,NICLBSL,45,46,201,1848.0,371448.0
2021050605001401,NICLBSL,36,20,10,1847.0,18470.0
2021050605001400,NICLBSL,36,42,10,1847.0,18470.0
2021050605001399,NICLBSL,36,57,10,1847.0,18470.0
2021050605001413,NICLBSL,36,20,10,1847.0,18470.0
2021050605001411,NICLBSL,36,49,10,1847.0,18470.0
2021050605001410,NICLBSL,36,22,10,1847.0,18470.0
2021050605001409,NICLBSL,34,38,20,1850.0,37000.0
2021050605001408,NICLBSL,34,45,15,1850.0,27750.0
2021050605001407,NICLBSL,34,5,20,1848.0,36960.0
2021050605001427,NICLBSL,36,57,10,1847.0,18470.0
2021050605001424,NICLBSL,36,36,20,1847.0,36940.0
2021050605001421,NICLBSL,36,20,10,1847.0,18470.0
2021050605001419,NICLBSL,36,10,20,1847.0,36940.0
2021050605001418,NICLBSL,36,16,10,1847.0,18470.0
2021050605001415,NICLBSL,36,43,10,1847.0,18470.0
2021050605001435,NICLBSL,36,34,10,1847.0,18470.0
2021050605001433,NICLBSL,17,6,10,1848.0,18480.0
2021050605001432,NICLBSL,36,20,10,1847.0,18470.0
2021050605001431,NICLBSL,36,5,10,1847.0,18470.0
2021050605001430,NICLBSL,36,6,10,1847.0,18470.0
2021050605001429,NICLBSL,36,1,36,1847.0,66492.0
2021050605001445,NICLBSL,42,40,10,1848.0,18480.0
2021050605001444,NICLBSL,42,6,40,1848.0,73920.0
2021050605001443,NICLBSL,36,20,10,1847.0,18470.0
2021050605001442,NICLBSL,36,16,10,1847.0,18470.0
2021050605001440,NICLBSL,36,13,10,1847.0,18470.0
2021050605001438,NICLBSL,36,48,20,1847.0,36940.0
2021050605001454,NICLBSL,42,5,20,1848.0,36960.0
2021050605001453,NICLBSL,42,13,10,1848.0,18480.0
2021050605001452,NICLBSL,42,48,10,1848.0,18480.0
2021050605001451,NICLBSL,42,49,100,1848.0,184800.0
2021050605001449,NICLBSL,42,20,20,1848.0,36960.0
2021050605001447,NICLBSL,42,20,10,1848.0,18480.0
2021050605001467,NICLBSL,36,57,10,1847.0,18470.0
2021050605001461,NICLBSL,42,16,10,1848.0,18480.0
2021050605001460,NICLBSL,42,38,10,1848.0,18480.0
2021050605001459,NICLBSL,42,41,10,1848.0,18480.0
2021050605001456,NICLBSL,42,20,10,1848.0,18480.0
2021050605001455,NICLBSL,42,6,10,1848.0,18480.0
2021050605001477,NICLBSL,16,22,20,1847.0,36940.0
2021050605001476,NICLBSL,36,22,184,1847.0,339848.0
2021050605001475,NICLBSL,34,22,144,1848.0,266112.0
2021050605001471,NICLBSL,34,38,10,1848.0,18480.0
2021050605001470,NICLBSL,34,1,36,1848.0,66528.0
2021050605001469,NICLBSL,34,57,10,1848.0,18480.0
2021050605001486,NICLBSL,16,8,10,1848.0,18480.0
2021050605001485,NICLBSL,8,1,10,1847.0,18470.0
2021050605001484,NICLBSL,34,49,10,1847.0,18470.0
2021050605001481,NICLBSL,42,38,10,1848.0,18480.0
2021050605001479,NICLBSL,34,22,32,1847.0,59104.0
2021050605001478,NICLBSL,17,22,10,1847.0,18470.0
2021050605001499,NICLBSL,57,20,10,1848.0,18480.0
2021050605001498,NICLBSL,57,8,10,1848.0,18480.0
2021050605001493,NICLBSL,57,20,10,1849.0,18490.0
2021050605001492,NICLBSL,57,57,20,1849.0,36980.0
2021050605001491,NICLBSL,57,8,10,1848.0,18480.0
2021050605001487,NICLBSL,16,45,10,1849.0,18490.0
2021050605001506,NICLBSL,59,22,4,1848.0,7392.0
2021050605001505,NICLBSL,59,13,10,1848.0,18480.0
2021050605001504,NICLBSL,59,52,10,1848.0,18480.0
2021050605001503,NICLBSL,59,38,10,1848.0,18480.0
2021050605001502,NICLBSL,59,25,16,1848.0,29568.0
2021050605001500,NICLBSL,57,25,30,1848.0,55440.0
2021050605001515,NICLBSL,8,57,10,1847.0,18470.0
2021050605001514,NICLBSL,8,37,10,1847.0,18470.0
2021050605001513,NICLBSL,8,20,10,1847.0,18470.0
2021050605001510,NICLBSL,8,20,10,1847.0,18470.0
2021050605001509,NICLBSL,8,20,10,1847.0,18470.0
2021050605001508,NICLBSL,8,20,10,1847.0,18470.0
2021050605001528,NICLBSL,8,38,10,1846.0,18460.0
2021050605001526,NICLBSL,8,37,10,1846.0,18460.0
2021050605001524,NICLBSL,6,58,10,1847.0,18470.0
2021050605001521,NICLBSL,8,42,10,1847.0,18470.0
2021050605001518,NICLBSL,8,20,10,1847.0,18470.0
2021050605001516,NICLBSL,8,10,10,1847.0,18470.0
2021050605001535,NICLBSL,42,41,10,1847.0,18470.0
2021050605001534,NICLBSL,42,51,10,1847.0,18470.0
2021050605001533,NICLBSL,42,33,10,1847.0,18470.0
2021050605001531,NICLBSL,42,4,10,1847.0,18470.0
2021050605001530,NICLBSL,42,49,10,1847.0,18470.0
2021050605001529,NICLBSL,42,58,10,1847.0,18470.0
2021050605001541,NICLBSL,48,35,20,1847.0,36940.0
2021050605001540,NICLBSL,48,42,30,1847.0,55410.0
2021050605001539,NICLBSL,32,42,10,1847.0,18470.0
2021050605001538,NICLBSL,32,46,10,1847.0,18470.0
2021050605001537,NICLBSL,42,21,10,1847.0,18470.0
2021050605001536,NICLBSL,42,53,10,1847.0,18470.0
2021050605001552,NICLBSL,8,3,10,1846.0,18460.0
2021050605001551,NICLBSL,8,34,10,1846.0,18460.0
2021050605001550,NICLBSL,44,48,36,1847.0,66492.0
2021050605001549,NICLBSL,44,57,10,1847.0,18470.0
2021050605001547,NICLBSL,8,29,"1,820",1846.0,3359720.0
2021050605001542,NICLBSL,19,54,100,1847.0,184700.0
2021050605001558,NICLBSL,8,10,10,1846.0,18460.0
2021050605001557,NICLBSL,8,34,10,1846.0,18460.0
2021050605001556,NICLBSL,8,3,20,1846.0,36920.0
2021050605001555,NICLBSL,8,10,10,1846.0,18460.0
2021050605001554,NICLBSL,8,28,10,1846.0,18460.0
2021050605001553,NICLBSL,8,3,10,1846.0,18460.0
2021050605001564,NICLBSL,48,58,10,1846.0,18460.0
2021050605001563,NICLBSL,8,34,10,1846.0,18460.0
2021050605001562,NICLBSL,8,28,10,1846.0,18460.0
2021050605001561,NICLBSL,8,34,10,1846.0,18460.0
2021050605001560,NICLBSL,8,34,10,1846.0,18460.0
2021050605001559,NICLBSL,8,42,10,1846.0,18460.0
2021050605001575,NICLBSL,1,52,36,1846.0,66456.0
2021050605001574,NICLBSL,17,40,10,1845.0,18450.0
2021050605001571,NICLBSL,50,28,10,1846.0,18460.0
2021050605001568,NICLBSL,28,25,30,1846.0,55380.0
2021050605001566,NICLBSL,48,26,5,1846.0,9230.0
2021050605001565,NICLBSL,48,34,10,1846.0,18460.0
2021050605001581,NICLBSL,55,57,20,1846.0,36920.0
2021050605001580,NICLBSL,17,38,20,1845.0,36900.0
2021050605001579,NICLBSL,40,40,10,1846.0,18460.0
2021050605001578,NICLBSL,43,43,5,1815.0,9075.0
2021050605001577,NICLBSL,17,28,20,1845.0,36900.0
2021050605001576,NICLBSL,17,40,10,1845.0,18450.0
2021050605001591,NICLBSL,17,40,10,1846.0,18460.0
2021050605001590,NICLBSL,17,28,10,1845.0,18450.0
2021050605001586,NICLBSL,17,54,36,1845.0,66420.0
2021050605001585,NICLBSL,17,29,40,1845.0,73800.0
2021050605001584,NICLBSL,55,29,20,1846.0,36920.0
2021050605001582,NICLBSL,55,40,10,1846.0,18460.0
2021050605001601,NICLBSL,17,40,10,1846.0,18460.0
2021050605001600,NICLBSL,17,18,10,1846.0,18460.0
2021050605001598,NICLBSL,17,40,10,1846.0,18460.0
2021050605001594,NICLBSL,17,45,10,1846.0,18460.0
2021050605001593,NICLBSL,17,28,10,1846.0,18460.0
2021050605001592,NICLBSL,17,29,36,1846.0,66456.0
2021050605001611,NICLBSL,17,47,10,1846.0,18460.0
2021050605001609,NICLBSL,17,38,10,1846.0,18460.0
2021050605001608,NICLBSL,17,41,30,1846.0,55380.0
2021050605001607,NICLBSL,17,47,10,1846.0,18460.0
2021050605001606,NICLBSL,17,40,10,1846.0,18460.0
2021050605001604,NICLBSL,17,49,10,1846.0,18460.0
2021050605001617,NICLBSL,17,49,10,1845.0,18450.0
2021050605001616,NICLBSL,17,40,10,1845.0,18450.0
2021050605001615,NICLBSL,17,47,10,1845.0,18450.0
2021050605001614,NICLBSL,17,1,17,1845.0,31365.0
2021050605001613,NICLBSL,47,49,50,1846.0,92300.0
2021050605001612,NICLBSL,17,49,24,1846.0,44304.0
2021050605001624,NICLBSL,17,57,10,1845.0,18450.0
2021050605001623,NICLBSL,17,38,10,1845.0,18450.0
2021050605001622,NICLBSL,17,40,10,1845.0,18450.0
2021050605001620,NICLBSL,17,25,50,1845.0,92250.0
2021050605001619,NICLBSL,17,40,10,1845.0,18450.0
2021050605001618,NICLBSL,17,40,10,1845.0,18450.0
2021050605001632,NICLBSL,51,49,26,1846.0,47996.0
2021050605001631,NICLBSL,17,35,10,1845.0,18450.0
2021050605001629,NICLBSL,17,40,10,1845.0,18450.0
2021050605001628,NICLBSL,17,32,10,1845.0,18450.0
2021050605001627,NICLBSL,17,41,10,1845.0,18450.0
2021050605001625,NICLBSL,17,44,10,1845.0,18450.0
2021050605001639,NICLBSL,14,59,100,1847.0,184700.0
2021050605001638,NICLBSL,14,33,30,1847.0,55410.0
2021050605001637,NICLBSL,14,56,10,1847.0,18470.0
2021050605001636,NICLBSL,14,49,20,1847.0,36940.0
2021050605001635,NICLBSL,14,21,10,1846.0,18460.0
2021050605001633,NICLBSL,17,26,10,1845.0,18450.0
2021050605001650,NICLBSL,14,16,10,1847.0,18470.0
2021050605001649,NICLBSL,14,18,10,1847.0,18470.0
2021050605001644,NICLBSL,14,40,10,1847.0,18470.0
2021050605001643,NICLBSL,14,35,10,1847.0,18470.0
2021050605001641,NICLBSL,14,28,10,1847.0,18470.0
2021050605001640,NICLBSL,14,40,10,1847.0,18470.0
2021050605001657,NICLBSL,13,57,10,1849.0,18490.0
2021050605001656,NICLBSL,13,38,10,1849.0,18490.0
2021050605001655,NICLBSL,13,43,10,1848.0,18480.0
2021050605001654,NICLBSL,13,35,10,1848.0,18480.0
2021050605001653,NICLBSL,13,22,10,1848.0,18480.0
2021050605001651,NICLBSL,14,45,10,1847.0,18470.0
2021050605001665,NICLBSL,38,47,80,1847.0,147760.0
2021050605001664,NICLBSL,38,52,10,1847.0,18470.0
2021050605001661,NICLBSL,38,59,10,1847.0,18470.0
2021050605001660,NICLBSL,14,59,50,1847.0,92350.0
2021050605001659,NICLBSL,14,18,10,1847.0,18470.0
2021050605001658,NICLBSL,13,58,50,1849.0,92450.0
2021050605001677,NICLBSL,42,59,50,1845.0,92250.0
2021050605001676,NICLBSL,22,59,10,1846.0,18460.0
2021050605001675,NICLBSL,22,52,10,1846.0,18460.0
2021050605001673,NICLBSL,22,42,10,1846.0,18460.0
2021050605001670,NICLBSL,36,47,20,1846.0,36920.0
2021050605001669,NICLBSL,33,39,10,1846.0,18460.0
2021050605001684,NICLBSL,43,42,43,1847.0,79421.0
2021050605001683,NICLBSL,43,47,10,1847.0,18470.0
2021050605001681,NICLBSL,39,59,70,1845.0,129150.0
2021050605001680,NICLBSL,25,59,10,1845.0,18450.0
2021050605001679,NICLBSL,45,59,10,1845.0,18450.0
2021050605001678,NICLBSL,6,59,20,1845.0,36900.0
2021050605001692,NICLBSL,59,26,163,1845.0,300735.0
2021050605001691,NICLBSL,59,52,10,1845.0,18450.0
2021050605001690,NICLBSL,59,42,27,1845.0,49815.0
2021050605001689,NICLBSL,39,42,20,1845.0,36900.0
2021050605001686,NICLBSL,39,13,10,1845.0,18450.0
2021050605001685,NICLBSL,54,42,10,1847.0,18470.0
2021050605001700,NICLBSL,58,26,30,1845.0,55350.0
2021050605001699,NICLBSL,49,26,42,1845.0,77490.0
2021050605001698,NICLBSL,49,58,14,1845.0,25830.0
2021050605001697,NICLBSL,17,58,10,1845.0,18450.0
2021050605001696,NICLBSL,22,58,13,1845.0,23985.0
2021050605001693,NICLBSL,22,26,37,1845.0,68265.0
2021050605001706,NICLBSL,51,39,100,1845.0,184500.0
2021050605001705,NICLBSL,44,39,100,1845.0,184500.0
2021050605001704,NICLBSL,56,39,100,1845.0,184500.0
2021050605001703,NICLBSL,35,39,72,1845.0,132840.0
2021050605001702,NICLBSL,35,26,28,1845.0,51660.0
2021050605001701,NICLBSL,17,26,10,1845.0,18450.0
2021050605001716,NICLBSL,45,56,10,1840.0,18400.0
2021050605001715,NICLBSL,17,39,161,1842.0,296562.0
2021050605001714,NICLBSL,17,59,100,1842.0,184200.0
2021050605001713,NICLBSL,17,41,10,1842.0,18420.0
2021050605001712,NICLBSL,17,3,20,1842.0,36840.0
2021050605001707,NICLBSL,42,39,230,1845.0,424350.0
2021050605001723,NICLBSL,48,40,15,1840.0,27600.0
2021050605001722,NICLBSL,48,32,10,1840.0,18400.0
2021050605001721,NICLBSL,48,33,10,1840.0,18400.0
2021050605001720,NICLBSL,58,39,25,1842.0,46050.0
2021050605001718,NICLBSL,48,56,15,1840.0,27600.0
2021050605001717,NICLBSL,42,56,35,1840.0,64400.0
2021050605001730,NICLBSL,43,46,10,1840.0,18400.0
2021050605001729,NICLBSL,43,4,13,1840.0,23920.0
2021050605001728,NICLBSL,35,4,40,1840.0,73600.0
2021050605001727,NICLBSL,21,4,145,1840.0,266800.0
2021050605001725,NICLBSL,21,35,20,1840.0,36800.0
2021050605001724,NICLBSL,21,40,35,1840.0,64400.0
2021050605001736,NICLBSL,45,45,30,1840.0,55200.0
2021050605001735,NICLBSL,50,45,50,1840.0,92000.0
2021050605001734,NICLBSL,32,45,25,1840.0,46000.0
2021050605001733,NICLBSL,41,45,50,1840.0,92000.0
2021050605001732,NICLBSL,42,45,70,1840.0,128800.0
2021050605001731,NICLBSL,43,45,27,1840.0,49680.0
2021050605001742,NICLBSL,44,45,100,1840.0,184000.0
2021050605001741,NICLBSL,46,45,20,1840.0,36800.0
2021050605001740,NICLBSL,6,45,10,1840.0,18400.0
2021050605001739,NICLBSL,22,45,30,1840.0,55200.0
2021050605001738,NICLBSL,8,45,50,1840.0,92000.0
2021050605001737,NICLBSL,17,45,10,1840.0,18400.0
2021050605001748,NICLBSL,8,47,10,1840.0,18400.0
2021050605001747,NICLBSL,58,47,10,1840.0,18400.0
2021050605001746,NICLBSL,33,47,100,1840.0,184000.0
2021050605001745,NICLBSL,35,47,42,1840.0,77280.0
2021050605001744,NICLBSL,35,3,10,1840.0,18400.0
2021050605001743,NICLBSL,35,45,28,1840.0,51520.0
2021050605001756,NICLBSL,1,47,20,1836.0,36720.0
2021050605001755,NICLBSL,41,47,10,1837.0,18370.0
2021050605001754,NICLBSL,53,47,31,1838.0,56978.0
2021050605001752,NICLBSL,53,36,59,1838.0,108442.0
2021050605001751,NICLBSL,53,11,10,1838.0,18380.0
2021050605001749,NICLBSL,44,47,200,1840.0,368000.0
2021050605001763,NICLBSL,56,29,100,1836.0,183600.0
2021050605001761,NICLBSL,34,47,207,1835.0,379845.0
2021050605001760,NICLBSL,47,47,200,1835.0,367000.0
2021050605001759,NICLBSL,41,47,30,1836.0,55080.0
2021050605001758,NICLBSL,36,47,30,1836.0,55080.0
2021050605001757,NICLBSL,42,47,10,1836.0,18360.0
2021050605001770,NICLBSL,17,42,10,1836.0,18360.0
2021050605001769,NICLBSL,17,19,10,1836.0,18360.0
2021050605001768,NICLBSL,36,29,100,1836.0,183600.0
2021050605001766,NICLBSL,32,46,17,1835.0,31195.0
2021050605001765,NICLBSL,16,46,40,1835.0,73400.0
2021050605001764,NICLBSL,34,46,53,1835.0,97255.0
2021050605001634,RURU,13,5,10,499.0,4990.0
2021050605001589,RURU,13,46,10,499.0,4990.0
2021050605001573,RURU,13,28,10,499.0,4990.0
2021050605001473,RURU,13,17,10,499.0,4990.0
2021050605001434,RURU,13,36,10,499.0,4990.0
2021050605001322,RURU,13,3,10,499.0,4990.0
2021050605001273,MLBSL,38,42,10,5030.0,50300.0
2021050605001272,MLBSL,38,28,10,5030.0,50300.0
2021050605001270,MLBSL,38,26,10,5030.0,50300.0
2021050605001268,MLBSL,38,38,10,5030.0,50300.0
2021050605001267,MLBSL,38,44,10,5030.0,50300.0
2021050605001261,MLBSL,38,18,10,5030.0,50300.0
2021050605000785,MLBSL,48,56,10,5030.0,50300.0
2021050605000783,MLBSL,48,21,10,5030.0,50300.0
2021050605000782,MLBSL,48,57,10,5030.0,50300.0
2021050605000780,MLBSL,3,59,10,5030.0,50300.0
2021050605000791,MLBSL,53,5,10,5030.0,50300.0
2021050605000790,MLBSL,53,6,10,5030.0,50300.0
2021050605000789,MLBSL,53,44,10,5030.0,50300.0
2021050605000788,MLBSL,53,16,10,5030.0,50300.0
2021050605000787,MLBSL,48,55,10,5030.0,50300.0
2021050605000786,MLBSL,48,58,10,5030.0,50300.0
2021050605000807,MLBSL,32,58,10,5030.0,50300.0
2021050605000804,MLBSL,32,45,10,5030.0,50300.0
2021050605000802,MLBSL,32,28,10,5030.0,50300.0
2021050605000801,MLBSL,32,20,10,5030.0,50300.0
2021050605000796,MLBSL,32,48,10,5030.0,50300.0
2021050605000793,MLBSL,53,57,10,5030.0,50300.0
2021050605000824,MLBSL,3,4,10,5030.0,50300.0
2021050605000823,MLBSL,3,58,10,5030.0,50300.0
2021050605000821,MLBSL,3,5,10,5030.0,50300.0
2021050605000817,MLBSL,3,6,10,5030.0,50300.0
2021050605000816,MLBSL,3,42,10,5030.0,50300.0
2021050605000809,MLBSL,3,46,10,5030.0,50300.0
2021050605000836,MLBSL,10,34,10,5030.0,50300.0
2021050605000835,MLBSL,42,32,10,5030.0,50300.0
2021050605000830,MLBSL,3,18,10,5030.0,50300.0
2021050605000829,MLBSL,3,25,10,5030.0,50300.0
2021050605000828,MLBSL,3,45,10,5030.0,50300.0
2021050605000827,MLBSL,3,58,10,5030.0,50300.0
2021050605000854,MLBSL,10,42,10,5030.0,50300.0
2021050605000850,MLBSL,10,17,10,5030.0,50300.0
2021050605000848,MLBSL,10,41,10,5030.0,50300.0
2021050605000844,MLBSL,10,58,10,5030.0,50300.0
2021050605000843,MLBSL,10,41,10,5030.0,50300.0
2021050605000842,MLBSL,10,14,10,5030.0,50300.0
2021050605000867,MLBSL,16,26,10,5030.0,50300.0
2021050605000865,MLBSL,52,29,10,5030.0,50300.0
2021050605000864,MLBSL,52,38,10,5030.0,50300.0
2021050605000862,MLBSL,10,39,10,5030.0,50300.0
2021050605000861,MLBSL,10,58,10,5030.0,50300.0
2021050605000860,MLBSL,10,38,10,5030.0,50300.0
2021050605000885,MLBSL,6,58,10,5030.0,50300.0
2021050605000882,MLBSL,6,49,10,5030.0,50300.0
2021050605000880,MLBSL,6,44,10,5030.0,50300.0
2021050605000877,MLBSL,6,28,10,5030.0,50300.0
2021050605000871,MLBSL,1,21,10,5030.0,50300.0
2021050605000870,MLBSL,1,58,10,5030.0,50300.0
2021050605000897,MLBSL,1,28,10,5030.0,50300.0
2021050605000892,MLBSL,1,44,10,5030.0,50300.0
2021050605000890,MLBSL,49,29,10,5030.0,50300.0
2021050605000889,MLBSL,57,20,10,5030.0,50300.0
2021050605000887,MLBSL,57,44,10,5030.0,50300.0
2021050605000886,MLBSL,6,6,10,5030.0,50300.0
2021050605000904,MLBSL,1,58,10,5030.0,50300.0
2021050605000902,MLBSL,1,58,10,5030.0,50300.0
2021050605000901,MLBSL,1,41,10,5030.0,50300.0
2021050605000900,MLBSL,1,8,10,5030.0,50300.0
2021050605000899,MLBSL,1,6,10,5030.0,50300.0
2021050605000898,MLBSL,1,44,10,5030.0,50300.0
2021050605000918,MLBSL,14,34,10,5030.0,50300.0
2021050605000914,MLBSL,14,42,10,5030.0,50300.0
2021050605000913,MLBSL,14,41,10,5030.0,50300.0
2021050605000911,MLBSL,14,38,10,5030.0,50300.0
2021050605000907,MLBSL,1,42,10,5030.0,50300.0
2021050605000905,MLBSL,1,34,10,5030.0,50300.0
2021050605000933,MLBSL,14,44,10,5030.0,50300.0
2021050605000930,MLBSL,14,19,10,5030.0,50300.0
2021050605000929,MLBSL,14,49,10,5030.0,50300.0
2021050605000926,MLBSL,14,22,10,5030.0,50300.0
2021050605000925,MLBSL,14,10,10,5030.0,50300.0
2021050605000924,MLBSL,14,57,10,5030.0,50300.0
2021050605000947,MLBSL,16,54,10,5030.0,50300.0
2021050605000945,MLBSL,16,51,10,5030.0,50300.0
2021050605000944,MLBSL,16,57,10,5030.0,50300.0
2021050605000943,MLBSL,16,22,10,5030.0,50300.0
2021050605000937,MLBSL,16,20,10,5030.0,50300.0
2021050605000935,MLBSL,16,19,10,5030.0,50300.0
2021050605000954,MLBSL,32,49,10,5030.0,50300.0
2021050605000953,MLBSL,32,57,10,5030.0,50300.0
2021050605000952,MLBSL,16,54,10,5030.0,50300.0
2021050605000950,MLBSL,47,47,5,5027.0,25135.0
2021050605000949,MLBSL,16,22,10,5030.0,50300.0
2021050605000948,MLBSL,47,47,5,5027.0,25135.0
2021050605000970,MLBSL,16,19,10,5030.0,50300.0
2021050605000969,MLBSL,19,34,10,5030.0,50300.0
2021050605000968,MLBSL,19,5,10,5030.0,50300.0
2021050605000966,MLBSL,19,21,10,5030.0,50300.0
2021050605000961,MLBSL,19,29,10,5030.0,50300.0
2021050605000956,MLBSL,19,14,10,5030.0,50300.0
2021050605000993,MLBSL,50,59,10,5030.0,50300.0
2021050605000983,MLBSL,50,57,10,5030.0,50300.0
2021050605000975,MLBSL,50,59,10,5030.0,50300.0
2021050605000973,MLBSL,50,58,10,5030.0,50300.0
2021050605000972,MLBSL,50,35,10,5030.0,50300.0
2021050605000971,MLBSL,45,32,10,5030.0,50300.0
2021050605001008,MLBSL,47,22,10,5030.0,50300.0
2021050605001007,MLBSL,43,58,10,5030.0,50300.0
2021050605000999,MLBSL,35,29,10,5030.0,50300.0
2021050605000998,MLBSL,35,57,10,5030.0,50300.0
2021050605000995,MLBSL,14,21,10,5030.0,50300.0
2021050605000994,MLBSL,14,49,10,5030.0,50300.0
2021050605001038,MLBSL,47,38,10,5030.0,50300.0
2021050605001032,MLBSL,47,59,10,5030.0,50300.0
2021050605001031,MLBSL,47,19,10,5030.0,50300.0
2021050605001029,MLBSL,47,29,10,5030.0,50300.0
2021050605001025,MLBSL,47,32,10,5030.0,50300.0
2021050605001010,MLBSL,47,49,10,5030.0,50300.0
2021050605001052,MLBSL,1,49,10,5030.0,50300.0
2021050605001050,MLBSL,1,58,10,5030.0,50300.0
2021050605001049,MLBSL,38,52,10,5030.0,50300.0
2021050605001047,MLBSL,47,58,10,5030.0,50300.0
2021050605001046,MLBSL,47,49,10,5030.0,50300.0
2021050605001045,MLBSL,47,34,10,5030.0,50300.0
2021050605001059,MLBSL,7,45,10,5030.0,50300.0
2021050605001057,MLBSL,59,58,5,5030.0,25150.0
2021050605001056,MLBSL,7,33,10,5030.0,50300.0
2021050605001055,MLBSL,1,58,10,5030.0,50300.0
2021050605001054,MLBSL,1,47,10,5030.0,50300.0
2021050605001053,MLBSL,1,35,10,5030.0,50300.0
2021050605001079,MLBSL,7,56,10,5030.0,50300.0
2021050605001072,MLBSL,7,49,10,5030.0,50300.0
2021050605001068,MLBSL,7,49,10,5030.0,50300.0
2021050605001067,MLBSL,7,21,10,5030.0,50300.0
2021050605001065,MLBSL,7,39,10,5030.0,50300.0
2021050605001061,MLBSL,7,41,10,5030.0,50300.0
2021050605001107,MLBSL,34,56,10,5030.0,50300.0
2021050605001106,MLBSL,34,35,10,5030.0,50300.0
2021050605001100,MLBSL,34,58,10,5030.0,50300.0
2021050605001094,MLBSL,34,58,10,5030.0,50300.0
2021050605001091,MLBSL,34,17,10,5030.0,50300.0
2021050605001082,MLBSL,34,56,10,5030.0,50300.0
2021050605001122,MLBSL,34,35,10,5030.0,50300.0
2021050605001119,MLBSL,34,49,10,5030.0,50300.0
2021050605001114,MLBSL,34,34,10,5030.0,50300.0
2021050605001113,MLBSL,34,16,10,5030.0,50300.0
2021050605001112,MLBSL,34,50,10,5030.0,50300.0
2021050605001108,MLBSL,34,58,10,5030.0,50300.0
2021050605001136,MLBSL,34,41,10,5030.0,50300.0
2021050605001135,MLBSL,34,51,10,5030.0,50300.0
2021050605001128,MLBSL,34,49,10,5030.0,50300.0
2021050605001127,MLBSL,34,38,10,5030.0,50300.0
2021050605001125,MLBSL,34,38,10,5030.0,50300.0
2021050605001123,MLBSL,34,45,10,5030.0,50300.0
2021050605001156,MLBSL,34,45,10,5030.0,50300.0
2021050605001154,MLBSL,34,22,10,5030.0,50300.0
2021050605001143,MLBSL,34,45,10,5030.0,50300.0
2021050605001141,MLBSL,34,49,10,5030.0,50300.0
2021050605001138,MLBSL,34,4,10,5030.0,50300.0
2021050605001137,MLBSL,34,51,10,5030.0,50300.0
2021050605001175,MLBSL,34,52,10,5030.0,50300.0
2021050605001174,MLBSL,34,16,10,5030.0,50300.0
2021050605001168,MLBSL,34,45,10,5030.0,50300.0
2021050605001167,MLBSL,34,36,10,5030.0,50300.0
2021050605001165,MLBSL,34,45,10,5030.0,50300.0
2021050605001158,MLBSL,34,34,10,5030.0,50300.0
2021050605001184,MLBSL,34,50,10,5030.0,50300.0
2021050605001180,MLBSL,34,49,10,5030.0,50300.0
2021050605001179,MLBSL,34,22,10,5030.0,50300.0
2021050605001178,MLBSL,34,35,10,5030.0,50300.0
2021050605001177,MLBSL,34,57,10,5030.0,50300.0
2021050605001176,MLBSL,34,1,10,5030.0,50300.0
2021050605001197,MLBSL,34,58,10,5030.0,50300.0
2021050605001196,MLBSL,34,36,10,5030.0,50300.0
2021050605001194,MLBSL,34,56,10,5030.0,50300.0
2021050605001192,MLBSL,34,1,10,5030.0,50300.0
2021050605001188,MLBSL,34,41,10,5030.0,50300.0
2021050605001185,MLBSL,34,32,10,5030.0,50300.0
2021050605001206,MLBSL,34,49,10,5030.0,50300.0
2021050605001204,MLBSL,34,42,10,5030.0,50300.0
2021050605001201,MLBSL,34,48,10,5030.0,50300.0
2021050605001200,MLBSL,34,36,10,5030.0,50300.0
2021050605001199,MLBSL,34,52,10,5030.0,50300.0
2021050605001198,MLBSL,34,59,10,5030.0,50300.0
2021050605001218,MLBSL,58,40,10,5030.0,50300.0
2021050605001214,MLBSL,58,58,10,5030.0,50300.0
2021050605001212,MLBSL,58,21,10,5030.0,50300.0
2021050605001211,MLBSL,58,29,10,5030.0,50300.0
2021050605001208,MLBSL,34,34,10,5030.0,50300.0
2021050605001207,MLBSL,34,33,10,5030.0,50300.0
2021050605001236,MLBSL,38,36,10,5030.0,50300.0
2021050605001229,MLBSL,58,25,10,5030.0,50300.0
2021050605001227,MLBSL,58,7,10,5030.0,50300.0
2021050605001225,MLBSL,58,38,10,5030.0,50300.0
2021050605001223,MLBSL,58,44,10,5030.0,50300.0
2021050605001221,MLBSL,58,4,10,5030.0,50300.0
2021050605001250,MLBSL,38,13,10,5030.0,50300.0
2021050605001247,MLBSL,38,51,10,5030.0,50300.0
2021050605001246,MLBSL,38,39,10,5030.0,50300.0
2021050605001243,MLBSL,38,51,10,5030.0,50300.0
2021050605001239,MLBSL,38,42,10,5030.0,50300.0
2021050605001237,MLBSL,38,53,10,5030.0,50300.0
2021050605001260,MLBSL,38,14,10,5030.0,50300.0
2021050605001259,MLBSL,38,33,10,5030.0,50300.0
2021050605001258,MLBSL,38,6,10,5030.0,50300.0
2021050605001257,MLBSL,38,56,10,5030.0,50300.0
2021050605001254,MLBSL,38,42,10,5030.0,50300.0
2021050605001252,MLBSL,38,29,10,5030.0,50300.0
2021050605001277,NICLBSL,40,4,10,1846.0,18460.0
2021050605001276,NICLBSL,40,16,10,1846.0,18460.0
2021050605001275,NICLBSL,40,46,10,1846.0,18460.0
2021050605001274,NICLBSL,40,48,10,1846.0,18460.0
2021050605001271,NICLBSL,40,25,10,1846.0,18460.0
2021050605001269,NICLBSL,40,57,10,1846.0,18460.0
2021050605000784,NICLBSL,8,40,20,1846.0,36920.0
2021050605000781,NICLBSL,8,45,10,1846.0,18460.0
2021050605000779,NICLBSL,8,45,40,1846.0,73840.0
2021050605000778,NICLBSL,53,45,10,1850.0,18500.0
2021050605000800,NICLBSL,35,41,10,1847.0,18470.0
2021050605000799,NICLBSL,19,42,100,1860.0,186000.0
2021050605000798,NICLBSL,53,16,10,1850.0,18500.0
2021050605000795,NICLBSL,53,17,10,1850.0,18500.0
2021050605000794,NICLBSL,53,21,10,1850.0,18500.0
2021050605000792,NICLBSL,53,16,10,1850.0,18500.0
2021050605000812,NICLBSL,51,22,10,1851.0,18510.0
2021050605000810,NICLBSL,17,17,10,1850.0,18500.0
2021050605000808,NICLBSL,41,16,10,1850.0,18500.0
2021050605000806,NICLBSL,41,16,20,1850.0,37000.0
2021050605000805,NICLBSL,41,38,10,1850.0,18500.0
2021050605000803,NICLBSL,41,34,10,1850.0,18500.0
2021050605000820,NICLBSL,21,45,10,1855.0,18550.0
2021050605000819,NICLBSL,52,29,42,1854.0,77868.0
2021050605000818,NICLBSL,16,17,10,1852.0,18520.0
2021050605000815,NICLBSL,45,16,10,1853.0,18530.0
2021050605000814,NICLBSL,59,29,18,1854.0,33372.0
2021050605000813,NICLBSL,59,44,12,1854.0,22248.0
2021050605000833,NICLBSL,1,58,20,1860.0,37200.0
2021050605000832,NICLBSL,1,39,10,1860.0,18600.0
2021050605000831,NICLBSL,19,16,10,1855.0,18550.0
2021050605000826,NICLBSL,19,45,18,1855.0,33390.0
2021050605000825,NICLBSL,20,45,200,1855.0,371000.0
2021050605000822,NICLBSL,52,45,10,1854.0,18540.0
2021050605000841,NICLBSL,57,48,10,1863.0,18630.0
2021050605000840,NICLBSL,57,32,39,1863.0,72657.0
2021050605000839,NICLBSL,57,36,30,1863.0,55890.0
2021050605000838,NICLBSL,35,56,10,1856.0,18560.0
2021050605000837,NICLBSL,28,36,20,1863.0,37260.0
2021050605000834,NICLBSL,1,38,10,1860.0,18600.0
2021050605000852,NICLBSL,42,49,20,1856.0,37120.0
2021050605000851,NICLBSL,35,49,60,1856.0,111360.0
2021050605000849,NICLBSL,57,16,10,1863.0,18630.0
2021050605000847,NICLBSL,25,45,40,1864.0,74560.0
2021050605000846,NICLBSL,25,48,20,1864.0,37280.0
2021050605000845,NICLBSL,25,43,50,1864.0,93200.0
2021050605000859,NICLBSL,4,16,20,1864.0,37280.0
2021050605000858,NICLBSL,4,45,35,1864.0,65240.0
2021050605000857,NICLBSL,38,45,30,1864.0,55920.0
2021050605000856,NICLBSL,7,45,10,1863.0,18630.0
2021050605000855,NICLBSL,5,45,10,1863.0,18630.0
2021050605000853,NICLBSL,1,58,60,1863.0,111780.0
2021050605000873,NICLBSL,51,21,10,1864.0,18640.0
2021050605000872,NICLBSL,51,45,10,1864.0,18640.0
2021050605000869,NICLBSL,4,34,45,1865.0,83925.0
2021050605000868,NICLBSL,4,41,20,1865.0,37300.0
2021050605000866,NICLBSL,51,45,10,1864.0,18640.0
2021050605000863,NICLBSL,4,45,20,1864.0,37280.0
2021050605000881,NICLBSL,19,29,50,1864.0,93200.0
2021050605000879,NICLBSL,51,29,40,1864.0,74560.0
2021050605000878,NICLBSL,51,48,10,1864.0,18640.0
2021050605000876,NICLBSL,51,34,90,1865.0,167850.0
2021050605000875,NICLBSL,51,56,20,1864.0,37280.0
2021050605000874,NICLBSL,34,34,25,1865.0,46625.0
2021050605000894,NICLBSL,51,41,10,1864.0,18640.0
2021050605000893,NICLBSL,51,14,10,1864.0,18640.0
2021050605000891,NICLBSL,37,43,20,1864.0,37280.0
2021050605000888,NICLBSL,6,43,20,1864.0,37280.0
2021050605000884,NICLBSL,26,43,10,1864.0,18640.0
2021050605000883,NICLBSL,26,29,10,1864.0,18640.0
2021050605000909,NICLBSL,42,59,30,1856.0,55680.0
2021050605000908,NICLBSL,34,59,60,1858.0,111480.0
2021050605000906,NICLBSL,34,1,40,1857.0,74280.0
2021050605000903,NICLBSL,14,1,30,1857.0,55710.0
2021050605000896,NICLBSL,14,16,10,1857.0,18570.0
2021050605000895,NICLBSL,45,17,10,1864.0,18640.0
2021050605000919,NICLBSL,35,16,10,1861.0,18610.0
2021050605000917,NICLBSL,47,38,10,1860.0,18600.0
2021050605000916,NICLBSL,47,58,10,1860.0,18600.0
2021050605000915,NICLBSL,47,52,10,1860.0,18600.0
2021050605000912,NICLBSL,42,38,10,1864.0,18640.0
2021050605000910,NICLBSL,58,59,30,1856.0,55680.0
2021050605000928,NICLBSL,35,16,10,1862.0,18620.0
2021050605000927,NICLBSL,35,58,10,1862.0,18620.0
2021050605000923,NICLBSL,35,40,10,1862.0,18620.0
2021050605000922,NICLBSL,35,41,10,1862.0,18620.0
2021050605000921,NICLBSL,35,58,10,1862.0,18620.0
2021050605000920,NICLBSL,35,38,40,1862.0,74480.0
2021050605000939,NICLBSL,37,48,10,1862.0,18620.0
2021050605000938,NICLBSL,37,40,10,1862.0,18620.0
2021050605000936,NICLBSL,37,16,10,1862.0,18620.0
2021050605000934,NICLBSL,35,26,10,1862.0,18620.0
2021050605000932,NICLBSL,35,21,85,1862.0,158270.0
2021050605000931,NICLBSL,16,21,20,1865.0,37300.0
2021050605000955,NICLBSL,55,16,10,1861.0,18610.0
2021050605000951,NICLBSL,37,16,120,1862.0,223440.0
2021050605000946,NICLBSL,37,40,10,1862.0,18620.0
2021050605000942,NICLBSL,37,57,10,1862.0,18620.0
2021050605000941,NICLBSL,37,16,10,1862.0,18620.0
2021050605000940,NICLBSL,37,6,10,1862.0,18620.0
2021050605000963,NICLBSL,45,59,50,1860.0,93000.0
2021050605000962,NICLBSL,47,59,20,1860.0,37200.0
2021050605000960,NICLBSL,43,53,10,1861.0,18610.0
2021050605000959,NICLBSL,55,53,110,1861.0,204710.0
2021050605000958,NICLBSL,55,16,70,1861.0,130270.0
2021050605000957,NICLBSL,55,17,10,1861.0,18610.0
2021050605000977,NICLBSL,58,53,18,1861.0,33498.0
2021050605000976,NICLBSL,19,16,10,1858.0,18580.0
2021050605000974,NICLBSL,19,16,10,1858.0,18580.0
2021050605000967,NICLBSL,17,17,20,1856.0,37120.0
2021050605000965,NICLBSL,48,53,10,1861.0,18610.0
2021050605000964,NICLBSL,48,44,10,1860.0,18600.0
2021050605000984,NICLBSL,19,16,10,1861.0,18610.0
2021050605000982,NICLBSL,19,58,20,1858.0,37160.0
2021050605000981,NICLBSL,19,16,10,1861.0,18610.0
2021050605000980,NICLBSL,19,53,252,1861.0,468972.0
2021050605000979,NICLBSL,19,25,10,1860.0,18600.0
2021050605000978,NICLBSL,19,16,20,1858.0,37160.0
2021050605000990,NICLBSL,19,58,10,1861.0,18610.0
2021050605000989,NICLBSL,19,16,10,1861.0,18610.0
2021050605000988,NICLBSL,19,57,20,1861.0,37220.0
2021050605000987,NICLBSL,19,54,26,1861.0,48386.0
2021050605000986,NICLBSL,19,14,10,1861.0,18610.0
2021050605000985,NICLBSL,19,52,10,1861.0,18610.0
2021050605001001,NICLBSL,17,58,10,1860.0,18600.0
2021050605001000,NICLBSL,17,58,10,1860.0,18600.0
2021050605000997,NICLBSL,19,58,10,1858.0,18580.0
2021050605000996,NICLBSL,19,39,10,1858.0,18580.0
2021050605000992,NICLBSL,19,25,94,1861.0,174934.0
2021050605000991,NICLBSL,19,16,10,1861.0,18610.0
2021050605001009,NICLBSL,34,19,10,1860.0,18600.0
2021050605001006,NICLBSL,43,19,10,1860.0,18600.0
2021050605001005,NICLBSL,43,21,10,1860.0,18600.0
2021050605001004,NICLBSL,19,39,10,1858.0,18580.0
2021050605001003,NICLBSL,19,58,10,1858.0,18580.0
2021050605001002,NICLBSL,17,21,10,1860.0,18600.0
2021050605001016,NICLBSL,19,16,10,1858.0,18580.0
2021050605001015,NICLBSL,19,56,30,1858.0,55740.0
2021050605001014,NICLBSL,47,39,30,1860.0,55800.0
2021050605001013,NICLBSL,47,19,20,1860.0,37200.0
2021050605001012,NICLBSL,19,58,10,1858.0,18580.0
2021050605001011,NICLBSL,19,36,10,1858.0,18580.0
2021050605001022,NICLBSL,19,16,10,1861.0,18610.0
2021050605001021,NICLBSL,19,21,10,1861.0,18610.0
2021050605001020,NICLBSL,19,16,10,1861.0,18610.0
2021050605001019,NICLBSL,19,16,20,1861.0,37220.0
2021050605001018,NICLBSL,19,39,100,1860.0,186000.0
2021050605001017,NICLBSL,19,57,105,1858.0,195090.0
2021050605001030,NICLBSL,19,16,10,1858.0,18580.0
2021050605001028,NICLBSL,19,34,10,1858.0,18580.0
2021050605001027,NICLBSL,19,45,11,1858.0,20438.0
2021050605001026,NICLBSL,19,45,10,1861.0,18610.0
2021050605001024,NICLBSL,19,59,30,1861.0,55830.0
2021050605001023,NICLBSL,19,16,10,1861.0,18610.0
2021050605001039,NICLBSL,19,58,19,1858.0,35302.0
2021050605001037,NICLBSL,19,33,10,1858.0,18580.0
2021050605001036,NICLBSL,19,38,175,1858.0,325150.0
2021050605001035,NICLBSL,56,38,25,1860.0,46500.0
2021050605001034,NICLBSL,56,45,10,1860.0,18600.0
2021050605001033,NICLBSL,56,52,10,1859.0,18590.0
2021050605001051,NICLBSL,33,50,100,1855.0,185500.0
2021050605001044,NICLBSL,33,13,20,1855.0,37100.0
2021050605001043,NICLBSL,17,13,50,1856.0,92800.0
2021050605001042,NICLBSL,41,13,10,1856.0,18560.0
2021050605001041,NICLBSL,7,13,20,1856.0,37120.0
2021050605001040,NICLBSL,17,13,30,1856.0,55680.0
2021050605001066,NICLBSL,52,21,10,1854.0,18540.0
2021050605001064,NICLBSL,14,39,10,1855.0,18550.0
2021050605001063,NICLBSL,11,39,40,1855.0,74200.0
2021050605001062,NICLBSL,45,39,40,1855.0,74200.0
2021050605001060,NICLBSL,45,38,10,1855.0,18550.0
2021050605001058,NICLBSL,33,51,98,1855.0,181790.0
2021050605001075,NICLBSL,35,34,50,1855.0,92750.0
2021050605001074,NICLBSL,35,47,50,1853.0,92650.0
2021050605001073,NICLBSL,36,21,10,1852.0,18520.0
2021050605001071,NICLBSL,44,39,22,1853.0,40766.0
2021050605001070,NICLBSL,44,41,18,1853.0,33354.0
2021050605001069,NICLBSL,26,41,12,1853.0,22236.0
2021050605001084,NICLBSL,45,26,50,1850.0,92500.0
2021050605001083,NICLBSL,57,26,100,1850.0,185000.0
2021050605001080,NICLBSL,39,38,40,1852.0,74080.0
2021050605001078,NICLBSL,45,38,10,1852.0,18520.0
2021050605001077,NICLBSL,36,58,10,1852.0,18520.0
2021050605001076,NICLBSL,36,38,10,1852.0,18520.0
2021050605001090,NICLBSL,25,38,10,1849.0,18490.0
2021050605001089,NICLBSL,14,42,10,1850.0,18500.0
2021050605001088,NICLBSL,45,42,10,1850.0,18500.0
2021050605001087,NICLBSL,42,42,20,1850.0,37000.0
2021050605001086,NICLBSL,17,42,50,1850.0,92500.0
2021050605001085,NICLBSL,17,26,50,1850.0,92500.0
2021050605001098,NICLBSL,57,34,20,1849.0,36980.0
2021050605001097,NICLBSL,57,22,10,1849.0,18490.0
2021050605001096,NICLBSL,57,16,10,1849.0,18490.0
2021050605001095,NICLBSL,57,47,15,1849.0,27735.0
2021050605001093,NICLBSL,25,47,35,1849.0,64715.0
2021050605001092,NICLBSL,25,35,10,1849.0,18490.0
2021050605001105,NICLBSL,57,19,10,1849.0,18490.0
2021050605001104,NICLBSL,59,38,20,1850.0,37000.0
2021050605001103,NICLBSL,59,57,10,1850.0,18500.0
2021050605001102,NICLBSL,59,42,20,1850.0,37000.0
2021050605001101,NICLBSL,57,20,10,1849.0,18490.0
2021050605001099,NICLBSL,57,42,10,1849.0,18490.0
2021050605001118,NICLBSL,59,29,30,1847.0,55410.0
2021050605001117,NICLBSL,59,41,10,1847.0,18470.0
2021050605001116,NICLBSL,59,20,10,1847.0,18470.0
2021050605001115,NICLBSL,35,38,20,1847.0,36940.0
2021050605001110,NICLBSL,35,49,11,1847.0,20317.0
2021050605001109,NICLBSL,57,49,15,1849.0,27735.0
2021050605001130,NICLBSL,7,29,20,1847.0,36940.0
2021050605001129,NICLBSL,32,16,10,1846.0,18460.0
2021050605001126,NICLBSL,32,20,10,1846.0,18460.0
2021050605001124,NICLBSL,8,39,10,1846.0,18460.0
2021050605001121,NICLBSL,8,20,10,1846.0,18460.0
2021050605001120,NICLBSL,8,10,10,1846.0,18460.0
2021050605001140,NICLBSL,17,48,10,1845.0,18450.0
2021050605001139,NICLBSL,17,4,10,1845.0,18450.0
2021050605001134,NICLBSL,47,17,60,1846.0,110760.0
2021050605001133,NICLBSL,47,20,10,1846.0,18460.0
2021050605001132,NICLBSL,47,10,20,1846.0,36920.0
2021050605001131,NICLBSL,47,11,10,1846.0,18460.0
2021050605001148,NICLBSL,36,11,10,1846.0,18460.0
2021050605001147,NICLBSL,36,29,100,1846.0,184600.0
2021050605001146,NICLBSL,36,17,40,1846.0,73840.0
2021050605001145,NICLBSL,17,59,100,1845.0,184500.0
2021050605001144,NICLBSL,17,57,10,1845.0,18450.0
2021050605001142,NICLBSL,17,16,10,1845.0,18450.0
2021050605001155,NICLBSL,45,34,130,1846.0,239980.0
2021050605001153,NICLBSL,17,11,36,1845.0,66420.0
2021050605001152,NICLBSL,36,34,210,1846.0,387660.0
2021050605001151,NICLBSL,36,50,20,1846.0,36920.0
2021050605001150,NICLBSL,36,48,10,1846.0,18460.0
2021050605001149,NICLBSL,36,38,110,1846.0,203060.0
2021050605001163,NICLBSL,49,48,10,1846.0,18460.0
2021050605001162,NICLBSL,49,11,10,1846.0,18460.0
2021050605001161,NICLBSL,49,47,10,1846.0,18460.0
2021050605001160,NICLBSL,49,34,20,1846.0,36920.0
2021050605001159,NICLBSL,45,34,130,1846.0,239980.0
2021050605001157,NICLBSL,56,29,30,1847.0,55410.0
2021050605001173,NICLBSL,17,8,10,1845.0,18450.0
2021050605001172,NICLBSL,28,58,10,1846.0,18460.0
2021050605001171,NICLBSL,28,16,10,1846.0,18460.0
2021050605001170,NICLBSL,17,11,10,1845.0,18450.0
2021050605001169,NICLBSL,17,49,10,1845.0,18450.0
2021050605001164,NICLBSL,34,48,10,1846.0,18460.0
2021050605001189,NICLBSL,21,35,10,1847.0,18470.0
2021050605001187,NICLBSL,19,26,20,1846.0,36920.0
2021050605001186,NICLBSL,19,33,80,1846.0,147680.0
2021050605001183,NICLBSL,17,58,10,1845.0,18450.0
2021050605001182,NICLBSL,46,33,20,1846.0,36920.0
2021050605001181,NICLBSL,17,58,10,1845.0,18450.0
2021050605001203,NICLBSL,17,29,20,1845.0,36900.0
2021050605001202,NICLBSL,17,48,20,1845.0,36900.0
2021050605001195,NICLBSL,17,58,10,1845.0,18450.0
2021050605001193,NICLBSL,17,50,10,1845.0,18450.0
2021050605001191,NICLBSL,17,14,10,1845.0,18450.0
2021050605001190,NICLBSL,17,48,10,1845.0,18450.0
2021050605001216,NICLBSL,40,52,10,1846.0,18460.0
2021050605001215,NICLBSL,40,39,10,1846.0,18460.0
2021050605001213,NICLBSL,40,21,10,1846.0,18460.0
2021050605001210,NICLBSL,40,16,20,1846.0,36920.0
2021050605001209,NICLBSL,40,39,10,1846.0,18460.0
2021050605001205,NICLBSL,17,43,50,1845.0,92250.0
2021050605001226,NICLBSL,36,36,8,1840.0,14720.0
2021050605001224,NICLBSL,40,16,10,1846.0,18460.0
2021050605001222,NICLBSL,40,39,10,1846.0,18460.0
2021050605001220,NICLBSL,40,34,10,1846.0,18460.0
2021050605001219,NICLBSL,40,39,10,1846.0,18460.0
2021050605001217,NICLBSL,40,57,10,1846.0,18460.0
2021050605001234,NICLBSL,51,35,10,1847.0,18470.0
2021050605001233,NICLBSL,51,52,10,1847.0,18470.0
2021050605001232,NICLBSL,51,45,10,1847.0,18470.0
2021050605001231,NICLBSL,51,45,10,1847.0,18470.0
2021050605001230,NICLBSL,40,16,10,1846.0,18460.0
2021050605001228,NICLBSL,40,39,10,1846.0,18460.0
2021050605001244,NICLBSL,45,41,10,1849.0,18490.0
2021050605001242,NICLBSL,51,44,10,1849.0,18490.0
2021050605001241,NICLBSL,51,16,20,1849.0,36980.0
2021050605001240,NICLBSL,51,45,10,1848.0,18480.0
2021050605001238,NICLBSL,51,56,10,1847.0,18470.0
2021050605001235,NICLBSL,51,39,10,1847.0,18470.0
2021050605001255,NICLBSL,42,26,10,1848.0,18480.0
2021050605001253,NICLBSL,42,56,10,1848.0,18480.0
2021050605001251,NICLBSL,22,16,10,1849.0,18490.0
2021050605001249,NICLBSL,1,58,40,1847.0,73880.0
2021050605001248,NICLBSL,1,54,10,1847.0,18470.0
2021050605001245,NICLBSL,45,38,20,1850.0,37000.0
2021050605001266,NICLBSL,45,25,30,1847.0,55410.0
2021050605001265,NICLBSL,45,19,10,1847.0,18470.0
2021050605001264,NICLBSL,45,17,20,1847.0,36940.0
2021050605001263,NICLBSL,45,11,10,1847.0,18470.0
2021050605001262,NICLBSL,45,57,10,1847.0,18470.0
2021050605001256,NICLBSL,38,50,10,1849.0,18490.0
2021050605001166,RURU,13,43,10,499.0,4990.0
2021050605001111,RURU,13,45,10,499.0,4990.0
2021050605001081,RURU,13,45,10,499.0,4990.0
2021050605001048,RURU,13,19,10,499.0,4990.0
2021050605000811,RURU,13,42,10,499.0,4990.0
2021050605000797,RURU,13,6,10,499.0,4990.0
2021050605000770,MLBSL,3,25,10,5030.0,50300.0
2021050605000769,MLBSL,4,47,10,5030.0,50300.0
2021050605000768,MLBSL,4,6,10,5030.0,50300.0
2021050605000766,MLBSL,4,58,10,5030.0,50300.0
2021050605000765,MLBSL,4,41,10,5030.0,50300.0
2021050605000764,MLBSL,4,46,10,5030.0,50300.0
2021050605000290,MLBSL,13,16,10,5030.0,50300.0
2021050605000289,MLBSL,13,57,10,5030.0,50300.0
2021050605000288,MLBSL,13,41,10,5030.0,50300.0
2021050605000285,MLBSL,13,58,10,5030.0,50300.0
2021050605000284,MLBSL,13,57,10,5030.0,50300.0
2021050605000281,MLBSL,13,41,10,5030.0,50300.0
2021050605000303,MLBSL,13,26,10,5030.0,50300.0
2021050605000302,MLBSL,13,45,10,5030.0,50300.0
2021050605000301,MLBSL,13,36,10,5030.0,50300.0
2021050605000297,MLBSL,13,26,10,5030.0,50300.0
2021050605000296,MLBSL,13,1,10,5030.0,50300.0
2021050605000291,MLBSL,13,19,10,5030.0,50300.0
2021050605000309,MLBSL,28,26,10,5030.0,50300.0
2021050605000308,MLBSL,28,10,10,5030.0,50300.0
2021050605000307,MLBSL,28,26,10,5030.0,50300.0
2021050605000306,MLBSL,13,41,10,5030.0,50300.0
2021050605000305,MLBSL,13,1,10,5030.0,50300.0
2021050605000304,MLBSL,13,34,10,5030.0,50300.0
2021050605000320,MLBSL,38,35,943,5030.0,4743290.0
2021050605000318,MLBSL,38,26,10,5030.0,50300.0
2021050605000317,MLBSL,38,14,10,5030.0,50300.0
2021050605000314,MLBSL,38,26,10,5030.0,50300.0
2021050605000313,MLBSL,38,32,10,5030.0,50300.0
2021050605000311,MLBSL,38,41,10,5030.0,50300.0
2021050605000326,MLBSL,34,35,500,5030.0,2515000.0
2021050605000325,MLBSL,48,35,60,5030.0,301800.0
2021050605000324,MLBSL,53,35,45,5030.0,226350.0
2021050605000323,MLBSL,55,35,200,5030.0,1006000.0
2021050605000322,MLBSL,40,35,20,5030.0,100600.0
2021050605000321,MLBSL,33,35,50,5030.0,251500.0
2021050605000337,MLBSL,57,4,10,5030.0,50300.0
2021050605000336,MLBSL,49,41,10,5030.0,50300.0
2021050605000335,MLBSL,42,28,10,5030.0,50300.0
2021050605000329,MLBSL,42,58,10,5030.0,50300.0
2021050605000328,MLBSL,42,11,10,5030.0,50300.0
2021050605000327,MLBSL,59,35,1,5030.0,5030.0
2021050605000345,MLBSL,57,41,10,5030.0,50300.0
2021050605000344,MLBSL,57,34,10,5030.0,50300.0
2021050605000343,MLBSL,57,21,10,5030.0,50300.0
2021050605000341,MLBSL,57,21,10,5030.0,50300.0
2021050605000339,MLBSL,57,48,10,5030.0,50300.0
2021050605000338,MLBSL,57,3,10,5030.0,50300.0
2021050605000364,MLBSL,43,21,10,5030.0,50300.0
2021050605000361,MLBSL,45,26,5,5030.0,25150.0
2021050605000360,MLBSL,43,6,10,5030.0,50300.0
2021050605000351,MLBSL,57,38,10,5030.0,50300.0
2021050605000347,MLBSL,57,28,10,5030.0,50300.0
2021050605000346,MLBSL,57,38,10,5030.0,50300.0
2021050605000371,MLBSL,43,42,10,5030.0,50300.0
2021050605000370,MLBSL,43,45,10,5030.0,50300.0
2021050605000368,MLBSL,43,22,10,5030.0,50300.0
2021050605000367,MLBSL,43,43,10,5030.0,50300.0
2021050605000366,MLBSL,43,42,10,5030.0,50300.0
2021050605000365,MLBSL,43,48,10,5030.0,50300.0
2021050605000382,MLBSL,59,33,10,5030.0,50300.0
2021050605000380,MLBSL,59,39,10,5030.0,50300.0
2021050605000376,MLBSL,59,57,10,5030.0,50300.0
2021050605000375,MLBSL,59,56,10,5030.0,50300.0
2021050605000373,MLBSL,59,47,10,5030.0,50300.0
2021050605000372,MLBSL,43,58,10,5030.0,50300.0
2021050605000390,MLBSL,35,41,10,5030.0,50300.0
2021050605000389,MLBSL,42,57,10,5030.0,50300.0
2021050605000388,MLBSL,42,28,10,5030.0,50300.0
2021050605000387,MLBSL,42,13,10,5030.0,50300.0
