Transact. No.,Symbol,Buyer,Seller,Quantity,Rate,Amount
2021051005003661,MLBSL,37,52,10,4700.0,47000.0
2021051005003660,MLBSL,37,35,10,4700.0,47000.0
2021051005003659,MLBSL,37,55,10,4700.0,47000.0
2021051005003658,MLBSL,37,47,10,4700.0,47000.0
2021051005003657,MLBSL,37,26,10,4695.0,46950.0
2021051005003652,MLBSL,57,39,10,4695.0,46950.0
2021051005003178,MLBSL,50,26,10,4700.0,47000.0
2021051005003177,MLBSL,51,58,10,4690.0,46900.0
2021051005003175,MLBSL,25,58,10,4700.0,47000.0
2021051005003174,MLBSL,25,28,10,4700.0,47000.0
2021051005003172,MLBSL,51,49,10,4690.0,46900.0
2021051005003189,MLBSL,51,6,10,4700.0,47000.0
2021051005003188,MLBSL,51,6,10,4700.0,47000.0
2021051005003186,MLBSL,51,45,10,4700.0,47000.0
2021051005003182,MLBSL,51,35,10,4700.0,47000.0
2021051005003180,MLBSL,50,41,10,4700.0,47000.0
2021051005003179,MLBSL,50,25,10,4700.0,47000.0
2021051005003206,MLBSL,38,34,10,4703.0,47030.0
2021051005003204,MLBSL,51,53,10,4700.0,47000.0
2021051005003200,MLBSL,14,7,10,4703.0,47030.0
2021051005003199,MLBSL,51,3,10,4700.0,47000.0
2021051005003196,MLBSL,51,58,10,4700.0,47000.0
2021051005003191,MLBSL,51,41,10,4700.0,47000.0
2021051005003212,MLBSL,51,34,20,4700.0,94000.0
2021051005003211,MLBSL,45,34,60,4705.0,282300.0
2021051005003210,MLBSL,45,43,10,4705.0,47050.0
2021051005003209,MLBSL,45,45,10,4705.0,47050.0
2021051005003208,MLBSL,45,26,10,4705.0,47050.0
2021051005003207,MLBSL,45,58,10,4703.0,47030.0
2021051005003227,MLBSL,4,7,10,4703.0,47030.0
2021051005003226,MLBSL,4,6,10,4703.0,47030.0
2021051005003222,MLBSL,52,49,10,4710.0,47100.0
2021051005003216,MLBSL,45,10,10,4703.0,47030.0
2021051005003215,MLBSL,45,39,10,4703.0,47030.0
2021051005003213,MLBSL,50,34,55,4700.0,258500.0
2021051005003239,MLBSL,14,5,10,4725.0,47250.0
2021051005003238,MLBSL,14,58,10,4720.0,47200.0
2021051005003237,MLBSL,14,49,10,4720.0,47200.0
2021051005003236,MLBSL,14,45,10,4720.0,47200.0
2021051005003235,MLBSL,14,52,10,4710.0,47100.0
2021051005003228,MLBSL,4,45,10,4703.0,47030.0
2021051005003245,MLBSL,14,8,10,4740.0,47400.0
2021051005003244,MLBSL,14,59,10,4740.0,47400.0
2021051005003243,MLBSL,14,35,10,4740.0,47400.0
2021051005003242,MLBSL,14,57,10,4730.0,47300.0
2021051005003241,MLBSL,14,45,10,4730.0,47300.0
2021051005003240,MLBSL,14,58,10,4725.0,47250.0
2021051005003251,MLBSL,14,59,10,4746.0,47460.0
2021051005003250,MLBSL,14,53,10,4745.0,47450.0
2021051005003249,MLBSL,14,58,10,4743.0,47430.0
2021051005003248,MLBSL,14,19,10,4743.0,47430.0
2021051005003247,MLBSL,14,11,10,4743.0,47430.0
2021051005003246,MLBSL,14,58,10,4740.0,47400.0
2021051005003259,MLBSL,14,34,10,4730.0,47300.0
2021051005003257,MLBSL,4,19,10,4703.0,47030.0
2021051005003256,MLBSL,4,45,10,4703.0,47030.0
2021051005003254,MLBSL,14,52,10,4749.0,47490.0
2021051005003253,MLBSL,14,58,10,4749.0,47490.0
2021051005003252,MLBSL,14,58,10,4746.0,47460.0
2021051005003265,MLBSL,14,57,10,4775.0,47750.0
2021051005003264,MLBSL,14,7,10,4750.0,47500.0
2021051005003263,MLBSL,14,32,10,4750.0,47500.0
2021051005003262,MLBSL,14,35,10,4750.0,47500.0
2021051005003261,MLBSL,14,16,10,4750.0,47500.0
2021051005003260,MLBSL,14,41,10,4749.0,47490.0
2021051005003271,MLBSL,14,39,10,4794.0,47940.0
2021051005003270,MLBSL,14,17,10,4794.0,47940.0
2021051005003269,MLBSL,14,1,10,4790.0,47900.0
2021051005003268,MLBSL,14,56,10,4790.0,47900.0
2021051005003267,MLBSL,14,57,10,4789.0,47890.0
2021051005003266,MLBSL,14,4,10,4783.0,47830.0
2021051005003277,MLBSL,14,59,10,4794.0,47940.0
2021051005003276,MLBSL,14,45,10,4794.0,47940.0
2021051005003275,MLBSL,14,8,10,4794.0,47940.0
2021051005003274,MLBSL,14,57,20,4794.0,95880.0
2021051005003273,MLBSL,14,44,10,4794.0,47940.0
2021051005003272,MLBSL,14,38,10,4794.0,47940.0
2021051005003284,MLBSL,14,57,10,4797.0,47970.0
2021051005003283,MLBSL,14,42,10,4795.0,47950.0
2021051005003282,MLBSL,14,52,10,4794.0,47940.0
2021051005003281,MLBSL,14,22,10,4745.0,47450.0
2021051005003279,MLBSL,4,48,10,4703.0,47030.0
2021051005003278,MLBSL,51,46,10,4705.0,47050.0
2021051005003290,MLBSL,14,25,10,4799.0,47990.0
2021051005003289,MLBSL,14,47,10,4797.0,47970.0
2021051005003288,MLBSL,14,50,10,4797.0,47970.0
2021051005003287,MLBSL,14,29,10,4797.0,47970.0
2021051005003286,MLBSL,14,35,10,4797.0,47970.0
2021051005003285,MLBSL,14,58,10,4797.0,47970.0
2021051005003307,MLBSL,34,40,10,4705.0,47050.0
2021051005003295,MLBSL,14,29,10,4800.0,48000.0
2021051005003294,MLBSL,14,45,10,4799.0,47990.0
2021051005003293,MLBSL,14,21,10,4799.0,47990.0
2021051005003292,MLBSL,14,21,10,4799.0,47990.0
2021051005003291,MLBSL,14,35,10,4799.0,47990.0
2021051005003319,MLBSL,47,57,10,4701.0,47010.0
2021051005003317,MLBSL,47,58,10,4701.0,47010.0
2021051005003315,MLBSL,47,1,10,4701.0,47010.0
2021051005003314,MLBSL,47,58,10,4701.0,47010.0
2021051005003311,MLBSL,59,34,10,4702.0,47020.0
2021051005003308,MLBSL,58,17,10,4705.0,47050.0
2021051005003333,MLBSL,50,34,10,4700.0,47000.0
2021051005003331,MLBSL,50,40,10,4700.0,47000.0
2021051005003329,MLBSL,59,39,10,4701.0,47010.0
2021051005003328,MLBSL,50,44,10,4700.0,47000.0
2021051005003325,MLBSL,58,57,10,4701.0,47010.0
2021051005003324,MLBSL,47,41,10,4701.0,47010.0
2021051005003345,MLBSL,50,56,10,4700.0,47000.0
2021051005003344,MLBSL,50,36,10,4700.0,47000.0
2021051005003342,MLBSL,50,55,10,4700.0,47000.0
2021051005003341,MLBSL,50,48,10,4700.0,47000.0
2021051005003338,MLBSL,50,39,10,4700.0,47000.0
2021051005003335,MLBSL,50,53,10,4700.0,47000.0
2021051005003362,MLBSL,50,42,10,4700.0,47000.0
2021051005003358,MLBSL,50,38,10,4700.0,47000.0
2021051005003356,MLBSL,50,21,10,4700.0,47000.0
2021051005003354,MLBSL,36,22,10,4725.0,47250.0
2021051005003351,MLBSL,32,51,10,4745.0,47450.0
2021051005003348,MLBSL,32,34,10,4745.0,47450.0
2021051005003372,MLBSL,50,52,10,4662.0,46620.0
2021051005003370,MLBSL,13,41,10,4700.0,47000.0
2021051005003367,MLBSL,13,29,10,4700.0,47000.0
2021051005003366,MLBSL,13,29,10,4700.0,47000.0
2021051005003365,MLBSL,57,57,5,4653.0,23265.0
2021051005003364,MLBSL,13,40,10,4700.0,47000.0
2021051005003423,MLBSL,17,29,10,4700.0,47000.0
2021051005003408,MLBSL,14,17,10,4663.0,46630.0
2021051005003406,MLBSL,57,52,10,4662.0,46620.0
2021051005003405,MLBSL,57,42,10,4662.0,46620.0
2021051005003398,MLBSL,47,17,10,4661.0,46610.0
2021051005003373,MLBSL,50,51,10,4662.0,46620.0
2021051005003454,MLBSL,19,39,10,4670.0,46700.0
2021051005003452,MLBSL,14,47,10,4670.0,46700.0
2021051005003448,MLBSL,14,43,10,4667.0,46670.0
2021051005003446,MLBSL,45,49,10,4670.0,46700.0
2021051005003441,MLBSL,14,34,10,4667.0,46670.0
2021051005003424,MLBSL,17,6,10,4700.0,47000.0
2021051005003482,MLBSL,42,49,10,4680.0,46800.0
2021051005003481,MLBSL,42,34,10,4670.0,46700.0
2021051005003466,MLBSL,45,49,10,4670.0,46700.0
2021051005003464,MLBSL,45,38,10,4670.0,46700.0
2021051005003463,MLBSL,42,40,10,4695.0,46950.0
2021051005003455,MLBSL,26,48,10,4670.0,46700.0
2021051005003514,MLBSL,45,58,10,4664.0,46640.0
2021051005003504,MLBSL,41,58,10,4670.0,46700.0
2021051005003503,MLBSL,14,58,10,4663.0,46630.0
2021051005003499,MLBSL,26,32,10,4670.0,46700.0
2021051005003495,MLBSL,14,52,10,4665.0,46650.0
2021051005003492,MLBSL,14,34,10,4665.0,46650.0
2021051005003532,MLBSL,14,29,10,4665.0,46650.0
2021051005003528,MLBSL,45,29,10,4664.0,46640.0
2021051005003521,MLBSL,58,25,10,4670.0,46700.0
2021051005003519,MLBSL,45,57,10,4664.0,46640.0
2021051005003517,MLBSL,45,1,10,4664.0,46640.0
2021051005003516,MLBSL,42,10,10,4670.0,46700.0
2021051005003545,MLBSL,10,58,10,4670.0,46700.0
2021051005003542,MLBSL,47,43,10,4661.0,46610.0
2021051005003539,MLBSL,14,43,20,4662.0,93240.0
2021051005003538,MLBSL,4,43,10,4663.0,46630.0
2021051005003537,MLBSL,45,43,10,4664.0,46640.0
2021051005003535,MLBSL,14,25,10,4665.0,46650.0
2021051005003551,MLBSL,10,46,10,4690.0,46900.0
2021051005003550,MLBSL,10,50,10,4690.0,46900.0
2021051005003549,MLBSL,10,4,10,4689.0,46890.0
2021051005003548,MLBSL,10,57,100,4684.0,468400.0
2021051005003547,MLBSL,10,57,100,4682.0,468200.0
2021051005003546,MLBSL,10,34,10,4680.0,46800.0
2021051005003557,MLBSL,10,58,10,4700.0,47000.0
2021051005003556,MLBSL,10,44,10,4700.0,47000.0
2021051005003555,MLBSL,10,25,10,4700.0,47000.0
2021051005003554,MLBSL,10,58,10,4700.0,47000.0
2021051005003553,MLBSL,10,47,10,4699.0,46990.0
2021051005003552,MLBSL,10,8,10,4695.0,46950.0
2021051005003574,MLBSL,14,52,10,4662.0,46620.0
2021051005003567,MLBSL,29,17,10,4670.0,46700.0
2021051005003566,MLBSL,22,49,10,4670.0,46700.0
2021051005003565,MLBSL,47,17,10,4661.0,46610.0
2021051005003559,MLBSL,10,58,10,4700.0,47000.0
2021051005003558,MLBSL,10,33,10,4700.0,47000.0
2021051005003614,MLBSL,52,3,10,4683.0,46830.0
2021051005003612,MLBSL,42,48,10,4666.0,46660.0
2021051005003602,MLBSL,57,25,10,4665.0,46650.0
2021051005003601,MLBSL,57,43,10,4685.0,46850.0
2021051005003580,MLBSL,58,17,10,4690.0,46900.0
2021051005003577,MLBSL,57,38,10,4663.0,46630.0
2021051005003634,MLBSL,53,42,10,4697.0,46970.0
2021051005003633,MLBSL,53,58,10,4695.0,46950.0
2021051005003630,MLBSL,52,50,10,4690.0,46900.0
2021051005003628,MLBSL,28,22,10,4694.0,46940.0
2021051005003625,MLBSL,52,58,10,4690.0,46900.0
2021051005003618,MLBSL,52,53,10,4690.0,46900.0
2021051005003642,MLBSL,37,32,10,4700.0,47000.0
2021051005003641,MLBSL,37,38,10,4700.0,47000.0
2021051005003640,MLBSL,37,54,10,4699.0,46990.0
2021051005003638,MLBSL,52,35,10,4690.0,46900.0
2021051005003636,MLBSL,53,58,10,4699.0,46990.0
2021051005003635,MLBSL,53,49,10,4699.0,46990.0
2021051005003648,MLBSL,44,16,10,4695.0,46950.0
2021051005003647,MLBSL,39,58,10,4700.0,47000.0
2021051005003646,MLBSL,39,46,10,4700.0,47000.0
2021051005003645,MLBSL,39,58,10,4700.0,47000.0
2021051005003644,MLBSL,37,58,10,4700.0,47000.0
2021051005003643,MLBSL,37,6,10,4700.0,47000.0
2021051005003656,NICLBSL,46,40,10,1780.0,17800.0
2021051005003655,NICLBSL,6,5,10,1780.0,17800.0
2021051005003654,NICLBSL,7,53,5,1780.0,8900.0
2021051005003653,NICLBSL,7,25,10,1780.0,17800.0
2021051005003651,NICLBSL,7,14,10,1780.0,17800.0
2021051005003650,NICLBSL,59,14,90,1780.0,160200.0
2021051005003166,NICLBSL,17,34,10,1780.0,17800.0
2021051005003165,NICLBSL,17,41,10,1780.0,17800.0
2021051005003164,NICLBSL,38,43,45,1783.0,80235.0
2021051005003163,NICLBSL,38,39,10,1782.0,17820.0
2021051005003162,NICLBSL,17,21,10,1780.0,17800.0
2021051005003173,NICLBSL,58,52,10,1779.0,17790.0
2021051005003171,NICLBSL,58,29,20,1779.0,35580.0
2021051005003170,NICLBSL,58,21,10,1779.0,17790.0
2021051005003169,NICLBSL,17,34,10,1780.0,17800.0
2021051005003168,NICLBSL,17,52,10,1780.0,17800.0
2021051005003167,NICLBSL,16,43,150,1783.0,267450.0
2021051005003190,NICLBSL,58,34,10,1779.0,17790.0
2021051005003187,NICLBSL,58,57,10,1779.0,17790.0
2021051005003184,NICLBSL,49,38,10,1780.0,17800.0
2021051005003183,NICLBSL,58,34,10,1779.0,17790.0
2021051005003181,NICLBSL,58,38,20,1779.0,35580.0
2021051005003176,NICLBSL,58,29,41,1779.0,72939.0
2021051005003201,NICLBSL,58,45,10,1779.0,17790.0
2021051005003197,NICLBSL,58,47,10,1779.0,17790.0
2021051005003195,NICLBSL,58,34,10,1779.0,17790.0
2021051005003194,NICLBSL,58,50,10,1779.0,17790.0
2021051005003193,NICLBSL,39,38,100,1780.0,178000.0
2021051005003192,NICLBSL,58,47,10,1779.0,17790.0
2021051005003218,NICLBSL,58,41,10,1779.0,17790.0
2021051005003217,NICLBSL,58,34,10,1779.0,17790.0
2021051005003214,NICLBSL,58,13,10,1779.0,17790.0
2021051005003205,NICLBSL,29,38,50,1780.0,89000.0
2021051005003203,NICLBSL,58,34,10,1779.0,17790.0
2021051005003202,NICLBSL,58,47,10,1779.0,17790.0
2021051005003225,NICLBSL,52,58,20,1780.0,35600.0
2021051005003224,NICLBSL,52,1,10,1780.0,17800.0
2021051005003223,NICLBSL,58,5,20,1779.0,35580.0
2021051005003221,NICLBSL,39,53,50,1780.0,89000.0
2021051005003220,NICLBSL,21,53,25,1780.0,44500.0
2021051005003219,NICLBSL,21,38,140,1780.0,249200.0
2021051005003255,NICLBSL,14,34,10,1779.0,17790.0
2021051005003234,NICLBSL,14,44,112,1779.0,199248.0
2021051005003233,NICLBSL,14,48,10,1779.0,17790.0
2021051005003231,NICLBSL,58,6,26,1779.0,46254.0
2021051005003230,NICLBSL,58,34,10,1779.0,17790.0
2021051005003229,NICLBSL,52,34,10,1780.0,17800.0
2021051005003299,NICLBSL,16,37,20,1780.0,35600.0
2021051005003298,NICLBSL,49,43,40,1783.0,71320.0
2021051005003297,NICLBSL,49,57,10,1782.0,17820.0
2021051005003296,NICLBSL,16,37,10,1780.0,17800.0
2021051005003280,NICLBSL,16,34,10,1780.0,17800.0
2021051005003258,NICLBSL,55,58,10,1782.0,17820.0
2021051005003305,NICLBSL,16,59,10,1780.0,17800.0
2021051005003304,NICLBSL,16,21,10,1780.0,17800.0
2021051005003303,NICLBSL,16,45,10,1780.0,17800.0
2021051005003302,NICLBSL,16,4,10,1780.0,17800.0
2021051005003301,NICLBSL,16,35,10,1780.0,17800.0
2021051005003300,NICLBSL,16,41,10,1780.0,17800.0
2021051005003316,NICLBSL,28,25,10,1782.0,17820.0
2021051005003313,NICLBSL,42,42,10,1781.0,17810.0
2021051005003312,NICLBSL,42,47,20,1781.0,35620.0
2021051005003310,NICLBSL,42,25,10,1781.0,17810.0
2021051005003309,NICLBSL,42,32,10,1781.0,17810.0
2021051005003306,NICLBSL,16,35,10,1780.0,17800.0
2021051005003326,NICLBSL,28,48,10,1782.0,17820.0
2021051005003323,NICLBSL,58,32,10,1783.0,17830.0
2021051005003322,NICLBSL,58,21,10,1783.0,17830.0
2021051005003321,NICLBSL,58,35,20,1783.0,35660.0
2021051005003320,NICLBSL,58,43,245,1783.0,436835.0
2021051005003318,NICLBSL,28,21,20,1782.0,35640.0
2021051005003340,NICLBSL,19,22,10,1783.0,17830.0
2021051005003339,NICLBSL,19,16,10,1783.0,17830.0
2021051005003337,NICLBSL,28,20,10,1782.0,17820.0
2021051005003332,NICLBSL,28,29,10,1782.0,17820.0
2021051005003330,NICLBSL,28,42,10,1782.0,17820.0
2021051005003327,NICLBSL,28,29,10,1782.0,17820.0
2021051005003352,NICLBSL,28,45,80,1784.0,142720.0
2021051005003350,NICLBSL,28,49,10,1784.0,17840.0
2021051005003349,NICLBSL,28,50,10,1784.0,17840.0
2021051005003347,NICLBSL,28,22,10,1784.0,17840.0
2021051005003346,NICLBSL,28,14,10,1784.0,17840.0
2021051005003343,NICLBSL,19,49,10,1783.0,17830.0
2021051005003361,NICLBSL,19,49,10,1783.0,17830.0
2021051005003360,NICLBSL,19,49,10,1783.0,17830.0
2021051005003359,NICLBSL,19,16,10,1783.0,17830.0
2021051005003357,NICLBSL,19,4,10,1783.0,17830.0
2021051005003355,NICLBSL,19,16,10,1783.0,17830.0
2021051005003353,NICLBSL,19,45,20,1783.0,35660.0
2021051005003375,NICLBSL,19,34,58,1785.0,103530.0
2021051005003374,NICLBSL,21,50,10,1784.0,17840.0
2021051005003371,NICLBSL,21,49,10,1783.0,17830.0
2021051005003369,NICLBSL,42,1,10,1783.0,17830.0
2021051005003368,NICLBSL,19,1,90,1783.0,160470.0
2021051005003363,NICLBSL,19,16,10,1783.0,17830.0
2021051005003381,NICLBSL,19,55,20,1785.0,35700.0
2021051005003380,NICLBSL,19,19,50,1785.0,89250.0
2021051005003379,NICLBSL,19,34,20,1785.0,35700.0
2021051005003378,NICLBSL,19,6,10,1785.0,17850.0
2021051005003377,NICLBSL,19,54,10,1785.0,17850.0
2021051005003376,NICLBSL,19,17,10,1785.0,17850.0
2021051005003387,NICLBSL,19,45,10,1785.0,17850.0
2021051005003386,NICLBSL,19,49,10,1785.0,17850.0
2021051005003385,NICLBSL,19,49,10,1785.0,17850.0
2021051005003384,NICLBSL,19,25,10,1785.0,17850.0
2021051005003383,NICLBSL,19,42,66,1785.0,117810.0
2021051005003382,NICLBSL,19,51,19,1785.0,33915.0
2021051005003393,NICLBSL,17,42,10,1786.0,17860.0
2021051005003392,NICLBSL,17,38,30,1786.0,53580.0
2021051005003391,NICLBSL,21,36,10,1784.0,17840.0
2021051005003390,NICLBSL,21,4,10,1784.0,17840.0
2021051005003389,NICLBSL,47,39,3,1785.0,5355.0
2021051005003388,NICLBSL,19,39,47,1785.0,83895.0
2021051005003401,NICLBSL,17,46,10,1784.0,17840.0
2021051005003400,NICLBSL,17,47,10,1784.0,17840.0
2021051005003399,NICLBSL,41,35,10,1782.0,17820.0
2021051005003397,NICLBSL,49,52,10,1782.0,17820.0
2021051005003396,NICLBSL,21,46,10,1784.0,17840.0
2021051005003394,NICLBSL,17,21,10,1786.0,17860.0
2021051005003410,NICLBSL,58,21,10,1784.0,17840.0
2021051005003409,NICLBSL,58,46,10,1784.0,17840.0
2021051005003407,NICLBSL,41,47,10,1782.0,17820.0
2021051005003404,NICLBSL,17,53,10,1784.0,17840.0
2021051005003403,NICLBSL,17,4,10,1784.0,17840.0
2021051005003402,NICLBSL,17,36,10,1784.0,17840.0
2021051005003416,NICLBSL,25,6,10,1782.0,17820.0
2021051005003415,NICLBSL,41,36,10,1782.0,17820.0
2021051005003414,NICLBSL,41,57,10,1782.0,17820.0
2021051005003413,NICLBSL,41,34,10,1782.0,17820.0
2021051005003412,NICLBSL,58,32,10,1784.0,17840.0
2021051005003411,NICLBSL,58,49,10,1784.0,17840.0
2021051005003422,NICLBSL,45,34,10,1782.0,17820.0
2021051005003421,NICLBSL,45,6,10,1782.0,17820.0
2021051005003420,NICLBSL,45,49,10,1782.0,17820.0
2021051005003419,NICLBSL,42,1,20,1781.0,35620.0
2021051005003418,NICLBSL,25,35,10,1782.0,17820.0
2021051005003417,NICLBSL,25,16,10,1782.0,17820.0
2021051005003430,NICLBSL,45,33,110,1782.0,196020.0
2021051005003429,NICLBSL,45,45,10,1782.0,17820.0
2021051005003428,NICLBSL,45,34,10,1782.0,17820.0
2021051005003427,NICLBSL,45,45,10,1782.0,17820.0
2021051005003426,NICLBSL,45,4,10,1782.0,17820.0
2021051005003425,NICLBSL,45,51,20,1782.0,35640.0
2021051005003436,NICLBSL,57,34,10,1783.0,17830.0
2021051005003435,NICLBSL,57,48,10,1782.0,17820.0
2021051005003434,NICLBSL,42,34,10,1781.0,17810.0
2021051005003433,NICLBSL,42,49,10,1781.0,17810.0
2021051005003432,NICLBSL,42,34,10,1781.0,17810.0
2021051005003431,NICLBSL,58,33,100,1782.0,178200.0
2021051005003443,NICLBSL,58,6,10,1782.0,17820.0
2021051005003442,NICLBSL,58,34,10,1782.0,17820.0
2021051005003440,NICLBSL,58,1,20,1782.0,35640.0
2021051005003439,NICLBSL,39,55,10,1783.0,17830.0
2021051005003438,NICLBSL,39,47,10,1783.0,17830.0
2021051005003437,NICLBSL,52,34,20,1781.0,35620.0
2021051005003453,NICLBSL,58,45,10,1782.0,17820.0
2021051005003450,NICLBSL,58,17,10,1782.0,17820.0
2021051005003449,NICLBSL,58,4,10,1782.0,17820.0
2021051005003447,NICLBSL,58,34,10,1782.0,17820.0
2021051005003445,NICLBSL,58,26,10,1782.0,17820.0
2021051005003444,NICLBSL,58,34,10,1782.0,17820.0
2021051005003461,NICLBSL,45,34,10,1782.0,17820.0
2021051005003460,NICLBSL,52,39,10,1781.0,17810.0
2021051005003459,NICLBSL,37,10,1,1782.0,1782.0
2021051005003458,NICLBSL,22,10,50,1782.0,89100.0
2021051005003457,NICLBSL,52,39,10,1781.0,17810.0
2021051005003456,NICLBSL,52,38,20,1781.0,35620.0
2021051005003471,NICLBSL,58,55,20,1782.0,35640.0
2021051005003470,NICLBSL,45,55,10,1782.0,17820.0
2021051005003469,NICLBSL,45,1,10,1782.0,17820.0
2021051005003468,NICLBSL,45,35,10,1782.0,17820.0
2021051005003465,NICLBSL,45,35,10,1782.0,17820.0
2021051005003462,NICLBSL,45,32,10,1782.0,17820.0
2021051005003477,NICLBSL,45,55,200,1781.0,356200.0
2021051005003476,NICLBSL,25,55,20,1781.0,35620.0
2021051005003475,NICLBSL,57,55,50,1781.0,89050.0
2021051005003474,NICLBSL,26,55,10,1781.0,17810.0
2021051005003473,NICLBSL,52,55,40,1781.0,71240.0
2021051005003472,NICLBSL,58,55,30,1782.0,53460.0
2021051005003485,NICLBSL,14,21,10,1782.0,17820.0
2021051005003484,NICLBSL,14,5,100,1782.0,178200.0
2021051005003483,NICLBSL,10,35,10,1780.0,17800.0
2021051005003480,NICLBSL,10,55,56,1780.0,99680.0
2021051005003479,NICLBSL,16,55,90,1780.0,160200.0
2021051005003478,NICLBSL,28,55,14,1781.0,24934.0
2021051005003491,NICLBSL,26,48,16,1780.0,28480.0
2021051005003490,NICLBSL,4,48,100,1780.0,178000.0
2021051005003489,NICLBSL,10,48,134,1780.0,238520.0
2021051005003488,NICLBSL,59,48,100,1781.0,178100.0
2021051005003487,NICLBSL,33,48,10,1782.0,17820.0
2021051005003486,NICLBSL,14,48,40,1782.0,71280.0
2021051005003500,NICLBSL,29,36,20,1780.0,35600.0
2021051005003498,NICLBSL,16,1,10,1780.0,17800.0
2021051005003497,NICLBSL,16,55,10,1780.0,17800.0
2021051005003496,NICLBSL,14,39,14,1779.0,24906.0
2021051005003494,NICLBSL,17,39,90,1780.0,160200.0
2021051005003493,NICLBSL,17,1,10,1780.0,17800.0
2021051005003508,NICLBSL,14,34,64,1779.0,113856.0
2021051005003507,NICLBSL,14,49,20,1779.0,35580.0
2021051005003506,NICLBSL,39,57,5,1782.0,8910.0
2021051005003505,NICLBSL,39,35,10,1780.0,17800.0
2021051005003502,NICLBSL,14,43,20,1779.0,35580.0
2021051005003501,NICLBSL,29,43,30,1780.0,53400.0
2021051005003515,NICLBSL,16,34,10,1779.0,17790.0
2021051005003513,NICLBSL,45,34,145,1779.0,257955.0
2021051005003512,NICLBSL,48,34,20,1779.0,35580.0
2021051005003511,NICLBSL,51,34,20,1779.0,35580.0
2021051005003510,NICLBSL,50,34,50,1779.0,88950.0
2021051005003509,NICLBSL,5,34,50,1779.0,88950.0
2021051005003525,NICLBSL,19,34,113,1779.0,201027.0
2021051005003524,NICLBSL,19,25,10,1778.0,17780.0
2021051005003523,NICLBSL,26,48,10,1778.0,17780.0
2021051005003522,NICLBSL,40,18,10,1778.0,17780.0
2021051005003520,NICLBSL,40,19,10,1778.0,17780.0
2021051005003518,NICLBSL,34,34,28,1779.0,49812.0
2021051005003534,NICLBSL,3,48,10,1777.0,17770.0
2021051005003533,NICLBSL,3,56,10,1777.0,17770.0
2021051005003531,NICLBSL,3,1,10,1777.0,17770.0
2021051005003529,NICLBSL,3,6,10,1777.0,17770.0
2021051005003527,NICLBSL,17,46,10,1779.0,17790.0
2021051005003526,NICLBSL,28,1,10,1778.0,17780.0
2021051005003561,NICLBSL,59,36,10,1778.0,17780.0
2021051005003544,NICLBSL,59,32,10,1777.0,17770.0
2021051005003543,NICLBSL,48,39,40,1776.0,71040.0
2021051005003541,NICLBSL,21,38,10,1776.0,17760.0
2021051005003540,NICLBSL,21,38,10,1776.0,17760.0
2021051005003536,NICLBSL,3,48,10,1777.0,17770.0
2021051005003570,NICLBSL,39,39,10,1780.0,17800.0
2021051005003569,NICLBSL,39,4,10,1780.0,17800.0
2021051005003568,NICLBSL,45,21,10,1777.0,17770.0
2021051005003564,NICLBSL,21,36,50,1776.0,88800.0
2021051005003563,NICLBSL,59,48,18,1778.0,32004.0
2021051005003562,NICLBSL,59,1,10,1778.0,17780.0
2021051005003578,NICLBSL,48,1,10,1779.0,17790.0
2021051005003576,NICLBSL,41,17,10,1779.0,17790.0
2021051005003575,NICLBSL,41,48,10,1779.0,17790.0
2021051005003573,NICLBSL,41,17,10,1779.0,17790.0
2021051005003572,NICLBSL,41,41,10,1779.0,17790.0
2021051005003571,NICLBSL,41,5,10,1779.0,17790.0
2021051005003585,NICLBSL,34,49,10,1779.0,17790.0
2021051005003584,NICLBSL,34,38,43,1779.0,76497.0
2021051005003583,NICLBSL,34,58,20,1779.0,35580.0
2021051005003582,NICLBSL,58,1,10,1779.0,17790.0
2021051005003581,NICLBSL,51,48,10,1777.0,17770.0
2021051005003579,NICLBSL,48,5,10,1779.0,17790.0
2021051005003591,NICLBSL,47,5,10,1778.0,17780.0
2021051005003590,NICLBSL,38,43,20,1778.0,35560.0
2021051005003589,NICLBSL,38,59,10,1778.0,17780.0
2021051005003588,NICLBSL,48,6,5,1778.0,8890.0
2021051005003587,NICLBSL,48,48,10,1778.0,17780.0
2021051005003586,NICLBSL,34,43,27,1779.0,48033.0
2021051005003597,NICLBSL,51,3,236,1777.0,419372.0
2021051005003596,NICLBSL,59,3,14,1778.0,24892.0
2021051005003595,NICLBSL,59,16,10,1778.0,17780.0
2021051005003594,NICLBSL,59,57,10,1778.0,17780.0
2021051005003593,NICLBSL,59,39,16,1778.0,28448.0
2021051005003592,NICLBSL,47,39,10,1778.0,17780.0
2021051005003605,NICLBSL,29,21,10,1779.0,17790.0
2021051005003604,NICLBSL,29,17,10,1779.0,17790.0
2021051005003603,NICLBSL,51,3,10,1777.0,17770.0
2021051005003600,NICLBSL,41,59,10,1778.0,17780.0
2021051005003599,NICLBSL,41,29,10,1778.0,17780.0
2021051005003598,NICLBSL,41,3,10,1778.0,17780.0
2021051005003611,NICLBSL,39,5,10,1779.0,17790.0
2021051005003610,NICLBSL,29,55,10,1779.0,17790.0
2021051005003609,NICLBSL,29,38,39,1779.0,69381.0
2021051005003608,NICLBSL,29,50,10,1779.0,17790.0
2021051005003607,NICLBSL,29,56,10,1779.0,17790.0
2021051005003606,NICLBSL,29,49,10,1779.0,17790.0
2021051005003620,NICLBSL,19,17,10,1780.0,17800.0
2021051005003619,NICLBSL,19,42,20,1780.0,35600.0
2021051005003617,NICLBSL,39,3,10,1779.0,17790.0
2021051005003616,NICLBSL,39,48,10,1779.0,17790.0
2021051005003615,NICLBSL,39,3,10,1779.0,17790.0
2021051005003613,NICLBSL,39,6,100,1779.0,177900.0
2021051005003627,NICLBSL,39,59,10,1779.0,17790.0
2021051005003626,NICLBSL,39,3,10,1779.0,17790.0
2021051005003624,NICLBSL,19,59,10,1780.0,17800.0
2021051005003623,NICLBSL,19,57,10,1780.0,17800.0
2021051005003622,NICLBSL,19,54,50,1780.0,89000.0
2021051005003621,NICLBSL,19,39,10,1780.0,17800.0
2021051005003649,NICLBSL,59,57,10,1780.0,17800.0
2021051005003639,NICLBSL,34,35,10,1780.0,17800.0
2021051005003637,NICLBSL,17,5,10,1780.0,17800.0
2021051005003632,NICLBSL,39,48,10,1779.0,17790.0
2021051005003631,NICLBSL,39,59,10,1779.0,17790.0
2021051005003629,NICLBSL,5,41,20,1780.0,35600.0
2021051005003560,RURU,40,36,10,602.0,6020.0
2021051005003530,RURU,40,36,10,602.0,6020.0
2021051005003467,RURU,40,39,10,602.0,6020.0
2021051005003451,RURU,40,13,10,602.0,6020.0
2021051005003395,RURU,40,53,10,602.0,6020.0
2021051005003336,RURU,40,39,10,602.0,6020.0
2021051005003334,RURU,40,35,10,602.0,6020.0
2021051005003232,RURU,40,17,10,602.0,6020.0
2021051005003198,RURU,40,58,10,602.0,6020.0
2021051005003185,RURU,40,52,10,602.0,6020.0
2021051005003156,MLBSL,25,36,10,4656.0,46560.0
2021051005003155,MLBSL,45,42,10,4656.0,46560.0
2021051005003152,MLBSL,50,48,10,4650.0,46500.0
2021051005003150,MLBSL,50,50,10,4650.0,46500.0
2021051005003149,MLBSL,50,42,10,4650.0,46500.0
2021051005003148,MLBSL,41,58,10,4656.0,46560.0
2021051005002665,MLBSL,54,4,10,4510.0,45100.0
2021051005002679,MLBSL,17,56,10,4510.0,45100.0
2021051005002673,MLBSL,54,45,10,4510.0,45100.0
2021051005002672,MLBSL,54,49,10,4510.0,45100.0
2021051005002669,MLBSL,49,34,10,4510.0,45100.0
2021051005002668,MLBSL,49,53,10,4510.0,45100.0
2021051005002666,MLBSL,33,50,10,4510.0,45100.0
2021051005002686,MLBSL,36,36,10,4539.0,45390.0
2021051005002685,MLBSL,36,29,10,4539.0,45390.0
2021051005002684,MLBSL,36,48,10,4535.0,45350.0
2021051005002683,MLBSL,36,35,10,4530.0,45300.0
2021051005002682,MLBSL,36,21,10,4530.0,45300.0
2021051005002681,MLBSL,36,43,10,4520.0,45200.0
2021051005002695,MLBSL,28,21,10,4538.0,45380.0
2021051005002694,MLBSL,17,32,10,4510.0,45100.0
2021051005002690,MLBSL,36,59,10,4540.0,45400.0
2021051005002689,MLBSL,36,58,10,4540.0,45400.0
2021051005002688,MLBSL,36,39,10,4540.0,45400.0
2021051005002687,MLBSL,36,14,10,4539.0,45390.0
2021051005002727,MLBSL,58,44,10,4512.0,45120.0
2021051005002708,MLBSL,48,21,10,4538.0,45380.0
2021051005002707,MLBSL,48,56,10,4530.0,45300.0
2021051005002706,MLBSL,3,52,10,4520.0,45200.0
2021051005002701,MLBSL,17,29,10,4510.0,45100.0
2021051005002699,MLBSL,26,5,10,4520.0,45200.0
2021051005002737,MLBSL,55,45,10,4540.0,45400.0
2021051005002735,MLBSL,54,10,10,4520.0,45200.0
2021051005002732,MLBSL,56,16,10,4525.0,45250.0
2021051005002731,MLBSL,34,11,10,4540.0,45400.0
2021051005002730,MLBSL,34,47,10,4530.0,45300.0
2021051005002729,MLBSL,34,58,10,4525.0,45250.0
2021051005002744,MLBSL,48,56,10,4540.0,45400.0
2021051005002743,MLBSL,48,57,10,4540.0,45400.0
2021051005002742,MLBSL,28,10,10,4539.0,45390.0
2021051005002740,MLBSL,26,57,25,4540.0,113500.0
2021051005002739,MLBSL,26,29,10,4539.0,45390.0
2021051005002738,MLBSL,55,57,15,4540.0,68100.0
2021051005002750,MLBSL,48,58,10,4542.0,45420.0
2021051005002749,MLBSL,48,47,10,4541.0,45410.0
2021051005002748,MLBSL,48,4,10,4541.0,45410.0
2021051005002747,MLBSL,48,32,10,4540.0,45400.0
2021051005002746,MLBSL,48,57,10,4540.0,45400.0
2021051005002745,MLBSL,48,49,10,4540.0,45400.0
2021051005002756,MLBSL,48,51,10,4544.0,45440.0
2021051005002755,MLBSL,48,53,10,4544.0,45440.0
2021051005002754,MLBSL,48,6,10,4544.0,45440.0
2021051005002753,MLBSL,48,29,10,4544.0,45440.0
2021051005002752,MLBSL,48,35,10,4543.0,45430.0
2021051005002751,MLBSL,48,49,10,4543.0,45430.0
2021051005002762,MLBSL,48,41,10,4549.0,45490.0
2021051005002761,MLBSL,48,57,10,4549.0,45490.0
2021051005002760,MLBSL,48,21,10,4549.0,45490.0
2021051005002759,MLBSL,48,49,10,4545.0,45450.0
2021051005002758,MLBSL,48,59,10,4545.0,45450.0
2021051005002757,MLBSL,48,57,10,4544.0,45440.0
2021051005002768,MLBSL,48,22,10,4550.0,45500.0
2021051005002767,MLBSL,48,44,10,4550.0,45500.0
2021051005002766,MLBSL,48,45,10,4550.0,45500.0
2021051005002765,MLBSL,48,57,10,4550.0,45500.0
2021051005002764,MLBSL,48,48,10,4550.0,45500.0
2021051005002763,MLBSL,48,7,10,4550.0,45500.0
2021051005002774,MLBSL,48,35,10,4550.0,45500.0
2021051005002773,MLBSL,48,11,10,4550.0,45500.0
2021051005002772,MLBSL,48,21,10,4550.0,45500.0
2021051005002771,MLBSL,48,47,10,4550.0,45500.0
2021051005002770,MLBSL,48,19,10,4550.0,45500.0
2021051005002769,MLBSL,48,55,10,4550.0,45500.0
2021051005002784,MLBSL,48,6,10,4550.0,45500.0
2021051005002783,MLBSL,48,49,10,4550.0,45500.0
2021051005002781,MLBSL,48,45,10,4550.0,45500.0
2021051005002780,MLBSL,48,17,10,4550.0,45500.0
2021051005002779,MLBSL,48,45,10,4550.0,45500.0
2021051005002775,MLBSL,48,17,10,4550.0,45500.0
2021051005002798,MLBSL,36,38,10,4559.0,45590.0
2021051005002792,MLBSL,36,17,10,4557.0,45570.0
2021051005002790,MLBSL,36,52,10,4555.0,45550.0
2021051005002789,MLBSL,54,44,10,4555.0,45550.0
2021051005002788,MLBSL,54,57,10,4555.0,45550.0
2021051005002785,MLBSL,48,1,10,4550.0,45500.0
2021051005002817,MLBSL,43,36,10,4560.0,45600.0
2021051005002815,MLBSL,10,49,10,4570.0,45700.0
2021051005002810,MLBSL,36,28,10,4559.0,45590.0
2021051005002806,MLBSL,58,35,10,4569.0,45690.0
2021051005002805,MLBSL,58,55,10,4565.0,45650.0
2021051005002800,MLBSL,48,49,10,4560.0,45600.0
2021051005002827,MLBSL,17,14,10,4590.0,45900.0
2021051005002826,MLBSL,17,42,10,4590.0,45900.0
2021051005002824,MLBSL,17,7,10,4580.0,45800.0
2021051005002823,MLBSL,17,7,10,4580.0,45800.0
2021051005002822,MLBSL,17,51,10,4579.0,45790.0
2021051005002819,MLBSL,58,52,10,4575.0,45750.0
2021051005002837,MLBSL,36,58,10,4600.0,46000.0
2021051005002832,MLBSL,17,42,10,4580.0,45800.0
2021051005002831,MLBSL,17,32,10,4580.0,45800.0
2021051005002830,MLBSL,17,34,10,4590.0,45900.0
2021051005002829,MLBSL,17,38,10,4590.0,45900.0
2021051005002828,MLBSL,17,48,10,4590.0,45900.0
2021051005002847,MLBSL,7,21,10,4600.0,46000.0
2021051005002843,MLBSL,58,32,10,4590.0,45900.0
2021051005002842,MLBSL,49,43,10,4600.0,46000.0
2021051005002841,MLBSL,41,22,10,4600.0,46000.0
2021051005002839,MLBSL,52,4,10,4600.0,46000.0
2021051005002838,MLBSL,36,45,10,4600.0,46000.0
2021051005002853,MLBSL,7,45,10,4610.0,46100.0
2021051005002852,MLBSL,7,48,10,4600.0,46000.0
2021051005002851,MLBSL,7,34,10,4600.0,46000.0
2021051005002850,MLBSL,7,29,10,4600.0,46000.0
2021051005002849,MLBSL,7,17,10,4600.0,46000.0
2021051005002848,MLBSL,7,40,10,4600.0,46000.0
2021051005002860,MLBSL,58,58,10,4630.0,46300.0
2021051005002859,MLBSL,58,45,10,4625.0,46250.0
2021051005002857,MLBSL,51,52,10,4600.0,46000.0
2021051005002856,MLBSL,7,3,10,4620.0,46200.0
2021051005002855,MLBSL,7,52,10,4617.0,46170.0
2021051005002854,MLBSL,7,58,10,4610.0,46100.0
2021051005002867,MLBSL,45,32,10,4640.0,46400.0
2021051005002866,MLBSL,45,58,10,4640.0,46400.0
2021051005002865,MLBSL,45,42,10,4640.0,46400.0
2021051005002864,MLBSL,45,56,10,4630.0,46300.0
2021051005002862,MLBSL,58,56,10,4630.0,46300.0
2021051005002861,MLBSL,58,34,10,4630.0,46300.0
2021051005002874,MLBSL,26,34,10,4650.0,46500.0
2021051005002873,MLBSL,26,57,10,4649.0,46490.0
2021051005002872,MLBSL,51,57,90,4649.0,418410.0
2021051005002871,MLBSL,51,47,10,4648.0,46480.0
2021051005002870,MLBSL,29,34,10,4646.0,46460.0
2021051005002869,MLBSL,45,35,10,4640.0,46400.0
2021051005002882,MLBSL,41,43,10,4650.0,46500.0
2021051005002880,MLBSL,41,42,10,4650.0,46500.0
2021051005002878,MLBSL,41,29,10,4650.0,46500.0
2021051005002877,MLBSL,41,25,10,4650.0,46500.0
2021051005002876,MLBSL,41,51,10,4650.0,46500.0
2021051005002875,MLBSL,26,22,10,4650.0,46500.0
2021051005002891,MLBSL,32,17,10,4722.0,47220.0
2021051005002888,MLBSL,48,59,10,4650.0,46500.0
2021051005002887,MLBSL,56,57,10,4700.0,47000.0
2021051005002885,MLBSL,43,51,10,4650.0,46500.0
2021051005002884,MLBSL,42,35,10,4700.0,47000.0
2021051005002883,MLBSL,42,57,10,4670.0,46700.0
2021051005002904,MLBSL,52,57,10,4710.0,47100.0
2021051005002903,MLBSL,52,52,10,4710.0,47100.0
2021051005002900,MLBSL,48,55,10,4700.0,47000.0
2021051005002895,MLBSL,47,57,10,4720.0,47200.0
2021051005002894,MLBSL,48,58,10,4700.0,47000.0
2021051005002893,MLBSL,48,36,10,4700.0,47000.0
2021051005002917,MLBSL,13,50,10,4740.0,47400.0
2021051005002915,MLBSL,20,41,10,4740.0,47400.0
2021051005002914,MLBSL,48,45,10,4716.0,47160.0
2021051005002912,MLBSL,52,49,10,4710.0,47100.0
2021051005002910,MLBSL,57,49,10,4730.0,47300.0
2021051005002908,MLBSL,57,58,10,4720.0,47200.0
2021051005002926,MLBSL,34,58,10,4799.0,47990.0
2021051005002925,MLBSL,47,57,10,4798.0,47980.0
2021051005002924,MLBSL,22,34,10,4750.0,47500.0
2021051005002920,MLBSL,22,45,10,4750.0,47500.0
2021051005002919,MLBSL,22,35,10,4750.0,47500.0
2021051005002918,MLBSL,13,45,10,4740.0,47400.0
2021051005002933,MLBSL,47,17,60,4800.0,288000.0
2021051005002932,MLBSL,47,45,10,4800.0,48000.0
2021051005002931,MLBSL,47,10,10,4800.0,48000.0
2021051005002930,MLBSL,47,21,10,4800.0,48000.0
2021051005002929,MLBSL,47,52,10,4800.0,48000.0
2021051005002928,MLBSL,48,53,10,4800.0,48000.0
2021051005002944,MLBSL,26,8,10,4830.0,48300.0
2021051005002943,MLBSL,26,42,10,4830.0,48300.0
2021051005002941,MLBSL,8,55,10,4845.0,48450.0
2021051005002940,MLBSL,38,57,10,4830.0,48300.0
2021051005002938,MLBSL,51,58,10,4824.0,48240.0
2021051005002934,MLBSL,29,17,40,4800.0,192000.0
2021051005002954,MLBSL,42,36,10,4801.0,48010.0
2021051005002952,MLBSL,29,56,10,4800.0,48000.0
2021051005002951,MLBSL,29,41,10,4800.0,48000.0
2021051005002949,MLBSL,29,45,10,4800.0,48000.0
2021051005002947,MLBSL,45,45,10,4801.0,48010.0
2021051005002945,MLBSL,29,52,10,4800.0,48000.0
2021051005002960,MLBSL,29,6,10,4800.0,48000.0
2021051005002959,MLBSL,29,57,10,4800.0,48000.0
2021051005002958,MLBSL,29,16,10,4800.0,48000.0
2021051005002957,MLBSL,29,34,10,4800.0,48000.0
2021051005002956,MLBSL,29,58,10,4800.0,48000.0
2021051005002955,MLBSL,42,41,10,4801.0,48010.0
2021051005002968,MLBSL,51,42,10,4839.0,48390.0
2021051005002967,MLBSL,56,28,10,4800.0,48000.0
2021051005002966,MLBSL,45,7,10,4840.0,48400.0
2021051005002963,MLBSL,56,29,10,4800.0,48000.0
2021051005002962,MLBSL,56,38,10,4800.0,48000.0
2021051005002961,MLBSL,29,19,10,4800.0,48000.0
2021051005002975,MLBSL,56,32,10,4800.0,48000.0
2021051005002973,MLBSL,56,57,90,4800.0,432000.0
2021051005002972,MLBSL,22,57,10,4801.0,48010.0
2021051005002971,MLBSL,56,32,10,4800.0,48000.0
2021051005002970,MLBSL,56,49,10,4800.0,48000.0
2021051005002969,MLBSL,51,11,10,4844.0,48440.0
2021051005002981,MLBSL,34,38,10,4750.0,47500.0
2021051005002980,MLBSL,49,46,10,4800.0,48000.0
2021051005002979,MLBSL,41,34,10,4800.0,48000.0
2021051005002978,MLBSL,22,34,10,4800.0,48000.0
2021051005002977,MLBSL,45,34,10,4844.0,48440.0
2021051005002976,MLBSL,32,58,10,4844.0,48440.0
2021051005002987,MLBSL,34,58,10,4750.0,47500.0
2021051005002986,MLBSL,34,49,10,4750.0,47500.0
2021051005002985,MLBSL,34,13,10,4750.0,47500.0
2021051005002984,MLBSL,34,6,10,4750.0,47500.0
2021051005002983,MLBSL,34,57,10,4750.0,47500.0
2021051005002982,MLBSL,34,32,10,4750.0,47500.0
2021051005002993,MLBSL,56,34,40,4750.0,190000.0
2021051005002992,MLBSL,58,34,10,4750.0,47500.0
2021051005002991,MLBSL,58,55,90,4750.0,427500.0
2021051005002990,MLBSL,34,55,10,4750.0,47500.0
2021051005002989,MLBSL,34,45,10,4750.0,47500.0
2021051005002988,MLBSL,34,38,10,4750.0,47500.0
2021051005003000,MLBSL,19,45,10,4740.0,47400.0
2021051005002999,MLBSL,56,34,15,4750.0,71250.0
2021051005002998,MLBSL,56,6,10,4750.0,47500.0
2021051005002997,MLBSL,56,53,25,4750.0,118750.0
2021051005002996,MLBSL,56,49,10,4750.0,47500.0
2021051005002994,MLBSL,56,39,10,4750.0,47500.0
2021051005003009,MLBSL,51,38,10,4705.0,47050.0
2021051005003008,MLBSL,51,53,10,4705.0,47050.0
2021051005003007,MLBSL,47,58,10,4725.0,47250.0
2021051005003006,MLBSL,47,16,10,4725.0,47250.0
2021051005003002,MLBSL,50,46,10,4740.0,47400.0
2021051005003001,MLBSL,19,45,10,4740.0,47400.0
2021051005003015,MLBSL,51,57,10,4705.0,47050.0
2021051005003014,MLBSL,51,49,10,4705.0,47050.0
2021051005003013,MLBSL,51,32,10,4705.0,47050.0
2021051005003012,MLBSL,51,38,10,4705.0,47050.0
2021051005003011,MLBSL,51,35,10,4705.0,47050.0
2021051005003010,MLBSL,51,16,10,4705.0,47050.0
2021051005003022,MLBSL,51,57,40,4705.0,188200.0
2021051005003021,MLBSL,51,16,10,4705.0,47050.0
2021051005003020,MLBSL,51,13,10,4705.0,47050.0
2021051005003019,MLBSL,51,50,10,4705.0,47050.0
2021051005003017,MLBSL,51,58,10,4705.0,47050.0
2021051005003016,MLBSL,51,49,10,4705.0,47050.0
2021051005003029,MLBSL,19,10,10,4650.0,46500.0
2021051005003028,MLBSL,45,49,10,4705.0,47050.0
2021051005003027,MLBSL,45,48,10,4700.0,47000.0
2021051005003025,MLBSL,51,56,10,4705.0,47050.0
2021051005003024,MLBSL,51,4,10,4705.0,47050.0
2021051005003023,MLBSL,51,58,10,4705.0,47050.0
2021051005003039,MLBSL,45,25,10,4611.0,46110.0
2021051005003037,MLBSL,5,58,10,4700.0,47000.0
2021051005003036,MLBSL,5,47,10,4700.0,47000.0
2021051005003035,MLBSL,5,21,10,4700.0,47000.0
2021051005003034,MLBSL,5,39,10,4699.0,46990.0
2021051005003033,MLBSL,5,58,10,4650.0,46500.0
2021051005003059,MLBSL,22,38,10,4580.0,45800.0
2021051005003054,MLBSL,29,39,10,4590.0,45900.0
2021051005003052,MLBSL,48,4,10,4632.0,46320.0
2021051005003047,MLBSL,48,32,10,4632.0,46320.0
2021051005003043,MLBSL,48,45,10,4632.0,46320.0
2021051005003042,MLBSL,5,25,10,4611.0,46110.0
2021051005003069,MLBSL,13,14,10,4566.0,45660.0
2021051005003068,MLBSL,13,49,10,4566.0,45660.0
2021051005003066,MLBSL,1,38,10,4565.0,45650.0
2021051005003064,MLBSL,49,17,10,4575.0,45750.0
2021051005003061,MLBSL,42,59,10,4632.0,46320.0
2021051005003060,MLBSL,22,39,10,4580.0,45800.0
2021051005003076,MLBSL,1,13,10,4565.0,45650.0
2021051005003074,MLBSL,1,34,10,4565.0,45650.0
2021051005003073,MLBSL,1,49,10,4565.0,45650.0
2021051005003072,MLBSL,1,36,10,4565.0,45650.0
2021051005003071,MLBSL,49,4,10,4575.0,45750.0
2021051005003070,MLBSL,1,47,10,4565.0,45650.0
2021051005003095,MLBSL,25,37,10,4563.0,45630.0
2021051005003086,MLBSL,7,26,10,4562.0,45620.0
2021051005003083,MLBSL,1,38,10,4565.0,45650.0
2021051005003082,MLBSL,1,43,10,4565.0,45650.0
2021051005003081,MLBSL,1,17,10,4565.0,45650.0
2021051005003077,MLBSL,1,21,10,4565.0,45650.0
2021051005003110,MLBSL,14,39,10,4580.0,45800.0
2021051005003109,MLBSL,58,56,10,4565.0,45650.0
2021051005003106,MLBSL,58,14,10,4565.0,45650.0
2021051005003104,MLBSL,14,59,10,4570.0,45700.0
2021051005003100,MLBSL,33,56,10,4562.0,45620.0
2021051005003098,MLBSL,7,37,10,4562.0,45620.0
2021051005003122,MLBSL,52,44,10,4640.0,46400.0
2021051005003120,MLBSL,38,41,10,4631.0,46310.0
2021051005003116,MLBSL,34,50,10,4630.0,46300.0
2021051005003115,MLBSL,14,41,10,4600.0,46000.0
2021051005003114,MLBSL,52,52,10,4600.0,46000.0
2021051005003112,MLBSL,14,58,10,4590.0,45900.0
2021051005003129,MLBSL,51,29,10,4650.0,46500.0
2021051005003128,MLBSL,52,20,10,4640.0,46400.0
2021051005003127,MLBSL,50,1,10,4650.0,46500.0
2021051005003126,MLBSL,50,49,10,4650.0,46500.0
2021051005003125,MLBSL,50,25,10,4650.0,46500.0
2021051005003123,MLBSL,14,14,10,4648.0,46480.0
2021051005003146,MLBSL,39,34,10,4650.0,46500.0
2021051005003145,MLBSL,41,59,50,4650.0,232500.0
2021051005003139,MLBSL,52,45,10,4640.0,46400.0
2021051005003138,MLBSL,52,26,10,4640.0,46400.0
2021051005003136,MLBSL,52,17,10,4640.0,46400.0
2021051005003130,MLBSL,44,45,10,4653.0,46530.0
2021051005003161,NICLBSL,17,21,10,1780.0,17800.0
2021051005003160,NICLBSL,17,52,10,1780.0,17800.0
2021051005003159,NICLBSL,17,34,10,1780.0,17800.0
2021051005003158,NICLBSL,17,29,10,1780.0,17800.0
2021051005003157,NICLBSL,17,14,10,1780.0,17800.0
2021051005003154,NICLBSL,38,14,200,1780.0,356000.0
2021051005002664,NICLBSL,3,37,10,1790.0,17900.0
2021051005002663,NICLBSL,58,49,20,1795.0,35900.0
2021051005002662,NICLBSL,58,32,10,1794.0,17940.0
2021051005002676,NICLBSL,21,49,10,1795.0,17950.0
2021051005002675,NICLBSL,21,56,20,1795.0,35900.0
2021051005002674,NICLBSL,21,1,10,1794.0,17940.0
2021051005002671,NICLBSL,3,49,10,1790.0,17900.0
2021051005002670,NICLBSL,58,49,30,1795.0,53850.0
2021051005002667,NICLBSL,39,49,50,1795.0,89750.0
2021051005002693,NICLBSL,3,49,10,1790.0,17900.0
2021051005002692,NICLBSL,47,25,50,1795.0,89750.0
2021051005002691,NICLBSL,16,54,10,1795.0,17950.0
2021051005002680,NICLBSL,3,49,10,1790.0,17900.0
2021051005002678,NICLBSL,34,29,26,1791.0,46566.0
2021051005002677,NICLBSL,21,29,15,1795.0,26925.0
2021051005002703,NICLBSL,3,35,20,1790.0,35800.0
2021051005002702,NICLBSL,3,49,10,1790.0,17900.0
2021051005002700,NICLBSL,49,36,10,1791.0,17910.0
2021051005002698,NICLBSL,49,58,10,1791.0,17910.0
2021051005002697,NICLBSL,3,4,10,1790.0,17900.0
2021051005002696,NICLBSL,3,36,10,1790.0,17900.0
2021051005002712,NICLBSL,29,16,10,1794.0,17940.0
2021051005002711,NICLBSL,48,28,10,1790.0,17900.0
2021051005002710,NICLBSL,41,28,50,1790.0,89500.0
2021051005002709,NICLBSL,54,28,40,1790.0,71600.0
2021051005002705,NICLBSL,54,35,70,1790.0,125300.0
2021051005002704,NICLBSL,41,35,10,1790.0,17900.0
2021051005002718,NICLBSL,29,55,50,1797.0,89850.0
2021051005002717,NICLBSL,29,41,10,1797.0,17970.0
2021051005002716,NICLBSL,29,22,50,1796.0,89800.0
2021051005002715,NICLBSL,29,50,10,1796.0,17960.0
2021051005002714,NICLBSL,29,22,100,1795.0,179500.0
2021051005002713,NICLBSL,29,45,10,1795.0,17950.0
2021051005002724,NICLBSL,29,49,20,1797.0,35940.0
2021051005002723,NICLBSL,29,56,40,1797.0,71880.0
2021051005002722,NICLBSL,29,21,10,1797.0,17970.0
2021051005002721,NICLBSL,29,21,10,1797.0,17970.0
2021051005002720,NICLBSL,29,21,10,1797.0,17970.0
2021051005002719,NICLBSL,29,26,20,1797.0,35940.0
2021051005002736,NICLBSL,5,40,15,1790.0,26850.0
2021051005002734,NICLBSL,5,35,15,1790.0,26850.0
2021051005002733,NICLBSL,36,35,20,1790.0,35800.0
2021051005002728,NICLBSL,47,36,10,1790.0,17900.0
2021051005002726,NICLBSL,29,57,90,1798.0,161820.0
2021051005002725,NICLBSL,29,42,10,1798.0,17980.0
2021051005002787,NICLBSL,51,49,10,1789.0,17890.0
2021051005002786,NICLBSL,13,47,10,1790.0,17900.0
2021051005002782,NICLBSL,13,21,10,1790.0,17900.0
2021051005002778,NICLBSL,5,36,10,1790.0,17900.0
2021051005002777,NICLBSL,5,29,10,1790.0,17900.0
2021051005002741,NICLBSL,34,29,10,1791.0,17910.0
2021051005002799,NICLBSL,57,8,10,1788.0,17880.0
2021051005002797,NICLBSL,34,14,10,1790.0,17900.0
2021051005002796,NICLBSL,48,17,20,1789.0,35780.0
2021051005002794,NICLBSL,41,17,10,1789.0,17890.0
2021051005002793,NICLBSL,35,17,10,1789.0,17890.0
2021051005002791,NICLBSL,35,44,10,1789.0,17890.0
2021051005002808,NICLBSL,34,38,20,1790.0,35800.0
2021051005002807,NICLBSL,34,26,10,1790.0,17900.0
2021051005002804,NICLBSL,19,36,10,1788.0,17880.0
2021051005002803,NICLBSL,19,14,10,1788.0,17880.0
2021051005002802,NICLBSL,6,14,50,1788.0,89400.0
2021051005002801,NICLBSL,57,14,40,1788.0,71520.0
2021051005002816,NICLBSL,48,22,10,1788.0,17880.0
2021051005002814,NICLBSL,48,29,21,1788.0,37548.0
2021051005002813,NICLBSL,48,5,20,1788.0,35760.0
2021051005002812,NICLBSL,19,5,60,1788.0,107280.0
2021051005002811,NICLBSL,19,25,10,1788.0,17880.0
2021051005002809,NICLBSL,19,8,10,1788.0,17880.0
2021051005002834,NICLBSL,36,51,20,1787.0,35740.0
2021051005002833,NICLBSL,7,51,20,1787.0,35740.0
2021051005002825,NICLBSL,48,7,19,1788.0,33972.0
2021051005002821,NICLBSL,48,53,10,1788.0,17880.0
2021051005002820,NICLBSL,48,8,10,1788.0,17880.0
2021051005002818,NICLBSL,48,21,10,1788.0,17880.0
2021051005002858,NICLBSL,18,33,10,1787.0,17870.0
2021051005002846,NICLBSL,18,7,26,1787.0,46462.0
2021051005002845,NICLBSL,18,45,41,1787.0,73267.0
2021051005002844,NICLBSL,48,7,15,1787.0,26805.0
2021051005002836,NICLBSL,48,51,15,1787.0,26805.0
2021051005002835,NICLBSL,22,51,30,1787.0,53610.0
2021051005002889,NICLBSL,48,44,14,1785.0,24990.0
2021051005002886,NICLBSL,48,43,10,1785.0,17850.0
2021051005002881,NICLBSL,51,52,10,1786.0,17860.0
2021051005002879,NICLBSL,51,56,10,1786.0,17860.0
2021051005002868,NICLBSL,51,41,10,1786.0,17860.0
2021051005002863,NICLBSL,18,28,20,1787.0,35740.0
2021051005002899,NICLBSL,26,47,50,1785.0,89250.0
2021051005002898,NICLBSL,26,46,38,1785.0,67830.0
2021051005002897,NICLBSL,26,14,10,1785.0,17850.0
2021051005002896,NICLBSL,26,42,10,1785.0,17850.0
2021051005002892,NICLBSL,58,53,10,1784.0,17840.0
2021051005002890,NICLBSL,58,55,10,1784.0,17840.0
2021051005002909,NICLBSL,26,17,10,1785.0,17850.0
2021051005002907,NICLBSL,26,29,10,1785.0,17850.0
2021051005002906,NICLBSL,45,38,10,1786.0,17860.0
2021051005002905,NICLBSL,26,45,10,1785.0,17850.0
2021051005002902,NICLBSL,26,38,10,1785.0,17850.0
2021051005002901,NICLBSL,26,45,10,1785.0,17850.0
2021051005002923,NICLBSL,6,34,10,1784.0,17840.0
2021051005002922,NICLBSL,6,55,10,1784.0,17840.0
2021051005002921,NICLBSL,6,49,50,1784.0,89200.0
2021051005002916,NICLBSL,32,3,4,1785.0,7140.0
2021051005002913,NICLBSL,58,45,10,1784.0,17840.0
2021051005002911,NICLBSL,26,34,42,1785.0,74970.0
2021051005002942,NICLBSL,5,58,10,1782.0,17820.0
2021051005002939,NICLBSL,5,53,10,1783.0,17830.0
2021051005002937,NICLBSL,5,50,10,1782.0,17820.0
2021051005002936,NICLBSL,45,53,41,1783.0,73103.0
2021051005002935,NICLBSL,45,57,10,1783.0,17830.0
2021051005002927,NICLBSL,36,38,10,1783.0,17830.0
2021051005002965,NICLBSL,34,51,10,1782.0,17820.0
2021051005002964,NICLBSL,34,1,10,1781.0,17810.0
2021051005002953,NICLBSL,41,53,19,1781.0,33839.0
2021051005002950,NICLBSL,7,51,10,1781.0,17810.0
2021051005002948,NICLBSL,7,48,10,1781.0,17810.0
2021051005002946,NICLBSL,7,42,10,1781.0,17810.0
2021051005003018,NICLBSL,44,58,20,1780.0,35600.0
2021051005003005,NICLBSL,44,48,10,1780.0,17800.0
2021051005003004,NICLBSL,21,57,10,1780.0,17800.0
2021051005003003,NICLBSL,29,57,40,1780.0,71200.0
2021051005002995,NICLBSL,29,49,10,1780.0,17800.0
2021051005002974,NICLBSL,57,18,10,1780.0,17800.0
2021051005003040,NICLBSL,35,21,94,1777.0,167038.0
2021051005003038,NICLBSL,8,6,50,1778.0,88900.0
2021051005003032,NICLBSL,34,37,10,1778.0,17780.0
2021051005003031,NICLBSL,34,58,10,1778.0,17780.0
2021051005003030,NICLBSL,34,51,10,1778.0,17780.0
2021051005003026,NICLBSL,34,41,20,1778.0,35560.0
2021051005003049,NICLBSL,59,37,10,1777.0,17770.0
2021051005003048,NICLBSL,59,34,10,1777.0,17770.0
2021051005003046,NICLBSL,33,51,10,1776.0,17760.0
2021051005003045,NICLBSL,21,34,10,1777.0,17770.0
2021051005003044,NICLBSL,21,58,10,1777.0,17770.0
2021051005003041,NICLBSL,34,25,10,1778.0,17780.0
2021051005003057,NICLBSL,33,29,10,1776.0,17760.0
2021051005003056,NICLBSL,59,34,10,1777.0,17770.0
2021051005003055,NICLBSL,59,17,20,1777.0,35540.0
2021051005003053,NICLBSL,59,37,10,1777.0,17770.0
2021051005003051,NICLBSL,59,51,10,1777.0,17770.0
2021051005003050,NICLBSL,59,19,30,1777.0,53310.0
2021051005003075,NICLBSL,21,21,10,1776.0,17760.0
2021051005003067,NICLBSL,33,26,10,1776.0,17760.0
2021051005003065,NICLBSL,33,17,10,1776.0,17760.0
2021051005003063,NICLBSL,33,29,10,1776.0,17760.0
2021051005003062,NICLBSL,5,54,10,1777.0,17770.0
2021051005003058,NICLBSL,34,17,10,1777.0,17770.0
2021051005003087,NICLBSL,55,58,65,1780.0,115700.0
2021051005003085,NICLBSL,21,48,10,1776.0,17760.0
2021051005003084,NICLBSL,21,26,10,1776.0,17760.0
2021051005003080,NICLBSL,21,38,10,1776.0,17760.0
2021051005003079,NICLBSL,21,45,10,1776.0,17760.0
2021051005003078,NICLBSL,21,42,10,1776.0,17760.0
2021051005003093,NICLBSL,58,42,10,1781.0,17810.0
2021051005003092,NICLBSL,21,17,10,1776.0,17760.0
2021051005003091,NICLBSL,21,48,10,1776.0,17760.0
2021051005003090,NICLBSL,55,42,10,1780.0,17800.0
2021051005003089,NICLBSL,55,14,10,1780.0,17800.0
2021051005003088,NICLBSL,55,50,10,1780.0,17800.0
2021051005003102,NICLBSL,55,54,10,1777.0,17770.0
2021051005003101,NICLBSL,55,36,10,1777.0,17770.0
2021051005003099,NICLBSL,55,17,10,1777.0,17770.0
2021051005003097,NICLBSL,8,51,14,1782.0,24948.0
2021051005003096,NICLBSL,21,17,10,1776.0,17760.0
2021051005003094,NICLBSL,58,51,20,1782.0,35640.0
2021051005003113,NICLBSL,57,54,10,1777.0,17770.0
2021051005003111,NICLBSL,55,35,10,1777.0,17770.0
2021051005003108,NICLBSL,19,51,10,1782.0,17820.0
2021051005003107,NICLBSL,55,54,10,1777.0,17770.0
2021051005003105,NICLBSL,55,17,10,1777.0,17770.0
2021051005003103,NICLBSL,55,29,41,1777.0,72857.0
2021051005003132,NICLBSL,47,51,16,1782.0,28512.0
2021051005003124,NICLBSL,22,51,50,1782.0,89100.0
2021051005003121,NICLBSL,38,26,10,1777.0,17770.0
2021051005003119,NICLBSL,38,11,10,1777.0,17770.0
2021051005003118,NICLBSL,38,48,10,1777.0,17770.0
2021051005003117,NICLBSL,38,13,10,1777.0,17770.0
2021051005003141,NICLBSL,14,34,10,1782.0,17820.0
2021051005003140,NICLBSL,14,21,10,1780.0,17800.0
2021051005003137,NICLBSL,58,57,10,1779.0,17790.0
2021051005003135,NICLBSL,38,51,10,1783.0,17830.0
2021051005003134,NICLBSL,47,8,10,1782.0,17820.0
2021051005003133,NICLBSL,47,34,10,1782.0,17820.0
2021051005003153,NICLBSL,38,41,10,1780.0,17800.0
2021051005003151,NICLBSL,43,32,10,1782.0,17820.0
2021051005003147,NICLBSL,38,38,10,1780.0,17800.0
2021051005003144,NICLBSL,14,43,20,1783.0,35660.0
2021051005003143,NICLBSL,14,49,10,1783.0,17830.0
2021051005003142,NICLBSL,14,47,200,1782.0,356400.0
2021051005003131,RURU,40,22,10,602.0,6020.0
2021051005002840,RURU,40,28,10,602.0,6020.0
2021051005002795,RURU,40,26,10,602.0,6020.0
2021051005002776,RURU,40,55,10,602.0,6020.0
2021051005002657,MLBSL,54,22,10,4510.0,45100.0
2021051005002656,MLBSL,14,26,10,4510.0,45100.0
2021051005002655,MLBSL,22,41,10,4510.0,45100.0
2021051005002652,MLBSL,17,16,10,4510.0,45100.0
2021051005002651,MLBSL,17,35,10,4510.0,45100.0
2021051005002648,MLBSL,37,22,10,4506.0,45060.0
2021051005002165,MLBSL,38,36,10,4416.0,44160.0
2021051005002164,MLBSL,16,14,10,4420.0,44200.0
2021051005002163,MLBSL,3,13,10,4416.0,44160.0
2021051005002162,MLBSL,3,49,10,4416.0,44160.0
2021051005002173,MLBSL,7,58,10,4410.0,44100.0
2021051005002171,MLBSL,7,22,10,4408.0,44080.0
2021051005002170,MLBSL,7,33,10,4408.0,44080.0
2021051005002169,MLBSL,7,58,10,4408.0,44080.0
2021051005002167,MLBSL,13,45,10,4415.0,44150.0
2021051005002166,MLBSL,59,11,10,4415.0,44150.0
2021051005002179,MLBSL,21,32,10,4408.0,44080.0
2021051005002178,MLBSL,7,52,10,4420.0,44200.0
2021051005002177,MLBSL,7,35,10,4420.0,44200.0
2021051005002176,MLBSL,7,49,10,4420.0,44200.0
2021051005002175,MLBSL,7,49,10,4416.0,44160.0
2021051005002174,MLBSL,7,34,10,4413.0,44130.0
2021051005002186,MLBSL,19,26,10,4410.0,44100.0
2021051005002184,MLBSL,3,13,10,4409.0,44090.0
2021051005002183,MLBSL,7,51,10,4425.0,44250.0
2021051005002182,MLBSL,7,54,10,4420.0,44200.0
2021051005002181,MLBSL,7,16,10,4410.0,44100.0
2021051005002180,MLBSL,3,36,10,4409.0,44090.0
2021051005002193,MLBSL,20,8,10,4411.0,44110.0
2021051005002191,MLBSL,7,58,10,4415.0,44150.0
2021051005002190,MLBSL,19,29,10,4410.0,44100.0
2021051005002189,MLBSL,19,58,10,4410.0,44100.0
2021051005002188,MLBSL,19,58,10,4410.0,44100.0
2021051005002187,MLBSL,19,22,10,4410.0,44100.0
2021051005002205,MLBSL,49,49,10,4412.0,44120.0
2021051005002204,MLBSL,49,49,10,4412.0,44120.0
2021051005002200,MLBSL,3,55,10,4411.0,44110.0
2021051005002198,MLBSL,3,38,10,4411.0,44110.0
2021051005002196,MLBSL,3,32,10,4411.0,44110.0
2021051005002194,MLBSL,20,45,10,4411.0,44110.0
2021051005002214,MLBSL,35,20,10,4420.0,44200.0
2021051005002212,MLBSL,35,35,10,4420.0,44200.0
2021051005002211,MLBSL,17,17,10,4415.0,44150.0
2021051005002209,MLBSL,49,56,10,4412.0,44120.0
2021051005002208,MLBSL,58,55,10,4420.0,44200.0
2021051005002206,MLBSL,49,10,10,4412.0,44120.0
2021051005002229,MLBSL,49,52,10,4430.0,44300.0
2021051005002228,MLBSL,49,48,10,4429.0,44290.0
2021051005002227,MLBSL,49,42,10,4426.0,44260.0
2021051005002226,MLBSL,58,57,10,4425.0,44250.0
2021051005002225,MLBSL,58,6,10,4425.0,44250.0
2021051005002224,MLBSL,58,3,10,4425.0,44250.0
2021051005002235,MLBSL,49,26,10,4430.0,44300.0
2021051005002234,MLBSL,49,29,10,4430.0,44300.0
2021051005002233,MLBSL,49,41,10,4430.0,44300.0
2021051005002232,MLBSL,49,52,10,4430.0,44300.0
2021051005002231,MLBSL,49,41,10,4430.0,44300.0
2021051005002230,MLBSL,49,40,10,4430.0,44300.0
2021051005002242,MLBSL,44,16,10,4430.0,44300.0
2021051005002241,MLBSL,44,39,10,4430.0,44300.0
2021051005002240,MLBSL,33,45,10,4431.0,44310.0
2021051005002239,MLBSL,44,39,10,4430.0,44300.0
2021051005002237,MLBSL,49,11,10,4430.0,44300.0
2021051005002236,MLBSL,45,49,10,4431.0,44310.0
2021051005002255,MLBSL,35,7,10,4440.0,44400.0
2021051005002254,MLBSL,35,6,10,4440.0,44400.0
2021051005002253,MLBSL,35,35,10,4440.0,44400.0
2021051005002252,MLBSL,35,34,50,4440.0,222000.0
2021051005002251,MLBSL,35,58,10,4435.0,44350.0
2021051005002243,MLBSL,45,48,10,4430.0,44300.0
2021051005002262,MLBSL,35,39,10,4435.0,44350.0
2021051005002261,MLBSL,49,34,40,4450.0,178000.0
2021051005002260,MLBSL,49,21,10,4450.0,44500.0
2021051005002259,MLBSL,49,34,10,4442.0,44420.0
2021051005002257,MLBSL,45,39,10,4430.0,44300.0
2021051005002256,MLBSL,35,47,10,4442.0,44420.0
2021051005002268,MLBSL,35,7,10,4450.0,44500.0
2021051005002267,MLBSL,35,46,10,4450.0,44500.0
2021051005002266,MLBSL,35,35,10,4450.0,44500.0
2021051005002265,MLBSL,35,39,10,4450.0,44500.0
2021051005002264,MLBSL,35,35,10,4450.0,44500.0
2021051005002263,MLBSL,35,34,10,4450.0,44500.0
2021051005002274,MLBSL,35,29,10,4450.0,44500.0
2021051005002273,MLBSL,35,55,10,4450.0,44500.0
2021051005002272,MLBSL,35,6,10,4450.0,44500.0
2021051005002271,MLBSL,35,55,10,4450.0,44500.0
2021051005002270,MLBSL,35,57,10,4450.0,44500.0
2021051005002269,MLBSL,35,25,10,4450.0,44500.0
2021051005002280,MLBSL,35,56,10,4450.0,44500.0
2021051005002279,MLBSL,35,45,10,4450.0,44500.0
2021051005002278,MLBSL,35,51,10,4450.0,44500.0
2021051005002277,MLBSL,35,55,10,4450.0,44500.0
2021051005002276,MLBSL,35,22,10,4450.0,44500.0
2021051005002275,MLBSL,35,29,10,4450.0,44500.0
2021051005002286,MLBSL,49,53,10,4450.0,44500.0
2021051005002285,MLBSL,35,58,10,4435.0,44350.0
2021051005002284,MLBSL,35,17,10,4435.0,44350.0
2021051005002283,MLBSL,35,6,10,4435.0,44350.0
2021051005002282,MLBSL,35,7,10,4450.0,44500.0
2021051005002281,MLBSL,35,47,10,4450.0,44500.0
2021051005002292,MLBSL,49,48,10,4450.0,44500.0
2021051005002291,MLBSL,49,20,10,4450.0,44500.0
2021051005002290,MLBSL,49,36,10,4450.0,44500.0
2021051005002289,MLBSL,49,25,10,4450.0,44500.0
2021051005002288,MLBSL,49,46,10,4450.0,44500.0
2021051005002287,MLBSL,49,17,10,4450.0,44500.0
2021051005002298,MLBSL,50,34,10,4452.0,44520.0
2021051005002297,MLBSL,50,16,10,4452.0,44520.0
2021051005002296,MLBSL,49,55,10,4450.0,44500.0
2021051005002295,MLBSL,49,21,10,4450.0,44500.0
2021051005002294,MLBSL,50,49,10,4451.0,44510.0
2021051005002293,MLBSL,49,58,10,4450.0,44500.0
2021051005002307,MLBSL,35,19,10,4453.0,44530.0
2021051005002306,MLBSL,29,58,10,4454.0,44540.0
2021051005002303,MLBSL,35,52,10,4453.0,44530.0
2021051005002302,MLBSL,35,55,10,4451.0,44510.0
2021051005002301,MLBSL,19,55,10,4451.0,44510.0
2021051005002299,MLBSL,50,49,10,4452.0,44520.0
2021051005002316,MLBSL,13,4,10,4455.0,44550.0
2021051005002315,MLBSL,13,45,10,4455.0,44550.0
2021051005002314,MLBSL,13,22,10,4455.0,44550.0
2021051005002313,MLBSL,13,38,10,4455.0,44550.0
2021051005002312,MLBSL,17,22,10,4453.0,44530.0
2021051005002310,MLBSL,35,17,10,4453.0,44530.0
2021051005002324,MLBSL,47,51,10,4460.0,44600.0
2021051005002323,MLBSL,47,21,10,4460.0,44600.0
2021051005002322,MLBSL,47,58,10,4457.0,44570.0
2021051005002321,MLBSL,47,35,10,4457.0,44570.0
2021051005002320,MLBSL,43,58,10,4455.0,44550.0
2021051005002317,MLBSL,43,32,10,4455.0,44550.0
2021051005002346,MLBSL,58,58,10,4453.0,44530.0
2021051005002344,MLBSL,58,49,10,4453.0,44530.0
2021051005002340,MLBSL,58,26,10,4455.0,44550.0
2021051005002335,MLBSL,29,26,10,4455.0,44550.0
2021051005002326,MLBSL,47,14,10,4460.0,44600.0
2021051005002325,MLBSL,47,36,10,4460.0,44600.0
2021051005002371,MLBSL,52,38,10,4452.0,44520.0
2021051005002368,MLBSL,6,38,10,4460.0,44600.0
2021051005002367,MLBSL,6,36,10,4460.0,44600.0
2021051005002366,MLBSL,50,38,10,4455.0,44550.0
2021051005002365,MLBSL,50,45,10,4453.0,44530.0
2021051005002351,MLBSL,58,3,10,4453.0,44530.0
2021051005002385,MLBSL,10,21,10,4456.0,44560.0
2021051005002378,MLBSL,10,41,10,4456.0,44560.0
2021051005002377,MLBSL,1,41,10,4460.0,44600.0
2021051005002376,MLBSL,1,57,10,4460.0,44600.0
2021051005002375,MLBSL,1,34,10,4460.0,44600.0
2021051005002374,MLBSL,7,32,10,4455.0,44550.0
2021051005002392,MLBSL,46,28,10,4460.0,44600.0
2021051005002391,MLBSL,41,41,10,4460.0,44600.0
2021051005002390,MLBSL,41,44,10,4460.0,44600.0
2021051005002389,MLBSL,41,41,10,4460.0,44600.0
2021051005002388,MLBSL,41,38,10,4460.0,44600.0
2021051005002387,MLBSL,41,41,10,4460.0,44600.0
2021051005002409,MLBSL,46,35,10,4475.0,44750.0
2021051005002408,MLBSL,46,58,10,4475.0,44750.0
2021051005002407,MLBSL,46,58,10,4475.0,44750.0
2021051005002406,MLBSL,1,49,10,4477.0,44770.0
2021051005002394,MLBSL,46,42,10,4475.0,44750.0
2021051005002393,MLBSL,46,21,10,4470.0,44700.0
2021051005002420,MLBSL,29,25,10,4466.0,44660.0
2021051005002419,MLBSL,58,48,10,4475.0,44750.0
2021051005002415,MLBSL,34,35,10,4465.0,44650.0
2021051005002413,MLBSL,46,35,10,4461.0,44610.0
2021051005002411,MLBSL,3,45,10,4460.0,44600.0
2021051005002410,MLBSL,46,16,40,4475.0,179000.0
2021051005002457,MLBSL,34,58,10,4470.0,44700.0
2021051005002452,MLBSL,34,8,10,4470.0,44700.0
2021051005002450,MLBSL,46,57,10,4470.0,44700.0
2021051005002439,MLBSL,22,21,10,4470.0,44700.0
2021051005002437,MLBSL,6,10,10,4466.0,44660.0
2021051005002423,MLBSL,6,58,10,4466.0,44660.0
2021051005002470,MLBSL,34,49,10,4470.0,44700.0
2021051005002467,MLBSL,34,10,10,4470.0,44700.0
2021051005002464,MLBSL,34,43,10,4470.0,44700.0
2021051005002461,MLBSL,47,59,10,4475.0,44750.0
2021051005002460,MLBSL,55,43,10,4471.0,44710.0
2021051005002458,MLBSL,34,38,10,4470.0,44700.0
2021051005002494,MLBSL,34,57,50,4477.0,223850.0
2021051005002491,MLBSL,41,39,10,4472.0,44720.0
2021051005002490,MLBSL,41,54,10,4472.0,44720.0
2021051005002484,MLBSL,19,49,10,4471.0,44710.0
2021051005002479,MLBSL,34,58,10,4470.0,44700.0
2021051005002477,MLBSL,34,34,10,4470.0,44700.0
2021051005002511,MLBSL,42,34,10,4478.0,44780.0
2021051005002510,MLBSL,42,58,10,4476.0,44760.0
2021051005002509,MLBSL,34,58,10,4470.0,44700.0
2021051005002506,MLBSL,58,41,10,4477.0,44770.0
2021051005002499,MLBSL,45,17,40,4477.0,179080.0
2021051005002495,MLBSL,45,45,10,4477.0,44770.0
2021051005002519,MLBSL,32,45,10,4485.0,44850.0
2021051005002517,MLBSL,50,57,100,4470.0,447000.0
2021051005002516,MLBSL,34,14,10,4470.0,44700.0
2021051005002514,MLBSL,42,38,10,4480.0,44800.0
2021051005002513,MLBSL,42,57,10,4480.0,44800.0
2021051005002512,MLBSL,42,49,10,4480.0,44800.0
2021051005002526,MLBSL,32,43,10,4490.0,44900.0
2021051005002524,MLBSL,32,38,10,4490.0,44900.0
2021051005002523,MLBSL,32,11,10,4490.0,44900.0
2021051005002522,MLBSL,32,50,10,4490.0,44900.0
2021051005002521,MLBSL,32,58,10,4488.0,44880.0
2021051005002520,MLBSL,32,29,10,4485.0,44850.0
2021051005002537,MLBSL,10,40,10,4492.0,44920.0
2021051005002536,MLBSL,52,58,10,4490.0,44900.0
2021051005002534,MLBSL,45,49,10,4491.0,44910.0
2021051005002532,MLBSL,32,49,10,4490.0,44900.0
2021051005002531,MLBSL,32,58,10,4490.0,44900.0
2021051005002530,MLBSL,32,43,10,4490.0,44900.0
2021051005002543,MLBSL,10,48,10,4500.0,45000.0
2021051005002542,MLBSL,10,14,10,4500.0,45000.0
2021051005002541,MLBSL,10,17,10,4496.0,44960.0
2021051005002540,MLBSL,10,59,10,4496.0,44960.0
2021051005002539,MLBSL,10,58,10,4495.0,44950.0
2021051005002538,MLBSL,10,29,10,4494.0,44940.0
2021051005002549,MLBSL,10,35,10,4500.0,45000.0
2021051005002548,MLBSL,10,57,10,4500.0,45000.0
2021051005002547,MLBSL,10,41,10,4500.0,45000.0
2021051005002546,MLBSL,10,36,10,4500.0,45000.0
2021051005002545,MLBSL,10,45,10,4500.0,45000.0
2021051005002544,MLBSL,10,11,10,4500.0,45000.0
2021051005002555,MLBSL,10,21,10,4500.0,45000.0
2021051005002554,MLBSL,10,5,10,4500.0,45000.0
2021051005002553,MLBSL,10,49,10,4500.0,45000.0
2021051005002552,MLBSL,10,57,10,4500.0,45000.0
2021051005002551,MLBSL,10,6,10,4500.0,45000.0
2021051005002550,MLBSL,10,51,10,4500.0,45000.0
2021051005002561,MLBSL,10,25,10,4500.0,45000.0
2021051005002560,MLBSL,10,47,10,4500.0,45000.0
2021051005002559,MLBSL,10,29,10,4500.0,45000.0
2021051005002558,MLBSL,10,45,10,4500.0,45000.0
2021051005002557,MLBSL,10,40,10,4500.0,45000.0
2021051005002556,MLBSL,10,58,10,4500.0,45000.0
2021051005002567,MLBSL,10,21,10,4500.0,45000.0
2021051005002566,MLBSL,10,21,10,4500.0,45000.0
2021051005002565,MLBSL,10,22,10,4500.0,45000.0
2021051005002564,MLBSL,10,57,10,4500.0,45000.0
2021051005002563,MLBSL,10,29,10,4500.0,45000.0
2021051005002562,MLBSL,10,32,10,4500.0,45000.0
2021051005002573,MLBSL,10,33,10,4500.0,45000.0
2021051005002572,MLBSL,10,48,10,4500.0,45000.0
2021051005002571,MLBSL,10,41,10,4500.0,45000.0
2021051005002570,MLBSL,10,45,10,4500.0,45000.0
2021051005002569,MLBSL,10,28,10,4500.0,45000.0
2021051005002568,MLBSL,10,49,10,4500.0,45000.0
2021051005002579,MLBSL,10,3,10,4512.0,45120.0
2021051005002578,MLBSL,10,41,10,4510.0,45100.0
2021051005002577,MLBSL,10,38,10,4510.0,45100.0
2021051005002576,MLBSL,10,44,10,4505.0,45050.0
2021051005002575,MLBSL,10,16,10,4500.0,45000.0
2021051005002574,MLBSL,10,21,10,4500.0,45000.0
2021051005002585,MLBSL,10,7,10,4518.0,45180.0
2021051005002584,MLBSL,10,47,10,4518.0,45180.0
2021051005002583,MLBSL,10,42,10,4518.0,45180.0
2021051005002582,MLBSL,10,51,10,4518.0,45180.0
2021051005002581,MLBSL,10,22,10,4515.0,45150.0
2021051005002580,MLBSL,10,47,10,4515.0,45150.0
2021051005002597,MLBSL,14,11,10,4519.0,45190.0
2021051005002596,MLBSL,45,44,10,4500.0,45000.0
2021051005002594,MLBSL,45,43,10,4500.0,45000.0
2021051005002588,MLBSL,45,57,10,4500.0,45000.0
2021051005002587,MLBSL,45,58,10,4491.0,44910.0
2021051005002586,MLBSL,10,39,10,4518.0,45180.0
2021051005002611,MLBSL,58,34,10,4525.0,45250.0
2021051005002602,MLBSL,45,44,10,4500.0,45000.0
2021051005002601,MLBSL,14,42,10,4520.0,45200.0
2021051005002600,MLBSL,14,16,10,4520.0,45200.0
2021051005002599,MLBSL,14,7,10,4520.0,45200.0
2021051005002598,MLBSL,14,39,10,4520.0,45200.0
2021051005002621,MLBSL,45,21,10,4505.0,45050.0
2021051005002618,MLBSL,45,44,10,4530.0,45300.0
2021051005002617,MLBSL,45,21,10,4530.0,45300.0
2021051005002616,MLBSL,45,16,10,4530.0,45300.0
2021051005002615,MLBSL,45,42,10,4530.0,45300.0
2021051005002614,MLBSL,45,45,10,4530.0,45300.0
2021051005002645,MLBSL,58,34,10,4510.0,45100.0
2021051005002642,MLBSL,35,35,10,4506.0,45060.0
2021051005002639,MLBSL,35,58,10,4506.0,45060.0
2021051005002628,MLBSL,28,8,10,4505.0,45050.0
2021051005002625,MLBSL,33,7,10,4502.0,45020.0
2021051005002622,MLBSL,22,45,10,4518.0,45180.0
2021051005002661,NICLBSL,58,34,10,1792.0,17920.0
2021051005002660,NICLBSL,3,37,10,1790.0,17900.0
2021051005002659,NICLBSL,45,13,10,1790.0,17900.0
2021051005002658,NICLBSL,45,58,10,1790.0,17900.0
2021051005002654,NICLBSL,19,39,10,1791.0,17910.0
2021051005002653,NICLBSL,19,38,10,1791.0,17910.0
2021051005002195,NICLBSL,42,49,10,1775.0,17750.0
2021051005002192,NICLBSL,58,17,10,1775.0,17750.0
2021051005002185,NICLBSL,58,44,10,1775.0,17750.0
2021051005002172,NICLBSL,28,40,10,1775.0,17750.0
2021051005002168,NICLBSL,5,25,10,1773.0,17730.0
2021051005002210,NICLBSL,42,22,10,1775.0,17750.0
2021051005002207,NICLBSL,42,19,10,1775.0,17750.0
2021051005002203,NICLBSL,42,59,10,1775.0,17750.0
2021051005002202,NICLBSL,50,59,10,1776.0,17760.0
2021051005002201,NICLBSL,50,22,10,1776.0,17760.0
2021051005002197,NICLBSL,42,45,10,1775.0,17750.0
2021051005002219,NICLBSL,41,58,10,1780.0,17800.0
2021051005002218,NICLBSL,41,45,10,1780.0,17800.0
2021051005002217,NICLBSL,41,21,10,1777.0,17770.0
2021051005002216,NICLBSL,41,56,10,1777.0,17770.0
2021051005002215,NICLBSL,41,13,10,1776.0,17760.0
2021051005002213,NICLBSL,42,48,15,1775.0,26625.0
2021051005002245,NICLBSL,47,42,10,1780.0,17800.0
2021051005002244,NICLBSL,47,22,20,1777.0,35540.0
2021051005002223,NICLBSL,42,41,10,1775.0,17750.0
2021051005002222,NICLBSL,42,28,10,1775.0,17750.0
2021051005002221,NICLBSL,41,46,10,1780.0,17800.0
2021051005002220,NICLBSL,41,29,10,1780.0,17800.0
2021051005002258,NICLBSL,5,19,20,1776.0,35520.0
2021051005002250,NICLBSL,42,38,10,1775.0,17750.0
2021051005002249,NICLBSL,47,34,10,1780.0,17800.0
2021051005002248,NICLBSL,47,58,20,1780.0,35600.0
2021051005002247,NICLBSL,47,46,10,1780.0,17800.0
2021051005002246,NICLBSL,47,39,10,1780.0,17800.0
2021051005002318,NICLBSL,58,14,10,1778.0,17780.0
2021051005002311,NICLBSL,7,22,10,1777.0,17770.0
2021051005002309,NICLBSL,16,16,50,1778.0,88900.0
2021051005002308,NICLBSL,7,28,10,1777.0,17770.0
2021051005002304,NICLBSL,7,38,10,1777.0,17770.0
2021051005002300,NICLBSL,7,32,10,1777.0,17770.0
2021051005002332,NICLBSL,16,48,10,1781.0,17810.0
2021051005002331,NICLBSL,16,54,10,1780.0,17800.0
2021051005002330,NICLBSL,16,58,10,1780.0,17800.0
2021051005002329,NICLBSL,16,1,10,1780.0,17800.0
2021051005002328,NICLBSL,16,46,10,1780.0,17800.0
2021051005002327,NICLBSL,16,48,10,1780.0,17800.0
2021051005002339,NICLBSL,14,45,10,1783.0,17830.0
2021051005002338,NICLBSL,14,6,10,1783.0,17830.0
2021051005002337,NICLBSL,14,29,10,1783.0,17830.0
2021051005002336,NICLBSL,14,44,70,1783.0,124810.0
2021051005002334,NICLBSL,16,44,30,1783.0,53490.0
2021051005002333,NICLBSL,16,8,10,1782.0,17820.0
2021051005002348,NICLBSL,53,34,10,1785.0,17850.0
2021051005002347,NICLBSL,53,5,10,1785.0,17850.0
2021051005002345,NICLBSL,53,20,10,1784.0,17840.0
2021051005002343,NICLBSL,28,43,10,1784.0,17840.0
2021051005002342,NICLBSL,52,43,10,1784.0,17840.0
2021051005002341,NICLBSL,52,34,10,1784.0,17840.0
2021051005002355,NICLBSL,53,6,10,1784.0,17840.0
2021051005002354,NICLBSL,53,43,10,1784.0,17840.0
2021051005002353,NICLBSL,53,58,20,1784.0,35680.0
2021051005002352,NICLBSL,16,34,10,1783.0,17830.0
2021051005002350,NICLBSL,16,19,10,1783.0,17830.0
2021051005002349,NICLBSL,53,49,10,1785.0,17850.0
2021051005002361,NICLBSL,53,14,10,1785.0,17850.0
2021051005002360,NICLBSL,53,32,10,1785.0,17850.0
2021051005002359,NICLBSL,53,58,10,1785.0,17850.0
2021051005002358,NICLBSL,53,14,10,1785.0,17850.0
2021051005002357,NICLBSL,53,1,10,1785.0,17850.0
2021051005002356,NICLBSL,53,49,10,1785.0,17850.0
2021051005002372,NICLBSL,19,6,10,1785.0,17850.0
2021051005002370,NICLBSL,19,34,10,1785.0,17850.0
2021051005002369,NICLBSL,19,6,10,1784.0,17840.0
2021051005002364,NICLBSL,57,6,10,1784.0,17840.0
2021051005002363,NICLBSL,53,34,90,1785.0,160650.0
2021051005002362,NICLBSL,53,48,10,1785.0,17850.0
2021051005002395,NICLBSL,19,10,51,1789.0,91239.0
2021051005002386,NICLBSL,44,6,10,1786.0,17860.0
2021051005002384,NICLBSL,44,14,10,1786.0,17860.0
2021051005002383,NICLBSL,44,22,10,1786.0,17860.0
2021051005002380,NICLBSL,19,6,10,1785.0,17850.0
2021051005002373,NICLBSL,19,6,10,1785.0,17850.0
2021051005002401,NICLBSL,19,34,35,1790.0,62650.0
2021051005002400,NICLBSL,19,34,35,1790.0,62650.0
2021051005002399,NICLBSL,19,56,20,1790.0,35800.0
2021051005002398,NICLBSL,19,36,10,1790.0,17900.0
2021051005002397,NICLBSL,19,34,35,1790.0,62650.0
2021051005002396,NICLBSL,19,22,10,1790.0,17900.0
2021051005002414,NICLBSL,58,13,10,1787.0,17870.0
2021051005002412,NICLBSL,44,26,10,1786.0,17860.0
2021051005002405,NICLBSL,19,57,10,1790.0,17900.0
2021051005002404,NICLBSL,19,57,169,1790.0,302510.0
2021051005002403,NICLBSL,19,49,10,1790.0,17900.0
2021051005002402,NICLBSL,19,34,10,1790.0,17900.0
2021051005002424,NICLBSL,7,26,10,1787.0,17870.0
2021051005002422,NICLBSL,38,38,10,1789.0,17890.0
2021051005002421,NICLBSL,58,19,10,1787.0,17870.0
2021051005002418,NICLBSL,45,32,32,1790.0,57280.0
2021051005002417,NICLBSL,45,59,10,1790.0,17900.0
2021051005002416,NICLBSL,45,4,10,1789.0,17890.0
2021051005002430,NICLBSL,7,34,10,1792.0,17920.0
2021051005002429,NICLBSL,7,45,100,1792.0,179200.0
2021051005002428,NICLBSL,7,18,10,1792.0,17920.0
2021051005002427,NICLBSL,7,4,10,1790.0,17900.0
2021051005002426,NICLBSL,7,11,10,1790.0,17900.0
2021051005002425,NICLBSL,7,28,10,1787.0,17870.0
2021051005002436,NICLBSL,57,19,10,1790.0,17900.0
2021051005002435,NICLBSL,57,35,50,1794.0,89700.0
2021051005002434,NICLBSL,25,51,10,1790.0,17900.0
2021051005002433,NICLBSL,7,35,170,1794.0,304980.0
2021051005002432,NICLBSL,7,39,50,1793.0,89650.0
2021051005002431,NICLBSL,7,46,10,1793.0,17930.0
2021051005002445,NICLBSL,34,38,10,1790.0,17900.0
2021051005002444,NICLBSL,34,38,10,1790.0,17900.0
2021051005002442,NICLBSL,7,34,20,1787.0,35740.0
2021051005002441,NICLBSL,21,34,30,1788.0,53640.0
2021051005002440,NICLBSL,7,10,10,1787.0,17870.0
2021051005002438,NICLBSL,57,36,10,1790.0,17900.0
2021051005002453,NICLBSL,44,38,20,1790.0,35800.0
2021051005002451,NICLBSL,44,10,10,1790.0,17900.0
2021051005002449,NICLBSL,50,38,10,1789.0,17890.0
2021051005002448,NICLBSL,46,14,20,1790.0,35800.0
2021051005002447,NICLBSL,50,55,10,1789.0,17890.0
2021051005002446,NICLBSL,50,16,10,1789.0,17890.0
2021051005002463,NICLBSL,50,10,10,1789.0,17890.0
2021051005002462,NICLBSL,44,57,10,1790.0,17900.0
2021051005002459,NICLBSL,44,10,10,1790.0,17900.0
2021051005002456,NICLBSL,44,10,10,1790.0,17900.0
2021051005002455,NICLBSL,18,47,10,1793.0,17930.0
2021051005002454,NICLBSL,18,42,10,1793.0,17930.0
2021051005002472,NICLBSL,43,28,10,1789.0,17890.0
2021051005002471,NICLBSL,50,34,50,1789.0,89450.0
2021051005002469,NICLBSL,57,58,10,1793.0,17930.0
2021051005002468,NICLBSL,50,38,10,1789.0,17890.0
2021051005002466,NICLBSL,50,29,10,1789.0,17890.0
2021051005002465,NICLBSL,50,10,10,1789.0,17890.0
2021051005002481,NICLBSL,57,29,10,1792.0,17920.0
2021051005002480,NICLBSL,57,29,10,1792.0,17920.0
2021051005002478,NICLBSL,43,10,10,1789.0,17890.0
2021051005002476,NICLBSL,38,29,10,1792.0,17920.0
2021051005002474,NICLBSL,43,34,10,1789.0,17890.0
2021051005002473,NICLBSL,43,10,10,1789.0,17890.0
2021051005002489,NICLBSL,13,22,10,1794.0,17940.0
2021051005002488,NICLBSL,13,35,10,1794.0,17940.0
2021051005002487,NICLBSL,13,29,10,1792.0,17920.0
2021051005002486,NICLBSL,28,29,20,1792.0,35840.0
2021051005002483,NICLBSL,43,28,10,1789.0,17890.0
2021051005002482,NICLBSL,57,35,70,1794.0,125580.0
2021051005002500,NICLBSL,45,29,10,1792.0,17920.0
2021051005002498,NICLBSL,45,10,10,1790.0,17900.0
2021051005002497,NICLBSL,43,58,20,1789.0,35780.0
2021051005002496,NICLBSL,43,10,20,1789.0,35780.0
2021051005002493,NICLBSL,13,29,10,1794.0,17940.0
2021051005002492,NICLBSL,13,47,10,1794.0,17940.0
2021051005002507,NICLBSL,45,10,10,1790.0,17900.0
2021051005002505,NICLBSL,45,46,115,1795.0,206425.0
2021051005002504,NICLBSL,45,34,30,1795.0,53850.0
2021051005002503,NICLBSL,45,25,10,1795.0,17950.0
2021051005002502,NICLBSL,45,36,10,1795.0,17950.0
2021051005002501,NICLBSL,45,35,10,1794.0,17940.0
2021051005002528,NICLBSL,43,10,10,1789.0,17890.0
2021051005002527,NICLBSL,51,38,55,1790.0,98450.0
2021051005002525,NICLBSL,47,10,10,1790.0,17900.0
2021051005002518,NICLBSL,47,10,20,1790.0,35800.0
2021051005002515,NICLBSL,47,49,10,1790.0,17900.0
2021051005002508,NICLBSL,47,1,10,1790.0,17900.0
2021051005002591,NICLBSL,45,29,10,1792.0,17920.0
2021051005002590,NICLBSL,45,29,10,1792.0,17920.0
2021051005002589,NICLBSL,45,29,10,1792.0,17920.0
2021051005002535,NICLBSL,21,42,10,1791.0,17910.0
2021051005002533,NICLBSL,57,29,20,1792.0,35840.0
2021051005002529,NICLBSL,51,10,10,1789.0,17890.0
2021051005002605,NICLBSL,29,54,10,1791.0,17910.0
2021051005002604,NICLBSL,29,35,20,1791.0,35820.0
2021051005002603,NICLBSL,29,19,10,1791.0,17910.0
2021051005002595,NICLBSL,21,17,10,1791.0,17910.0
2021051005002593,NICLBSL,45,29,10,1792.0,17920.0
2021051005002592,NICLBSL,45,29,10,1792.0,17920.0
2021051005002612,NICLBSL,29,49,10,1792.0,17920.0
2021051005002610,NICLBSL,29,38,10,1792.0,17920.0
2021051005002609,NICLBSL,29,34,10,1792.0,17920.0
2021051005002608,NICLBSL,29,29,10,1792.0,17920.0
2021051005002607,NICLBSL,29,42,10,1792.0,17920.0
2021051005002606,NICLBSL,29,29,20,1792.0,35840.0
2021051005002626,NICLBSL,43,58,10,1795.0,17950.0
2021051005002624,NICLBSL,39,1,10,1796.0,17960.0
2021051005002623,NICLBSL,39,56,10,1796.0,17960.0
2021051005002620,NICLBSL,43,38,20,1795.0,35900.0
2021051005002619,NICLBSL,43,49,10,1795.0,17950.0
2021051005002613,NICLBSL,5,46,13,1795.0,23335.0
2021051005002633,NICLBSL,29,58,10,1792.0,17920.0
2021051005002632,NICLBSL,29,47,10,1792.0,17920.0
2021051005002631,NICLBSL,43,22,24,1795.0,43080.0
2021051005002630,NICLBSL,43,33,26,1795.0,46670.0
2021051005002629,NICLBSL,43,47,10,1795.0,17950.0
2021051005002627,NICLBSL,58,47,10,1796.0,17960.0
2021051005002641,NICLBSL,29,47,10,1792.0,17920.0
2021051005002640,NICLBSL,29,47,10,1792.0,17920.0
2021051005002638,NICLBSL,41,22,44,1795.0,78980.0
2021051005002636,NICLBSL,41,34,10,1795.0,17950.0
2021051005002635,NICLBSL,41,47,10,1795.0,17950.0
2021051005002634,NICLBSL,41,22,36,1795.0,64620.0
2021051005002650,NICLBSL,6,49,10,1791.0,17910.0
2021051005002649,NICLBSL,6,41,10,1791.0,17910.0
2021051005002647,NICLBSL,29,39,10,1792.0,17920.0
2021051005002646,NICLBSL,29,58,10,1792.0,17920.0
2021051005002644,NICLBSL,29,47,10,1792.0,17920.0
2021051005002643,NICLBSL,38,38,10,1793.0,17930.0
2021051005002637,RURU,40,45,10,602.0,6020.0
2021051005002485,RURU,40,34,10,602.0,6020.0
2021051005002475,RURU,40,39,10,602.0,6020.0
2021051005002443,RURU,40,55,10,602.0,6020.0
2021051005002382,RURU,40,26,10,602.0,6020.0
2021051005002381,RURU,40,39,10,602.0,6020.0
2021051005002379,RURU,40,26,10,602.0,6020.0
2021051005002319,RURU,40,48,10,602.0,6020.0
2021051005002305,RURU,40,25,10,602.0,6020.0
2021051005002238,RURU,40,8,10,602.0,6020.0
2021051005002199,RURU,40,1,10,602.0,6020.0
2021051005002160,MLBSL,3,22,10,4416.0,44160.0
2021051005002158,MLBSL,59,58,10,4415.0,44150.0
2021051005002156,MLBSL,58,1,10,4419.0,44190.0
2021051005002154,MLBSL,45,39,10,4415.0,44150.0
2021051005002152,MLBSL,45,50,10,4415.0,44150.0
2021051005002148,MLBSL,59,49,10,4420.0,44200.0
2021051005001664,MLBSL,57,44,10,4436.0,44360.0
2021051005001662,MLBSL,14,34,10,4440.0,44400.0
2021051005001672,MLBSL,14,32,10,4431.0,44310.0
2021051005001671,MLBSL,14,38,10,4431.0,44310.0
2021051005001668,MLBSL,14,14,10,4431.0,44310.0
2021051005001667,MLBSL,14,59,10,4431.0,44310.0
2021051005001666,MLBSL,14,41,10,4431.0,44310.0
2021051005001665,MLBSL,14,32,10,4431.0,44310.0
2021051005001683,MLBSL,55,36,10,4430.0,44300.0
2021051005001681,MLBSL,14,37,10,4431.0,44310.0
2021051005001679,MLBSL,21,38,10,4436.0,44360.0
2021051005001678,MLBSL,14,3,10,4431.0,44310.0
2021051005001677,MLBSL,14,51,10,4431.0,44310.0
2021051005001676,MLBSL,14,32,10,4431.0,44310.0
2021051005001702,MLBSL,22,34,40,4410.0,176400.0
2021051005001701,MLBSL,22,22,10,4410.0,44100.0
2021051005001695,MLBSL,48,33,10,4415.0,44150.0
2021051005001694,MLBSL,38,6,10,4415.0,44150.0
2021051005001693,MLBSL,45,25,10,4420.0,44200.0
2021051005001684,MLBSL,58,45,10,4430.0,44300.0
2021051005001711,MLBSL,14,58,10,4400.0,44000.0
2021051005001710,MLBSL,45,10,10,4401.0,44010.0
2021051005001709,MLBSL,45,34,10,4401.0,44010.0
2021051005001708,MLBSL,45,58,10,4401.0,44010.0
2021051005001707,MLBSL,45,39,10,4401.0,44010.0
2021051005001703,MLBSL,45,21,10,4401.0,44010.0
2021051005001717,MLBSL,42,52,10,4400.0,44000.0
2021051005001716,MLBSL,42,46,10,4400.0,44000.0
2021051005001715,MLBSL,42,4,10,4400.0,44000.0
2021051005001714,MLBSL,42,59,10,4400.0,44000.0
2021051005001713,MLBSL,42,38,10,4400.0,44000.0
2021051005001712,MLBSL,14,6,10,4400.0,44000.0
2021051005001725,MLBSL,40,34,10,4400.0,44000.0
2021051005001724,MLBSL,42,21,10,4400.0,44000.0
2021051005001723,MLBSL,42,49,10,4400.0,44000.0
2021051005001722,MLBSL,42,57,10,4400.0,44000.0
2021051005001721,MLBSL,42,38,10,4400.0,44000.0
2021051005001720,MLBSL,42,50,10,4400.0,44000.0
2021051005001735,MLBSL,13,35,10,4380.0,43800.0
2021051005001734,MLBSL,14,45,10,4380.0,43800.0
2021051005001731,MLBSL,49,49,10,4385.0,43850.0
2021051005001728,MLBSL,49,58,10,4400.0,44000.0
2021051005001727,MLBSL,49,6,10,4400.0,44000.0
2021051005001726,MLBSL,14,35,10,4400.0,44000.0
2021051005001744,MLBSL,38,34,10,4371.0,43710.0
2021051005001743,MLBSL,38,22,10,4371.0,43710.0
2021051005001741,MLBSL,38,45,10,4371.0,43710.0
2021051005001740,MLBSL,38,6,10,4371.0,43710.0
2021051005001739,MLBSL,38,58,10,4371.0,43710.0
2021051005001736,MLBSL,57,21,10,4372.0,43720.0
2021051005001751,MLBSL,45,38,10,4370.0,43700.0
2021051005001750,MLBSL,53,34,10,4371.0,43710.0
2021051005001748,MLBSL,38,34,20,4371.0,87420.0
2021051005001747,MLBSL,38,34,10,4371.0,43710.0
2021051005001746,MLBSL,38,58,10,4371.0,43710.0
2021051005001745,MLBSL,38,19,10,4371.0,43710.0
2021051005001761,MLBSL,32,53,10,4370.0,43700.0
2021051005001760,MLBSL,32,10,10,4370.0,43700.0
2021051005001759,MLBSL,32,45,10,4370.0,43700.0
2021051005001758,MLBSL,56,34,20,4371.0,87420.0
2021051005001753,MLBSL,47,16,10,4370.0,43700.0
2021051005001752,MLBSL,47,4,10,4370.0,43700.0
2021051005001768,MLBSL,32,10,10,4366.0,43660.0
2021051005001767,MLBSL,45,36,10,4370.0,43700.0
2021051005001766,MLBSL,32,34,50,4370.0,218500.0
2021051005001765,MLBSL,32,38,10,4370.0,43700.0
2021051005001764,MLBSL,32,26,10,4370.0,43700.0
2021051005001763,MLBSL,40,41,10,4371.0,43710.0
2021051005001777,MLBSL,47,38,10,4370.0,43700.0
2021051005001776,MLBSL,47,21,10,4370.0,43700.0
2021051005001775,MLBSL,57,35,10,4366.0,43660.0
2021051005001773,MLBSL,57,54,10,4366.0,43660.0
2021051005001772,MLBSL,57,34,10,4366.0,43660.0
2021051005001769,MLBSL,57,48,10,4366.0,43660.0
2021051005001787,MLBSL,35,16,10,4366.0,43660.0
2021051005001786,MLBSL,57,21,10,4367.0,43670.0
2021051005001784,MLBSL,35,35,10,4366.0,43660.0
2021051005001781,MLBSL,57,19,10,4366.0,43660.0
2021051005001779,MLBSL,47,7,10,4370.0,43700.0
2021051005001778,MLBSL,47,6,10,4370.0,43700.0
2021051005001796,MLBSL,14,32,10,4365.0,43650.0
2021051005001793,MLBSL,35,16,10,4366.0,43660.0
2021051005001792,MLBSL,35,6,10,4366.0,43660.0
2021051005001791,MLBSL,55,25,10,4367.0,43670.0
2021051005001789,MLBSL,57,35,10,4367.0,43670.0
2021051005001788,MLBSL,35,46,10,4366.0,43660.0
2021051005001806,MLBSL,36,50,10,4368.0,43680.0
2021051005001805,MLBSL,36,42,10,4366.0,43660.0
2021051005001804,MLBSL,36,38,10,4366.0,43660.0
2021051005001803,MLBSL,36,59,10,4366.0,43660.0
2021051005001802,MLBSL,36,53,10,4365.0,43650.0
2021051005001797,MLBSL,14,34,10,4365.0,43650.0
2021051005001813,MLBSL,32,17,10,4363.0,43630.0
2021051005001811,MLBSL,50,42,10,4370.0,43700.0
2021051005001810,MLBSL,50,21,10,4370.0,43700.0
2021051005001809,MLBSL,50,36,10,4370.0,43700.0
2021051005001808,MLBSL,50,57,10,4370.0,43700.0
2021051005001807,MLBSL,50,58,10,4365.0,43650.0
2021051005001823,MLBSL,36,32,10,4370.0,43700.0
2021051005001822,MLBSL,36,16,10,4369.0,43690.0
2021051005001821,MLBSL,40,56,10,4366.0,43660.0
2021051005001818,MLBSL,55,47,10,4366.0,43660.0
2021051005001815,MLBSL,4,42,10,4365.0,43650.0
2021051005001814,MLBSL,4,59,10,4365.0,43650.0
2021051005001829,MLBSL,4,36,10,4365.0,43650.0
2021051005001828,MLBSL,36,21,10,4370.0,43700.0
2021051005001827,MLBSL,36,58,10,4370.0,43700.0
2021051005001826,MLBSL,36,51,10,4370.0,43700.0
2021051005001825,MLBSL,36,42,10,4370.0,43700.0
2021051005001824,MLBSL,36,58,10,4370.0,43700.0
2021051005001836,MLBSL,50,16,10,4363.0,43630.0
2021051005001835,MLBSL,58,44,10,4363.0,43630.0
2021051005001834,MLBSL,40,14,10,4367.0,43670.0
2021051005001833,MLBSL,32,58,10,4363.0,43630.0
2021051005001832,MLBSL,29,49,10,4365.0,43650.0
2021051005001831,MLBSL,29,26,10,4365.0,43650.0
2021051005001845,MLBSL,16,38,10,4363.0,43630.0
2021051005001841,MLBSL,16,57,10,4363.0,43630.0
2021051005001840,MLBSL,19,26,10,4365.0,43650.0
2021051005001839,MLBSL,16,34,10,4363.0,43630.0
2021051005001838,MLBSL,16,40,10,4363.0,43630.0
2021051005001837,MLBSL,16,55,10,4363.0,43630.0
2021051005001854,MLBSL,16,33,10,4363.0,43630.0
2021051005001853,MLBSL,16,46,10,4363.0,43630.0
2021051005001849,MLBSL,16,21,10,4363.0,43630.0
2021051005001848,MLBSL,16,32,10,4363.0,43630.0
2021051005001847,MLBSL,55,14,10,4368.0,43680.0
2021051005001846,MLBSL,55,18,10,4366.0,43660.0
2021051005001866,MLBSL,16,43,10,4363.0,43630.0
2021051005001865,MLBSL,16,58,10,4363.0,43630.0
2021051005001864,MLBSL,16,33,10,4363.0,43630.0
2021051005001859,MLBSL,16,10,10,4363.0,43630.0
2021051005001858,MLBSL,16,42,10,4363.0,43630.0
2021051005001855,MLBSL,16,56,10,4363.0,43630.0
2021051005001873,MLBSL,35,55,10,4370.0,43700.0
2021051005001872,MLBSL,35,34,10,4369.0,43690.0
2021051005001871,MLBSL,35,45,10,4369.0,43690.0
2021051005001870,MLBSL,35,38,10,4365.0,43650.0
2021051005001869,MLBSL,35,16,10,4365.0,43650.0
2021051005001868,MLBSL,16,36,10,4363.0,43630.0
2021051005001884,MLBSL,28,58,10,4365.0,43650.0
2021051005001883,MLBSL,16,57,10,4363.0,43630.0
2021051005001882,MLBSL,57,49,10,4364.0,43640.0
2021051005001876,MLBSL,16,34,10,4363.0,43630.0
2021051005001875,MLBSL,55,58,10,4364.0,43640.0
2021051005001874,MLBSL,55,41,10,4364.0,43640.0
2021051005001893,MLBSL,34,45,10,4364.0,43640.0
2021051005001891,MLBSL,49,32,10,4364.0,43640.0
2021051005001889,MLBSL,38,8,10,4365.0,43650.0
2021051005001888,MLBSL,3,47,10,4365.0,43650.0
2021051005001886,MLBSL,6,49,10,4363.0,43630.0
2021051005001885,MLBSL,16,34,20,4363.0,87260.0
2021051005001900,MLBSL,1,56,10,4370.0,43700.0
2021051005001899,MLBSL,1,49,10,4365.0,43650.0
2021051005001898,MLBSL,47,8,10,4365.0,43650.0
2021051005001897,MLBSL,35,54,10,4370.0,43700.0
2021051005001896,MLBSL,46,58,10,4365.0,43650.0
2021051005001894,MLBSL,34,58,10,4364.0,43640.0
2021051005001913,MLBSL,47,7,10,4370.0,43700.0
2021051005001912,MLBSL,40,41,10,4365.0,43650.0
2021051005001909,MLBSL,34,36,10,4370.0,43700.0
2021051005001903,MLBSL,1,19,10,4370.0,43700.0
2021051005001902,MLBSL,1,13,10,4370.0,43700.0
2021051005001901,MLBSL,1,16,10,4370.0,43700.0
2021051005001925,MLBSL,48,34,10,4380.0,43800.0
2021051005001924,MLBSL,48,45,10,4380.0,43800.0
2021051005001923,MLBSL,48,25,10,4374.0,43740.0
2021051005001921,MLBSL,36,57,50,4370.0,218500.0
2021051005001920,MLBSL,28,38,10,4375.0,43750.0
2021051005001919,MLBSL,28,51,10,4375.0,43750.0
2021051005001933,MLBSL,19,21,10,4385.0,43850.0
2021051005001931,MLBSL,59,49,10,4380.0,43800.0
2021051005001929,MLBSL,48,6,10,4380.0,43800.0
2021051005001928,MLBSL,48,6,10,4380.0,43800.0
2021051005001927,MLBSL,48,58,10,4380.0,43800.0
2021051005001926,MLBSL,48,41,10,4380.0,43800.0
2021051005001941,MLBSL,45,58,10,4365.0,43650.0
2021051005001940,MLBSL,45,58,10,4374.0,43740.0
2021051005001939,MLBSL,50,57,30,4380.0,131400.0
2021051005001938,MLBSL,59,57,20,4380.0,87600.0
2021051005001935,MLBSL,59,37,10,4380.0,43800.0
2021051005001934,MLBSL,59,58,10,4380.0,43800.0
2021051005001950,MLBSL,51,56,10,4366.0,43660.0
2021051005001949,MLBSL,19,16,10,4370.0,43700.0
2021051005001947,MLBSL,19,21,10,4385.0,43850.0
2021051005001946,MLBSL,36,38,10,4380.0,43800.0
2021051005001944,MLBSL,45,26,10,4380.0,43800.0
2021051005001943,MLBSL,45,49,10,4380.0,43800.0
2021051005001962,MLBSL,45,29,10,4380.0,43800.0
2021051005001961,MLBSL,34,34,10,4370.0,43700.0
2021051005001958,MLBSL,34,55,10,4370.0,43700.0
2021051005001954,MLBSL,52,57,10,4370.0,43700.0
2021051005001953,MLBSL,21,58,10,4365.0,43650.0
2021051005001951,MLBSL,47,43,10,4365.0,43650.0
2021051005001969,MLBSL,54,5,10,4380.0,43800.0
2021051005001968,MLBSL,47,5,10,4380.0,43800.0
2021051005001967,MLBSL,34,16,10,4370.0,43700.0
2021051005001965,MLBSL,34,34,10,4370.0,43700.0
2021051005001964,MLBSL,45,47,10,4380.0,43800.0
2021051005001963,MLBSL,45,58,10,4380.0,43800.0
2021051005001975,MLBSL,6,58,10,4383.0,43830.0
2021051005001974,MLBSL,56,21,10,4385.0,43850.0
2021051005001973,MLBSL,38,49,10,4383.0,43830.0
2021051005001972,MLBSL,13,52,10,4371.0,43710.0
2021051005001971,MLBSL,13,33,10,4371.0,43710.0
2021051005001970,MLBSL,13,49,10,4371.0,43710.0
2021051005001985,MLBSL,41,21,10,4385.0,43850.0
2021051005001983,MLBSL,1,8,10,4375.0,43750.0
2021051005001982,MLBSL,1,52,10,4375.0,43750.0
2021051005001979,MLBSL,7,44,10,4374.0,43740.0
2021051005001978,MLBSL,17,57,10,4374.0,43740.0
2021051005001977,MLBSL,17,8,10,4374.0,43740.0
2021051005001993,MLBSL,3,47,10,4377.0,43770.0
2021051005001992,MLBSL,45,11,10,4380.0,43800.0
2021051005001991,MLBSL,3,49,10,4377.0,43770.0
2021051005001990,MLBSL,35,38,10,4380.0,43800.0
2021051005001988,MLBSL,35,49,10,4380.0,43800.0
2021051005001986,MLBSL,41,7,10,4385.0,43850.0
2021051005002005,MLBSL,49,57,10,4380.0,43800.0
2021051005002003,MLBSL,20,38,10,4380.0,43800.0
2021051005002001,MLBSL,20,17,10,4380.0,43800.0
2021051005001998,MLBSL,3,28,10,4377.0,43770.0
2021051005001995,MLBSL,3,54,10,4377.0,43770.0
2021051005001994,MLBSL,3,50,10,4377.0,43770.0
2021051005002013,MLBSL,3,34,50,4387.0,219350.0
2021051005002012,MLBSL,35,14,10,4385.0,43850.0
2021051005002011,MLBSL,35,55,10,4385.0,43850.0
2021051005002008,MLBSL,35,44,10,4385.0,43850.0
2021051005002007,MLBSL,35,49,10,4384.0,43840.0
2021051005002006,MLBSL,49,41,10,4380.0,43800.0
2021051005002020,MLBSL,58,58,10,4400.0,44000.0
2021051005002019,MLBSL,58,14,10,4400.0,44000.0
2021051005002018,MLBSL,58,49,10,4390.0,43900.0
2021051005002017,MLBSL,58,29,10,4390.0,43900.0
2021051005002016,MLBSL,58,34,150,4387.0,658050.0
2021051005002015,MLBSL,35,58,10,4385.0,43850.0
2021051005002032,MLBSL,14,52,10,4388.0,43880.0
2021051005002031,MLBSL,14,10,10,4387.0,43870.0
2021051005002029,MLBSL,35,43,10,4385.0,43850.0
2021051005002027,MLBSL,35,6,10,4385.0,43850.0
2021051005002025,MLBSL,35,38,10,4385.0,43850.0
2021051005002021,MLBSL,58,13,10,4400.0,44000.0
2021051005002040,MLBSL,58,58,10,4400.0,44000.0
2021051005002039,MLBSL,33,17,10,4390.0,43900.0
2021051005002038,MLBSL,14,39,10,4388.0,43880.0
2021051005002036,MLBSL,14,17,10,4388.0,43880.0
2021051005002034,MLBSL,14,14,10,4388.0,43880.0
2021051005002033,MLBSL,14,59,10,4388.0,43880.0
2021051005002050,MLBSL,59,38,10,4390.0,43900.0
2021051005002046,MLBSL,59,29,10,4390.0,43900.0
2021051005002044,MLBSL,14,6,10,4388.0,43880.0
2021051005002043,MLBSL,14,57,10,4388.0,43880.0
2021051005002042,MLBSL,14,34,10,4388.0,43880.0
2021051005002041,MLBSL,14,43,10,4388.0,43880.0
2021051005002060,MLBSL,10,39,10,4400.0,44000.0
2021051005002059,MLBSL,10,14,10,4400.0,44000.0
2021051005002058,MLBSL,10,35,10,4400.0,44000.0
2021051005002055,MLBSL,59,17,10,4390.0,43900.0
2021051005002052,MLBSL,59,40,10,4390.0,43900.0
2021051005002051,MLBSL,59,16,10,4390.0,43900.0
2021051005002066,MLBSL,25,45,10,4400.0,44000.0
2021051005002065,MLBSL,56,35,10,4400.0,44000.0
2021051005002064,MLBSL,59,34,10,4390.0,43900.0
2021051005002063,MLBSL,59,51,10,4390.0,43900.0
2021051005002062,MLBSL,59,29,10,4390.0,43900.0
2021051005002061,MLBSL,10,45,10,4400.0,44000.0
2021051005002075,MLBSL,1,34,90,4400.0,396000.0
2021051005002074,MLBSL,1,6,10,4400.0,44000.0
2021051005002073,MLBSL,19,16,10,4400.0,44000.0
2021051005002072,MLBSL,19,19,10,4400.0,44000.0
2021051005002071,MLBSL,19,21,10,4400.0,44000.0
2021051005002070,MLBSL,19,32,10,4400.0,44000.0
2021051005002081,MLBSL,48,14,10,4400.0,44000.0
2021051005002080,MLBSL,48,43,10,4400.0,44000.0
2021051005002079,MLBSL,7,34,10,4400.0,44000.0
2021051005002078,MLBSL,7,34,90,4400.0,396000.0
2021051005002077,MLBSL,59,34,20,4400.0,88000.0
2021051005002076,MLBSL,7,41,10,4391.0,43910.0
2021051005002087,MLBSL,29,19,10,4400.0,44000.0
2021051005002086,MLBSL,29,13,10,4400.0,44000.0
2021051005002085,MLBSL,29,58,10,4400.0,44000.0
2021051005002084,MLBSL,29,21,10,4400.0,44000.0
2021051005002083,MLBSL,29,44,10,4400.0,44000.0
2021051005002082,MLBSL,48,21,10,4400.0,44000.0
2021051005002093,MLBSL,7,46,10,4391.0,43910.0
2021051005002092,MLBSL,29,58,10,4400.0,44000.0
2021051005002091,MLBSL,29,49,10,4400.0,44000.0
2021051005002090,MLBSL,29,35,10,4400.0,44000.0
2021051005002089,MLBSL,29,19,10,4400.0,44000.0
2021051005002088,MLBSL,29,58,10,4400.0,44000.0
2021051005002100,MLBSL,36,21,10,4400.0,44000.0
2021051005002099,MLBSL,36,57,10,4400.0,44000.0
2021051005002098,MLBSL,36,6,10,4400.0,44000.0
2021051005002097,MLBSL,36,17,10,4400.0,44000.0
2021051005002096,MLBSL,50,48,10,4400.0,44000.0
2021051005002095,MLBSL,7,16,10,4391.0,43910.0
2021051005002106,MLBSL,36,16,10,4400.0,44000.0
2021051005002105,MLBSL,36,58,10,4400.0,44000.0
2021051005002104,MLBSL,36,6,10,4400.0,44000.0
2021051005002103,MLBSL,36,14,10,4400.0,44000.0
2021051005002102,MLBSL,36,7,10,4400.0,44000.0
2021051005002101,MLBSL,36,38,10,4400.0,44000.0
2021051005002113,MLBSL,10,17,10,4409.0,44090.0
2021051005002112,MLBSL,10,50,10,4409.0,44090.0
2021051005002110,MLBSL,34,3,10,4400.0,44000.0
2021051005002109,MLBSL,34,21,10,4400.0,44000.0
2021051005002108,MLBSL,34,34,10,4400.0,44000.0
2021051005002107,MLBSL,36,5,10,4401.0,44010.0
2021051005002120,MLBSL,13,21,10,4401.0,44010.0
2021051005002119,MLBSL,50,25,10,4410.0,44100.0
2021051005002118,MLBSL,50,56,10,4410.0,44100.0
2021051005002117,MLBSL,50,42,10,4409.0,44090.0
2021051005002115,MLBSL,13,58,10,4401.0,44010.0
2021051005002114,MLBSL,56,32,10,4410.0,44100.0
2021051005002126,MLBSL,41,42,10,4403.0,44030.0
2021051005002125,MLBSL,13,42,10,4410.0,44100.0
2021051005002124,MLBSL,13,42,10,4409.0,44090.0
2021051005002123,MLBSL,3,42,10,4409.0,44090.0
2021051005002122,MLBSL,3,42,10,4409.0,44090.0
2021051005002121,MLBSL,14,58,10,4402.0,44020.0
2021051005002135,MLBSL,47,57,10,4415.0,44150.0
2021051005002134,MLBSL,47,56,10,4415.0,44150.0
2021051005002133,MLBSL,1,42,10,4409.0,44090.0
2021051005002132,MLBSL,1,42,10,4409.0,44090.0
2021051005002131,MLBSL,1,42,10,4409.0,44090.0
2021051005002127,MLBSL,41,54,10,4403.0,44030.0
2021051005002147,MLBSL,59,41,10,4420.0,44200.0
2021051005002146,MLBSL,59,42,10,4420.0,44200.0
2021051005002145,MLBSL,59,22,10,4420.0,44200.0
2021051005002144,MLBSL,59,58,10,4420.0,44200.0
2021051005002143,MLBSL,42,17,10,4415.0,44150.0
2021051005002137,MLBSL,42,44,10,4415.0,44150.0
2021051005002161,NICLBSL,38,58,10,1772.0,17720.0
2021051005002159,NICLBSL,38,58,10,1772.0,17720.0
2021051005002157,NICLBSL,38,58,10,1772.0,17720.0
2021051005002155,NICLBSL,38,39,10,1772.0,17720.0
2021051005002153,NICLBSL,4,58,10,1772.0,17720.0
2021051005002151,NICLBSL,7,59,10,1771.0,17710.0
2021051005001680,NICLBSL,59,16,10,1780.0,17800.0
2021051005001675,NICLBSL,59,39,20,1780.0,35600.0
2021051005001674,NICLBSL,48,39,110,1780.0,195800.0
2021051005001670,NICLBSL,48,40,10,1780.0,17800.0
2021051005001663,NICLBSL,48,22,10,1780.0,17800.0
2021051005001689,NICLBSL,40,42,10,1780.0,17800.0
2021051005001688,NICLBSL,48,42,10,1780.0,17800.0
2021051005001687,NICLBSL,59,42,10,1780.0,17800.0
2021051005001686,NICLBSL,59,56,100,1780.0,178000.0
2021051005001685,NICLBSL,59,1,10,1780.0,17800.0
2021051005001682,NICLBSL,59,41,50,1780.0,89000.0
2021051005001698,NICLBSL,40,1,10,1780.0,17800.0
2021051005001697,NICLBSL,40,51,10,1780.0,17800.0
2021051005001696,NICLBSL,40,13,10,1780.0,17800.0
2021051005001692,NICLBSL,40,16,10,1780.0,17800.0
2021051005001691,NICLBSL,40,45,10,1780.0,17800.0
2021051005001690,NICLBSL,40,6,10,1780.0,17800.0
2021051005001719,NICLBSL,43,38,10,1781.0,17810.0
2021051005001718,NICLBSL,43,16,10,1781.0,17810.0
2021051005001706,NICLBSL,43,57,20,1780.0,35600.0
2021051005001705,NICLBSL,43,28,30,1780.0,53400.0
2021051005001704,NICLBSL,40,28,120,1780.0,213600.0
2021051005001700,NICLBSL,40,56,10,1780.0,17800.0
2021051005001742,NICLBSL,22,49,20,1780.0,35600.0
2021051005001737,NICLBSL,51,16,20,1777.0,35540.0
2021051005001733,NICLBSL,18,14,100,1780.0,178000.0
2021051005001732,NICLBSL,58,14,20,1780.0,35600.0
2021051005001730,NICLBSL,51,1,10,1777.0,17770.0
2021051005001729,NICLBSL,43,5,80,1781.0,142480.0
2021051005001762,NICLBSL,47,45,50,1775.0,88750.0
2021051005001757,NICLBSL,43,45,100,1775.0,177500.0
2021051005001756,NICLBSL,16,45,50,1775.0,88750.0
2021051005001755,NICLBSL,14,45,10,1777.0,17770.0
2021051005001754,NICLBSL,51,45,20,1777.0,35540.0
2021051005001749,NICLBSL,22,16,10,1780.0,17800.0
2021051005001783,NICLBSL,38,57,31,1772.0,54932.0
2021051005001782,NICLBSL,38,8,10,1772.0,17720.0
2021051005001780,NICLBSL,38,45,69,1772.0,122268.0
2021051005001774,NICLBSL,38,41,10,1772.0,17720.0
2021051005001771,NICLBSL,38,5,70,1772.0,124040.0
2021051005001770,NICLBSL,38,16,10,1772.0,17720.0
2021051005001799,NICLBSL,41,20,10,1770.0,17700.0
2021051005001798,NICLBSL,41,16,10,1770.0,17700.0
2021051005001795,NICLBSL,41,25,10,1770.0,17700.0
2021051005001794,NICLBSL,38,40,100,1770.0,177000.0
2021051005001790,NICLBSL,6,58,40,1771.0,70840.0
2021051005001785,NICLBSL,6,16,10,1771.0,17710.0
2021051005001819,NICLBSL,19,55,20,1769.0,35380.0
2021051005001817,NICLBSL,35,41,50,1770.0,88500.0
2021051005001816,NICLBSL,19,29,10,1769.0,17690.0
2021051005001812,NICLBSL,19,46,10,1769.0,17690.0
2021051005001801,NICLBSL,14,41,20,1770.0,35400.0
2021051005001800,NICLBSL,41,41,70,1770.0,123900.0
2021051005001850,NICLBSL,29,25,10,1765.0,17650.0
2021051005001844,NICLBSL,29,58,105,1765.0,185325.0
2021051005001843,NICLBSL,5,58,20,1765.0,35300.0
2021051005001842,NICLBSL,19,58,15,1766.0,26490.0
2021051005001830,NICLBSL,45,56,15,1765.0,26475.0
2021051005001820,NICLBSL,19,58,20,1769.0,35380.0
2021051005001862,NICLBSL,35,25,10,1765.0,17650.0
2021051005001861,NICLBSL,34,33,10,1765.0,17650.0
2021051005001860,NICLBSL,34,47,20,1765.0,35300.0
2021051005001857,NICLBSL,34,25,10,1765.0,17650.0
2021051005001856,NICLBSL,34,3,10,1765.0,17650.0
2021051005001851,NICLBSL,29,56,5,1765.0,8825.0
2021051005001881,NICLBSL,44,8,10,1764.0,17640.0
2021051005001880,NICLBSL,3,26,10,1765.0,17650.0
2021051005001879,NICLBSL,3,8,10,1765.0,17650.0
2021051005001878,NICLBSL,34,3,10,1769.0,17690.0
2021051005001877,NICLBSL,3,3,10,1765.0,17650.0
2021051005001867,NICLBSL,3,56,20,1765.0,35300.0
2021051005001906,NICLBSL,44,54,10,1764.0,17640.0
2021051005001905,NICLBSL,44,51,10,1764.0,17640.0
2021051005001895,NICLBSL,44,8,10,1764.0,17640.0
2021051005001892,NICLBSL,44,8,10,1764.0,17640.0
2021051005001890,NICLBSL,44,28,45,1764.0,79380.0
2021051005001887,NICLBSL,44,8,10,1764.0,17640.0
2021051005001915,NICLBSL,47,16,10,1769.0,17690.0
2021051005001914,NICLBSL,47,3,10,1769.0,17690.0
2021051005001911,NICLBSL,44,26,10,1764.0,17640.0
2021051005001910,NICLBSL,4,51,10,1765.0,17650.0
2021051005001908,NICLBSL,44,51,10,1764.0,17640.0
2021051005001907,NICLBSL,44,3,10,1764.0,17640.0
2021051005001932,NICLBSL,44,51,10,1764.0,17640.0
2021051005001930,NICLBSL,44,8,10,1764.0,17640.0
2021051005001922,NICLBSL,47,8,10,1771.0,17710.0
2021051005001918,NICLBSL,47,45,20,1771.0,35420.0
2021051005001917,NICLBSL,47,58,10,1770.0,17700.0
2021051005001916,NICLBSL,47,38,20,1769.0,35380.0
2021051005001956,NICLBSL,38,51,10,1766.0,17660.0
2021051005001955,NICLBSL,38,6,10,1766.0,17660.0
2021051005001948,NICLBSL,47,56,10,1765.0,17650.0
2021051005001945,NICLBSL,47,46,10,1765.0,17650.0
2021051005001942,NICLBSL,47,3,10,1765.0,17650.0
2021051005001937,NICLBSL,44,56,20,1764.0,35280.0
2021051005001980,NICLBSL,43,51,10,1767.0,17670.0
2021051005001976,NICLBSL,43,25,10,1767.0,17670.0
2021051005001966,NICLBSL,38,26,10,1766.0,17660.0
2021051005001960,NICLBSL,38,56,10,1766.0,17660.0
2021051005001959,NICLBSL,38,36,10,1766.0,17660.0
2021051005001957,NICLBSL,38,49,10,1766.0,17660.0
2021051005002000,NICLBSL,56,33,10,1771.0,17710.0
2021051005001999,NICLBSL,36,49,10,1770.0,17700.0
2021051005001997,NICLBSL,36,1,10,1770.0,17700.0
2021051005001996,NICLBSL,36,29,10,1770.0,17700.0
2021051005001989,NICLBSL,36,6,10,1770.0,17700.0
2021051005001984,NICLBSL,38,56,10,1766.0,17660.0
2021051005002022,NICLBSL,26,51,10,1775.0,17750.0
2021051005002014,NICLBSL,45,6,10,1778.0,17780.0
2021051005002010,NICLBSL,26,43,10,1775.0,17750.0
2021051005002009,NICLBSL,26,35,10,1775.0,17750.0
2021051005002004,NICLBSL,26,33,10,1772.0,17720.0
2021051005002002,NICLBSL,36,45,10,1770.0,17700.0
2021051005002037,NICLBSL,43,49,10,1772.0,17720.0
2021051005002035,NICLBSL,43,38,10,1772.0,17720.0
2021051005002030,NICLBSL,55,58,10,1772.0,17720.0
2021051005002026,NICLBSL,34,36,10,1775.0,17750.0
2021051005002024,NICLBSL,29,3,10,1772.0,17720.0
2021051005002023,NICLBSL,26,36,10,1775.0,17750.0
2021051005002056,NICLBSL,5,10,10,1772.0,17720.0
2021051005002054,NICLBSL,7,47,10,1771.0,17710.0
2021051005002053,NICLBSL,49,47,20,1772.0,35440.0
2021051005002049,NICLBSL,7,40,10,1771.0,17710.0
2021051005002048,NICLBSL,42,29,10,1771.0,17710.0
2021051005002045,NICLBSL,36,47,10,1772.0,17720.0
2021051005002111,NICLBSL,7,34,10,1771.0,17710.0
2021051005002094,NICLBSL,55,49,10,1772.0,17720.0
2021051005002069,NICLBSL,55,3,10,1772.0,17720.0
2021051005002068,NICLBSL,55,34,10,1772.0,17720.0
2021051005002067,NICLBSL,55,47,10,1772.0,17720.0
2021051005002057,NICLBSL,5,47,10,1772.0,17720.0
2021051005002138,NICLBSL,7,21,10,1771.0,17710.0
2021051005002136,NICLBSL,7,58,10,1771.0,17710.0
2021051005002130,NICLBSL,21,25,10,1779.0,17790.0
2021051005002129,NICLBSL,21,47,10,1779.0,17790.0
2021051005002128,NICLBSL,21,3,10,1775.0,17750.0
2021051005002116,NICLBSL,7,50,10,1771.0,17710.0
2021051005002150,NICLBSL,7,8,10,1771.0,17710.0
2021051005002149,NICLBSL,7,58,10,1771.0,17710.0
2021051005002142,NICLBSL,59,43,14,1780.0,24920.0
2021051005002141,NICLBSL,59,36,10,1780.0,17800.0
2021051005002140,NICLBSL,59,17,10,1780.0,17800.0
2021051005002139,NICLBSL,59,56,10,1772.0,17720.0
2021051005002047,RURU,40,49,10,602.0,6020.0
2021051005002028,RURU,40,46,10,602.0,6020.0
2021051005001987,RURU,40,29,10,602.0,6020.0
2021051005001981,RURU,40,28,10,602.0,6020.0
2021051005001952,RURU,40,42,10,602.0,6020.0
2021051005001936,RURU,40,8,10,602.0,6020.0
2021051005001669,RURU,40,55,10,602.0,6020.0
2021051005001904,RURU,40,45,10,602.0,6020.0
2021051005001863,RURU,40,1,10,602.0,6020.0
2021051005001852,RURU,40,8,10,602.0,6020.0
2021051005001738,RURU,40,38,10,602.0,6020.0
2021051005001699,RURU,40,40,10,602.0,6020.0
2021051005001673,RURU,40,16,10,602.0,6020.0
2021051005001661,MLBSL,57,19,10,4436.0,44360.0
2021051005001658,MLBSL,28,14,10,4436.0,44360.0
2021051005001657,MLBSL,57,34,10,4440.0,44400.0
2021051005001656,MLBSL,52,34,10,4440.0,44400.0
2021051005001655,MLBSL,25,34,10,4441.0,44410.0
2021051005001654,MLBSL,50,34,20,4441.0,88820.0
2021051005001164,MLBSL,35,49,10,4430.0,44300.0
2021051005001162,MLBSL,13,29,10,4420.0,44200.0
2021051005001170,MLBSL,55,34,10,4430.0,44300.0
2021051005001169,MLBSL,55,22,10,4430.0,44300.0
2021051005001168,MLBSL,55,11,10,4430.0,44300.0
2021051005001167,MLBSL,25,59,10,4438.0,44380.0
2021051005001166,MLBSL,25,56,10,4436.0,44360.0
2021051005001165,MLBSL,35,35,10,4430.0,44300.0
2021051005001177,MLBSL,13,7,10,4438.0,44380.0
2021051005001176,MLBSL,45,58,10,4438.0,44380.0
2021051005001175,MLBSL,45,47,10,4438.0,44380.0
2021051005001174,MLBSL,45,6,10,4438.0,44380.0
2021051005001172,MLBSL,45,58,10,4438.0,44380.0
2021051005001171,MLBSL,55,38,10,4430.0,44300.0
2021051005001183,MLBSL,51,58,10,4440.0,44400.0
2021051005001182,MLBSL,51,17,10,4440.0,44400.0
2021051005001181,MLBSL,51,39,10,4440.0,44400.0
2021051005001180,MLBSL,51,58,10,4440.0,44400.0
2021051005001179,MLBSL,51,35,10,4440.0,44400.0
2021051005001178,MLBSL,13,42,10,4438.0,44380.0
2021051005001191,MLBSL,51,52,10,4440.0,44400.0
2021051005001190,MLBSL,51,38,10,4440.0,44400.0
2021051005001189,MLBSL,51,21,10,4440.0,44400.0
2021051005001187,MLBSL,51,6,10,4440.0,44400.0
2021051005001186,MLBSL,13,58,10,4438.0,44380.0
2021051005001184,MLBSL,13,47,10,4438.0,44380.0
2021051005001197,MLBSL,45,6,10,4440.0,44400.0
2021051005001196,MLBSL,45,16,10,4440.0,44400.0
2021051005001195,MLBSL,25,47,10,4442.0,44420.0
2021051005001194,MLBSL,45,17,10,4440.0,44400.0
2021051005001193,MLBSL,45,19,10,4440.0,44400.0
2021051005001192,MLBSL,51,22,10,4440.0,44400.0
2021051005001203,MLBSL,35,1,10,4448.0,44480.0
2021051005001202,MLBSL,35,57,10,4448.0,44480.0
2021051005001201,MLBSL,35,28,10,4445.0,44450.0
2021051005001200,MLBSL,35,17,10,4445.0,44450.0
2021051005001199,MLBSL,35,50,10,4443.0,44430.0
2021051005001198,MLBSL,45,58,10,4440.0,44400.0
2021051005001209,MLBSL,35,18,10,4450.0,44500.0
2021051005001208,MLBSL,35,57,10,4450.0,44500.0
2021051005001207,MLBSL,35,49,10,4450.0,44500.0
2021051005001206,MLBSL,35,33,10,4450.0,44500.0
2021051005001205,MLBSL,35,42,10,4450.0,44500.0
2021051005001204,MLBSL,35,38,10,4450.0,44500.0
2021051005001216,MLBSL,13,21,10,4450.0,44500.0
2021051005001215,MLBSL,47,49,10,4451.0,44510.0
2021051005001214,MLBSL,35,21,10,4450.0,44500.0
2021051005001212,MLBSL,35,17,10,4450.0,44500.0
2021051005001211,MLBSL,35,21,10,4450.0,44500.0
2021051005001210,MLBSL,35,49,10,4450.0,44500.0
2021051005001223,MLBSL,11,39,10,4460.0,44600.0
2021051005001222,MLBSL,11,34,10,4459.0,44590.0
2021051005001221,MLBSL,11,55,10,4456.0,44560.0
2021051005001220,MLBSL,56,46,10,4445.0,44450.0
2021051005001218,MLBSL,13,21,10,4452.0,44520.0
2021051005001217,MLBSL,13,57,10,4452.0,44520.0
2021051005001231,MLBSL,56,49,10,4470.0,44700.0
2021051005001230,MLBSL,53,40,10,4469.0,44690.0
2021051005001228,MLBSL,49,57,10,4469.0,44690.0
2021051005001227,MLBSL,11,17,10,4460.0,44600.0
2021051005001225,MLBSL,11,38,10,4460.0,44600.0
2021051005001224,MLBSL,11,47,10,4460.0,44600.0
2021051005001240,MLBSL,57,51,10,4461.0,44610.0
2021051005001239,MLBSL,58,33,10,4470.0,44700.0
2021051005001238,MLBSL,58,42,10,4469.0,44690.0
2021051005001236,MLBSL,58,8,10,4461.0,44610.0
2021051005001234,MLBSL,58,14,10,4461.0,44610.0
2021051005001232,MLBSL,56,45,10,4470.0,44700.0
2021051005001250,MLBSL,25,34,10,4461.0,44610.0
2021051005001248,MLBSL,21,8,10,4470.0,44700.0
2021051005001244,MLBSL,57,50,10,4472.0,44720.0
2021051005001243,MLBSL,57,34,10,4472.0,44720.0
2021051005001242,MLBSL,57,51,10,4469.0,44690.0
2021051005001241,MLBSL,57,36,10,4465.0,44650.0
2021051005001256,MLBSL,58,43,10,4461.0,44610.0
2021051005001255,MLBSL,14,28,10,4488.0,44880.0
2021051005001254,MLBSL,14,38,10,4488.0,44880.0
2021051005001253,MLBSL,14,32,10,4480.0,44800.0
2021051005001252,MLBSL,14,58,10,4480.0,44800.0
2021051005001251,MLBSL,14,4,10,4480.0,44800.0
2021051005001268,MLBSL,6,1,10,4470.0,44700.0
2021051005001267,MLBSL,14,51,10,4460.0,44600.0
2021051005001266,MLBSL,52,16,10,4461.0,44610.0
2021051005001265,MLBSL,57,57,10,4480.0,44800.0
2021051005001260,MLBSL,57,29,10,4480.0,44800.0
2021051005001259,MLBSL,38,58,10,4461.0,44610.0
2021051005001274,MLBSL,14,51,10,4460.0,44600.0
2021051005001273,MLBSL,52,6,10,4490.0,44900.0
2021051005001272,MLBSL,52,28,10,4488.0,44880.0
2021051005001271,MLBSL,42,57,10,4487.0,44870.0
2021051005001270,MLBSL,14,38,10,4461.0,44610.0
2021051005001269,MLBSL,14,21,10,4460.0,44600.0
2021051005001291,MLBSL,21,18,10,4461.0,44610.0
