Transact. No.,Symbol,Buyer,Seller,Quantity,Rate,Amount
2021051205001304,MLBSL,4,43,10,4670.0,46700.0
2021051205001303,MLBSL,4,52,10,4670.0,46700.0
2021051205001302,MLBSL,4,57,50,4670.0,233500.0
2021051205001300,MLBSL,22,34,39,4665.0,181935.0
2021051205001297,MLBSL,39,34,25,4666.0,116650.0
2021051205001295,MLBSL,33,14,10,4669.0,46690.0
2021051205000814,MLBSL,4,35,10,4666.0,46660.0
2021051205000813,MLBSL,4,48,10,4666.0,46660.0
2021051205000836,MLBSL,47,58,10,4667.0,46670.0
2021051205000827,MLBSL,51,41,10,4666.0,46660.0
2021051205000824,MLBSL,34,58,10,4666.0,46660.0
2021051205000822,MLBSL,34,41,10,4666.0,46660.0
2021051205000818,MLBSL,7,44,10,4666.0,46660.0
2021051205000815,MLBSL,56,49,10,4665.0,46650.0
2021051205000844,MLBSL,39,58,10,4677.0,46770.0
2021051205000843,MLBSL,39,22,10,4676.0,46760.0
2021051205000842,MLBSL,39,42,10,4676.0,46760.0
2021051205000841,MLBSL,39,46,10,4675.0,46750.0
2021051205000840,MLBSL,39,35,10,4675.0,46750.0
2021051205000839,MLBSL,1,38,10,4670.0,46700.0
2021051205000870,MLBSL,42,37,10,4666.0,46660.0
2021051205000868,MLBSL,47,14,10,4666.0,46660.0
2021051205000867,MLBSL,4,47,10,4666.0,46660.0
2021051205000857,MLBSL,1,21,10,4670.0,46700.0
2021051205000853,MLBSL,1,29,10,4670.0,46700.0
2021051205000846,MLBSL,1,29,10,4670.0,46700.0
2021051205000923,MLBSL,45,34,10,4668.0,46680.0
2021051205000919,MLBSL,34,44,10,4668.0,46680.0
2021051205000917,MLBSL,59,46,10,4667.0,46670.0
2021051205000912,MLBSL,34,44,10,4666.0,46660.0
2021051205000903,MLBSL,17,39,10,4666.0,46660.0
2021051205000892,MLBSL,42,32,10,4666.0,46660.0
2021051205000941,MLBSL,39,32,10,4670.0,46700.0
2021051205000938,MLBSL,35,3,15,4670.0,70050.0
2021051205000933,MLBSL,34,43,10,4668.0,46680.0
2021051205000930,MLBSL,45,16,15,4670.0,70050.0
2021051205000929,MLBSL,45,39,10,4670.0,46700.0
2021051205000924,MLBSL,45,28,10,4669.0,46690.0
2021051205000954,MLBSL,49,42,10,4670.0,46700.0
2021051205000953,MLBSL,49,58,10,4670.0,46700.0
2021051205000945,MLBSL,39,3,10,4670.0,46700.0
2021051205000944,MLBSL,39,58,10,4670.0,46700.0
2021051205000943,MLBSL,39,57,10,4670.0,46700.0
2021051205000942,MLBSL,39,49,10,4670.0,46700.0
2021051205000981,MLBSL,56,58,10,4669.0,46690.0
2021051205000978,MLBSL,43,58,10,4669.0,46690.0
2021051205000969,MLBSL,45,57,10,4668.0,46680.0
2021051205000963,MLBSL,58,52,10,4670.0,46700.0
2021051205000959,MLBSL,25,3,10,4670.0,46700.0
2021051205000955,MLBSL,49,3,20,4670.0,93400.0
2021051205001045,MLBSL,57,58,10,4680.0,46800.0
2021051205001044,MLBSL,57,58,10,4679.0,46790.0
2021051205001043,MLBSL,57,35,10,4679.0,46790.0
2021051205001025,MLBSL,19,38,10,4675.0,46750.0
2021051205000994,MLBSL,57,58,10,4669.0,46690.0
2021051205000989,MLBSL,45,38,10,4675.0,46750.0
2021051205001054,MLBSL,19,28,10,4679.0,46790.0
2021051205001050,MLBSL,57,38,10,4685.0,46850.0
2021051205001049,MLBSL,57,51,10,4685.0,46850.0
2021051205001048,MLBSL,57,55,10,4680.0,46800.0
2021051205001047,MLBSL,57,45,10,4680.0,46800.0
2021051205001046,MLBSL,57,58,10,4680.0,46800.0
2021051205001070,MLBSL,19,35,10,4690.0,46900.0
2021051205001069,MLBSL,19,47,10,4685.0,46850.0
2021051205001068,MLBSL,19,46,10,4685.0,46850.0
2021051205001064,MLBSL,59,42,10,4679.0,46790.0
2021051205001060,MLBSL,57,1,10,4680.0,46800.0
2021051205001055,MLBSL,19,21,10,4679.0,46790.0
2021051205001084,MLBSL,57,46,10,4697.0,46970.0
2021051205001079,MLBSL,59,21,10,4685.0,46850.0
2021051205001077,MLBSL,57,52,10,4685.0,46850.0
2021051205001076,MLBSL,57,21,10,4685.0,46850.0
2021051205001075,MLBSL,57,32,10,4695.0,46950.0
2021051205001074,MLBSL,57,58,10,4695.0,46950.0
2021051205001129,MLBSL,47,44,10,4685.0,46850.0
2021051205001113,MLBSL,59,38,10,4685.0,46850.0
2021051205001101,MLBSL,17,33,40,4697.0,187880.0
2021051205001090,MLBSL,17,47,10,4697.0,46970.0
2021051205001089,MLBSL,17,17,50,4697.0,234850.0
2021051205001085,MLBSL,57,17,50,4697.0,234850.0
2021051205001151,MLBSL,57,38,10,4668.0,46680.0
2021051205001149,MLBSL,57,38,10,4668.0,46680.0
2021051205001148,MLBSL,19,58,10,4670.0,46700.0
2021051205001147,MLBSL,57,38,10,4669.0,46690.0
2021051205001145,MLBSL,57,35,10,4669.0,46690.0
2021051205001143,MLBSL,57,41,20,4669.0,93380.0
2021051205001158,MLBSL,42,38,10,4661.0,46610.0
2021051205001157,MLBSL,42,38,10,4661.0,46610.0
2021051205001156,MLBSL,17,38,10,4662.0,46620.0
2021051205001154,MLBSL,57,38,10,4668.0,46680.0
2021051205001153,MLBSL,57,38,10,4668.0,46680.0
2021051205001152,MLBSL,57,50,10,4668.0,46680.0
2021051205001167,MLBSL,59,38,10,4660.0,46600.0
2021051205001166,MLBSL,59,38,10,4660.0,46600.0
2021051205001165,MLBSL,19,58,10,4666.0,46660.0
2021051205001163,MLBSL,42,38,10,4661.0,46610.0
2021051205001162,MLBSL,42,38,10,4661.0,46610.0
2021051205001161,MLBSL,42,38,10,4661.0,46610.0
2021051205001187,MLBSL,32,38,10,4660.0,46600.0
2021051205001179,MLBSL,32,38,10,4660.0,46600.0
2021051205001178,MLBSL,57,41,10,4661.0,46610.0
2021051205001176,MLBSL,32,38,10,4660.0,46600.0
2021051205001173,MLBSL,39,38,10,4660.0,46600.0
2021051205001171,MLBSL,39,38,10,4660.0,46600.0
2021051205001210,MLBSL,38,33,10,4666.0,46660.0
2021051205001205,MLBSL,41,17,10,4670.0,46700.0
2021051205001202,MLBSL,4,57,10,4670.0,46700.0
2021051205001201,MLBSL,4,26,50,4670.0,233500.0
2021051205001197,MLBSL,19,43,10,4666.0,46660.0
2021051205001190,MLBSL,19,58,10,4666.0,46660.0
2021051205001224,MLBSL,4,33,10,4666.0,46660.0
2021051205001223,MLBSL,4,16,10,4666.0,46660.0
2021051205001222,MLBSL,4,34,10,4666.0,46660.0
2021051205001219,MLBSL,57,57,10,4666.0,46660.0
2021051205001217,MLBSL,4,57,10,4670.0,46700.0
2021051205001215,MLBSL,59,35,10,4666.0,46660.0
2021051205001235,MLBSL,17,1,5,4660.0,23300.0
2021051205001234,MLBSL,17,29,35,4660.0,163100.0
2021051205001231,MLBSL,26,29,15,4666.0,69990.0
2021051205001230,MLBSL,26,41,10,4666.0,46660.0
2021051205001229,MLBSL,53,1,10,4660.0,46600.0
2021051205001228,MLBSL,8,1,15,4666.0,69990.0
2021051205001242,MLBSL,26,55,10,4657.0,46570.0
2021051205001241,MLBSL,59,55,10,4657.0,46570.0
2021051205001240,MLBSL,34,55,10,4660.0,46600.0
2021051205001239,MLBSL,57,55,10,4660.0,46600.0
2021051205001238,MLBSL,50,55,20,4660.0,93200.0
2021051205001237,MLBSL,29,55,10,4665.0,46650.0
2021051205001249,MLBSL,20,28,50,4674.0,233700.0
2021051205001248,MLBSL,20,28,15,4674.0,70110.0
2021051205001247,MLBSL,20,21,10,4670.0,46700.0
2021051205001246,MLBSL,20,32,10,4670.0,46700.0
2021051205001245,MLBSL,20,55,15,4657.0,69855.0
2021051205001243,MLBSL,52,55,15,4657.0,69855.0
2021051205001288,MLBSL,35,59,10,4666.0,46660.0
2021051205001287,MLBSL,35,59,10,4666.0,46660.0
2021051205001273,MLBSL,45,34,10,4670.0,46700.0
2021051205001272,MLBSL,1,34,26,4670.0,121420.0
2021051205001265,MLBSL,1,45,20,4670.0,93400.0
2021051205001252,MLBSL,34,45,10,4666.0,46660.0
2021051205001308,NICLBSL,35,54,110,1773.0,195030.0
2021051205001307,NICLBSL,42,8,10,1773.0,17730.0
2021051205001306,NICLBSL,19,45,10,1772.0,17720.0
2021051205001305,NICLBSL,48,8,20,1773.0,35460.0
2021051205001301,NICLBSL,6,8,10,1773.0,17730.0
2021051205001299,NICLBSL,19,8,10,1773.0,17730.0
2021051205000812,NICLBSL,57,42,50,1780.0,89000.0
2021051205000811,NICLBSL,34,42,200,1780.0,356000.0
2021051205000810,NICLBSL,36,42,50,1780.0,89000.0
2021051205000823,NICLBSL,21,42,36,1781.0,64116.0
2021051205000821,NICLBSL,21,56,36,1781.0,64116.0
2021051205000820,NICLBSL,57,25,50,1780.0,89000.0
2021051205000819,NICLBSL,17,25,30,1781.0,53430.0
2021051205000817,NICLBSL,6,29,10,1782.0,17820.0
2021051205000816,NICLBSL,17,32,10,1781.0,17810.0
2021051205000831,NICLBSL,42,56,10,1780.0,17800.0
2021051205000830,NICLBSL,44,32,449,1782.0,800118.0
2021051205000829,NICLBSL,44,34,10,1781.0,17810.0
2021051205000828,NICLBSL,44,22,41,1781.0,73021.0
2021051205000826,NICLBSL,21,13,10,1781.0,17810.0
2021051205000825,NICLBSL,21,21,10,1781.0,17810.0
2021051205000838,NICLBSL,35,57,10,1780.0,17800.0
2021051205000837,NICLBSL,17,14,10,1780.0,17800.0
2021051205000835,NICLBSL,17,39,75,1780.0,133500.0
2021051205000834,NICLBSL,13,39,25,1780.0,44500.0
2021051205000833,NICLBSL,17,20,10,1780.0,17800.0
2021051205000832,NICLBSL,42,29,20,1780.0,35600.0
2021051205000851,NICLBSL,21,57,200,1776.0,355200.0
2021051205000850,NICLBSL,48,57,60,1776.0,106560.0
2021051205000849,NICLBSL,41,57,20,1777.0,35540.0
2021051205000848,NICLBSL,21,57,10,1777.0,17770.0
2021051205000847,NICLBSL,52,29,10,1780.0,17800.0
2021051205000845,NICLBSL,52,56,10,1781.0,17810.0
2021051205000859,NICLBSL,14,38,10,1776.0,17760.0
2021051205000858,NICLBSL,52,57,10,1777.0,17770.0
2021051205000856,NICLBSL,1,57,80,1777.0,142160.0
2021051205000855,NICLBSL,1,56,10,1777.0,17770.0
2021051205000854,NICLBSL,1,38,10,1777.0,17770.0
2021051205000852,NICLBSL,14,57,11,1776.0,19536.0
2021051205000865,NICLBSL,43,56,10,1777.0,17770.0
2021051205000864,NICLBSL,43,38,10,1777.0,17770.0
2021051205000863,NICLBSL,43,38,10,1777.0,17770.0
2021051205000862,NICLBSL,43,38,10,1777.0,17770.0
2021051205000861,NICLBSL,43,56,10,1777.0,17770.0
2021051205000860,NICLBSL,5,57,10,1777.0,17770.0
2021051205000874,NICLBSL,59,37,10,1778.0,17780.0
2021051205000873,NICLBSL,59,38,10,1778.0,17780.0
2021051205000872,NICLBSL,38,38,10,1777.0,17770.0
2021051205000871,NICLBSL,49,10,10,1777.0,17770.0
2021051205000869,NICLBSL,38,47,10,1778.0,17780.0
2021051205000866,NICLBSL,55,42,10,1777.0,17770.0
2021051205000880,NICLBSL,5,37,10,1778.0,17780.0
2021051205000879,NICLBSL,38,41,40,1777.0,71080.0
2021051205000878,NICLBSL,38,38,10,1777.0,17770.0
2021051205000877,NICLBSL,5,50,10,1779.0,17790.0
2021051205000876,NICLBSL,5,58,100,1778.0,177800.0
2021051205000875,NICLBSL,59,42,10,1778.0,17780.0
2021051205000886,NICLBSL,38,38,10,1777.0,17770.0
2021051205000885,NICLBSL,38,38,10,1777.0,17770.0
2021051205000884,NICLBSL,5,32,10,1780.0,17800.0
2021051205000883,NICLBSL,5,44,20,1780.0,35600.0
2021051205000882,NICLBSL,5,32,61,1780.0,108580.0
2021051205000881,NICLBSL,5,34,10,1780.0,17800.0
2021051205000893,NICLBSL,5,38,10,1777.0,17770.0
2021051205000891,NICLBSL,29,58,211,1776.0,374736.0
2021051205000890,NICLBSL,14,58,19,1776.0,33744.0
2021051205000889,NICLBSL,17,58,50,1777.0,88850.0
2021051205000888,NICLBSL,38,58,20,1777.0,35540.0
2021051205000887,NICLBSL,35,58,200,1777.0,355400.0
2021051205000899,NICLBSL,5,38,10,1780.0,17800.0
2021051205000898,NICLBSL,5,13,10,1780.0,17800.0
2021051205000897,NICLBSL,5,43,10,1780.0,17800.0
2021051205000896,NICLBSL,5,1,10,1780.0,17800.0
2021051205000895,NICLBSL,5,58,10,1780.0,17800.0
2021051205000894,NICLBSL,5,14,10,1780.0,17800.0
2021051205000906,NICLBSL,51,59,20,1780.0,35600.0
2021051205000905,NICLBSL,51,38,10,1780.0,17800.0
2021051205000904,NICLBSL,53,34,10,1781.0,17810.0
2021051205000902,NICLBSL,51,39,10,1780.0,17800.0
2021051205000901,NICLBSL,51,34,10,1780.0,17800.0
2021051205000900,NICLBSL,5,34,41,1780.0,72980.0
2021051205000913,NICLBSL,5,55,10,1780.0,17800.0
2021051205000911,NICLBSL,5,26,10,1780.0,17800.0
2021051205000910,NICLBSL,49,38,10,1781.0,17810.0
2021051205000909,NICLBSL,5,34,30,1780.0,53400.0
2021051205000908,NICLBSL,5,34,111,1780.0,197580.0
2021051205000907,NICLBSL,51,34,100,1780.0,178000.0
2021051205000921,NICLBSL,14,38,10,1780.0,17800.0
2021051205000920,NICLBSL,14,29,10,1780.0,17800.0
2021051205000918,NICLBSL,49,20,10,1779.0,17790.0
2021051205000916,NICLBSL,17,29,10,1778.0,17780.0
2021051205000915,NICLBSL,17,45,39,1778.0,69342.0
2021051205000914,NICLBSL,5,45,61,1780.0,108580.0
2021051205000931,NICLBSL,49,6,10,1779.0,17790.0
2021051205000928,NICLBSL,49,22,10,1779.0,17790.0
2021051205000927,NICLBSL,14,50,10,1780.0,17800.0
2021051205000926,NICLBSL,14,17,10,1780.0,17800.0
2021051205000925,NICLBSL,49,38,10,1779.0,17790.0
2021051205000922,NICLBSL,14,17,90,1780.0,160200.0
2021051205000939,NICLBSL,58,42,10,1779.0,17790.0
2021051205000937,NICLBSL,58,26,10,1779.0,17790.0
2021051205000936,NICLBSL,58,13,10,1779.0,17790.0
2021051205000935,NICLBSL,58,26,10,1779.0,17790.0
2021051205000934,NICLBSL,52,41,10,1779.0,17790.0
2021051205000932,NICLBSL,49,26,10,1779.0,17790.0
2021051205000951,NICLBSL,51,38,10,1779.0,17790.0
2021051205000950,NICLBSL,17,39,10,1778.0,17780.0
2021051205000949,NICLBSL,17,48,10,1778.0,17780.0
2021051205000948,NICLBSL,58,26,10,1779.0,17790.0
2021051205000947,NICLBSL,58,13,20,1779.0,35580.0
2021051205000946,NICLBSL,58,29,30,1779.0,53370.0
2021051205000961,NICLBSL,14,55,15,1780.0,26700.0
2021051205000960,NICLBSL,14,32,20,1780.0,35600.0
2021051205000958,NICLBSL,52,32,20,1780.0,35600.0
2021051205000957,NICLBSL,5,44,20,1779.0,35580.0
2021051205000956,NICLBSL,17,26,10,1778.0,17780.0
2021051205000952,NICLBSL,17,44,10,1778.0,17780.0
2021051205000970,NICLBSL,5,38,20,1779.0,35580.0
2021051205000968,NICLBSL,5,36,10,1779.0,17790.0
2021051205000967,NICLBSL,5,16,10,1779.0,17790.0
2021051205000966,NICLBSL,5,14,34,1779.0,60486.0
2021051205000964,NICLBSL,14,58,10,1780.0,17800.0
2021051205000962,NICLBSL,14,5,10,1780.0,17800.0
2021051205000976,NICLBSL,14,13,10,1779.0,17790.0
2021051205000975,NICLBSL,14,55,10,1779.0,17790.0
2021051205000974,NICLBSL,14,8,10,1780.0,17800.0
2021051205000973,NICLBSL,14,54,10,1780.0,17800.0
2021051205000972,NICLBSL,14,6,10,1780.0,17800.0
2021051205000971,NICLBSL,14,52,10,1780.0,17800.0
2021051205000984,NICLBSL,14,5,40,1780.0,71200.0
2021051205000983,NICLBSL,36,6,10,1780.0,17800.0
2021051205000982,NICLBSL,36,58,10,1780.0,17800.0
2021051205000980,NICLBSL,36,14,10,1780.0,17800.0
2021051205000979,NICLBSL,36,58,10,1780.0,17800.0
2021051205000977,NICLBSL,36,38,10,1780.0,17800.0
2021051205000991,NICLBSL,14,19,50,1782.0,89100.0
2021051205000990,NICLBSL,39,36,10,1780.0,17800.0
2021051205000988,NICLBSL,39,58,10,1780.0,17800.0
2021051205000987,NICLBSL,14,19,250,1782.0,445500.0
2021051205000986,NICLBSL,14,32,10,1781.0,17810.0
2021051205000985,NICLBSL,14,33,10,1781.0,17810.0
2021051205000998,NICLBSL,39,58,10,1780.0,17800.0
2021051205000997,NICLBSL,39,58,10,1780.0,17800.0
2021051205000996,NICLBSL,14,42,10,1783.0,17830.0
2021051205000995,NICLBSL,14,20,170,1783.0,303110.0
2021051205000993,NICLBSL,17,20,140,1783.0,249620.0
2021051205000992,NICLBSL,17,26,10,1783.0,17830.0
2021051205001004,NICLBSL,14,36,10,1781.0,17810.0
2021051205001003,NICLBSL,14,36,10,1781.0,17810.0
2021051205001002,NICLBSL,14,10,10,1781.0,17810.0
2021051205001001,NICLBSL,14,48,20,1781.0,35620.0
2021051205001000,NICLBSL,14,10,10,1781.0,17810.0
2021051205000999,NICLBSL,14,5,40,1782.0,71280.0
2021051205001010,NICLBSL,14,48,10,1781.0,17810.0
2021051205001009,NICLBSL,14,36,10,1781.0,17810.0
2021051205001008,NICLBSL,14,36,10,1781.0,17810.0
2021051205001007,NICLBSL,14,36,10,1781.0,17810.0
2021051205001006,NICLBSL,14,36,10,1781.0,17810.0
2021051205001005,NICLBSL,14,36,10,1781.0,17810.0
2021051205001016,NICLBSL,14,36,10,1781.0,17810.0
2021051205001015,NICLBSL,14,13,20,1781.0,35620.0
2021051205001014,NICLBSL,39,34,10,1780.0,17800.0
2021051205001013,NICLBSL,39,36,10,1780.0,17800.0
2021051205001012,NICLBSL,39,29,10,1780.0,17800.0
2021051205001011,NICLBSL,39,10,10,1780.0,17800.0
2021051205001022,NICLBSL,14,38,10,1779.0,17790.0
2021051205001021,NICLBSL,14,10,10,1779.0,17790.0
2021051205001020,NICLBSL,14,36,10,1779.0,17790.0
2021051205001019,NICLBSL,39,34,120,1780.0,213600.0
2021051205001018,NICLBSL,14,6,10,1781.0,17810.0
2021051205001017,NICLBSL,14,39,10,1781.0,17810.0
2021051205001029,NICLBSL,5,1,10,1779.0,17790.0
2021051205001028,NICLBSL,14,10,10,1779.0,17790.0
2021051205001027,NICLBSL,14,36,10,1779.0,17790.0
2021051205001026,NICLBSL,14,36,10,1779.0,17790.0
2021051205001024,NICLBSL,14,36,10,1779.0,17790.0
2021051205001023,NICLBSL,14,6,10,1779.0,17790.0
2021051205001035,NICLBSL,5,36,10,1780.0,17800.0
2021051205001034,NICLBSL,5,21,10,1780.0,17800.0
2021051205001033,NICLBSL,5,36,10,1780.0,17800.0
2021051205001032,NICLBSL,5,36,10,1780.0,17800.0
2021051205001031,NICLBSL,5,32,10,1780.0,17800.0
2021051205001030,NICLBSL,5,34,40,1780.0,71200.0
2021051205001041,NICLBSL,19,39,18,1779.0,32022.0
2021051205001040,NICLBSL,5,39,60,1779.0,106740.0
2021051205001039,NICLBSL,5,1,10,1779.0,17790.0
2021051205001038,NICLBSL,5,36,10,1779.0,17790.0
2021051205001037,NICLBSL,5,1,10,1779.0,17790.0
2021051205001036,NICLBSL,5,36,10,1780.0,17800.0
2021051205001057,NICLBSL,14,8,10,1778.0,17780.0
2021051205001056,NICLBSL,14,10,10,1778.0,17780.0
2021051205001053,NICLBSL,14,36,10,1778.0,17780.0
2021051205001052,NICLBSL,14,8,10,1778.0,17780.0
2021051205001051,NICLBSL,17,10,10,1778.0,17780.0
2021051205001042,NICLBSL,45,39,50,1779.0,88950.0
2021051205001065,NICLBSL,57,48,20,1777.0,35540.0
2021051205001063,NICLBSL,57,39,17,1777.0,30209.0
2021051205001062,NICLBSL,33,39,20,1777.0,35540.0
2021051205001061,NICLBSL,38,39,235,1777.0,417595.0
2021051205001059,NICLBSL,55,39,50,1778.0,88900.0
2021051205001058,NICLBSL,14,39,160,1778.0,284480.0
2021051205001078,NICLBSL,8,8,10,1779.0,17790.0
2021051205001073,NICLBSL,39,38,10,1778.0,17780.0
2021051205001072,NICLBSL,39,42,10,1778.0,17780.0
2021051205001071,NICLBSL,39,36,10,1778.0,17780.0
2021051205001067,NICLBSL,39,58,10,1778.0,17780.0
2021051205001066,NICLBSL,57,53,10,1777.0,17770.0
2021051205001087,NICLBSL,47,49,10,1778.0,17780.0
2021051205001086,NICLBSL,17,49,20,1778.0,35560.0
2021051205001083,NICLBSL,57,22,10,1777.0,17770.0
2021051205001082,NICLBSL,57,44,10,1777.0,17770.0
2021051205001081,NICLBSL,57,34,149,1777.0,264773.0
2021051205001080,NICLBSL,57,44,20,1777.0,35540.0
2021051205001096,NICLBSL,52,38,20,1775.0,35500.0
2021051205001094,NICLBSL,52,22,10,1775.0,17750.0
2021051205001093,NICLBSL,58,56,10,1775.0,17750.0
2021051205001092,NICLBSL,58,44,10,1775.0,17750.0
2021051205001091,NICLBSL,29,49,292,1776.0,518592.0
2021051205001088,NICLBSL,57,49,14,1777.0,24878.0
2021051205001103,NICLBSL,55,49,10,1772.0,17720.0
2021051205001102,NICLBSL,51,49,10,1772.0,17720.0
2021051205001100,NICLBSL,51,22,10,1772.0,17720.0
2021051205001099,NICLBSL,42,49,10,1773.0,17730.0
2021051205001098,NICLBSL,53,16,10,1775.0,17750.0
2021051205001097,NICLBSL,53,38,10,1775.0,17750.0
2021051205001109,NICLBSL,14,56,10,1772.0,17720.0
2021051205001108,NICLBSL,14,54,30,1779.0,53370.0
2021051205001107,NICLBSL,14,49,10,1777.0,17770.0
2021051205001106,NICLBSL,14,48,10,1776.0,17760.0
2021051205001105,NICLBSL,14,29,20,1772.0,35440.0
2021051205001104,NICLBSL,14,49,155,1772.0,274660.0
2021051205001116,NICLBSL,46,58,20,1772.0,35440.0
2021051205001115,NICLBSL,47,58,10,1778.0,17780.0
2021051205001114,NICLBSL,47,54,10,1779.0,17790.0
2021051205001112,NICLBSL,46,50,80,1772.0,141760.0
2021051205001111,NICLBSL,55,50,20,1772.0,35440.0
2021051205001110,NICLBSL,14,47,10,1772.0,17720.0
2021051205001122,NICLBSL,49,49,100,1770.0,177000.0
2021051205001121,NICLBSL,43,49,100,1771.0,177100.0
2021051205001120,NICLBSL,38,49,20,1771.0,35420.0
2021051205001119,NICLBSL,53,49,10,1772.0,17720.0
2021051205001118,NICLBSL,38,58,180,1771.0,318780.0
2021051205001117,NICLBSL,55,58,100,1772.0,177200.0
2021051205001131,NICLBSL,14,52,10,1770.0,17700.0
2021051205001130,NICLBSL,14,51,10,1770.0,17700.0
2021051205001128,NICLBSL,14,59,10,1770.0,17700.0
2021051205001125,NICLBSL,14,49,16,1770.0,28320.0
2021051205001124,NICLBSL,52,49,50,1770.0,88500.0
2021051205001123,NICLBSL,41,49,20,1770.0,35400.0
2021051205001137,NICLBSL,54,34,10,1770.0,17700.0
2021051205001136,NICLBSL,41,34,10,1770.0,17700.0
2021051205001135,NICLBSL,50,34,70,1770.0,123900.0
2021051205001134,NICLBSL,50,44,10,1770.0,17700.0
2021051205001133,NICLBSL,50,44,10,1770.0,17700.0
2021051205001132,NICLBSL,50,38,10,1770.0,17700.0
2021051205001144,NICLBSL,58,50,10,1770.0,17700.0
2021051205001142,NICLBSL,50,34,10,1770.0,17700.0
2021051205001141,NICLBSL,10,34,20,1770.0,35400.0
2021051205001140,NICLBSL,45,34,60,1770.0,106200.0
2021051205001139,NICLBSL,21,34,90,1770.0,159300.0
2021051205001138,NICLBSL,46,34,30,1770.0,53100.0
2021051205001164,NICLBSL,17,8,15,1766.0,26490.0
2021051205001160,NICLBSL,17,58,10,1766.0,17660.0
2021051205001159,NICLBSL,14,58,10,1766.0,17660.0
2021051205001155,NICLBSL,14,18,10,1766.0,17660.0
2021051205001150,NICLBSL,38,36,10,1770.0,17700.0
2021051205001146,NICLBSL,42,36,100,1770.0,177000.0
2021051205001175,NICLBSL,42,58,10,1766.0,17660.0
2021051205001174,NICLBSL,58,38,20,1767.0,35340.0
2021051205001172,NICLBSL,42,44,10,1766.0,17660.0
2021051205001170,NICLBSL,21,44,10,1766.0,17660.0
2021051205001169,NICLBSL,21,1,30,1766.0,52980.0
2021051205001168,NICLBSL,21,29,25,1766.0,44150.0
2021051205001184,NICLBSL,17,49,10,1770.0,17700.0
2021051205001183,NICLBSL,3,21,10,1767.0,17670.0
2021051205001182,NICLBSL,55,21,10,1768.0,17680.0
2021051205001181,NICLBSL,38,49,10,1770.0,17700.0
2021051205001180,NICLBSL,38,36,240,1770.0,424800.0
2021051205001177,NICLBSL,55,32,10,1768.0,17680.0
2021051205001192,NICLBSL,17,46,10,1773.0,17730.0
2021051205001191,NICLBSL,17,59,10,1770.0,17700.0
2021051205001189,NICLBSL,55,44,10,1767.0,17670.0
2021051205001188,NICLBSL,3,11,30,1767.0,53010.0
2021051205001186,NICLBSL,3,44,10,1767.0,17670.0
2021051205001185,NICLBSL,17,42,10,1770.0,17700.0
2021051205001200,NICLBSL,5,42,10,1770.0,17700.0
2021051205001199,NICLBSL,5,54,10,1770.0,17700.0
2021051205001198,NICLBSL,42,32,10,1766.0,17660.0
2021051205001195,NICLBSL,42,36,10,1766.0,17660.0
2021051205001194,NICLBSL,5,54,100,1770.0,177000.0
2021051205001193,NICLBSL,42,44,10,1766.0,17660.0
2021051205001211,NICLBSL,41,33,10,1770.0,17700.0
2021051205001209,NICLBSL,5,17,20,1770.0,35400.0
2021051205001208,NICLBSL,5,44,20,1770.0,35400.0
2021051205001206,NICLBSL,5,58,20,1770.0,35400.0
2021051205001204,NICLBSL,5,56,10,1770.0,17700.0
2021051205001203,NICLBSL,5,35,10,1770.0,17700.0
2021051205001220,NICLBSL,38,17,19,1771.0,33649.0
2021051205001218,NICLBSL,38,21,10,1771.0,17710.0
2021051205001216,NICLBSL,8,45,20,1770.0,35400.0
2021051205001214,NICLBSL,50,17,21,1772.0,37212.0
2021051205001213,NICLBSL,8,40,10,1770.0,17700.0
2021051205001212,NICLBSL,32,35,10,1770.0,17700.0
2021051205001233,NICLBSL,36,45,10,1770.0,17700.0
2021051205001232,NICLBSL,36,49,10,1770.0,17700.0
2021051205001227,NICLBSL,36,46,50,1770.0,88500.0
2021051205001226,NICLBSL,36,38,130,1770.0,230100.0
2021051205001225,NICLBSL,8,38,70,1770.0,123900.0
2021051205001221,NICLBSL,13,34,19,1771.0,33649.0
2021051205001254,NICLBSL,49,44,10,1771.0,17710.0
2021051205001253,NICLBSL,49,21,10,1771.0,17710.0
2021051205001251,NICLBSL,36,13,10,1770.0,17700.0
2021051205001250,NICLBSL,14,34,81,1771.0,143451.0
2021051205001244,NICLBSL,44,34,400,1771.0,708400.0
2021051205001236,NICLBSL,36,10,10,1770.0,17700.0
2021051205001260,NICLBSL,29,34,23,1771.0,40733.0
2021051205001259,NICLBSL,29,21,10,1771.0,17710.0
2021051205001258,NICLBSL,56,34,10,1773.0,17730.0
2021051205001257,NICLBSL,56,1,10,1773.0,17730.0
2021051205001256,NICLBSL,56,36,10,1773.0,17730.0
2021051205001255,NICLBSL,56,46,10,1773.0,17730.0
2021051205001268,NICLBSL,21,58,10,1772.0,17720.0
2021051205001267,NICLBSL,21,56,45,1772.0,79740.0
2021051205001266,NICLBSL,14,56,20,1773.0,35460.0
2021051205001264,NICLBSL,14,34,144,1773.0,255312.0
2021051205001263,NICLBSL,47,34,20,1773.0,35460.0
2021051205001262,NICLBSL,21,19,50,1772.0,88600.0
2021051205001276,NICLBSL,21,36,105,1772.0,186060.0
2021051205001275,NICLBSL,21,52,10,1772.0,17720.0
2021051205001274,NICLBSL,59,37,10,1774.0,17740.0
2021051205001271,NICLBSL,21,32,10,1772.0,17720.0
2021051205001270,NICLBSL,21,33,70,1772.0,124040.0
2021051205001269,NICLBSL,33,33,30,1773.0,53190.0
2021051205001282,NICLBSL,18,13,10,1773.0,17730.0
2021051205001281,NICLBSL,19,36,45,1772.0,79740.0
2021051205001280,NICLBSL,57,36,20,1772.0,35440.0
2021051205001279,NICLBSL,49,36,50,1772.0,88600.0
2021051205001278,NICLBSL,19,36,200,1772.0,354400.0
2021051205001277,NICLBSL,35,36,30,1772.0,53160.0
2021051205001290,NICLBSL,7,58,10,1773.0,17730.0
2021051205001289,NICLBSL,19,44,10,1772.0,17720.0
2021051205001286,NICLBSL,21,59,10,1773.0,17730.0
2021051205001285,NICLBSL,19,25,21,1773.0,37233.0
2021051205001284,NICLBSL,18,25,20,1773.0,35460.0
2021051205001283,NICLBSL,18,58,20,1773.0,35460.0
2021051205001298,NICLBSL,49,35,300,1774.0,532200.0
2021051205001296,NICLBSL,59,35,10,1774.0,17740.0
2021051205001294,NICLBSL,19,45,10,1772.0,17720.0
2021051205001293,NICLBSL,19,28,10,1772.0,17720.0
2021051205001292,NICLBSL,19,57,20,1772.0,35440.0
2021051205001291,NICLBSL,19,13,10,1772.0,17720.0
2021051205001261,RURU,58,33,10,728.0,7280.0
2021051205001207,RURU,58,29,10,728.0,7280.0
2021051205001196,RURU,58,38,10,728.0,7280.0
2021051205001127,RURU,47,47,5,726.0,3630.0
2021051205001126,RURU,47,47,5,726.0,3630.0
2021051205001095,RURU,58,44,10,728.0,7280.0
2021051205000965,RURU,58,58,10,728.0,7280.0
2021051205000940,RURU,58,26,10,728.0,7280.0
2021051205000809,RURU,58,6,10,728.0,7280.0
2021051205000801,MLBSL,43,48,10,4666.0,46660.0
2021051205000800,MLBSL,43,53,10,4670.0,46700.0
2021051205000799,MLBSL,43,47,400,4670.0,1868000.0
2021051205000798,MLBSL,43,26,100,4669.0,466900.0
2021051205000796,MLBSL,43,34,10,4666.0,46660.0
2021051205000795,MLBSL,56,8,10,4664.0,46640.0
2021051205000316,MLBSL,57,21,10,4662.0,46620.0
2021051205000313,MLBSL,13,40,20,4666.0,93320.0
2021051205000341,MLBSL,44,38,10,4662.0,46620.0
2021051205000340,MLBSL,45,56,10,4662.0,46620.0
2021051205000338,MLBSL,47,32,10,4685.0,46850.0
2021051205000328,MLBSL,35,6,10,4662.0,46620.0
2021051205000322,MLBSL,35,21,10,4662.0,46620.0
2021051205000321,MLBSL,57,40,10,4666.0,46660.0
2021051205000363,MLBSL,26,49,10,4657.0,46570.0
2021051205000361,MLBSL,26,56,10,4657.0,46570.0
2021051205000359,MLBSL,49,50,10,4662.0,46620.0
2021051205000356,MLBSL,55,49,10,4662.0,46620.0
2021051205000355,MLBSL,48,57,10,4662.0,46620.0
2021051205000343,MLBSL,57,50,10,4660.0,46600.0
2021051205000390,MLBSL,7,33,10,4661.0,46610.0
2021051205000388,MLBSL,59,7,10,4661.0,46610.0
2021051205000379,MLBSL,59,21,10,4660.0,46600.0
2021051205000377,MLBSL,57,42,10,4661.0,46610.0
2021051205000373,MLBSL,53,59,10,4661.0,46610.0
2021051205000365,MLBSL,26,50,10,4657.0,46570.0
2021051205000397,MLBSL,4,17,10,4665.0,46650.0
2021051205000395,MLBSL,34,33,30,4656.0,139680.0
2021051205000394,MLBSL,57,33,10,4657.0,46570.0
2021051205000393,MLBSL,57,33,20,4658.0,93160.0
2021051205000392,MLBSL,49,33,10,4660.0,46600.0
2021051205000391,MLBSL,36,33,10,4660.0,46600.0
2021051205000408,MLBSL,34,39,10,4676.0,46760.0
2021051205000407,MLBSL,34,45,10,4676.0,46760.0
2021051205000406,MLBSL,34,7,10,4676.0,46760.0
2021051205000405,MLBSL,34,11,10,4670.0,46700.0
2021051205000404,MLBSL,34,59,10,4670.0,46700.0
2021051205000403,MLBSL,34,8,10,4668.0,46680.0
2021051205000436,MLBSL,58,47,10,4670.0,46700.0
2021051205000435,MLBSL,57,58,10,4659.0,46590.0
2021051205000432,MLBSL,45,58,10,4660.0,46600.0
2021051205000429,MLBSL,45,29,10,4660.0,46600.0
2021051205000420,MLBSL,34,45,10,4661.0,46610.0
2021051205000416,MLBSL,59,42,10,4668.0,46680.0
2021051205000444,MLBSL,48,44,10,4687.0,46870.0
2021051205000443,MLBSL,48,47,10,4676.0,46760.0
2021051205000442,MLBSL,48,53,10,4675.0,46750.0
2021051205000441,MLBSL,48,11,10,4675.0,46750.0
2021051205000440,MLBSL,48,6,10,4674.0,46740.0
2021051205000437,MLBSL,34,58,10,4660.0,46600.0
2021051205000472,MLBSL,56,38,10,4660.0,46600.0
2021051205000461,MLBSL,56,53,10,4660.0,46600.0
2021051205000456,MLBSL,34,11,10,4660.0,46600.0
2021051205000451,MLBSL,34,58,10,4660.0,46600.0
2021051205000449,MLBSL,34,58,10,4660.0,46600.0
2021051205000446,MLBSL,34,58,10,4660.0,46600.0
2021051205000486,MLBSL,34,48,10,4670.0,46700.0
2021051205000484,MLBSL,34,45,10,4670.0,46700.0
2021051205000479,MLBSL,41,25,10,4666.0,46660.0
2021051205000478,MLBSL,13,41,20,4673.0,93460.0
2021051205000475,MLBSL,34,25,10,4661.0,46610.0
2021051205000474,MLBSL,44,48,10,4661.0,46610.0
2021051205000524,MLBSL,57,52,10,4687.0,46870.0
2021051205000517,MLBSL,43,35,10,4686.0,46860.0
2021051205000502,MLBSL,21,58,10,4672.0,46720.0
2021051205000498,MLBSL,59,52,10,4672.0,46720.0
2021051205000489,MLBSL,34,6,10,4672.0,46720.0
2021051205000488,MLBSL,13,43,10,4685.0,46850.0
2021051205000556,MLBSL,6,34,10,4690.0,46900.0
2021051205000555,MLBSL,6,4,10,4690.0,46900.0
2021051205000554,MLBSL,6,40,10,4690.0,46900.0
2021051205000550,MLBSL,49,21,10,4685.0,46850.0
2021051205000539,MLBSL,34,34,10,4680.0,46800.0
2021051205000526,MLBSL,34,51,10,4686.0,46860.0
2021051205000586,MLBSL,38,45,35,4680.0,163800.0
2021051205000585,MLBSL,38,45,75,4680.0,351000.0
2021051205000584,MLBSL,19,45,20,4681.0,93620.0
2021051205000583,MLBSL,42,45,50,4685.0,234250.0
2021051205000582,MLBSL,34,45,80,4686.0,374880.0
2021051205000578,MLBSL,34,50,10,4686.0,46860.0
2021051205000597,MLBSL,34,53,10,4678.0,46780.0
2021051205000594,MLBSL,41,34,10,4678.0,46780.0
2021051205000593,MLBSL,57,4,10,4687.0,46870.0
2021051205000591,MLBSL,57,41,10,4687.0,46870.0
2021051205000590,MLBSL,57,6,10,4687.0,46870.0
2021051205000587,MLBSL,57,58,10,4680.0,46800.0
2021051205000604,MLBSL,58,48,10,4670.0,46700.0
2021051205000603,MLBSL,51,48,10,4670.0,46700.0
2021051205000602,MLBSL,34,48,20,4670.0,93400.0
2021051205000601,MLBSL,3,48,20,4670.0,93400.0
2021051205000600,MLBSL,46,48,20,4675.0,93500.0
2021051205000599,MLBSL,52,48,10,4676.0,46760.0
2021051205000611,MLBSL,7,32,10,4676.0,46760.0
2021051205000610,MLBSL,7,48,40,4663.0,186520.0
2021051205000608,MLBSL,4,48,20,4663.0,93260.0
2021051205000607,MLBSL,29,48,100,4666.0,466600.0
2021051205000606,MLBSL,41,48,10,4666.0,46660.0
2021051205000605,MLBSL,50,48,40,4670.0,186800.0
2021051205000618,MLBSL,34,38,10,4663.0,46630.0
2021051205000616,MLBSL,7,32,10,4693.0,46930.0
2021051205000615,MLBSL,7,32,10,4693.0,46930.0
2021051205000614,MLBSL,7,1,10,4692.0,46920.0
2021051205000613,MLBSL,7,38,10,4690.0,46900.0
2021051205000612,MLBSL,7,17,10,4690.0,46900.0
2021051205000668,MLBSL,57,58,10,4668.0,46680.0
2021051205000655,MLBSL,52,58,5,4665.0,23325.0
2021051205000654,MLBSL,52,45,10,4665.0,46650.0
2021051205000646,MLBSL,34,6,10,4665.0,46650.0
2021051205000629,MLBSL,34,20,10,4665.0,46650.0
2021051205000628,MLBSL,34,29,10,4665.0,46650.0
2021051205000692,MLBSL,38,58,10,4666.0,46660.0
2021051205000677,MLBSL,34,58,10,4675.0,46750.0
2021051205000673,MLBSL,57,58,20,4668.0,93360.0
2021051205000671,MLBSL,34,34,10,4675.0,46750.0
2021051205000670,MLBSL,57,45,10,4668.0,46680.0
2021051205000669,MLBSL,57,44,10,4668.0,46680.0
2021051205000721,MLBSL,51,58,10,4666.0,46660.0
2021051205000720,MLBSL,48,1,10,4675.0,46750.0
2021051205000719,MLBSL,48,4,10,4670.0,46700.0
2021051205000718,MLBSL,48,40,10,4670.0,46700.0
2021051205000709,MLBSL,38,32,10,4675.0,46750.0
2021051205000693,MLBSL,7,6,10,4666.0,46660.0
2021051205000736,MLBSL,43,45,10,4680.0,46800.0
2021051205000735,MLBSL,43,4,10,4680.0,46800.0
2021051205000734,MLBSL,43,59,10,4675.0,46750.0
2021051205000733,MLBSL,43,46,10,4670.0,46700.0
2021051205000731,MLBSL,51,26,10,4666.0,46660.0
2021051205000728,MLBSL,4,56,10,4670.0,46700.0
2021051205000754,MLBSL,59,6,10,4666.0,46660.0
2021051205000752,MLBSL,41,26,10,4666.0,46660.0
2021051205000742,MLBSL,43,42,10,4665.0,46650.0
2021051205000739,MLBSL,49,42,10,4670.0,46700.0
2021051205000738,MLBSL,49,45,10,4670.0,46700.0
2021051205000737,MLBSL,43,17,10,4680.0,46800.0
2021051205000794,MLBSL,7,45,10,4665.0,46650.0
2021051205000793,MLBSL,43,45,40,4665.0,186600.0
2021051205000792,MLBSL,49,45,50,4666.0,233300.0
2021051205000789,MLBSL,34,52,10,4666.0,46660.0
2021051205000779,MLBSL,34,39,10,4666.0,46660.0
2021051205000765,MLBSL,6,34,10,4667.0,46670.0
2021051205000808,NICLBSL,47,42,10,1781.0,17810.0
2021051205000807,NICLBSL,25,35,30,1781.0,53430.0
2021051205000806,NICLBSL,58,35,70,1781.0,124670.0
2021051205000805,NICLBSL,51,35,20,1783.0,35660.0
2021051205000804,NICLBSL,17,35,10,1783.0,17830.0
2021051205000803,NICLBSL,16,35,20,1785.0,35700.0
2021051205000317,NICLBSL,45,17,10,1790.0,17900.0
2021051205000314,NICLBSL,43,39,20,1789.0,35780.0
2021051205000312,NICLBSL,43,42,10,1789.0,17890.0
2021051205000311,NICLBSL,59,11,10,1790.0,17900.0
2021051205000310,NICLBSL,59,58,10,1790.0,17900.0
2021051205000309,NICLBSL,59,42,10,1790.0,17900.0
2021051205000329,NICLBSL,45,42,10,1789.0,17890.0
2021051205000326,NICLBSL,45,39,10,1789.0,17890.0
2021051205000325,NICLBSL,43,38,10,1789.0,17890.0
2021051205000323,NICLBSL,43,20,10,1789.0,17890.0
2021051205000319,NICLBSL,43,49,10,1789.0,17890.0
2021051205000318,NICLBSL,43,39,10,1789.0,17890.0
2021051205000337,NICLBSL,45,55,20,1790.0,35800.0
2021051205000336,NICLBSL,45,43,10,1790.0,17900.0
2021051205000335,NICLBSL,58,41,10,1790.0,17900.0
2021051205000334,NICLBSL,58,37,10,1790.0,17900.0
2021051205000333,NICLBSL,58,37,10,1790.0,17900.0
2021051205000330,NICLBSL,45,35,50,1789.0,89450.0
2021051205000348,NICLBSL,29,25,10,1790.0,17900.0
2021051205000347,NICLBSL,29,37,10,1790.0,17900.0
2021051205000346,NICLBSL,29,51,100,1790.0,179000.0
2021051205000345,NICLBSL,29,37,10,1790.0,17900.0
2021051205000344,NICLBSL,45,47,30,1789.0,53670.0
2021051205000342,NICLBSL,45,55,10,1790.0,17900.0
2021051205000357,NICLBSL,29,37,10,1790.0,17900.0
2021051205000354,NICLBSL,29,14,81,1790.0,144990.0
2021051205000352,NICLBSL,29,37,20,1790.0,35800.0
2021051205000351,NICLBSL,29,46,50,1790.0,89500.0
2021051205000350,NICLBSL,29,29,25,1790.0,44750.0
2021051205000349,NICLBSL,29,37,10,1790.0,17900.0
2021051205000368,NICLBSL,29,41,10,1790.0,17900.0
2021051205000366,NICLBSL,29,58,20,1790.0,35800.0
2021051205000364,NICLBSL,29,48,10,1790.0,17900.0
2021051205000362,NICLBSL,29,37,10,1790.0,17900.0
2021051205000360,NICLBSL,29,37,10,1790.0,17900.0
2021051205000358,NICLBSL,29,37,10,1790.0,17900.0
2021051205000376,NICLBSL,8,59,10,1791.0,17910.0
2021051205000375,NICLBSL,37,58,10,1790.0,17900.0
2021051205000372,NICLBSL,37,57,50,1790.0,89500.0
2021051205000371,NICLBSL,37,58,10,1790.0,17900.0
2021051205000370,NICLBSL,6,58,10,1790.0,17900.0
2021051205000369,NICLBSL,29,1,104,1790.0,186160.0
2021051205000384,NICLBSL,35,47,10,1793.0,17930.0
2021051205000383,NICLBSL,37,34,10,1790.0,17900.0
2021051205000382,NICLBSL,37,16,10,1790.0,17900.0
2021051205000381,NICLBSL,37,48,10,1790.0,17900.0
2021051205000380,NICLBSL,11,59,10,1791.0,17910.0
2021051205000378,NICLBSL,37,48,10,1790.0,17900.0
2021051205000399,NICLBSL,11,53,10,1791.0,17910.0
2021051205000398,NICLBSL,37,42,10,1790.0,17900.0
2021051205000396,NICLBSL,11,22,10,1791.0,17910.0
2021051205000389,NICLBSL,33,45,10,1791.0,17910.0
2021051205000386,NICLBSL,33,58,10,1791.0,17910.0
2021051205000385,NICLBSL,35,45,30,1793.0,53790.0
2021051205000412,NICLBSL,6,42,10,1790.0,17900.0
2021051205000411,NICLBSL,6,45,40,1790.0,71600.0
2021051205000410,NICLBSL,37,45,30,1790.0,53700.0
2021051205000402,NICLBSL,37,19,30,1790.0,53700.0
2021051205000401,NICLBSL,37,36,10,1790.0,17900.0
2021051205000400,NICLBSL,37,51,10,1790.0,17900.0
2021051205000419,NICLBSL,6,48,881,1790.0,1576990.0
2021051205000418,NICLBSL,29,48,329,1791.0,589239.0
2021051205000417,NICLBSL,29,57,20,1791.0,35820.0
2021051205000415,NICLBSL,29,58,41,1791.0,73431.0
2021051205000414,NICLBSL,29,35,110,1791.0,197010.0
2021051205000413,NICLBSL,11,35,10,1791.0,17910.0
2021051205000427,NICLBSL,34,38,10,1789.0,17890.0
2021051205000425,NICLBSL,41,14,10,1790.0,17900.0
2021051205000424,NICLBSL,44,14,10,1790.0,17900.0
2021051205000423,NICLBSL,41,14,10,1790.0,17900.0
2021051205000422,NICLBSL,6,14,59,1790.0,105610.0
2021051205000421,NICLBSL,6,38,10,1790.0,17900.0
2021051205000438,NICLBSL,21,58,10,1790.0,17900.0
2021051205000434,NICLBSL,37,14,52,1788.0,92976.0
2021051205000433,NICLBSL,34,19,25,1789.0,44725.0
2021051205000431,NICLBSL,28,58,42,1790.0,75180.0
2021051205000430,NICLBSL,28,43,10,1790.0,17900.0
2021051205000428,NICLBSL,34,50,10,1789.0,17890.0
2021051205000452,NICLBSL,37,11,10,1788.0,17880.0
2021051205000450,NICLBSL,37,11,10,1788.0,17880.0
2021051205000448,NICLBSL,37,55,20,1788.0,35760.0
2021051205000447,NICLBSL,11,58,20,1790.0,35800.0
2021051205000445,NICLBSL,37,43,10,1788.0,17880.0
2021051205000439,NICLBSL,37,41,10,1788.0,17880.0
2021051205000459,NICLBSL,50,1,10,1788.0,17880.0
2021051205000458,NICLBSL,38,51,2,1788.0,3576.0
2021051205000457,NICLBSL,50,21,20,1788.0,35760.0
2021051205000455,NICLBSL,37,38,18,1788.0,32184.0
2021051205000454,NICLBSL,11,38,10,1789.0,17890.0
2021051205000453,NICLBSL,37,38,10,1788.0,17880.0
2021051205000467,NICLBSL,45,21,10,1788.0,17880.0
2021051205000466,NICLBSL,38,38,2,1788.0,3576.0
2021051205000465,NICLBSL,45,21,10,1788.0,17880.0
2021051205000464,NICLBSL,45,35,10,1788.0,17880.0
2021051205000462,NICLBSL,50,42,10,1788.0,17880.0
2021051205000460,NICLBSL,50,21,10,1788.0,17880.0
2021051205000476,NICLBSL,42,38,10,1788.0,17880.0
2021051205000473,NICLBSL,45,5,40,1788.0,71520.0
2021051205000471,NICLBSL,45,51,100,1788.0,178800.0
2021051205000470,NICLBSL,45,21,10,1788.0,17880.0
2021051205000469,NICLBSL,45,39,10,1788.0,17880.0
2021051205000468,NICLBSL,45,34,10,1788.0,17880.0
2021051205000485,NICLBSL,6,13,20,1788.0,35760.0
2021051205000483,NICLBSL,28,42,10,1787.0,17870.0
2021051205000482,NICLBSL,28,8,10,1787.0,17870.0
2021051205000481,NICLBSL,28,42,10,1787.0,17870.0
2021051205000480,NICLBSL,28,11,20,1787.0,35740.0
2021051205000477,NICLBSL,42,38,10,1788.0,17880.0
2021051205000494,NICLBSL,45,36,10,1788.0,17880.0
2021051205000493,NICLBSL,45,13,10,1788.0,17880.0
2021051205000492,NICLBSL,45,16,41,1788.0,73308.0
2021051205000491,NICLBSL,6,11,10,1788.0,17880.0
2021051205000490,NICLBSL,6,56,10,1788.0,17880.0
2021051205000487,NICLBSL,6,38,10,1788.0,17880.0
2021051205000501,NICLBSL,45,57,10,1788.0,17880.0
2021051205000500,NICLBSL,45,56,20,1788.0,35760.0
2021051205000499,NICLBSL,45,57,20,1788.0,35760.0
2021051205000497,NICLBSL,45,16,41,1788.0,73308.0
2021051205000496,NICLBSL,50,7,10,1789.0,17890.0
2021051205000495,NICLBSL,45,45,12,1788.0,21456.0
2021051205000508,NICLBSL,21,36,10,1788.0,17880.0
2021051205000507,NICLBSL,45,42,6,1788.0,10728.0
2021051205000506,NICLBSL,45,47,10,1788.0,17880.0
2021051205000505,NICLBSL,45,34,10,1788.0,17880.0
2021051205000504,NICLBSL,45,57,10,1788.0,17880.0
2021051205000503,NICLBSL,32,53,10,1790.0,17900.0
2021051205000516,NICLBSL,58,8,10,1789.0,17890.0
2021051205000515,NICLBSL,29,47,10,1788.0,17880.0
2021051205000513,NICLBSL,29,16,41,1788.0,73308.0
2021051205000512,NICLBSL,29,8,20,1788.0,35760.0
2021051205000511,NICLBSL,29,16,21,1788.0,37548.0
2021051205000509,NICLBSL,11,16,20,1788.0,35760.0
2021051205000523,NICLBSL,58,44,10,1789.0,17890.0
2021051205000522,NICLBSL,32,38,10,1790.0,17900.0
2021051205000521,NICLBSL,32,41,10,1790.0,17900.0
2021051205000520,NICLBSL,32,53,30,1790.0,53700.0
2021051205000519,NICLBSL,32,45,50,1790.0,89500.0
2021051205000518,NICLBSL,58,28,10,1789.0,17890.0
2021051205000531,NICLBSL,25,16,40,1790.0,71600.0
2021051205000530,NICLBSL,25,36,20,1790.0,35800.0
2021051205000529,NICLBSL,25,36,10,1790.0,17900.0
2021051205000528,NICLBSL,25,36,10,1790.0,17900.0
2021051205000527,NICLBSL,58,36,10,1789.0,17890.0
2021051205000525,NICLBSL,58,29,10,1789.0,17890.0
2021051205000537,NICLBSL,25,10,10,1790.0,17900.0
2021051205000536,NICLBSL,25,25,10,1790.0,17900.0
2021051205000535,NICLBSL,25,39,10,1790.0,17900.0
2021051205000534,NICLBSL,25,34,10,1790.0,17900.0
2021051205000533,NICLBSL,25,52,20,1790.0,35800.0
2021051205000532,NICLBSL,25,36,10,1790.0,17900.0
2021051205000544,NICLBSL,25,36,10,1790.0,17900.0
2021051205000543,NICLBSL,25,44,10,1790.0,17900.0
2021051205000542,NICLBSL,25,44,10,1790.0,17900.0
2021051205000541,NICLBSL,25,44,10,1790.0,17900.0
2021051205000540,NICLBSL,25,44,10,1790.0,17900.0
2021051205000538,NICLBSL,25,44,10,1790.0,17900.0
2021051205000551,NICLBSL,25,52,10,1790.0,17900.0
2021051205000549,NICLBSL,25,36,20,1790.0,35800.0
2021051205000548,NICLBSL,25,44,10,1790.0,17900.0
2021051205000547,NICLBSL,25,44,10,1790.0,17900.0
2021051205000546,NICLBSL,25,44,10,1790.0,17900.0
2021051205000545,NICLBSL,25,44,10,1790.0,17900.0
2021051205000560,NICLBSL,41,25,10,1791.0,17910.0
2021051205000559,NICLBSL,56,21,10,1791.0,17910.0
2021051205000558,NICLBSL,56,20,30,1791.0,53730.0
2021051205000557,NICLBSL,25,44,10,1790.0,17900.0
2021051205000553,NICLBSL,25,51,50,1790.0,89500.0
2021051205000552,NICLBSL,25,5,20,1790.0,35800.0
2021051205000566,NICLBSL,25,7,10,1790.0,17900.0
2021051205000565,NICLBSL,25,10,10,1790.0,17900.0
2021051205000564,NICLBSL,25,7,20,1790.0,35800.0
2021051205000563,NICLBSL,25,58,10,1790.0,17900.0
2021051205000562,NICLBSL,25,58,10,1790.0,17900.0
2021051205000561,NICLBSL,25,59,10,1790.0,17900.0
2021051205000573,NICLBSL,45,10,10,1790.0,17900.0
2021051205000572,NICLBSL,45,58,10,1790.0,17900.0
2021051205000571,NICLBSL,22,35,20,1790.0,35800.0
2021051205000570,NICLBSL,25,52,14,1790.0,25060.0
2021051205000568,NICLBSL,25,29,36,1790.0,64440.0
2021051205000567,NICLBSL,25,58,20,1790.0,35800.0
2021051205000580,NICLBSL,45,43,20,1790.0,35800.0
2021051205000579,NICLBSL,45,18,10,1790.0,17900.0
2021051205000577,NICLBSL,45,10,10,1790.0,17900.0
2021051205000576,NICLBSL,45,58,10,1790.0,17900.0
2021051205000575,NICLBSL,45,58,10,1790.0,17900.0
2021051205000574,NICLBSL,45,10,20,1790.0,35800.0
2021051205000598,NICLBSL,47,38,148,1790.0,264920.0
2021051205000596,NICLBSL,47,41,52,1790.0,93080.0
2021051205000595,NICLBSL,38,41,46,1790.0,82340.0
2021051205000592,NICLBSL,26,29,20,1791.0,35820.0
2021051205000588,NICLBSL,38,10,10,1790.0,17900.0
2021051205000581,NICLBSL,25,43,30,1790.0,53700.0
2021051205000623,NICLBSL,34,35,10,1790.0,17900.0
2021051205000622,NICLBSL,34,38,88,1790.0,157520.0
2021051205000621,NICLBSL,32,8,10,1789.0,17890.0
2021051205000620,NICLBSL,32,29,10,1789.0,17890.0
2021051205000619,NICLBSL,55,29,10,1789.0,17890.0
2021051205000609,NICLBSL,46,38,10,1790.0,17900.0
2021051205000631,NICLBSL,32,10,20,1789.0,35780.0
2021051205000630,NICLBSL,32,7,10,1789.0,17890.0
2021051205000627,NICLBSL,32,7,10,1789.0,17890.0
2021051205000626,NICLBSL,32,42,10,1789.0,17890.0
2021051205000625,NICLBSL,32,38,20,1789.0,35780.0
2021051205000624,NICLBSL,34,55,2,1790.0,3580.0
2021051205000637,NICLBSL,6,7,10,1789.0,17890.0
2021051205000636,NICLBSL,29,10,10,1788.0,17880.0
2021051205000635,NICLBSL,29,10,10,1788.0,17880.0
2021051205000634,NICLBSL,29,46,10,1788.0,17880.0
2021051205000633,NICLBSL,29,10,10,1788.0,17880.0
2021051205000632,NICLBSL,32,7,10,1789.0,17890.0
2021051205000643,NICLBSL,29,46,10,1788.0,17880.0
2021051205000642,NICLBSL,29,58,10,1788.0,17880.0
2021051205000641,NICLBSL,29,10,10,1788.0,17880.0
2021051205000640,NICLBSL,29,18,10,1788.0,17880.0
2021051205000639,NICLBSL,29,58,10,1788.0,17880.0
2021051205000638,NICLBSL,6,32,10,1789.0,17890.0
2021051205000650,NICLBSL,29,10,20,1788.0,35760.0
2021051205000649,NICLBSL,29,10,20,1788.0,35760.0
2021051205000648,NICLBSL,29,28,175,1788.0,312900.0
2021051205000647,NICLBSL,34,28,25,1789.0,44725.0
2021051205000645,NICLBSL,29,10,20,1788.0,35760.0
2021051205000644,NICLBSL,29,58,10,1788.0,17880.0
2021051205000658,NICLBSL,19,58,10,1788.0,17880.0
2021051205000657,NICLBSL,29,58,10,1788.0,17880.0
2021051205000656,NICLBSL,29,58,10,1788.0,17880.0
2021051205000653,NICLBSL,29,21,20,1788.0,35760.0
2021051205000652,NICLBSL,29,46,10,1788.0,17880.0
2021051205000651,NICLBSL,29,58,20,1788.0,35760.0
2021051205000664,NICLBSL,14,4,30,1786.0,53580.0
2021051205000663,NICLBSL,29,4,23,1787.0,41101.0
2021051205000662,NICLBSL,53,4,10,1787.0,17870.0
2021051205000661,NICLBSL,34,4,10,1787.0,17870.0
2021051205000660,NICLBSL,28,4,120,1787.0,214440.0
2021051205000659,NICLBSL,19,4,10,1788.0,17880.0
2021051205000675,NICLBSL,28,10,10,1786.0,17860.0
2021051205000674,NICLBSL,28,41,10,1786.0,17860.0
2021051205000672,NICLBSL,28,10,10,1786.0,17860.0
2021051205000667,NICLBSL,28,4,300,1786.0,535800.0
2021051205000666,NICLBSL,28,10,10,1786.0,17860.0
2021051205000665,NICLBSL,28,4,97,1786.0,173242.0
2021051205000682,NICLBSL,17,4,10,1785.0,17850.0
2021051205000681,NICLBSL,42,4,80,1785.0,142800.0
2021051205000680,NICLBSL,16,4,60,1786.0,107160.0
2021051205000679,NICLBSL,28,4,43,1786.0,76798.0
2021051205000678,NICLBSL,28,52,10,1786.0,17860.0
2021051205000676,NICLBSL,28,10,10,1786.0,17860.0
2021051205000689,NICLBSL,46,54,50,1783.0,89150.0
2021051205000688,NICLBSL,46,46,10,1783.0,17830.0
2021051205000687,NICLBSL,46,20,10,1783.0,17830.0
2021051205000686,NICLBSL,59,1,10,1784.0,17840.0
2021051205000685,NICLBSL,38,4,40,1785.0,71400.0
2021051205000684,NICLBSL,38,10,10,1785.0,17850.0
2021051205000698,NICLBSL,52,54,10,1780.0,17800.0
2021051205000697,NICLBSL,35,54,80,1781.0,142480.0
2021051205000696,NICLBSL,35,54,200,1781.0,356200.0
2021051205000695,NICLBSL,42,54,20,1782.0,35640.0
2021051205000694,NICLBSL,46,54,25,1783.0,44575.0
2021051205000690,NICLBSL,46,18,10,1783.0,17830.0
2021051205000704,NICLBSL,14,54,100,1780.0,178000.0
2021051205000703,NICLBSL,58,54,10,1780.0,17800.0
2021051205000702,NICLBSL,58,54,30,1780.0,53400.0
2021051205000701,NICLBSL,49,54,20,1780.0,35600.0
2021051205000700,NICLBSL,52,54,30,1780.0,53400.0
2021051205000699,NICLBSL,38,54,30,1780.0,53400.0
2021051205000711,NICLBSL,50,39,48,1780.0,85440.0
2021051205000710,NICLBSL,59,39,10,1781.0,17810.0
2021051205000708,NICLBSL,50,22,152,1780.0,270560.0
2021051205000707,NICLBSL,38,22,58,1780.0,103240.0
2021051205000706,NICLBSL,34,41,10,1781.0,17810.0
2021051205000705,NICLBSL,38,54,42,1780.0,74760.0
2021051205000717,NICLBSL,58,36,10,1781.0,17810.0
2021051205000716,NICLBSL,58,46,10,1781.0,17810.0
2021051205000715,NICLBSL,50,45,10,1783.0,17830.0
2021051205000714,NICLBSL,50,43,10,1783.0,17830.0
2021051205000713,NICLBSL,38,39,42,1780.0,74760.0
2021051205000712,NICLBSL,17,39,100,1780.0,178000.0
2021051205000729,NICLBSL,47,58,10,1785.0,17850.0
2021051205000727,NICLBSL,47,59,76,1785.0,135660.0
2021051205000725,NICLBSL,47,25,10,1785.0,17850.0
2021051205000724,NICLBSL,47,42,10,1785.0,17850.0
2021051205000723,NICLBSL,47,4,160,1785.0,285600.0
2021051205000722,NICLBSL,58,32,20,1781.0,35620.0
2021051205000745,NICLBSL,6,58,10,1785.0,17850.0
2021051205000743,NICLBSL,6,58,10,1785.0,17850.0
2021051205000741,NICLBSL,58,26,10,1781.0,17810.0
2021051205000740,NICLBSL,47,36,10,1785.0,17850.0
2021051205000732,NICLBSL,47,52,10,1785.0,17850.0
2021051205000730,NICLBSL,47,36,10,1785.0,17850.0
2021051205000751,NICLBSL,34,58,10,1785.0,17850.0
2021051205000750,NICLBSL,34,56,10,1785.0,17850.0
2021051205000749,NICLBSL,34,58,10,1785.0,17850.0
2021051205000748,NICLBSL,6,26,10,1785.0,17850.0
2021051205000747,NICLBSL,6,58,10,1785.0,17850.0
2021051205000746,NICLBSL,6,58,10,1785.0,17850.0
2021051205000760,NICLBSL,51,42,10,1787.0,17870.0
2021051205000759,NICLBSL,34,40,10,1785.0,17850.0
2021051205000757,NICLBSL,34,34,10,1785.0,17850.0
2021051205000756,NICLBSL,34,39,10,1785.0,17850.0
2021051205000755,NICLBSL,34,57,10,1785.0,17850.0
2021051205000753,NICLBSL,34,52,10,1785.0,17850.0
2021051205000767,NICLBSL,49,43,10,1786.0,17860.0
2021051205000766,NICLBSL,34,49,10,1785.0,17850.0
2021051205000764,NICLBSL,51,22,10,1788.0,17880.0
2021051205000763,NICLBSL,51,45,10,1788.0,17880.0
2021051205000762,NICLBSL,51,46,10,1788.0,17880.0
2021051205000761,NICLBSL,51,52,12,1787.0,21444.0
2021051205000773,NICLBSL,6,52,10,1790.0,17900.0
2021051205000772,NICLBSL,6,57,10,1790.0,17900.0
2021051205000771,NICLBSL,6,58,20,1790.0,35800.0
2021051205000770,NICLBSL,6,7,10,1790.0,17900.0
2021051205000769,NICLBSL,6,8,10,1790.0,17900.0
2021051205000768,NICLBSL,6,54,10,1789.0,17890.0
2021051205000780,NICLBSL,49,59,10,1787.0,17870.0
2021051205000778,NICLBSL,6,4,70,1790.0,125300.0
2021051205000777,NICLBSL,6,57,80,1790.0,143200.0
2021051205000776,NICLBSL,6,57,100,1790.0,179000.0
2021051205000775,NICLBSL,6,57,20,1790.0,35800.0
2021051205000774,NICLBSL,6,52,10,1790.0,17900.0
2021051205000786,NICLBSL,34,59,10,1785.0,17850.0
2021051205000785,NICLBSL,34,44,10,1785.0,17850.0
2021051205000784,NICLBSL,34,56,10,1785.0,17850.0
2021051205000783,NICLBSL,34,49,10,1785.0,17850.0
2021051205000782,NICLBSL,34,29,20,1785.0,35700.0
2021051205000781,NICLBSL,34,56,10,1785.0,17850.0
2021051205000802,NICLBSL,16,38,10,1785.0,17850.0
2021051205000797,NICLBSL,16,38,10,1785.0,17850.0
2021051205000791,NICLBSL,16,51,30,1785.0,53550.0
2021051205000790,NICLBSL,34,51,20,1785.0,35700.0
2021051205000788,NICLBSL,34,16,10,1785.0,17850.0
2021051205000787,NICLBSL,34,56,10,1785.0,17850.0
2021051205000758,RURU,58,39,10,728.0,7280.0
2021051205000744,RURU,58,14,10,728.0,7280.0
2021051205000726,RURU,58,42,10,728.0,7280.0
2021051205000691,RURU,58,44,10,728.0,7280.0
2021051205000683,RURU,58,44,10,728.0,7280.0
2021051205000617,RURU,58,52,10,728.0,7280.0
2021051205000332,RURU,58,38,10,728.0,7280.0
2021051205000331,RURU,58,39,10,728.0,7280.0
2021051205000327,RURU,58,39,10,728.0,7280.0
2021051205000324,RURU,58,39,10,728.0,7280.0
2021051205000320,RURU,58,39,10,728.0,7280.0
2021051205000315,RURU,58,32,10,728.0,7280.0
2021051205000409,RURU,58,48,10,728.0,7280.0
2021051205000387,RURU,58,8,10,728.0,7280.0
2021051205000374,RURU,58,48,10,728.0,7280.0
2021051205000367,RURU,58,25,10,728.0,7280.0
2021051205000353,RURU,58,49,10,728.0,7280.0
2021051205000339,RURU,58,39,10,728.0,7280.0
2021051205000589,RURU,58,45,10,728.0,7280.0
2021051205000569,RURU,58,45,10,728.0,7280.0
2021051205000514,RURU,58,52,10,728.0,7280.0
2021051205000510,RURU,58,45,10,728.0,7280.0
2021051205000463,RURU,58,47,10,728.0,7280.0
2021051205000426,RURU,58,49,10,728.0,7280.0
2021051204027074,AHPC,20,45,770,305.0,234850.0
2021051204027073,AHPC,20,45,30,305.0,9150.0
2021051204027072,AHPC,20,44,100,305.0,30500.0
2021051204027071,AHPC,20,45,100,304.0,30400.0
2021051204026923,AHPC,41,47,167,302.0,50434.0
2021051204026922,AHPC,10,47,50,302.0,15100.0
2021051204026921,AHPC,44,47,33,302.0,9966.0
2021051204026920,AHPC,41,47,50,302.0,15100.0
2021051204026919,AHPC,32,47,100,302.0,30200.0
2021051204027041,AKJCL,59,20,20,187.0,3740.0
2021051204026966,AKPL,28,39,200,353.0,70600.0
2021051204027033,API,32,41,998,314.0,313372.0
2021051204027032,API,32,39,300,314.0,94200.0
2021051204027031,API,32,49,320,314.0,100480.0
2021051204027030,API,32,49,"1,382",312.0,431184.0
2021051204027005,API,6,49,20,312.0,6240.0
2021051204026950,API,35,49,10,312.0,3120.0
2021051204026918,API,16,49,50,312.0,15600.0
2021051204027036,BARUN,42,50,300,283.0,84900.0
2021051204027017,BARUN,1,32,500,284.0,142000.0
2021051204026901,BPCL,59,29,865,413.0,357245.0
2021051204026900,BPCL,26,29,50,414.0,20700.0
2021051204026899,BPCL,42,29,50,414.0,20700.0
2021051204026898,BPCL,34,29,50,414.0,20700.0
2021051204026897,BPCL,29,29,50,414.0,20700.0
2021051204026896,BPCL,22,29,500,414.0,207000.0
2021051204026895,BPCL,45,29,20,414.0,8280.0
2021051204026894,BPCL,37,29,250,414.0,103500.0
2021051204026893,BPCL,41,29,40,414.0,16560.0
2021051204026892,BPCL,55,29,25,414.0,10350.0
2021051204027070,CGH,48,36,10,1850.0,18500.0
2021051204026932,CGH,48,6,10,1850.0,18500.0
2021051204026931,CGH,48,35,10,1850.0,18500.0
2021051204026930,CGH,48,4,10,1850.0,18500.0
2021051204026929,CGH,48,28,10,1850.0,18500.0
2021051204026928,CGH,48,5,30,1850.0,55500.0
2021051204026927,CGH,48,28,90,1850.0,166500.0
2021051204026934,CHL,34,7,99,353.0,34947.0
2021051204026933,CHL,34,1,51,353.0,18003.0
2021051204026903,CHL,34,1,100,353.0,35300.0
2021051204027046,EIC,19,21,45,728.0,32760.0
2021051204027044,GHL,6,35,200,196.0,39200.0
2021051204027051,GIC,49,45,10,710.0,7100.0
2021051204027028,GLH,39,58,20,393.0,7860.0
2021051204027027,GLH,22,58,30,394.0,11820.0
2021051204026978,GLH,22,5,10,394.0,3940.0
2021051204026977,GLH,22,57,10,394.0,3940.0
2021051204027080,HDHPC,40,25,55,190.0,10450.0
2021051204027079,HDHPC,40,48,"2,000",190.0,380000.0
2021051204027078,HDHPC,40,42,"2,945",190.0,559550.0
2021051204027043,HDHPC,55,33,100,189.0,18900.0
2021051204027042,HDHPC,48,33,100,189.0,18900.0
2021051204027035,HDHPC,48,32,200,189.0,37800.0
2021051204027034,HDHPC,33,32,300,189.0,56700.0
2021051204027026,HDHPC,33,14,200,189.0,37800.0
2021051204027013,HDHPC,59,42,500,190.0,95000.0
2021051204026989,HDHPC,42,42,50,190.0,9500.0
2021051204026916,HGI,7,40,20,702.0,14040.0
2021051204026915,HGI,42,40,200,702.0,140400.0
2021051204026914,HGI,25,40,100,702.0,70200.0
2021051204027068,HPPL,39,54,100,438.0,43800.0
2021051204027045,HPPL,6,54,305,438.0,133590.0
2021051204027011,HPPL,58,54,10,438.0,4380.0
2021051204026982,HPPL,26,54,50,438.0,21900.0
2021051204026981,HPPL,55,54,50,438.0,21900.0
2021051204026980,HPPL,14,54,50,438.0,21900.0
2021051204026948,HPPL,39,29,70,440.0,30800.0
2021051204026947,HPPL,39,49,30,439.0,13170.0
2021051204026904,HURJA,33,34,20,377.0,7540.0
2021051204026909,IGI,1,34,88,1128.0,99264.0
2021051204026908,IGI,58,34,50,1128.0,56400.0
2021051204026907,IGI,18,34,50,1128.0,56400.0
2021051204026906,IGI,36,34,20,1128.0,22560.0
2021051204026905,IGI,58,34,92,1128.0,103776.0
2021051204026964,JOSHI,17,40,40,184.0,7360.0
2021051204026963,JOSHI,34,40,10,184.0,1840.0
2021051204027066,KPCL,34,22,15,337.0,5055.0
2021051204027065,KPCL,34,1,10,337.0,3370.0
2021051204027064,KPCL,34,34,100,337.0,33700.0
2021051204027063,KPCL,34,34,175,337.0,58975.0
2021051204027029,KPCL,25,34,20,337.0,6740.0
2021051204027021,LEC,16,3,480,360.0,172800.0
2021051204027020,LEC,26,3,300,361.0,108300.0
2021051204027019,LEC,33,3,"1,000",362.0,362000.0
2021051204027018,LEC,33,3,10,362.0,3620.0
2021051204026992,LEMF,52,45,100,11.6,1160.0
2021051204026991,LEMF,52,1,400,11.52,4608.0
2021051204026990,LEMF,52,28,"2,000",11.51,23020.0
2021051204027069,LGIL,44,6,10,773.0,7730.0
2021051204027002,LGIL,28,6,100,773.0,77300.0
2021051204027001,LGIL,44,6,"1,500",773.0,1159500.0
2021051204027000,LGIL,10,6,100,773.0,77300.0
2021051204026999,LGIL,41,6,100,773.0,77300.0
2021051204026998,LGIL,16,6,100,773.0,77300.0
2021051204026997,LGIL,54,6,12,773.0,9276.0
2021051204026996,LGIL,44,6,50,773.0,38650.0
2021051204026995,LGIL,57,6,60,774.0,46440.0
2021051204026994,LGIL,22,6,500,774.0,387000.0
2021051204026993,LGIL,6,6,100,775.0,77500.0
2021051204027009,MEN,14,32,11,845.0,9295.0
2021051204026972,MEN,52,32,135,845.0,114075.0
2021051204026971,MEN,52,41,165,844.0,139260.0
2021051204026944,MHNL,34,41,40,295.0,11800.0
2021051204026943,MHNL,34,58,30,295.0,8850.0
2021051204026942,MHNL,34,58,350,295.0,103250.0
2021051204026941,MHNL,34,44,40,295.0,11800.0
2021051204026940,MHNL,34,52,130,295.0,38350.0
2021051204026939,MHNL,34,5,175,294.0,51450.0
2021051204026938,MHNL,34,49,40,294.0,11760.0
2021051204026937,MHNL,34,17,30,294.0,8820.0
2021051204026936,MHNL,34,52,100,294.0,29400.0
2021051204026935,MHNL,34,58,30,293.0,8790.0
2021051205000308,MLBSL,41,40,25,4666.0,116650.0
2021051205000307,MLBSL,41,44,25,4661.0,116525.0
2021051205000305,MLBSL,43,44,65,4670.0,303550.0
2021051205000304,MLBSL,43,45,25,4662.0,116550.0
2021051205000303,MLBSL,43,48,10,4660.0,46600.0
2021051205000302,MLBSL,52,48,10,4660.0,46600.0
2021051205000018,MLBSL,32,57,10,4700.0,47000.0
2021051205000049,MLBSL,47,45,10,4662.0,46620.0
2021051205000043,MLBSL,47,47,10,4661.0,46610.0
2021051205000041,MLBSL,43,58,10,4660.0,46600.0
2021051205000034,MLBSL,5,51,20,4651.0,93020.0
2021051205000033,MLBSL,1,51,10,4651.0,46510.0
2021051205000032,MLBSL,58,51,20,4655.0,93100.0
2021051205000060,MLBSL,52,58,10,4670.0,46700.0
2021051205000057,MLBSL,5,41,10,4670.0,46700.0
2021051205000056,MLBSL,5,38,10,4665.0,46650.0
2021051205000055,MLBSL,47,13,10,4662.0,46620.0
2021051205000054,MLBSL,4,20,10,4665.0,46650.0
2021051205000050,MLBSL,33,4,10,4665.0,46650.0
2021051205000068,MLBSL,58,53,10,4670.0,46700.0
2021051205000067,MLBSL,52,53,10,4670.0,46700.0
2021051205000066,MLBSL,52,53,10,4670.0,46700.0
2021051205000065,MLBSL,57,53,10,4670.0,46700.0
2021051205000064,MLBSL,57,45,10,4670.0,46700.0
2021051205000061,MLBSL,28,58,10,4670.0,46700.0
2021051205000076,MLBSL,20,48,10,4670.0,46700.0
2021051205000075,MLBSL,20,22,10,4670.0,46700.0
2021051205000073,MLBSL,48,20,10,4665.0,46650.0
2021051205000072,MLBSL,43,58,10,4670.0,46700.0
2021051205000071,MLBSL,43,53,70,4670.0,326900.0
2021051205000070,MLBSL,41,53,10,4670.0,46700.0
2021051205000092,MLBSL,39,58,10,4675.0,46750.0
2021051205000088,MLBSL,14,47,10,4680.0,46800.0
2021051205000087,MLBSL,14,20,10,4680.0,46800.0
2021051205000084,MLBSL,41,58,30,4670.0,140100.0
2021051205000082,MLBSL,41,49,10,4670.0,46700.0
2021051205000077,MLBSL,20,44,20,4670.0,93400.0
2021051205000132,MLBSL,35,57,20,4680.0,93600.0
2021051205000121,MLBSL,53,58,10,4680.0,46800.0
2021051205000120,MLBSL,11,52,10,4676.0,46760.0
2021051205000109,MLBSL,17,42,10,4675.0,46750.0
2021051205000106,MLBSL,5,20,10,4680.0,46800.0
2021051205000096,MLBSL,14,56,10,4675.0,46750.0
2021051205000148,MLBSL,11,1,10,4681.0,46810.0
2021051205000146,MLBSL,38,50,10,4690.0,46900.0
2021051205000145,MLBSL,38,45,10,4690.0,46900.0
2021051205000135,MLBSL,14,1,50,4677.0,233850.0
2021051205000134,MLBSL,11,6,10,4676.0,46760.0
2021051205000133,MLBSL,11,53,10,4676.0,46760.0
2021051205000167,MLBSL,58,58,10,4685.0,46850.0
2021051205000160,MLBSL,5,42,10,4685.0,46850.0
2021051205000159,MLBSL,47,44,10,4684.0,46840.0
2021051205000158,MLBSL,11,58,10,4683.0,46830.0
2021051205000155,MLBSL,14,49,10,4682.0,46820.0
2021051205000154,MLBSL,14,45,10,4682.0,46820.0
2021051205000182,MLBSL,11,57,10,4687.0,46870.0
2021051205000177,MLBSL,11,26,10,4687.0,46870.0
2021051205000174,MLBSL,11,42,10,4687.0,46870.0
2021051205000172,MLBSL,11,52,10,4687.0,46870.0
2021051205000170,MLBSL,14,38,10,4686.0,46860.0
2021051205000169,MLBSL,14,38,10,4686.0,46860.0
2021051205000213,MLBSL,43,14,10,4695.0,46950.0
2021051205000212,MLBSL,38,44,10,4692.0,46920.0
2021051205000201,MLBSL,7,48,10,4695.0,46950.0
2021051205000192,MLBSL,14,48,200,4698.0,939600.0
2021051205000190,MLBSL,14,43,10,4695.0,46950.0
2021051205000186,MLBSL,7,45,10,4690.0,46900.0
2021051205000219,MLBSL,43,22,10,4700.0,47000.0
2021051205000218,MLBSL,43,5,10,4700.0,47000.0
2021051205000217,MLBSL,43,43,10,4700.0,47000.0
2021051205000216,MLBSL,43,48,190,4699.0,892810.0
2021051205000215,MLBSL,43,42,10,4699.0,46990.0
2021051205000214,MLBSL,43,57,10,4699.0,46990.0
2021051205000225,MLBSL,43,35,10,4700.0,47000.0
2021051205000224,MLBSL,43,44,10,4700.0,47000.0
2021051205000223,MLBSL,43,41,10,4700.0,47000.0
2021051205000222,MLBSL,43,44,20,4700.0,94000.0
2021051205000221,MLBSL,43,49,10,4700.0,47000.0
2021051205000220,MLBSL,43,58,10,4700.0,47000.0
2021051205000259,MLBSL,11,28,10,4687.0,46870.0
2021051205000255,MLBSL,59,54,10,4690.0,46900.0
2021051205000250,MLBSL,46,44,10,4690.0,46900.0
2021051205000246,MLBSL,58,44,10,4690.0,46900.0
2021051205000242,MLBSL,38,44,10,4690.0,46900.0
2021051205000240,MLBSL,38,52,10,4690.0,46900.0
2021051205000275,MLBSL,43,19,80,4680.0,374400.0
2021051205000274,MLBSL,5,19,20,4681.0,93620.0
2021051205000272,MLBSL,47,57,10,4684.0,46840.0
2021051205000270,MLBSL,26,28,10,4687.0,46870.0
2021051205000269,MLBSL,45,38,11,4687.0,51557.0
2021051205000260,MLBSL,26,28,10,4687.0,46870.0
2021051205000285,MLBSL,37,32,10,4670.0,46700.0
2021051205000284,MLBSL,37,34,10,4670.0,46700.0
2021051205000283,MLBSL,37,7,10,4680.0,46800.0
2021051205000282,MLBSL,37,20,10,4680.0,46800.0
2021051205000279,MLBSL,43,18,10,4680.0,46800.0
2021051205000278,MLBSL,43,58,10,4680.0,46800.0
2021051205000295,MLBSL,43,45,50,4662.0,233100.0
2021051205000291,MLBSL,38,45,100,4662.0,466200.0
2021051205000290,MLBSL,5,45,10,4665.0,46650.0
2021051205000289,MLBSL,8,45,15,4665.0,69975.0
2021051205000288,MLBSL,5,52,10,4665.0,46650.0
2021051205000287,MLBSL,37,45,10,4670.0,46700.0
2021051205000301,MLBSL,59,48,20,4660.0,93200.0
2021051205000300,MLBSL,5,48,20,4660.0,93200.0
2021051205000299,MLBSL,43,48,90,4660.0,419400.0
2021051205000298,MLBSL,38,48,50,4661.0,233050.0
2021051205000297,MLBSL,38,45,50,4661.0,233050.0
2021051205000296,MLBSL,47,49,10,4661.0,46610.0
2021051204027062,NGPL,14,34,50,312.0,15600.0
2021051204027025,NGPL,14,52,100,312.0,31200.0
2021051204027016,NGPL,14,49,100,312.0,31200.0
2021051204027015,NGPL,6,49,500,312.0,156000.0
2021051204027014,NGPL,40,49,400,312.0,124800.0
2021051204027008,NGPL,40,26,100,312.0,31200.0
2021051204026984,NGPL,40,50,500,312.0,156000.0
2021051204026917,NHDL,21,32,100,364.0,36400.0
2021051204027067,NHPC,41,37,100,168.0,16800.0
2021051204027038,NHPC,36,37,500,168.0,84000.0
2021051204027023,NHPC,58,42,765,167.0,127755.0
2021051204027022,NHPC,10,37,100,168.0,16800.0
2021051204026913,NHPC,48,37,150,168.0,25200.0
2021051204026912,NHPC,48,45,50,168.0,8400.0
2021051205000306,NICLBSL,43,37,10,1789.0,17890.0
2021051205000294,NICLBSL,43,48,10,1789.0,17890.0
2021051205000293,NICLBSL,43,37,10,1789.0,17890.0
2021051205000292,NICLBSL,19,42,10,1789.0,17890.0
2021051205000286,NICLBSL,19,42,20,1789.0,35780.0
2021051205000277,NICLBSL,19,18,10,1789.0,17890.0
2021051205000079,NICLBSL,45,43,10,1787.0,17870.0
2021051205000051,NICLBSL,45,52,10,1787.0,17870.0
2021051205000048,NICLBSL,45,26,25,1787.0,44675.0
2021051205000047,NICLBSL,29,26,235,1787.0,419945.0
2021051205000046,NICLBSL,29,19,15,1787.0,26805.0
2021051205000042,NICLBSL,48,19,10,1786.0,17860.0
2021051205000099,NICLBSL,52,39,10,1785.0,17850.0
2021051205000093,NICLBSL,48,37,10,1786.0,17860.0
2021051205000091,NICLBSL,48,14,10,1786.0,17860.0
2021051205000089,NICLBSL,39,37,10,1787.0,17870.0
2021051205000085,NICLBSL,21,29,10,1787.0,17870.0
2021051205000083,NICLBSL,21,47,10,1787.0,17870.0
2021051205000107,NICLBSL,52,36,10,1785.0,17850.0
2021051205000105,NICLBSL,52,8,10,1785.0,17850.0
2021051205000104,NICLBSL,52,57,10,1785.0,17850.0
2021051205000103,NICLBSL,52,42,50,1785.0,89250.0
2021051205000102,NICLBSL,52,22,10,1785.0,17850.0
2021051205000100,NICLBSL,52,38,10,1785.0,17850.0
2021051205000116,NICLBSL,47,19,25,1785.0,44625.0
2021051205000115,NICLBSL,11,7,10,1787.0,17870.0
2021051205000114,NICLBSL,11,37,10,1786.0,17860.0
2021051205000112,NICLBSL,47,58,20,1785.0,35700.0
2021051205000111,NICLBSL,52,58,80,1785.0,142800.0
2021051205000110,NICLBSL,52,57,10,1785.0,17850.0
2021051205000125,NICLBSL,58,6,10,1781.0,17810.0
2021051205000124,NICLBSL,55,6,10,1781.0,17810.0
2021051205000123,NICLBSL,58,37,10,1784.0,17840.0
2021051205000119,NICLBSL,4,56,10,1786.0,17860.0
2021051205000118,NICLBSL,21,19,5,1785.0,8925.0
2021051205000117,NICLBSL,17,19,10,1785.0,17850.0
2021051205000131,NICLBSL,48,26,10,1783.0,17830.0
2021051205000130,NICLBSL,36,57,10,1790.0,17900.0
2021051205000129,NICLBSL,38,38,10,1782.0,17820.0
2021051205000128,NICLBSL,58,56,10,1781.0,17810.0
2021051205000127,NICLBSL,49,39,10,1788.0,17880.0
2021051205000126,NICLBSL,49,32,10,1785.0,17850.0
2021051205000149,NICLBSL,4,1,10,1784.0,17840.0
2021051205000147,NICLBSL,48,11,10,1783.0,17830.0
2021051205000141,NICLBSL,48,57,10,1783.0,17830.0
2021051205000139,NICLBSL,48,21,10,1783.0,17830.0
2021051205000138,NICLBSL,48,37,10,1783.0,17830.0
2021051205000137,NICLBSL,48,33,10,1783.0,17830.0
2021051205000161,NICLBSL,57,37,10,1785.0,17850.0
2021051205000156,NICLBSL,8,58,10,1789.0,17890.0
2021051205000153,NICLBSL,48,33,10,1783.0,17830.0
2021051205000152,NICLBSL,38,43,10,1785.0,17850.0
2021051205000151,NICLBSL,38,37,10,1785.0,17850.0
2021051205000150,NICLBSL,4,42,10,1784.0,17840.0
2021051205000173,NICLBSL,14,58,10,1785.0,17850.0
2021051205000171,NICLBSL,14,14,10,1785.0,17850.0
2021051205000168,NICLBSL,58,14,10,1784.0,17840.0
2021051205000166,NICLBSL,58,38,10,1784.0,17840.0
2021051205000163,NICLBSL,57,58,10,1785.0,17850.0
2021051205000162,NICLBSL,57,43,10,1785.0,17850.0
2021051205000184,NICLBSL,28,11,10,1787.0,17870.0
2021051205000181,NICLBSL,14,42,10,1786.0,17860.0
2021051205000179,NICLBSL,14,33,10,1786.0,17860.0
2021051205000178,NICLBSL,56,39,10,1788.0,17880.0
2021051205000176,NICLBSL,14,42,10,1785.0,17850.0
2021051205000175,NICLBSL,14,14,10,1785.0,17850.0
2021051205000194,NICLBSL,53,32,10,1790.0,17900.0
2021051205000193,NICLBSL,8,49,10,1789.0,17890.0
2021051205000191,NICLBSL,8,29,10,1789.0,17890.0
2021051205000189,NICLBSL,8,42,10,1789.0,17890.0
2021051205000188,NICLBSL,8,42,20,1789.0,35780.0
2021051205000187,NICLBSL,28,50,10,1788.0,17880.0
2021051205000204,NICLBSL,47,48,10,1790.0,17900.0
2021051205000203,NICLBSL,47,55,10,1790.0,17900.0
2021051205000202,NICLBSL,47,55,10,1790.0,17900.0
2021051205000198,NICLBSL,49,41,20,1790.0,35800.0
2021051205000197,NICLBSL,49,41,10,1790.0,17900.0
2021051205000195,NICLBSL,53,22,10,1790.0,17900.0
2021051205000210,NICLBSL,58,37,20,1790.0,35800.0
2021051205000209,NICLBSL,8,16,20,1789.0,35780.0
2021051205000208,NICLBSL,50,1,10,1790.0,17900.0
2021051205000207,NICLBSL,50,21,45,1790.0,80550.0
2021051205000206,NICLBSL,50,41,41,1790.0,73390.0
2021051205000205,NICLBSL,47,21,10,1790.0,17900.0
2021051205000231,NICLBSL,4,29,10,1794.0,17940.0
2021051205000230,NICLBSL,4,50,10,1793.0,17930.0
2021051205000229,NICLBSL,4,1,20,1792.0,35840.0
2021051205000228,NICLBSL,4,58,10,1791.0,17910.0
2021051205000227,NICLBSL,58,51,10,1790.0,17900.0
2021051205000226,NICLBSL,58,16,10,1790.0,17900.0
2021051205000238,NICLBSL,8,37,10,1789.0,17890.0
2021051205000236,NICLBSL,8,16,10,1789.0,17890.0
2021051205000235,NICLBSL,8,47,10,1789.0,17890.0
2021051205000234,NICLBSL,58,16,10,1790.0,17900.0
2021051205000233,NICLBSL,58,37,20,1790.0,35800.0
2021051205000232,NICLBSL,58,16,10,1790.0,17900.0
2021051205000247,NICLBSL,28,37,10,1788.0,17880.0
2021051205000245,NICLBSL,28,57,100,1788.0,178800.0
2021051205000244,NICLBSL,28,16,10,1788.0,17880.0
2021051205000243,NICLBSL,28,42,10,1788.0,17880.0
2021051205000241,NICLBSL,28,16,10,1788.0,17880.0
2021051205000239,NICLBSL,28,16,20,1788.0,35760.0
2021051205000254,NICLBSL,47,58,10,1789.0,17890.0
2021051205000253,NICLBSL,37,16,10,1788.0,17880.0
2021051205000252,NICLBSL,28,37,10,1787.0,17870.0
2021051205000251,NICLBSL,28,57,10,1787.0,17870.0
2021051205000249,NICLBSL,28,16,10,1788.0,17880.0
2021051205000248,NICLBSL,28,42,20,1788.0,35760.0
2021051205000264,NICLBSL,33,28,10,1795.0,17950.0
2021051205000263,NICLBSL,33,42,10,1795.0,17950.0
2021051205000262,NICLBSL,33,11,10,1791.0,17910.0
2021051205000261,NICLBSL,37,37,10,1788.0,17880.0
2021051205000258,NICLBSL,37,42,10,1788.0,17880.0
2021051205000256,NICLBSL,47,55,10,1790.0,17900.0
2021051205000276,NICLBSL,19,37,10,1789.0,17890.0
2021051205000271,NICLBSL,33,37,10,1795.0,17950.0
2021051205000268,NICLBSL,33,25,41,1795.0,73595.0
2021051205000267,NICLBSL,33,14,20,1795.0,35900.0
2021051205000266,NICLBSL,33,37,10,1795.0,17950.0
2021051205000265,NICLBSL,33,47,10,1795.0,17950.0
2021051204027075,NLG,52,55,30,1143.0,34290.0
2021051204026949,NLG,52,3,24,1143.0,27432.0
2021051204027060,OHL,10,34,100,407.0,40700.0
2021051204027004,PIC,16,21,100,1240.0,124000.0
2021051204026902,PIC,41,34,11,1238.0,13618.0
2021051204027006,PICL,4,59,100,780.0,78000.0
2021051204026979,PICL,4,38,930,780.0,725400.0
2021051204026945,PICL,34,38,200,780.0,156000.0
2021051204026889,PPCL,42,33,"1,000",318.0,318000.0
2021051204026891,PPCL,45,33,"2,590",315.0,815850.0
2021051204026890,PPCL,32,33,20,315.0,6300.0
2021051204027050,RADHI,16,40,10,686.0,6860.0
2021051204027024,RHPC,20,17,15,287.0,4305.0
2021051204026976,RHPC,45,19,180,286.0,51480.0
2021051204026975,RHPC,48,19,70,286.0,20020.0
2021051204026974,RHPC,58,19,200,286.0,57200.0
2021051204026973,RHPC,21,19,50,286.0,14300.0
2021051204027059,RHPL,17,16,50,470.0,23500.0
2021051204027058,RHPL,17,16,100,470.0,47000.0
2021051204027057,RHPL,17,34,500,470.0,235000.0
2021051204027056,RHPL,17,47,70,470.0,32900.0
2021051204027055,RHPL,17,34,50,470.0,23500.0
2021051204027054,RHPL,17,57,30,470.0,14100.0
2021051204026946,RHPL,47,16,100,469.0,46900.0
2021051204026926,RHPL,47,58,30,469.0,14070.0
2021051204026911,RHPL,34,17,50,470.0,23500.0
2021051204026910,RHPL,34,34,45,470.0,21150.0
2021051204027053,RHPL,17,1,200,470.0,94000.0
2021051204027052,RHPL,17,45,10,470.0,4700.0
2021051204026983,RHPL,1,45,30,470.0,14100.0
2021051204026970,RHPL,49,5,80,470.0,37600.0
2021051204026969,RHPL,49,57,80,470.0,37600.0
2021051204026968,RHPL,49,58,40,470.0,18800.0
2021051205000281,RURU,58,21,10,728.0,7280.0
2021051205000280,RURU,58,58,10,728.0,7280.0
2021051205000273,RURU,58,52,10,728.0,7280.0
2021051205000257,RURU,58,50,10,728.0,7280.0
2021051205000237,RURU,58,45,10,728.0,7280.0
2021051205000211,RURU,58,42,10,728.0,7280.0
2021051205000001,RURU,59,25,10,695.0,6950.0
2021051205000007,RURU,57,34,10,728.0,7280.0
2021051205000006,RURU,8,6,10,722.0,7220.0
2021051205000005,RURU,11,42,10,708.0,7080.0
2021051205000004,RURU,59,6,10,695.0,6950.0
2021051205000003,RURU,59,38,10,695.0,6950.0
2021051205000002,RURU,59,57,10,695.0,6950.0
2021051205000013,RURU,57,48,10,728.0,7280.0
2021051205000012,RURU,57,22,10,728.0,7280.0
2021051205000011,RURU,57,29,10,728.0,7280.0
2021051205000010,RURU,57,56,10,728.0,7280.0
2021051205000009,RURU,57,49,10,728.0,7280.0
2021051205000008,RURU,57,57,10,728.0,7280.0
2021051205000020,RURU,57,39,10,728.0,7280.0
2021051205000019,RURU,57,1,10,728.0,7280.0
2021051205000017,RURU,57,29,10,728.0,7280.0
2021051205000016,RURU,57,41,10,728.0,7280.0
2021051205000015,RURU,57,50,10,728.0,7280.0
2021051205000014,RURU,57,56,10,728.0,7280.0
2021051205000026,RURU,57,34,10,728.0,7280.0
2021051205000025,RURU,57,57,10,728.0,7280.0
2021051205000024,RURU,57,45,10,728.0,7280.0
2021051205000023,RURU,57,20,10,728.0,7280.0
2021051205000022,RURU,57,58,10,728.0,7280.0
2021051205000021,RURU,57,57,10,728.0,7280.0
2021051205000035,RURU,58,25,10,728.0,7280.0
2021051205000031,RURU,58,44,10,728.0,7280.0
2021051205000030,RURU,58,43,10,728.0,7280.0
2021051205000029,RURU,58,26,10,728.0,7280.0
2021051205000028,RURU,58,45,10,728.0,7280.0
2021051205000027,RURU,57,50,10,728.0,7280.0
2021051205000044,RURU,58,38,10,728.0,7280.0
2021051205000040,RURU,58,25,10,728.0,7280.0
2021051205000039,RURU,58,1,10,728.0,7280.0
2021051205000038,RURU,58,58,10,728.0,7280.0
2021051205000037,RURU,58,3,10,728.0,7280.0
2021051205000036,RURU,58,51,10,728.0,7280.0
2021051205000062,RURU,58,58,10,728.0,7280.0
2021051205000059,RURU,58,8,10,728.0,7280.0
2021051205000058,RURU,58,47,10,728.0,7280.0
2021051205000053,RURU,58,52,10,728.0,7280.0
2021051205000052,RURU,58,58,10,728.0,7280.0
2021051205000045,RURU,58,14,10,728.0,7280.0
2021051205000081,RURU,58,45,10,728.0,7280.0
2021051205000080,RURU,58,32,10,728.0,7280.0
2021051205000078,RURU,58,41,10,728.0,7280.0
2021051205000074,RURU,58,38,10,728.0,7280.0
2021051205000069,RURU,58,34,10,728.0,7280.0
2021051205000063,RURU,58,55,10,728.0,7280.0
2021051205000098,RURU,58,58,10,728.0,7280.0
2021051205000097,RURU,58,34,10,728.0,7280.0
2021051205000095,RURU,58,42,10,728.0,7280.0
2021051205000094,RURU,58,32,10,728.0,7280.0
2021051205000090,RURU,58,58,10,728.0,7280.0
2021051205000086,RURU,58,38,10,728.0,7280.0
2021051205000140,RURU,58,43,10,728.0,7280.0
2021051205000136,RURU,58,14,10,728.0,7280.0
2021051205000122,RURU,58,58,10,728.0,7280.0
2021051205000113,RURU,58,58,9,715.0,6435.0
2021051205000108,RURU,58,58,1,715.0,715.0
2021051205000101,RURU,58,53,10,728.0,7280.0
2021051205000165,RURU,58,58,10,728.0,7280.0
2021051205000164,RURU,58,21,10,728.0,7280.0
2021051205000157,RURU,58,11,10,728.0,7280.0
2021051205000144,RURU,58,34,10,728.0,7280.0
2021051205000143,RURU,58,48,10,728.0,7280.0
2021051205000142,RURU,58,58,10,728.0,7280.0
2021051205000200,RURU,58,35,10,728.0,7280.0
2021051205000199,RURU,58,54,10,728.0,7280.0
2021051205000196,RURU,58,54,10,728.0,7280.0
2021051205000185,RURU,58,25,10,728.0,7280.0
2021051205000183,RURU,58,38,10,728.0,7280.0
2021051205000180,RURU,58,42,10,728.0,7280.0
2021051204027049,SFMF,58,4,357,13.4,4783.8
2021051204027048,SFMF,58,32,200,13.36,2672.0
2021051204027047,SFMF,58,4,"1,443",13.3,19191.9
2021051204026988,SGI,45,21,55,789.0,43395.0
2021051204026987,SGI,45,21,30,790.0,23700.0
2021051204026986,SGI,22,21,15,790.0,11850.0
2021051204027012,SHL,58,47,100,187.0,18700.0
2021051204026985,SHPC,47,29,780,386.0,301080.0
2021051204026965,SHPC,28,29,300,386.0,115800.0
2021051204027040,SJCL,26,29,40,450.0,18000.0
2021051204027039,SJCL,26,36,10,450.0,4500.0
2021051204026925,SJCL,16,52,20,449.0,8980.0
2021051204027010,SPDL,48,45,100,339.0,33900.0
2021051204026962,SPDL,48,47,23,339.0,7797.0
2021051204026961,SPDL,48,58,150,339.0,50850.0
2021051204026960,SPDL,48,52,105,339.0,35595.0
2021051204026955,SSHL,43,38,20,245.0,4900.0
2021051204026954,SSHL,43,1,92,245.0,22540.0
2021051204026924,SSHL,52,1,100,245.0,24500.0
2021051204027061,STC,34,7,10,10760.0,107600.0
2021051204027007,STC,7,7,20,10760.0,215200.0
2021051204027037,UIC,35,50,500,690.0,345000.0
2021051204027077,UMHL,22,41,113,273.0,30849.0
2021051204027076,UMHL,22,49,21,272.0,5712.0
2021051204027003,UMHL,5,41,10,273.0,2730.0
2021051204026953,UMHL,32,14,140,270.0,37800.0
2021051204026952,UMHL,58,14,50,270.0,13500.0
2021051204026951,UMHL,46,14,10,271.0,2710.0
2021051204026959,UMRH,48,57,200,305.0,61000.0
2021051204026958,UMRH,48,57,10,305.0,3050.0
2021051204026957,UMRH,48,34,10,305.0,3050.0
2021051204026956,UMRH,48,13,290,305.0,88450.0
2021051204026967,UNHPL,38,32,800,199.0,159200.0
2021051204026875,AHPC,20,35,10,305.0,3050.0
2021051204026857,AHPC,32,45,150,302.0,45300.0
2021051204026776,AHPC,49,57,200,303.0,60600.0
2021051204026684,AHPC,32,38,50,302.0,15100.0
2021051204026660,AHPC,20,35,10,305.0,3050.0
2021051204026659,AHPC,20,48,60,304.0,18240.0
2021051204026597,AHPC,20,49,"1,800",303.0,545400.0
2021051204026559,AHPC,32,49,200,302.0,60400.0
2021051204026477,AHPC,45,49,190,303.0,57570.0
2021051204026409,AHPC,28,49,80,303.0,24240.0
2021051204026603,AHPC,20,21,12,303.0,3636.0
2021051204026602,AHPC,20,1,300,303.0,90900.0
2021051204026601,AHPC,20,19,50,303.0,15150.0
2021051204026600,AHPC,20,34,100,303.0,30300.0
2021051204026599,AHPC,20,58,500,303.0,151500.0
2021051204026598,AHPC,20,49,500,303.0,151500.0
2021051204026658,AHPC,20,34,550,304.0,167200.0
2021051204026608,AHPC,20,45,"1,200",304.0,364800.0
2021051204026607,AHPC,20,3,"1,151",304.0,349904.0
2021051204026606,AHPC,20,13,95,303.0,28785.0
2021051204026605,AHPC,20,1,265,303.0,80295.0
2021051204026604,AHPC,20,14,20,303.0,6060.0
2021051204026794,AIL,21,57,22,836.0,18392.0
2021051204026451,AIL,46,6,20,835.0,16700.0
2021051204026416,AKJCL,47,42,20,187.0,3740.0
2021051204026888,AKPL,42,39,235,353.0,82955.0
2021051204026887,AKPL,42,36,40,353.0,14120.0
2021051204026886,AKPL,42,44,25,352.0,8800.0
2021051204026800,AKPL,55,5,13,351.0,4563.0
2021051204026770,AKPL,28,44,975,352.0,343200.0
2021051204026769,AKPL,28,5,100,352.0,35200.0
2021051204026498,AKPL,32,44,140,351.0,49140.0
2021051204026483,AKPL,29,55,175,352.0,61600.0
2021051204026482,AKPL,29,19,225,352.0,79200.0
2021051204026730,AKPL,38,3,500,350.0,175000.0
2021051204026679,AKPL,44,55,40,351.0,14040.0
2021051204026676,AKPL,14,44,500,351.0,175500.0
2021051204026615,AKPL,33,44,"1,600",351.0,561600.0
2021051204026500,AKPL,1,44,300,351.0,105300.0
2021051204026499,AKPL,36,44,"1,000",351.0,351000.0
2021051204026768,AKPL,28,54,200,352.0,70400.0
2021051204026767,AKPL,28,55,725,351.0,254475.0
2021051204026748,AKPL,58,55,60,351.0,21060.0
2021051204026733,AKPL,49,3,30,350.0,10500.0
2021051204026732,AKPL,35,3,50,350.0,17500.0
2021051204026731,AKPL,29,3,"1,000",350.0,350000.0
2021051204026882,API,28,49,150,312.0,46800.0
2021051204026863,API,19,49,10,312.0,3120.0
2021051204026836,API,58,49,10,312.0,3120.0
2021051204026835,API,42,49,130,312.0,40560.0
2021051204026834,API,55,49,100,312.0,31200.0
2021051204026833,API,57,49,50,312.0,15600.0
2021051204026503,API,42,6,270,313.0,84510.0
2021051204026456,API,19,6,416,313.0,130208.0
2021051204026421,API,38,6,80,313.0,25040.0
2021051204026392,API,38,22,254,313.0,79502.0
2021051204026528,API,32,42,80,313.0,25040.0
2021051204026527,API,32,35,20,313.0,6260.0
2021051204026526,API,32,6,794,313.0,248522.0
2021051204026524,API,16,6,20,313.0,6260.0
2021051204026523,API,22,6,420,313.0,131460.0
2021051204026511,API,57,6,"1,000",313.0,313000.0
2021051204026703,API,32,41,436,313.0,136468.0
2021051204026654,API,32,5,100,313.0,31300.0
2021051204026630,API,32,13,322,313.0,100786.0
2021051204026619,API,32,6,"3,000",313.0,939000.0
2021051204026570,API,32,7,50,313.0,15650.0
2021051204026531,API,32,38,100,313.0,31300.0
2021051204026826,API,42,49,111,313.0,34743.0
2021051204026825,API,55,49,85,313.0,26605.0
2021051204026824,API,6,49,70,313.0,21910.0
2021051204026762,API,36,29,200,313.0,62600.0
2021051204026761,API,32,29,98,313.0,30674.0
2021051204026706,API,47,49,100,314.0,31400.0
2021051204026832,API,38,49,112,312.0,34944.0
2021051204026831,API,46,49,300,312.0,93600.0
2021051204026830,API,59,49,10,312.0,3120.0
2021051204026829,API,54,49,50,312.0,15600.0
2021051204026828,API,29,49,250,312.0,78000.0
2021051204026827,API,58,49,100,313.0,31300.0
2021051204026796,BARUN,42,52,758,283.0,214514.0
2021051204026674,BARUN,42,21,500,283.0,141500.0
2021051204026673,BARUN,45,21,500,284.0,142000.0
2021051204026542,BARUN,42,40,425,283.0,120275.0
2021051204026584,BARUN,45,36,409,284.0,116156.0
2021051204026561,BARUN,58,36,91,284.0,25844.0
2021051204026560,BARUN,58,45,409,284.0,116156.0
2021051204026645,BPCL,55,29,20,415.0,8300.0
2021051204026884,CGH,57,41,10,1846.0,18460.0
2021051204026883,CGH,48,41,40,1847.0,73880.0
2021051204026574,CGH,48,21,160,1847.0,295520.0
2021051204026522,CGH,57,6,10,1846.0,18460.0
2021051204026408,CGH,49,21,20,1847.0,36940.0
2021051204026747,CHCL,46,54,10,636.0,6360.0
2021051204026651,CHCL,42,33,60,637.0,38220.0
2021051204026650,CHCL,42,58,40,637.0,25480.0
2021051204026433,CHCL,25,58,10,637.0,6370.0
2021051204026775,CHL,41,41,200,352.0,70400.0
2021051204026617,CHL,58,1,200,353.0,70600.0
2021051204026548,CHL,36,1,85,353.0,30005.0
2021051204026402,CHL,11,1,45,353.0,15885.0
2021051204026506,DHPL,33,41,100,170.0,17000.0
2021051204026856,EIC,13,52,74,727.0,53798.0
2021051204026708,EIC,20,52,26,727.0,18902.0
2021051204026577,EIC,50,52,400,727.0,290800.0
2021051204026852,GHL,38,58,150,195.0,29250.0
2021051204026823,GHL,32,35,300,196.0,58800.0
2021051204026806,GHL,41,35,30,196.0,5880.0
2021051204026668,GHL,41,35,50,196.0,9800.0
2021051204026579,GHL,35,35,84,196.0,16464.0
2021051204026578,GHL,35,38,16,196.0,3136.0
2021051204026513,GHL,3,38,84,196.0,16464.0
2021051204026509,GHL,3,34,20,197.0,3940.0
2021051204026472,GHL,49,34,75,197.0,14775.0
2021051204026413,GIC,49,34,10,707.0,7070.0
2021051204026414,GIC,49,45,10,709.0,7090.0
2021051204026643,GIC,49,34,10,710.0,7100.0
2021051204026695,GIC,57,14,175,706.0,123550.0
2021051204026694,GIC,26,14,10,707.0,7070.0
2021051204026693,GIC,54,14,15,710.0,10650.0
2021051204026853,GLH,39,58,10,393.0,3930.0
2021051204026756,GLH,39,47,300,393.0,117900.0
2021051204026629,GLH,39,45,200,393.0,78600.0
2021051204026582,GLH,39,42,10,393.0,3930.0
2021051204026571,GLH,39,42,10,393.0,3930.0
2021051204026510,GLH,39,39,10,393.0,3930.0
2021051204026415,GLH,39,58,10,393.0,3930.0
2021051204026871,HDHPC,33,32,500,189.0,94500.0
2021051204026870,HDHPC,55,32,500,189.0,94500.0
2021051204026793,HDHPC,46,42,10,190.0,1900.0
2021051204026779,HDHPC,55,22,500,189.0,94500.0
2021051204026772,HDHPC,55,16,500,189.0,94500.0
2021051204026755,HDHPC,28,42,100,190.0,19000.0
2021051204026395,HDHPC,1,48,220,189.0,41580.0
2021051204026460,HDHPC,20,44,66,189.0,12474.0
2021051204026434,HDHPC,20,45,20,189.0,3780.0
2021051204026406,HDHPC,20,22,114,189.0,21546.0
2021051204026405,HDHPC,1,22,480,189.0,90720.0
2021051204026397,HDHPC,1,43,200,189.0,37800.0
2021051204026396,HDHPC,1,26,100,189.0,18900.0
2021051204026623,HDHPC,40,32,634,189.0,119826.0
2021051204026622,HDHPC,32,32,200,189.0,37800.0
2021051204026621,HDHPC,57,32,300,189.0,56700.0
2021051204026620,HDHPC,50,32,866,189.0,163674.0
2021051204026529,HDHPC,50,44,134,189.0,25326.0
2021051204026502,HDHPC,49,44,300,189.0,56700.0
2021051204026707,HDHPC,28,21,100,188.0,18800.0
2021051204026702,HDHPC,28,32,250,188.0,47000.0
2021051204026701,HDHPC,54,32,400,189.0,75600.0
2021051204026700,HDHPC,29,32,150,189.0,28350.0
2021051204026699,HDHPC,40,32,"1,200",189.0,226800.0
2021051204026634,HDHPC,40,19,"1,166",189.0,220374.0
2021051204026764,HGI,45,40,200,703.0,140600.0
2021051204026745,HGI,7,40,20,703.0,14060.0
2021051204026744,HGI,58,40,100,703.0,70300.0
2021051204026743,HGI,35,40,100,703.0,70300.0
2021051204026742,HGI,34,40,50,703.0,35150.0
2021051204026590,HGI,29,6,330,704.0,232320.0
2021051204026470,HGI,54,40,40,706.0,28240.0
2021051204026469,HGI,11,40,200,706.0,141200.0
2021051204026468,HGI,11,40,80,706.0,56480.0
2021051204026463,HGI,11,58,20,706.0,14120.0
2021051204026589,HGI,34,6,50,704.0,35200.0
2021051204026558,HGI,42,40,10,705.0,7050.0
2021051204026557,HGI,41,40,30,705.0,21150.0
2021051204026556,HGI,5,40,100,705.0,70500.0
2021051204026555,HGI,8,40,64,705.0,45120.0
2021051204026471,HGI,45,40,100,706.0,70600.0
2021051204026842,HPPL,52,29,50,440.0,22000.0
2021051204026782,HPPL,1,29,103,440.0,45320.0
2021051204026781,HPPL,1,33,187,440.0,82280.0
2021051204026780,HPPL,1,58,60,439.0,26340.0
2021051204026778,HPPL,41,58,100,439.0,43900.0
2021051204026777,HPPL,25,58,40,439.0,17560.0
2021051204026512,HPPL,40,50,100,440.0,44000.0
2021051204026504,HPPL,19,56,13,441.0,5733.0
2021051204026459,HPPL,40,45,137,440.0,60280.0
2021051204026422,HPPL,6,45,500,440.0,220000.0
2021051204026760,HPPL,25,58,10,439.0,4390.0
2021051204026759,HPPL,43,58,50,439.0,21950.0
2021051204026758,HPPL,34,58,50,439.0,21950.0
2021051204026757,HPPL,16,58,90,439.0,39510.0
2021051204026677,HPPL,34,33,50,440.0,22000.0
2021051204026535,HPPL,40,33,263,440.0,115720.0
2021051204026851,HURJA,58,32,"1,000",380.0,380000.0
2021051204026850,HURJA,58,33,"1,000",380.0,380000.0
2021051204026849,HURJA,58,8,500,380.0,190000.0
2021051204026848,HURJA,58,21,20,380.0,7600.0
2021051204026847,HURJA,58,49,200,380.0,76000.0
2021051204026846,HURJA,58,47,10,380.0,3800.0
2021051204026845,HURJA,58,32,20,380.0,7600.0
2021051204026844,HURJA,58,48,990,380.0,376200.0
2021051204026675,HURJA,33,35,100,376.0,37600.0
2021051204026858,IGI,4,5,10,1130.0,11300.0
2021051204026843,IGI,58,35,28,1128.0,31584.0
2021051204026683,IGI,35,35,20,1129.0,22580.0
2021051204026698,IGI,32,35,52,1129.0,58708.0
2021051204026543,KEF,13,44,200,9.99,1998.0
2021051204026805,KPCL,22,34,50,337.0,16850.0
2021051204026496,KPCL,57,34,10,337.0,3370.0
2021051204026686,KPCL,57,34,10,337.0,3370.0
2021051204026774,KPCL,6,53,10,336.0,3360.0
2021051204026746,KPCL,6,40,25,336.0,8400.0
2021051204026799,LEC,33,14,500,363.0,181500.0
2021051204026576,LEC,33,14,490,362.0,177380.0
2021051204026575,LEC,37,14,10,362.0,3620.0
2021051204026626,LGIL,44,42,129,778.0,100362.0
2021051204026625,LGIL,44,33,171,778.0,133038.0
2021051204026624,LGIL,44,1,20,777.0,15540.0
2021051204026876,MEN,14,32,11,845.0,9295.0
2021051204026859,MEN,59,40,100,844.0,84400.0
2021051204026505,MEN,38,32,25,845.0,21125.0
2021051204026808,MHNL,35,58,970,293.0,284210.0
2021051204026807,MHNL,35,32,30,293.0,8790.0
2021051204026874,NGPL,36,45,"1,000",312.0,312000.0
2021051204026873,NGPL,36,42,300,312.0,93600.0
2021051204026872,NGPL,36,20,200,312.0,62400.0
2021051204026735,NGPL,50,20,200,312.0,62400.0
2021051204026734,NGPL,33,20,100,312.0,31200.0
2021051204026562,NGPL,35,1,200,313.0,62600.0
2021051204026533,NGPL,41,45,"1,000",312.0,312000.0
2021051204026750,NHDL,21,35,18,364.0,6552.0
2021051204026885,NHPC,39,45,50,168.0,8400.0
2021051204026877,NHPC,58,56,400,167.0,66800.0
2021051204026862,NHPC,58,26,300,167.0,50100.0
2021051204026795,NHPC,58,21,"2,000",167.0,334000.0
2021051204026763,NHPC,58,14,100,167.0,16700.0
2021051204026717,NHPC,58,10,200,167.0,33400.0
2021051204026432,NHPC,41,10,40,167.0,6680.0
2021051204026420,NHPC,55,10,500,167.0,83500.0
2021051204026400,NHPC,1,10,60,167.0,10020.0
2021051204026399,NHPC,1,26,300,167.0,50100.0
2021051204026398,NHPC,1,39,140,167.0,23380.0
2021051204026532,NHPC,47,38,200,167.0,33400.0
2021051204026530,NHPC,49,38,10,167.0,1670.0
2021051204026501,NHPC,54,38,950,167.0,158650.0
2021051204026465,NHPC,19,38,100,167.0,16700.0
2021051204026458,NHPC,22,38,323,167.0,53941.0
2021051204026457,NHPC,22,10,177,167.0,29559.0
2021051204026550,NHPC,57,58,100,167.0,16700.0
2021051204026540,NHPC,35,56,32,167.0,5344.0
2021051204026539,NHPC,35,21,300,167.0,50100.0
2021051204026538,NHPC,35,41,50,167.0,8350.0
2021051204026537,NHPC,35,58,500,167.0,83500.0
2021051204026536,NHPC,35,38,118,167.0,19706.0
2021051204026592,NHPC,57,6,200,167.0,33400.0
2021051204026591,NHPC,57,58,30,167.0,5010.0
2021051204026554,NHPC,40,58,200,167.0,33400.0
2021051204026553,NHPC,40,44,650,167.0,108550.0
2021051204026552,NHPC,40,58,10,167.0,1670.0
2021051204026551,NHPC,40,58,"1,140",167.0,190380.0
2021051204026672,NHPC,21,13,50,167.0,8350.0
2021051204026667,NHPC,25,13,400,167.0,66800.0
2021051204026664,NHPC,45,14,"1,000",166.0,166000.0
2021051204026616,NHPC,57,13,50,167.0,8350.0
2021051204026596,NHPC,3,13,"1,000",167.0,167000.0
2021051204026593,NHPC,57,13,270,167.0,45090.0
2021051204026710,NHPC,58,41,100,167.0,16700.0
2021051204026709,NHPC,58,10,996,167.0,166332.0
2021051204026692,NHPC,52,10,280,167.0,46760.0
2021051204026691,NHPC,52,35,500,167.0,83500.0
2021051204026690,NHPC,52,13,180,167.0,30060.0
2021051204026678,NHPC,1,13,500,167.0,83500.0
2021051204026716,NHPC,58,58,150,167.0,25050.0
2021051204026715,NHPC,58,21,"3,000",167.0,501000.0
2021051204026714,NHPC,58,57,50,167.0,8350.0
2021051204026713,NHPC,58,56,100,167.0,16700.0
2021051204026712,NHPC,58,13,"1,000",167.0,167000.0
2021051204026711,NHPC,58,48,400,167.0,66800.0
2021051204026749,NICBF,58,28,100,11.7,1170.0
2021051204026723,NICBF,59,28,100,11.7,1170.0
2021051204026583,NICL,34,47,220,788.0,173360.0
2021051204026613,NIL,47,6,50,1659.0,82950.0
2021051204026612,NIL,47,29,100,1658.0,165800.0
2021051204026611,NIL,47,4,200,1658.0,331600.0
2021051204026610,NIL,47,21,50,1657.0,82850.0
2021051204026481,NIL,36,50,33,1650.0,54450.0
2021051204026480,NIL,22,50,10,1650.0,16500.0
2021051204026479,NIL,44,50,47,1650.0,77550.0
2021051204026478,NIL,32,50,10,1652.0,16520.0
2021051204026455,NIL,32,49,40,1652.0,66080.0
2021051204026390,NIL,44,26,53,1650.0,87450.0
2021051204026389,NIL,35,26,10,1650.0,16500.0
2021051204026861,NLG,26,28,100,1145.0,114500.0
2021051204026773,NLG,25,28,10,1145.0,11450.0
2021051204026628,NLG,52,38,200,1143.0,228600.0
2021051204026627,NLG,52,53,12,1142.0,13704.0
2021051204026426,NLG,26,28,28,1140.0,31920.0
2021051204026425,NLG,14,28,100,1140.0,114000.0
2021051204026424,NLG,20,28,50,1140.0,57000.0
2021051204026423,NLG,38,28,14,1140.0,15960.0
2021051204026657,NMB50,16,33,500,12.55,6275.0
2021051204026656,NMB50,16,41,100,12.55,1255.0
2021051204026655,NMB50,16,34,"1,100",12.54,13794.0
2021051204026588,NMB50,22,19,100,12.5,1250.0
2021051204026573,OHL,10,55,200,407.0,81400.0
2021051204026549,OHL,22,55,100,407.0,40700.0
2021051204026754,PIC,56,21,20,1240.0,24800.0
2021051204026688,PMHPL,41,14,100,225.0,22500.0
2021051204026822,PPCL,14,3,30,318.0,9540.0
2021051204026821,PRIN,48,52,301,861.0,259161.0
2021051204026820,PRIN,16,52,300,861.0,258300.0
2021051204026819,PRIN,33,52,79,861.0,68019.0
2021051204026818,PRIN,46,52,100,862.0,86200.0
2021051204026817,PRIN,49,52,10,862.0,8620.0
2021051204026816,PRIN,38,52,50,862.0,43100.0
2021051204026809,PRIN,22,52,250,862.0,215500.0
2021051204026815,PRIN,16,52,100,862.0,86200.0
2021051204026814,PRIN,39,52,10,862.0,8620.0
2021051204026813,PRIN,35,52,50,862.0,43100.0
2021051204026812,PRIN,52,52,150,862.0,129300.0
2021051204026811,PRIN,42,52,200,862.0,172400.0
2021051204026810,PRIN,33,52,50,862.0,43100.0
2021051204026680,RADHI,58,52,400,686.0,274400.0
2021051204026514,RADHI,54,52,100,686.0,68600.0
2021051204026685,RBCL,43,16,10,20350.0,203500.0
2021051204026544,RBCL,50,13,10,20300.0,203000.0
2021051204026452,RBCL,3,49,10,20299.0,202990.0
2021051204026404,RBCL,47,13,10,20300.0,203000.0
2021051204026401,RBCL,43,44,10,20299.0,202990.0
2021051204026868,RHPC,1,17,100,287.0,28700.0
2021051204026867,RHPC,1,20,200,287.0,57400.0
2021051204026697,RHPC,32,20,300,287.0,86100.0
2021051204026696,RHPC,32,17,200,287.0,57400.0
2021051204026663,RHPC,21,29,50,286.0,14300.0
2021051204026644,RHPC,21,42,200,286.0,57200.0
2021051204026403,RHPC,21,47,100,286.0,28600.0
2021051204026804,RHPL,47,19,100,469.0,46900.0
2021051204026722,RHPL,45,34,55,470.0,25850.0
2021051204026721,RHPL,45,38,45,470.0,21150.0
2021051204026653,RHPL,47,22,70,469.0,32830.0
2021051204026618,RHPL,29,38,500,470.0,235000.0
2021051204026614,RHPL,45,38,100,470.0,47000.0
2021051204026572,RHPL,47,38,35,470.0,16450.0
2021051204026564,RHPL,43,38,300,470.0,141000.0
2021051204026534,RHPL,45,38,100,470.0,47000.0
2021051204026453,RHPL,49,38,50,470.0,23500.0
2021051204026736,RRHP,32,52,69,410.0,28290.0
2021051204026569,RRHP,32,39,50,410.0,20500.0
2021051204026568,RRHP,32,52,81,410.0,33210.0
2021051204026412,SFMF,53,54,"5,000",13.2,66000.0
2021051204026841,SGI,22,21,85,790.0,67150.0
2021051204026840,SGI,57,21,15,790.0,11850.0
2021051204026682,SGI,57,21,85,790.0,67150.0
2021051204026681,SGI,18,21,215,790.0,169850.0
2021051204026662,SGI,21,21,300,795.0,238500.0
2021051204026515,SGI,18,3,10,790.0,7900.0
2021051204026437,SGI,34,21,60,794.0,47640.0
2021051204026436,SGI,53,21,20,795.0,15900.0
2021051204026407,SGI,58,5,100,794.0,79400.0
2021051204026443,SGI,41,21,50,790.0,39500.0
2021051204026442,SGI,41,21,10,790.0,7900.0
2021051204026441,SGI,53,21,20,791.0,15820.0
2021051204026440,SGI,21,21,290,791.0,229390.0
2021051204026439,SGI,34,21,10,793.0,7930.0
2021051204026438,SGI,34,21,10,793.0,7930.0
2021051204026449,SGI,18,21,75,790.0,59250.0
2021051204026448,SGI,19,21,250,790.0,197500.0
2021051204026447,SGI,46,21,100,790.0,79000.0
2021051204026446,SGI,28,21,70,790.0,55300.0
2021051204026445,SGI,52,21,10,790.0,7900.0
2021051204026444,SGI,42,21,25,790.0,19750.0
2021051204026462,SHL,4,56,100,187.0,18700.0
2021051204026581,SHPC,49,29,92,386.0,35512.0
2021051204026580,SHPC,42,29,293,386.0,113098.0
2021051204026391,SHPC,42,6,100,386.0,38600.0
2021051204026803,SIC,45,6,54,1680.0,90720.0
2021051204026802,SIC,35,6,100,1681.0,168100.0
2021051204026801,SIC,19,6,20,1682.0,33640.0
2021051204026720,SIC,35,43,100,1681.0,168100.0
2021051204026646,SIC,45,33,400,1680.0,672000.0
2021051204026541,SICL,57,57,25,1902.0,47550.0
2021051204026520,SICL,25,34,207,1896.0,392472.0
2021051204026519,SICL,22,34,22,1897.0,41734.0
2021051204026518,SICL,57,34,11,1898.0,20878.0
2021051204026517,SICL,45,34,10,1900.0,19000.0
2021051204026516,SICL,33,34,50,1900.0,95000.0
2021051204026428,SICL,43,57,20,1902.0,38040.0
2021051204026427,SICL,43,51,30,1902.0,57060.0
2021051204026411,SIGS2,41,6,200,12.2,2440.0
2021051204026410,SIGS2,41,55,100,12.17,1217.0
2021051204026545,SIL,25,44,500,1232.0,616000.0
2021051204026507,SIL,41,44,17,1232.0,20944.0
2021051204026497,SIL,52,44,99,1232.0,121968.0
2021051204026719,SJCL,52,42,35,450.0,15750.0
2021051204026718,SJCL,52,37,65,450.0,29250.0
2021051204026666,SJCL,16,49,20,449.0,8980.0
2021051204026594,SJCL,16,49,50,449.0,22450.0
2021051204026521,SJCL,16,19,100,449.0,44900.0
2021051204026869,SPDL,32,52,100,339.0,33900.0
2021051204026798,SPDL,21,58,400,338.0,135200.0
2021051204026797,SPDL,55,58,100,338.0,33800.0
2021051204026792,SPDL,41,52,200,339.0,67800.0
2021051204026766,SPDL,48,52,95,339.0,32205.0
2021051204026765,SPDL,48,45,405,339.0,137295.0
2021051204026450,SPDL,11,6,207,338.0,69966.0
2021051204026417,SPDL,21,38,500,339.0,169500.0
2021051204026486,SPDL,56,6,300,338.0,101400.0
2021051204026485,SPDL,16,6,10,338.0,3380.0
2021051204026484,SPDL,11,6,133,338.0,44954.0
2021051204026476,SPDL,42,38,20,339.0,6780.0
2021051204026464,SPDL,48,38,100,339.0,33900.0
2021051204026454,SPDL,58,38,500,339.0,169500.0
2021051204026492,SPDL,46,6,300,338.0,101400.0
2021051204026491,SPDL,25,6,200,338.0,67600.0
2021051204026490,SPDL,8,6,80,338.0,27040.0
2021051204026489,SPDL,52,6,200,338.0,67600.0
2021051204026488,SPDL,16,6,10,338.0,3380.0
2021051204026487,SPDL,57,6,100,338.0,33800.0
2021051204026689,SPDL,21,42,88,338.0,29744.0
2021051204026563,SPDL,48,38,200,339.0,67800.0
2021051204026547,SPDL,45,38,200,339.0,67800.0
2021051204026495,SPDL,42,6,72,337.0,24264.0
2021051204026494,SPDL,58,6,100,338.0,33800.0
2021051204026493,SPDL,22,6,20,338.0,6760.0
2021051204026753,SPDL,55,45,95,339.0,32205.0
2021051204026752,SPDL,55,58,50,339.0,16950.0
2021051204026751,SPDL,55,34,55,339.0,18645.0
2021051204026726,SPDL,59,34,145,339.0,49155.0
2021051204026725,SPDL,59,34,200,339.0,67800.0
2021051204026724,SPDL,59,38,155,339.0,52545.0
2021051204026771,SSHL,1,32,50,244.0,12200.0
2021051204026687,SSHL,16,1,"1,000",245.0,245000.0
2021051204026652,SSHL,19,1,100,245.0,24500.0
2021051204026595,SSHL,41,1,200,245.0,49000.0
2021051204026567,SSHL,1,49,145,244.0,35380.0
2021051204026566,SSHL,43,49,200,244.0,48800.0
2021051204026565,SSHL,42,49,655,244.0,159820.0
2021051204026475,SSHL,42,53,345,244.0,84180.0
2021051204026474,SSHL,38,53,100,244.0,24400.0
2021051204026473,SSHL,57,53,85,244.0,20740.0
2021051204026435,SSHL,45,1,"2,000",245.0,490000.0
2021051204026860,STC,3,7,45,10760.0,484200.0
2021051204026738,STC,36,41,10,10789.0,107890.0
2021051204026737,STC,36,59,15,10788.0,161820.0
2021051204026419,UIC,35,59,100,689.0,68900.0
2021051204026418,UIC,35,38,220,689.0,151580.0
2021051204026633,UMHL,19,41,28,273.0,7644.0
2021051204026632,UMHL,19,37,500,273.0,136500.0
2021051204026631,UMHL,19,38,472,273.0,128856.0
2021051204026394,UMHL,59,38,290,273.0,79170.0
2021051204026393,UMHL,59,42,10,272.0,2720.0
2021051204026838,UMRH,49,13,190,305.0,57950.0
2021051204026837,UMRH,49,21,10,304.0,3040.0
2021051204026671,UMRH,58,13,20,305.0,6100.0
2021051204026670,UMRH,58,40,10,305.0,3050.0
2021051204026669,UMRH,58,21,70,305.0,21350.0
2021051204026665,UMRH,56,49,10,303.0,3030.0
2021051204026879,UPCL,50,19,100,217.0,21700.0
2021051204026878,UPCL,50,19,150,217.0,32550.0
2021051204026866,UPCL,50,6,850,217.0,184450.0
2021051204026865,UPCL,28,6,100,217.0,21700.0
2021051204026864,UPCL,16,6,50,217.0,10850.0
2021051204026855,UPCL,16,58,950,217.0,206150.0
2021051204026466,UPCL,32,35,250,217.0,54250.0
2021051204026461,UPCL,44,45,500,216.0,108000.0
2021051204026431,UPCL,1,6,130,217.0,28210.0
2021051204026430,UPCL,1,22,50,217.0,10850.0
2021051204026429,UPCL,1,6,320,217.0,69440.0
2021051204026661,UPCL,32,20,50,217.0,10850.0
2021051204026649,UPCL,42,49,125,218.0,27250.0
2021051204026648,UPCL,32,58,100,217.0,21700.0
2021051204026525,UPCL,32,59,100,217.0,21700.0
2021051204026467,UPCL,32,6,870,217.0,188790.0
2021051204026854,UPCL,29,58,350,217.0,75950.0
2021051204026705,UPCL,29,47,250,217.0,54250.0
2021051204026704,UPCL,32,47,250,217.0,54250.0
2021051204026881,UPPER,5,25,10,815.0,8150.0
2021051204026880,UPPER,3,45,100,814.0,81400.0
2021051204026839,UPPER,39,25,50,815.0,40750.0
2021051204026587,UPPER,36,50,98,814.0,79772.0
2021051204026586,UPPER,36,58,50,814.0,40700.0
2021051204026585,UPPER,36,25,352,814.0,286528.0
2021051204026546,UPPER,52,25,20,814.0,16280.0
2021051204026508,UPPER,36,37,50,813.0,40650.0
2021051204026639,UPPER,22,49,258,814.0,210012.0
2021051204026638,UPPER,22,25,120,814.0,97680.0
2021051204026637,UPPER,22,42,20,814.0,16280.0
2021051204026636,UPPER,22,50,402,814.0,327228.0
2021051204026635,UPPER,22,47,200,814.0,162800.0
2021051204026609,UPPER,36,21,61,813.0,49593.0
2021051204026647,UPPER,1,49,250,814.0,203500.0
2021051204026642,UPPER,1,55,100,814.0,81400.0
2021051204026641,UPPER,1,32,195,814.0,158730.0
2021051204026640,UPPER,1,49,242,814.0,196988.0
2021051204026740,UPPER,7,55,165,814.0,134310.0
2021051204026739,UPPER,47,55,35,814.0,28490.0
2021051204026729,UPPER,7,44,15,814.0,12210.0
2021051204026728,UPPER,37,44,15,814.0,12210.0
2021051204026727,UPPER,1,44,470,814.0,382580.0
2021051204026785,UPPER,7,16,200,813.0,162600.0
2021051204026784,UPPER,19,16,200,813.0,162600.0
2021051204026783,UPPER,7,16,20,814.0,16280.0
2021051204026741,UPPER,5,25,10,815.0,8150.0
2021051204026791,UPPER,49,16,50,813.0,40650.0
2021051204026790,UPPER,3,16,200,813.0,162600.0
2021051204026789,UPPER,50,16,50,813.0,40650.0
2021051204026788,UPPER,52,16,200,813.0,162600.0
2021051204026787,UPPER,32,16,10,813.0,8130.0
2021051204026786,UPPER,47,16,20,813.0,16260.0
2021051204026191,AHPC,41,49,30,303.0,9090.0
2021051204026142,AIL,46,57,27,835.0,22545.0
2021051204026141,AIL,50,57,50,835.0,41750.0
2021051204026140,AIL,45,57,423,835.0,353205.0
2021051204026137,AKJCL,57,50,50,187.0,9350.0
2021051204026075,AKJCL,57,25,10,187.0,1870.0
2021051204026036,AKJCL,57,35,275,187.0,51425.0
2021051204026035,AKJCL,35,35,100,187.0,18700.0
2021051204026034,AKJCL,58,35,500,187.0,93500.0
2021051204026033,AKJCL,57,35,"1,000",187.0,187000.0
2021051204026032,AKJCL,38,35,"2,000",187.0,374000.0
2021051204026031,AKJCL,57,35,200,187.0,37400.0
2021051204026030,AKJCL,57,35,200,187.0,37400.0
2021051204026029,AKJCL,21,35,725,187.0,135575.0
2021051204026321,AKPL,50,19,10,352.0,3520.0
2021051204026213,AKPL,32,53,"2,400",351.0,842400.0
2021051204026194,AKPL,50,19,10,352.0,3520.0
2021051204026134,AKPL,32,43,170,351.0,59670.0
2021051204026017,AKPL,56,19,20,352.0,7040.0
2021051204025983,AKPL,50,19,10,352.0,3520.0
2021051204025893,AKPL,32,49,290,351.0,101790.0
2021051204025890,AKPL,44,49,100,351.0,35100.0
2021051204026382,API,38,6,100,313.0,31300.0
2021051204026377,API,38,14,66,313.0,20658.0
2021051204026375,API,35,14,434,313.0,135842.0
2021051204026374,API,35,41,150,313.0,46950.0
2021051204026373,API,35,29,100,313.0,31300.0
2021051204026372,API,35,20,500,313.0,156500.0
2021051204025937,API,36,1,300,313.0,93900.0
2021051204025919,API,58,1,140,313.0,43820.0
2021051204025910,API,58,1,80,313.0,25040.0
2021051204025969,API,41,54,32,312.0,9984.0
2021051204025945,API,10,48,413,313.0,129269.0
2021051204025944,API,10,19,200,313.0,62600.0
2021051204025943,API,10,42,25,313.0,7825.0
2021051204025942,API,10,50,200,313.0,62600.0
2021051204025941,API,10,1,162,313.0,50706.0
2021051204025975,API,17,54,100,312.0,31200.0
2021051204025974,API,56,54,80,312.0,24960.0
2021051204025973,API,57,54,106,312.0,33072.0
2021051204025972,API,4,54,200,312.0,62400.0
2021051204025971,API,18,54,300,312.0,93600.0
2021051204025970,API,34,54,50,312.0,15600.0
2021051204025998,API,22,48,25,313.0,7825.0
2021051204025980,API,22,54,432,312.0,134784.0
2021051204025979,API,28,54,50,312.0,15600.0
2021051204025978,API,59,54,100,312.0,31200.0
2021051204025977,API,38,54,50,312.0,15600.0
2021051204025976,API,32,54,500,312.0,156000.0
2021051204026101,API,22,50,50,312.0,15600.0
2021051204026100,API,58,50,50,312.0,15600.0
2021051204026099,API,41,50,100,312.0,31200.0
2021051204026098,API,22,50,518,312.0,161616.0
2021051204026089,API,22,58,50,312.0,15600.0
2021051204026050,API,58,48,10,313.0,3130.0
2021051204026107,API,43,50,50,312.0,15600.0
2021051204026106,API,38,50,50,312.0,15600.0
2021051204026105,API,59,50,100,312.0,31200.0
2021051204026104,API,45,50,100,312.0,31200.0
2021051204026103,API,49,50,60,312.0,18720.0
2021051204026102,API,59,50,300,312.0,93600.0
2021051204026220,API,28,1,87,313.0,27231.0
2021051204026112,API,42,1,13,313.0,4069.0
2021051204026111,API,42,48,152,313.0,47576.0
2021051204026110,API,36,50,73,312.0,22776.0
2021051204026109,API,5,50,999,312.0,311688.0
2021051204026108,API,46,50,150,312.0,46800.0
2021051204026228,API,25,6,300,312.0,93600.0
2021051204026227,API,22,6,350,312.0,109200.0
2021051204026226,API,36,6,27,312.0,8424.0
2021051204026223,API,28,37,313,313.0,97969.0
2021051204026222,API,28,45,100,313.0,31300.0
2021051204026221,API,28,8,500,313.0,156500.0
2021051204026329,API,33,37,100,313.0,31300.0
2021051204026288,API,32,41,200,312.0,62400.0
2021051204026232,API,32,6,773,312.0,241176.0
2021051204026231,API,39,6,250,312.0,78000.0
2021051204026230,API,14,6,200,312.0,62400.0
2021051204026229,API,55,6,100,312.0,31200.0
2021051204026359,API,35,43,100,313.0,31300.0
2021051204026358,API,35,44,777,313.0,243201.0
2021051204026356,API,19,49,84,312.0,26208.0
2021051204026351,API,13,44,10,313.0,3130.0
2021051204026350,API,19,44,213,313.0,66669.0
2021051204026349,API,19,37,87,313.0,27231.0
2021051204026365,API,35,25,60,313.0,18780.0
2021051204026364,API,35,56,100,313.0,31300.0
2021051204026363,API,35,16,"1,000",313.0,313000.0
2021051204026362,API,35,49,100,313.0,31300.0
2021051204026361,API,35,45,20,313.0,6260.0
2021051204026360,API,35,59,20,313.0,6260.0
2021051204026371,API,35,16,999,313.0,312687.0
2021051204026370,API,35,34,"1,500",313.0,469500.0
2021051204026369,API,35,56,200,313.0,62600.0
2021051204026368,API,35,33,300,313.0,93900.0
2021051204026367,API,35,58,540,313.0,169020.0
2021051204026366,API,35,41,100,313.0,31300.0
2021051204026324,BARUN,28,45,100,284.0,28400.0
2021051204026303,BARUN,41,45,500,284.0,142000.0
2021051204026300,BARUN,45,45,20,285.0,5700.0
2021051204026299,BARUN,32,45,56,285.0,15960.0
2021051204026210,BARUN,45,52,"1,242",286.0,355212.0
2021051204026209,BARUN,45,34,50,286.0,14300.0
2021051204025981,BARUN,45,36,215,284.0,61060.0
2021051204025950,BARUN,1,36,205,284.0,58220.0
2021051204026156,BARUN,32,59,50,285.0,14250.0
2021051204026155,BARUN,32,55,22,285.0,6270.0
2021051204026154,BARUN,32,55,100,285.0,28500.0
2021051204026153,BARUN,32,29,200,285.0,57000.0
2021051204026152,BARUN,32,43,190,285.0,54150.0
2021051204026208,BARUN,45,58,120,286.0,34320.0
2021051204026207,BARUN,45,45,300,286.0,85800.0
2021051204026206,BARUN,45,41,73,286.0,20878.0
2021051204026159,BARUN,32,25,20,285.0,5700.0
2021051204026158,BARUN,32,36,262,285.0,74670.0
2021051204026157,BARUN,32,20,100,285.0,28500.0
2021051204026314,BPCL,25,29,10,415.0,4150.0
2021051204026178,BPCL,14,50,50,414.0,20700.0
2021051204026068,BPCL,59,54,555,413.0,229215.0
2021051204026067,BPCL,50,54,445,414.0,184230.0
2021051204025965,BPCL,50,52,45,414.0,18630.0
2021051204025918,BPCL,55,52,22,414.0,9108.0
2021051204025902,BPCL,59,54,100,413.0,41300.0
2021051204025901,BPCL,6,54,10,413.0,4130.0
2021051204025900,BPCL,28,54,338,413.0,139594.0
2021051204025917,BPCL,55,49,378,414.0,156492.0
2021051204025906,BPCL,59,54,202,413.0,83426.0
2021051204025905,BPCL,58,54,100,413.0,41300.0
