Transact. No.,Symbol,Buyer,Seller,Quantity,Rate,Amount
2021051105001622,MLBSL,33,51,10,4725.0,47250.0
2021051105001621,MLBSL,33,39,10,4725.0,47250.0
2021051105001620,MLBSL,19,58,10,4720.0,47200.0
2021051105001618,MLBSL,59,49,10,4720.0,47200.0
2021051105001611,MLBSL,59,48,10,4720.0,47200.0
2021051105001599,MLBSL,19,32,10,4720.0,47200.0
2021051105001128,MLBSL,28,32,10,4770.0,47700.0
2021051105001126,MLBSL,58,22,10,4774.0,47740.0
2021051105001138,MLBSL,58,25,10,4773.0,47730.0
2021051105001137,MLBSL,28,49,10,4770.0,47700.0
2021051105001135,MLBSL,28,42,10,4770.0,47700.0
2021051105001132,MLBSL,28,51,10,4770.0,47700.0
2021051105001131,MLBSL,28,44,10,4770.0,47700.0
2021051105001130,MLBSL,28,58,10,4770.0,47700.0
2021051105001144,MLBSL,58,21,10,4780.0,47800.0
2021051105001143,MLBSL,58,41,10,4780.0,47800.0
2021051105001142,MLBSL,58,16,10,4780.0,47800.0
2021051105001141,MLBSL,58,55,10,4780.0,47800.0
2021051105001140,MLBSL,58,49,10,4780.0,47800.0
2021051105001139,MLBSL,58,49,10,4780.0,47800.0
2021051105001164,MLBSL,53,32,10,4780.0,47800.0
2021051105001161,MLBSL,53,59,10,4775.0,47750.0
2021051105001160,MLBSL,53,32,10,4775.0,47750.0
2021051105001156,MLBSL,47,51,10,4773.0,47730.0
2021051105001147,MLBSL,47,42,10,4771.0,47710.0
2021051105001145,MLBSL,58,35,10,4780.0,47800.0
2021051105001182,MLBSL,13,41,10,4771.0,47710.0
2021051105001174,MLBSL,13,55,10,4771.0,47710.0
2021051105001172,MLBSL,53,8,10,4772.0,47720.0
2021051105001171,MLBSL,53,38,10,4775.0,47750.0
2021051105001170,MLBSL,53,8,10,4775.0,47750.0
2021051105001168,MLBSL,47,8,10,4776.0,47760.0
2021051105001197,MLBSL,22,33,10,4780.0,47800.0
2021051105001196,MLBSL,22,35,10,4775.0,47750.0
2021051105001195,MLBSL,22,16,10,4772.0,47720.0
2021051105001194,MLBSL,22,56,10,4772.0,47720.0
2021051105001187,MLBSL,28,44,10,4770.0,47700.0
2021051105001185,MLBSL,28,45,10,4770.0,47700.0
2021051105001215,MLBSL,28,8,10,4770.0,47700.0
2021051105001212,MLBSL,10,58,10,4780.0,47800.0
2021051105001211,MLBSL,10,45,10,4780.0,47800.0
2021051105001210,MLBSL,10,7,10,4780.0,47800.0
2021051105001209,MLBSL,28,59,10,4770.0,47700.0
2021051105001198,MLBSL,22,52,10,4780.0,47800.0
2021051105001248,MLBSL,58,58,10,4770.0,47700.0
2021051105001241,MLBSL,58,22,10,4770.0,47700.0
2021051105001237,MLBSL,59,22,10,4785.0,47850.0
2021051105001225,MLBSL,58,57,10,4790.0,47900.0
2021051105001224,MLBSL,58,49,10,4785.0,47850.0
2021051105001217,MLBSL,20,16,10,4785.0,47850.0
2021051105001266,MLBSL,58,56,10,4770.0,47700.0
2021051105001262,MLBSL,58,38,10,4770.0,47700.0
2021051105001260,MLBSL,58,49,10,4770.0,47700.0
2021051105001256,MLBSL,58,29,10,4770.0,47700.0
2021051105001253,MLBSL,58,38,10,4770.0,47700.0
2021051105001252,MLBSL,58,36,10,4770.0,47700.0
2021051105001275,MLBSL,32,46,10,4788.0,47880.0
2021051105001274,MLBSL,32,28,10,4785.0,47850.0
2021051105001273,MLBSL,32,42,10,4785.0,47850.0
2021051105001272,MLBSL,32,7,10,4785.0,47850.0
2021051105001271,MLBSL,32,49,10,4785.0,47850.0
2021051105001267,MLBSL,45,42,10,4770.0,47700.0
2021051105001301,MLBSL,25,49,10,4762.0,47620.0
2021051105001298,MLBSL,25,28,10,4762.0,47620.0
2021051105001290,MLBSL,45,6,10,4770.0,47700.0
2021051105001284,MLBSL,45,14,10,4770.0,47700.0
2021051105001283,MLBSL,45,38,10,4770.0,47700.0
2021051105001281,MLBSL,45,49,10,4770.0,47700.0
2021051105001309,MLBSL,25,7,10,4762.0,47620.0
2021051105001308,MLBSL,58,38,10,4765.0,47650.0
2021051105001307,MLBSL,56,33,90,4765.0,428850.0
2021051105001305,MLBSL,56,7,10,4765.0,47650.0
2021051105001304,MLBSL,25,7,10,4762.0,47620.0
2021051105001302,MLBSL,25,49,10,4762.0,47620.0
2021051105001318,MLBSL,35,33,10,4760.0,47600.0
2021051105001317,MLBSL,28,33,50,4760.0,238000.0
2021051105001316,MLBSL,56,33,60,4760.0,285600.0
2021051105001315,MLBSL,37,33,50,4761.0,238050.0
2021051105001314,MLBSL,25,33,30,4762.0,142860.0
2021051105001312,MLBSL,25,1,10,4762.0,47620.0
2021051105001356,MLBSL,57,19,10,4770.0,47700.0
2021051105001355,MLBSL,57,56,10,4770.0,47700.0
2021051105001354,MLBSL,57,41,10,4768.0,47680.0
2021051105001353,MLBSL,57,59,10,4765.0,47650.0
2021051105001352,MLBSL,56,36,10,4760.0,47600.0
2021051105001333,MLBSL,56,54,10,4760.0,47600.0
2021051105001397,MLBSL,22,8,10,4755.0,47550.0
2021051105001394,MLBSL,25,8,10,4750.0,47500.0
2021051105001392,MLBSL,58,8,10,4755.0,47550.0
2021051105001390,MLBSL,56,21,10,4760.0,47600.0
2021051105001375,MLBSL,56,8,10,4760.0,47600.0
2021051105001357,MLBSL,56,35,10,4760.0,47600.0
2021051105001425,MLBSL,25,14,10,4726.0,47260.0
2021051105001419,MLBSL,25,17,10,4726.0,47260.0
2021051105001417,MLBSL,25,59,10,4726.0,47260.0
2021051105001405,MLBSL,59,58,10,4725.0,47250.0
2021051105001403,MLBSL,29,44,40,4750.0,190000.0
2021051105001400,MLBSL,29,19,10,4750.0,47500.0
2021051105001483,MLBSL,25,13,10,4726.0,47260.0
2021051105001479,MLBSL,25,58,10,4726.0,47260.0
2021051105001445,MLBSL,19,45,10,4750.0,47500.0
2021051105001444,MLBSL,19,14,10,4750.0,47500.0
2021051105001442,MLBSL,22,58,10,4730.0,47300.0
2021051105001427,MLBSL,25,17,10,4726.0,47260.0
2021051105001510,MLBSL,59,34,10,4725.0,47250.0
2021051105001509,MLBSL,59,41,10,4725.0,47250.0
2021051105001505,MLBSL,25,58,10,4726.0,47260.0
2021051105001504,MLBSL,25,41,10,4726.0,47260.0
2021051105001497,MLBSL,25,53,10,4726.0,47260.0
2021051105001496,MLBSL,25,29,10,4726.0,47260.0
2021051105001547,MLBSL,59,40,10,4725.0,47250.0
2021051105001544,MLBSL,59,1,10,4725.0,47250.0
2021051105001543,MLBSL,59,19,10,4725.0,47250.0
2021051105001542,MLBSL,59,40,10,4725.0,47250.0
2021051105001541,MLBSL,59,14,10,4725.0,47250.0
2021051105001514,MLBSL,59,34,10,4725.0,47250.0
2021051105001597,MLBSL,19,45,10,4720.0,47200.0
2021051105001591,MLBSL,38,34,10,4715.0,47150.0
2021051105001588,MLBSL,38,49,10,4715.0,47150.0
2021051105001583,MLBSL,39,20,10,4715.0,47150.0
2021051105001563,MLBSL,45,3,10,4720.0,47200.0
2021051105001549,MLBSL,59,19,10,4725.0,47250.0
2021051105001624,NICLBSL,29,39,10,1780.0,17800.0
2021051105001623,NICLBSL,45,39,50,1780.0,89000.0
2021051105001619,NICLBSL,14,39,10,1780.0,17800.0
2021051105001617,NICLBSL,34,49,19,1779.0,33801.0
2021051105001616,NICLBSL,3,49,11,1779.0,19569.0
2021051105001615,NICLBSL,28,39,100,1780.0,178000.0
2021051105001127,NICLBSL,13,41,10,1790.0,17900.0
2021051105001125,NICLBSL,13,58,10,1790.0,17900.0
2021051105001148,NICLBSL,6,51,20,1790.0,35800.0
2021051105001146,NICLBSL,6,51,20,1790.0,35800.0
2021051105001136,NICLBSL,6,39,10,1790.0,17900.0
2021051105001134,NICLBSL,6,22,10,1790.0,17900.0
2021051105001133,NICLBSL,6,51,10,1790.0,17900.0
2021051105001129,NICLBSL,6,36,20,1790.0,35800.0
2021051105001154,NICLBSL,55,57,10,1795.0,17950.0
2021051105001153,NICLBSL,55,47,50,1795.0,89750.0
2021051105001152,NICLBSL,55,45,10,1795.0,17950.0
2021051105001151,NICLBSL,55,34,10,1793.0,17930.0
2021051105001150,NICLBSL,55,58,10,1792.0,17920.0
2021051105001149,NICLBSL,6,36,10,1790.0,17900.0
2021051105001163,NICLBSL,55,14,10,1795.0,17950.0
2021051105001162,NICLBSL,55,14,10,1795.0,17950.0
2021051105001159,NICLBSL,55,26,10,1795.0,17950.0
2021051105001158,NICLBSL,55,52,10,1795.0,17950.0
2021051105001157,NICLBSL,55,14,10,1795.0,17950.0
2021051105001155,NICLBSL,55,57,20,1795.0,35900.0
2021051105001176,NICLBSL,40,41,10,1792.0,17920.0
2021051105001175,NICLBSL,40,41,10,1792.0,17920.0
2021051105001173,NICLBSL,40,39,10,1792.0,17920.0
2021051105001167,NICLBSL,55,41,10,1795.0,17950.0
2021051105001166,NICLBSL,55,14,10,1795.0,17950.0
2021051105001165,NICLBSL,55,58,15,1795.0,26925.0
2021051105001183,NICLBSL,40,51,10,1792.0,17920.0
2021051105001181,NICLBSL,46,13,10,1795.0,17950.0
2021051105001180,NICLBSL,46,56,10,1795.0,17950.0
2021051105001179,NICLBSL,46,47,10,1795.0,17950.0
2021051105001178,NICLBSL,46,41,10,1795.0,17950.0
2021051105001177,NICLBSL,46,46,10,1795.0,17950.0
2021051105001192,NICLBSL,53,47,10,1793.0,17930.0
2021051105001191,NICLBSL,53,44,10,1793.0,17930.0
2021051105001190,NICLBSL,43,1,20,1793.0,35860.0
2021051105001189,NICLBSL,43,51,20,1793.0,35860.0
2021051105001186,NICLBSL,43,49,10,1793.0,17930.0
2021051105001184,NICLBSL,43,42,10,1793.0,17930.0
2021051105001203,NICLBSL,33,13,40,1795.0,71800.0
2021051105001202,NICLBSL,33,57,10,1794.0,17940.0
2021051105001201,NICLBSL,33,7,20,1794.0,35880.0
2021051105001200,NICLBSL,33,41,10,1794.0,17940.0
2021051105001199,NICLBSL,53,57,10,1793.0,17930.0
2021051105001193,NICLBSL,53,35,10,1793.0,17930.0
2021051105001214,NICLBSL,53,39,10,1793.0,17930.0
2021051105001208,NICLBSL,53,42,10,1793.0,17930.0
2021051105001207,NICLBSL,13,57,10,1794.0,17940.0
2021051105001206,NICLBSL,53,29,10,1793.0,17930.0
2021051105001205,NICLBSL,33,57,10,1794.0,17940.0
2021051105001204,NICLBSL,41,13,5,1795.0,8975.0
2021051105001222,NICLBSL,40,57,20,1792.0,35840.0
2021051105001221,NICLBSL,40,17,24,1792.0,43008.0
2021051105001220,NICLBSL,53,17,10,1793.0,17930.0
2021051105001219,NICLBSL,53,32,10,1793.0,17930.0
2021051105001218,NICLBSL,53,49,10,1793.0,17930.0
2021051105001216,NICLBSL,55,57,10,1794.0,17940.0
2021051105001230,NICLBSL,47,58,10,1793.0,17930.0
2021051105001229,NICLBSL,47,49,10,1793.0,17930.0
2021051105001228,NICLBSL,47,58,10,1793.0,17930.0
2021051105001227,NICLBSL,49,4,10,1794.0,17940.0
2021051105001226,NICLBSL,49,57,11,1794.0,19734.0
2021051105001223,NICLBSL,47,34,10,1793.0,17930.0
2021051105001236,NICLBSL,46,39,10,1795.0,17950.0
2021051105001235,NICLBSL,46,58,10,1795.0,17950.0
2021051105001234,NICLBSL,46,34,20,1795.0,35900.0
2021051105001233,NICLBSL,49,10,10,1795.0,17950.0
2021051105001232,NICLBSL,49,56,20,1795.0,35900.0
2021051105001231,NICLBSL,49,14,10,1795.0,17950.0
2021051105001244,NICLBSL,49,32,29,1794.0,52026.0
2021051105001243,NICLBSL,49,59,10,1794.0,17940.0
2021051105001242,NICLBSL,19,42,10,1792.0,17920.0
2021051105001240,NICLBSL,40,40,10,1792.0,17920.0
2021051105001239,NICLBSL,55,34,10,1796.0,17960.0
2021051105001238,NICLBSL,55,26,10,1796.0,17960.0
2021051105001254,NICLBSL,45,58,10,1791.0,17910.0
2021051105001251,NICLBSL,45,40,22,1791.0,39402.0
2021051105001250,NICLBSL,56,40,88,1792.0,157696.0
2021051105001249,NICLBSL,19,40,190,1792.0,340480.0
2021051105001247,NICLBSL,19,34,10,1792.0,17920.0
2021051105001245,NICLBSL,19,34,10,1792.0,17920.0
2021051105001263,NICLBSL,59,34,10,1793.0,17930.0
2021051105001261,NICLBSL,44,58,10,1792.0,17920.0
2021051105001259,NICLBSL,44,56,10,1792.0,17920.0
2021051105001258,NICLBSL,44,59,50,1792.0,89600.0
2021051105001257,NICLBSL,45,20,10,1791.0,17910.0
2021051105001255,NICLBSL,45,34,20,1791.0,35820.0
2021051105001276,NICLBSL,59,20,10,1793.0,17930.0
2021051105001270,NICLBSL,57,39,20,1794.0,35880.0
2021051105001269,NICLBSL,59,41,10,1793.0,17930.0
2021051105001268,NICLBSL,59,58,10,1793.0,17930.0
2021051105001265,NICLBSL,59,58,10,1793.0,17930.0
2021051105001264,NICLBSL,59,38,10,1793.0,17930.0
2021051105001285,NICLBSL,59,28,10,1793.0,17930.0
2021051105001282,NICLBSL,59,53,10,1793.0,17930.0
2021051105001280,NICLBSL,59,58,10,1793.0,17930.0
2021051105001279,NICLBSL,3,4,40,1795.0,71800.0
2021051105001278,NICLBSL,3,57,10,1795.0,17950.0
2021051105001277,NICLBSL,59,41,10,1793.0,17930.0
2021051105001292,NICLBSL,44,18,10,1792.0,17920.0
2021051105001291,NICLBSL,44,25,41,1792.0,73472.0
2021051105001289,NICLBSL,44,28,"1,700",1792.0,3046400.0
2021051105001288,NICLBSL,11,28,150,1793.0,268950.0
2021051105001287,NICLBSL,4,28,100,1793.0,179300.0
2021051105001286,NICLBSL,43,28,180,1793.0,322740.0
2021051105001299,NICLBSL,44,42,10,1792.0,17920.0
2021051105001297,NICLBSL,43,4,20,1795.0,35900.0
2021051105001296,NICLBSL,43,51,10,1793.0,17930.0
2021051105001295,NICLBSL,44,52,10,1792.0,17920.0
2021051105001294,NICLBSL,44,18,10,1792.0,17920.0
2021051105001293,NICLBSL,44,18,10,1792.0,17920.0
2021051105001313,NICLBSL,14,29,10,1793.0,17930.0
2021051105001311,NICLBSL,14,55,10,1793.0,17930.0
2021051105001310,NICLBSL,14,18,20,1793.0,35860.0
2021051105001306,NICLBSL,14,42,10,1793.0,17930.0
2021051105001303,NICLBSL,44,42,10,1792.0,17920.0
2021051105001300,NICLBSL,44,18,10,1792.0,17920.0
2021051105001324,NICLBSL,7,45,10,1794.0,17940.0
2021051105001323,NICLBSL,42,55,100,1793.0,179300.0
2021051105001322,NICLBSL,42,18,10,1793.0,17930.0
2021051105001321,NICLBSL,42,29,10,1793.0,17930.0
2021051105001320,NICLBSL,7,22,10,1793.0,17930.0
2021051105001319,NICLBSL,7,18,10,1793.0,17930.0
2021051105001330,NICLBSL,44,42,50,1792.0,89600.0
2021051105001329,NICLBSL,44,42,20,1792.0,35840.0
2021051105001328,NICLBSL,44,57,10,1792.0,17920.0
2021051105001327,NICLBSL,42,50,225,1793.0,403425.0
2021051105001326,NICLBSL,42,57,99,1793.0,177507.0
2021051105001325,NICLBSL,7,38,10,1794.0,17940.0
2021051105001337,NICLBSL,34,54,10,1792.0,17920.0
2021051105001336,NICLBSL,34,34,10,1792.0,17920.0
2021051105001335,NICLBSL,44,39,14,1792.0,25088.0
2021051105001334,NICLBSL,44,37,10,1792.0,17920.0
2021051105001332,NICLBSL,47,50,50,1793.0,89650.0
2021051105001331,NICLBSL,44,52,10,1792.0,17920.0
2021051105001344,NICLBSL,20,57,10,1791.0,17910.0
2021051105001343,NICLBSL,13,57,44,1791.0,78804.0
2021051105001342,NICLBSL,45,39,18,1791.0,32238.0
2021051105001341,NICLBSL,45,21,20,1791.0,35820.0
2021051105001339,NICLBSL,49,34,10,1792.0,17920.0
2021051105001338,NICLBSL,49,58,10,1792.0,17920.0
2021051105001350,NICLBSL,48,57,100,1790.0,179000.0
2021051105001349,NICLBSL,38,57,100,1790.0,179000.0
2021051105001348,NICLBSL,17,57,30,1790.0,53700.0
2021051105001347,NICLBSL,6,57,400,1790.0,716000.0
2021051105001346,NICLBSL,44,57,20,1791.0,35820.0
2021051105001345,NICLBSL,19,57,100,1791.0,179100.0
2021051105001362,NICLBSL,29,58,170,1790.0,304300.0
2021051105001361,NICLBSL,29,39,10,1790.0,17900.0
2021051105001360,NICLBSL,29,6,10,1790.0,17900.0
2021051105001359,NICLBSL,29,56,110,1790.0,196900.0
2021051105001358,NICLBSL,13,34,10,1790.0,17900.0
2021051105001351,NICLBSL,13,4,10,1790.0,17900.0
2021051105001368,NICLBSL,42,58,30,1790.0,53700.0
2021051105001367,NICLBSL,49,58,20,1790.0,35800.0
2021051105001366,NICLBSL,38,58,100,1790.0,179000.0
2021051105001365,NICLBSL,42,58,100,1790.0,179000.0
2021051105001364,NICLBSL,52,58,20,1790.0,35800.0
2021051105001363,NICLBSL,35,58,14,1790.0,25060.0
2021051105001374,NICLBSL,19,6,10,1790.0,17900.0
2021051105001373,NICLBSL,19,34,10,1790.0,17900.0
2021051105001372,NICLBSL,19,34,20,1790.0,35800.0
2021051105001371,NICLBSL,19,6,10,1790.0,17900.0
2021051105001370,NICLBSL,19,58,138,1790.0,247020.0
2021051105001369,NICLBSL,13,58,10,1790.0,17900.0
2021051105001381,NICLBSL,19,59,57,1790.0,102030.0
2021051105001380,NICLBSL,1,59,10,1792.0,17920.0
2021051105001379,NICLBSL,1,53,10,1792.0,17920.0
2021051105001378,NICLBSL,19,57,10,1790.0,17900.0
2021051105001377,NICLBSL,19,6,10,1790.0,17900.0
2021051105001376,NICLBSL,19,45,10,1790.0,17900.0
2021051105001387,NICLBSL,34,59,80,1790.0,143200.0
2021051105001386,NICLBSL,40,59,106,1790.0,189740.0
2021051105001385,NICLBSL,41,59,50,1790.0,89500.0
2021051105001384,NICLBSL,32,59,50,1790.0,89500.0
2021051105001383,NICLBSL,25,59,20,1790.0,35800.0
2021051105001382,NICLBSL,47,59,15,1790.0,26850.0
2021051105001396,NICLBSL,39,40,10,1789.0,17890.0
2021051105001395,NICLBSL,39,16,10,1789.0,17890.0
2021051105001393,NICLBSL,56,34,10,1789.0,17890.0
2021051105001391,NICLBSL,56,39,10,1789.0,17890.0
2021051105001389,NICLBSL,10,34,20,1789.0,35780.0
2021051105001388,NICLBSL,19,59,10,1790.0,17900.0
2021051105001406,NICLBSL,55,6,10,1788.0,17880.0
2021051105001404,NICLBSL,55,6,10,1788.0,17880.0
2021051105001402,NICLBSL,55,6,10,1788.0,17880.0
2021051105001401,NICLBSL,55,45,250,1788.0,447000.0
2021051105001399,NICLBSL,52,29,10,1789.0,17890.0
2021051105001398,NICLBSL,52,21,10,1789.0,17890.0
2021051105001413,NICLBSL,55,25,10,1788.0,17880.0
2021051105001412,NICLBSL,55,17,10,1788.0,17880.0
2021051105001410,NICLBSL,55,26,10,1788.0,17880.0
2021051105001409,NICLBSL,55,33,80,1788.0,143040.0
2021051105001408,NICLBSL,55,6,10,1788.0,17880.0
2021051105001407,NICLBSL,55,26,10,1788.0,17880.0
2021051105001421,NICLBSL,46,43,43,1788.0,76884.0
2021051105001420,NICLBSL,45,43,10,1788.0,17880.0
2021051105001418,NICLBSL,45,38,10,1788.0,17880.0
2021051105001416,NICLBSL,45,4,40,1788.0,71520.0
2021051105001415,NICLBSL,45,58,10,1788.0,17880.0
2021051105001414,NICLBSL,55,58,90,1788.0,160920.0
2021051105001429,NICLBSL,26,19,20,1787.0,35740.0
2021051105001428,NICLBSL,26,25,10,1787.0,17870.0
2021051105001426,NICLBSL,26,19,10,1787.0,17870.0
2021051105001424,NICLBSL,36,36,10,1788.0,17880.0
2021051105001423,NICLBSL,36,6,10,1788.0,17880.0
2021051105001422,NICLBSL,36,17,10,1788.0,17880.0
2021051105001435,NICLBSL,34,39,20,1785.0,35700.0
2021051105001434,NICLBSL,28,39,20,1785.0,35700.0
2021051105001433,NICLBSL,57,39,33,1785.0,58905.0
2021051105001432,NICLBSL,35,39,60,1787.0,107220.0
2021051105001431,NICLBSL,26,39,40,1787.0,71480.0
2021051105001430,NICLBSL,26,19,10,1787.0,17870.0
2021051105001441,NICLBSL,50,39,90,1785.0,160650.0
2021051105001440,NICLBSL,40,39,10,1785.0,17850.0
2021051105001439,NICLBSL,42,39,100,1785.0,178500.0
2021051105001438,NICLBSL,29,39,150,1785.0,267750.0
2021051105001437,NICLBSL,6,39,10,1785.0,17850.0
2021051105001436,NICLBSL,52,39,30,1785.0,53550.0
2021051105001450,NICLBSL,45,25,10,1784.0,17840.0
2021051105001449,NICLBSL,42,39,15,1785.0,26775.0
2021051105001448,NICLBSL,46,39,25,1785.0,44625.0
2021051105001447,NICLBSL,58,58,10,1785.0,17850.0
2021051105001446,NICLBSL,35,36,10,1787.0,17870.0
2021051105001443,NICLBSL,35,39,40,1785.0,71400.0
2021051105001457,NICLBSL,19,56,90,1785.0,160650.0
2021051105001456,NICLBSL,19,55,60,1784.0,107040.0
2021051105001455,NICLBSL,19,13,150,1784.0,267600.0
2021051105001453,NICLBSL,38,36,10,1783.0,17830.0
2021051105001452,NICLBSL,52,13,100,1784.0,178400.0
2021051105001451,NICLBSL,45,19,10,1784.0,17840.0
2021051105001463,NICLBSL,4,38,10,1785.0,17850.0
2021051105001462,NICLBSL,4,17,10,1785.0,17850.0
2021051105001461,NICLBSL,4,43,10,1785.0,17850.0
2021051105001460,NICLBSL,4,17,10,1785.0,17850.0
2021051105001459,NICLBSL,4,34,10,1785.0,17850.0
2021051105001458,NICLBSL,19,39,100,1786.0,178600.0
2021051105001469,NICLBSL,19,59,10,1788.0,17880.0
2021051105001468,NICLBSL,19,36,20,1788.0,35760.0
2021051105001467,NICLBSL,19,19,10,1787.0,17870.0
2021051105001466,NICLBSL,19,22,10,1786.0,17860.0
2021051105001465,NICLBSL,19,17,20,1783.0,35660.0
2021051105001464,NICLBSL,19,34,10,1784.0,17840.0
2021051105001475,NICLBSL,19,43,10,1790.0,17900.0
2021051105001474,NICLBSL,19,21,10,1790.0,17900.0
2021051105001473,NICLBSL,19,48,100,1790.0,179000.0
2021051105001472,NICLBSL,19,59,92,1790.0,164680.0
2021051105001471,NICLBSL,19,16,50,1789.0,89450.0
2021051105001470,NICLBSL,19,58,10,1788.0,17880.0
2021051105001482,NICLBSL,38,21,10,1783.0,17830.0
2021051105001481,NICLBSL,46,32,7,1788.0,12516.0
2021051105001480,NICLBSL,19,3,15,1784.0,26760.0
2021051105001478,NICLBSL,19,16,38,1790.0,68020.0
2021051105001477,NICLBSL,19,26,10,1790.0,17900.0
2021051105001476,NICLBSL,19,43,10,1790.0,17900.0
2021051105001489,NICLBSL,25,57,10,1782.0,17820.0
2021051105001488,NICLBSL,50,57,100,1782.0,178200.0
2021051105001487,NICLBSL,42,57,100,1783.0,178300.0
2021051105001486,NICLBSL,35,17,10,1783.0,17830.0
2021051105001485,NICLBSL,56,1,10,1784.0,17840.0
2021051105001484,NICLBSL,35,18,10,1783.0,17830.0
2021051105001495,NICLBSL,41,57,30,1781.0,53430.0
2021051105001494,NICLBSL,54,57,66,1781.0,117546.0
2021051105001493,NICLBSL,36,57,20,1781.0,35620.0
2021051105001492,NICLBSL,6,57,50,1782.0,89100.0
2021051105001491,NICLBSL,4,57,25,1782.0,44550.0
2021051105001490,NICLBSL,38,57,30,1782.0,53460.0
2021051105001503,NICLBSL,38,45,10,1783.0,17830.0
2021051105001502,NICLBSL,45,19,10,1782.0,17820.0
2021051105001501,NICLBSL,45,55,10,1782.0,17820.0
2021051105001500,NICLBSL,3,57,49,1781.0,87269.0
2021051105001499,NICLBSL,47,57,10,1781.0,17810.0
2021051105001498,NICLBSL,59,57,10,1781.0,17810.0
2021051105001515,NICLBSL,1,39,80,1784.0,142720.0
2021051105001513,NICLBSL,1,59,10,1784.0,17840.0
2021051105001512,NICLBSL,1,33,10,1784.0,17840.0
2021051105001511,NICLBSL,22,26,10,1783.0,17830.0
2021051105001508,NICLBSL,22,48,10,1783.0,17830.0
2021051105001506,NICLBSL,49,39,10,1783.0,17830.0
2021051105001521,NICLBSL,43,39,100,1780.0,178000.0
2021051105001520,NICLBSL,32,39,100,1780.0,178000.0
2021051105001519,NICLBSL,52,39,10,1780.0,17800.0
2021051105001518,NICLBSL,46,39,200,1780.0,356000.0
2021051105001517,NICLBSL,37,39,50,1781.0,89050.0
2021051105001516,NICLBSL,58,39,100,1781.0,178100.0
2021051105001527,NICLBSL,17,39,40,1780.0,71200.0
2021051105001526,NICLBSL,57,39,10,1780.0,17800.0
2021051105001525,NICLBSL,35,39,20,1780.0,35600.0
2021051105001524,NICLBSL,22,39,10,1780.0,17800.0
2021051105001523,NICLBSL,50,39,50,1780.0,89000.0
2021051105001522,NICLBSL,4,39,20,1780.0,35600.0
2021051105001533,NICLBSL,28,39,10,1780.0,17800.0
2021051105001532,NICLBSL,50,39,100,1780.0,178000.0
2021051105001531,NICLBSL,32,39,40,1780.0,71200.0
2021051105001530,NICLBSL,51,39,10,1780.0,17800.0
2021051105001529,NICLBSL,43,39,50,1780.0,89000.0
2021051105001528,NICLBSL,45,39,50,1780.0,89000.0
2021051105001539,NICLBSL,18,39,10,1780.0,17800.0
2021051105001538,NICLBSL,36,39,40,1780.0,71200.0
2021051105001537,NICLBSL,25,39,10,1780.0,17800.0
2021051105001536,NICLBSL,35,39,200,1780.0,356000.0
2021051105001535,NICLBSL,35,39,100,1780.0,178000.0
2021051105001534,NICLBSL,17,39,180,1780.0,320400.0
2021051105001552,NICLBSL,7,56,30,1782.0,53460.0
2021051105001551,NICLBSL,19,56,10,1782.0,17820.0
2021051105001550,NICLBSL,41,56,10,1782.0,17820.0
2021051105001548,NICLBSL,33,26,26,1783.0,46358.0
2021051105001546,NICLBSL,59,46,10,1783.0,17830.0
2021051105001545,NICLBSL,59,26,10,1783.0,17830.0
2021051105001558,NICLBSL,18,39,10,1780.0,17800.0
2021051105001557,NICLBSL,21,39,50,1781.0,89050.0
2021051105001556,NICLBSL,1,39,10,1782.0,17820.0
2021051105001555,NICLBSL,1,58,10,1782.0,17820.0
2021051105001554,NICLBSL,1,59,10,1782.0,17820.0
2021051105001553,NICLBSL,7,59,10,1782.0,17820.0
2021051105001565,NICLBSL,55,51,10,1782.0,17820.0
2021051105001564,NICLBSL,57,48,10,1780.0,17800.0
2021051105001562,NICLBSL,20,39,54,1778.0,96012.0
2021051105001561,NICLBSL,7,39,13,1779.0,23127.0
2021051105001560,NICLBSL,13,39,20,1780.0,35600.0
2021051105001559,NICLBSL,42,39,10,1780.0,17800.0
2021051105001571,NICLBSL,43,17,10,1783.0,17830.0
2021051105001570,NICLBSL,49,49,31,1785.0,55335.0
2021051105001569,NICLBSL,49,21,50,1785.0,89250.0
2021051105001568,NICLBSL,49,42,10,1785.0,17850.0
2021051105001567,NICLBSL,49,49,70,1785.0,124950.0
2021051105001566,NICLBSL,43,5,20,1783.0,35660.0
2021051105001578,NICLBSL,26,39,30,1781.0,53430.0
2021051105001577,NICLBSL,33,39,10,1781.0,17810.0
2021051105001576,NICLBSL,32,39,170,1782.0,302940.0
2021051105001575,NICLBSL,55,39,10,1782.0,17820.0
2021051105001574,NICLBSL,43,39,60,1783.0,106980.0
2021051105001573,NICLBSL,43,48,10,1783.0,17830.0
2021051105001585,NICLBSL,59,38,10,1781.0,17810.0
2021051105001584,NICLBSL,59,39,20,1780.0,35600.0
2021051105001582,NICLBSL,59,39,50,1780.0,89000.0
2021051105001581,NICLBSL,49,39,100,1780.0,178000.0
2021051105001580,NICLBSL,57,39,40,1780.0,71200.0
2021051105001579,NICLBSL,4,39,10,1781.0,17810.0
2021051105001593,NICLBSL,42,16,52,1781.0,92612.0
2021051105001592,NICLBSL,42,39,20,1781.0,35620.0
2021051105001590,NICLBSL,18,36,10,1783.0,17830.0
2021051105001589,NICLBSL,18,42,10,1783.0,17830.0
2021051105001587,NICLBSL,59,5,10,1781.0,17810.0
2021051105001586,NICLBSL,59,48,10,1781.0,17810.0
2021051105001601,NICLBSL,41,39,30,1780.0,53400.0
2021051105001600,NICLBSL,42,39,28,1781.0,49868.0
2021051105001598,NICLBSL,42,50,55,1782.0,98010.0
2021051105001596,NICLBSL,28,22,20,1785.0,35700.0
2021051105001595,NICLBSL,28,45,10,1784.0,17840.0
2021051105001594,NICLBSL,28,50,70,1783.0,124810.0
2021051105001607,NICLBSL,20,39,94,1780.0,167320.0
2021051105001606,NICLBSL,32,39,20,1781.0,35620.0
2021051105001605,NICLBSL,20,39,52,1780.0,92560.0
2021051105001604,NICLBSL,45,39,50,1780.0,89000.0
2021051105001603,NICLBSL,41,39,20,1780.0,35600.0
2021051105001602,NICLBSL,55,39,20,1780.0,35600.0
2021051105001614,NICLBSL,49,39,40,1780.0,71200.0
2021051105001613,NICLBSL,52,39,160,1780.0,284800.0
2021051105001612,NICLBSL,48,39,54,1780.0,96120.0
2021051105001610,NICLBSL,48,39,66,1780.0,117480.0
2021051105001609,NICLBSL,42,39,20,1780.0,35600.0
2021051105001608,NICLBSL,35,39,100,1780.0,178000.0
2021051105001572,RURU,16,36,10,662.0,6620.0
2021051105001540,RURU,16,57,10,662.0,6620.0
2021051105001507,RURU,16,36,10,662.0,6620.0
2021051105001454,RURU,16,45,10,662.0,6620.0
2021051105001411,RURU,16,56,10,662.0,6620.0
2021051105001340,RURU,16,48,10,662.0,6620.0
2021051105001246,RURU,26,57,6,649.0,3894.0
2021051105001213,RURU,16,28,10,662.0,6620.0
2021051105001188,RURU,16,45,10,662.0,6620.0
2021051105001169,RURU,16,58,10,662.0,6620.0
2021051105001124,MLBSL,19,51,10,4770.0,47700.0
2021051105001123,MLBSL,19,58,10,4770.0,47700.0
2021051105001117,MLBSL,59,26,10,4766.0,47660.0
2021051105001108,MLBSL,19,32,10,4765.0,47650.0
2021051105001106,MLBSL,37,39,10,4761.0,47610.0
2021051105001098,MLBSL,19,55,10,4760.0,47600.0
2021051105000647,MLBSL,35,57,10,4680.0,46800.0
2021051105000646,MLBSL,45,57,10,4680.0,46800.0
2021051105000645,MLBSL,20,57,40,4680.0,187200.0
2021051105000644,MLBSL,47,57,10,4681.0,46810.0
2021051105000629,MLBSL,20,38,10,4680.0,46800.0
2021051105000665,MLBSL,47,21,10,4680.0,46800.0
2021051105000664,MLBSL,47,42,10,4676.0,46760.0
2021051105000660,MLBSL,29,21,10,4676.0,46760.0
2021051105000652,MLBSL,29,35,10,4676.0,46760.0
2021051105000649,MLBSL,43,57,10,4675.0,46750.0
2021051105000648,MLBSL,38,57,20,4680.0,93600.0
2021051105000685,MLBSL,28,42,10,4685.0,46850.0
2021051105000682,MLBSL,22,58,10,4676.0,46760.0
2021051105000680,MLBSL,47,14,10,4677.0,46770.0
2021051105000675,MLBSL,22,11,10,4676.0,46760.0
2021051105000674,MLBSL,47,32,10,4676.0,46760.0
2021051105000673,MLBSL,47,58,10,4677.0,46770.0
2021051105000703,MLBSL,29,21,10,4699.0,46990.0
2021051105000700,MLBSL,45,1,10,4699.0,46990.0
2021051105000699,MLBSL,45,55,10,4699.0,46990.0
2021051105000698,MLBSL,45,34,10,4690.0,46900.0
2021051105000693,MLBSL,47,41,10,4677.0,46770.0
2021051105000690,MLBSL,41,57,10,4690.0,46900.0
2021051105000709,MLBSL,29,58,10,4700.0,47000.0
2021051105000708,MLBSL,29,35,10,4700.0,47000.0
2021051105000707,MLBSL,29,46,10,4700.0,47000.0
2021051105000706,MLBSL,29,58,10,4700.0,47000.0
2021051105000705,MLBSL,29,14,10,4700.0,47000.0
2021051105000704,MLBSL,29,57,35,4700.0,164500.0
2021051105000715,MLBSL,29,52,10,4700.0,47000.0
2021051105000714,MLBSL,29,38,10,4700.0,47000.0
2021051105000713,MLBSL,29,37,10,4700.0,47000.0
2021051105000712,MLBSL,29,59,10,4700.0,47000.0
2021051105000711,MLBSL,29,35,10,4700.0,47000.0
2021051105000710,MLBSL,29,49,10,4700.0,47000.0
2021051105000733,MLBSL,42,42,10,4700.0,47000.0
2021051105000732,MLBSL,42,50,10,4700.0,47000.0
2021051105000719,MLBSL,29,38,10,4700.0,47000.0
2021051105000718,MLBSL,29,35,10,4700.0,47000.0
2021051105000717,MLBSL,29,22,10,4700.0,47000.0
2021051105000716,MLBSL,29,34,10,4700.0,47000.0
2021051105000756,MLBSL,43,45,10,4700.0,47000.0
2021051105000755,MLBSL,47,26,10,4682.0,46820.0
2021051105000754,MLBSL,29,29,5,4700.0,23500.0
2021051105000753,MLBSL,20,43,40,4681.0,187240.0
2021051105000751,MLBSL,20,58,10,4681.0,46810.0
2021051105000748,MLBSL,47,38,10,4680.0,46800.0
2021051105000765,MLBSL,47,8,10,4682.0,46820.0
2021051105000761,MLBSL,26,55,10,4683.0,46830.0
2021051105000760,MLBSL,26,8,10,4683.0,46830.0
2021051105000759,MLBSL,43,46,10,4700.0,47000.0
2021051105000758,MLBSL,43,52,10,4700.0,47000.0
2021051105000757,MLBSL,43,43,10,4700.0,47000.0
2021051105000799,MLBSL,3,58,10,4685.0,46850.0
2021051105000794,MLBSL,3,58,10,4685.0,46850.0
2021051105000793,MLBSL,41,13,10,4690.0,46900.0
2021051105000791,MLBSL,59,53,10,4682.0,46820.0
2021051105000789,MLBSL,52,21,10,4682.0,46820.0
2021051105000784,MLBSL,52,52,10,4682.0,46820.0
2021051105000817,MLBSL,16,43,14,4685.0,65590.0
2021051105000816,MLBSL,8,43,10,4685.0,46850.0
2021051105000815,MLBSL,3,43,30,4685.0,140550.0
2021051105000810,MLBSL,3,58,10,4685.0,46850.0
2021051105000807,MLBSL,3,38,10,4685.0,46850.0
2021051105000806,MLBSL,3,39,10,4685.0,46850.0
2021051105000834,MLBSL,57,44,10,4700.0,47000.0
2021051105000833,MLBSL,57,58,10,4699.0,46990.0
2021051105000832,MLBSL,57,57,10,4699.0,46990.0
2021051105000826,MLBSL,47,8,10,4680.0,46800.0
2021051105000819,MLBSL,58,43,20,4685.0,93700.0
2021051105000818,MLBSL,59,43,90,4685.0,421650.0
2021051105000840,MLBSL,57,41,10,4700.0,47000.0
2021051105000839,MLBSL,57,57,10,4700.0,47000.0
2021051105000838,MLBSL,57,16,10,4700.0,47000.0
2021051105000837,MLBSL,57,57,10,4700.0,47000.0
2021051105000836,MLBSL,57,48,10,4700.0,47000.0
2021051105000835,MLBSL,57,56,10,4700.0,47000.0
2021051105000847,MLBSL,43,45,10,4700.0,47000.0
2021051105000846,MLBSL,43,57,90,4700.0,423000.0
2021051105000845,MLBSL,44,45,10,4685.0,46850.0
2021051105000843,MLBSL,25,42,10,4680.0,46800.0
2021051105000842,MLBSL,45,10,10,4680.0,46800.0
2021051105000841,MLBSL,57,57,10,4700.0,47000.0
2021051105000856,MLBSL,47,16,10,4691.0,46910.0
2021051105000855,MLBSL,53,45,10,4691.0,46910.0
2021051105000853,MLBSL,44,47,10,4685.0,46850.0
2021051105000851,MLBSL,47,21,10,4686.0,46860.0
2021051105000849,MLBSL,14,47,10,4686.0,46860.0
2021051105000848,MLBSL,43,38,10,4700.0,47000.0
2021051105000877,MLBSL,4,18,10,4700.0,47000.0
2021051105000876,MLBSL,4,21,10,4700.0,47000.0
2021051105000875,MLBSL,4,46,10,4700.0,47000.0
2021051105000874,MLBSL,4,51,10,4700.0,47000.0
2021051105000858,MLBSL,43,43,100,4690.0,469000.0
2021051105000857,MLBSL,47,43,10,4691.0,46910.0
2021051105000892,MLBSL,53,58,10,4702.0,47020.0
2021051105000890,MLBSL,59,17,10,4702.0,47020.0
2021051105000881,MLBSL,4,17,10,4700.0,47000.0
2021051105000880,MLBSL,4,58,10,4700.0,47000.0
2021051105000879,MLBSL,4,45,10,4700.0,47000.0
2021051105000878,MLBSL,4,8,10,4700.0,47000.0
2021051105000902,MLBSL,14,1,10,4711.0,47110.0
2021051105000898,MLBSL,59,48,10,4710.0,47100.0
2021051105000897,MLBSL,59,52,10,4710.0,47100.0
2021051105000896,MLBSL,59,47,10,4705.0,47050.0
2021051105000894,MLBSL,59,46,10,4705.0,47050.0
2021051105000893,MLBSL,47,58,10,4703.0,47030.0
2021051105000916,MLBSL,14,58,10,4715.0,47150.0
2021051105000912,MLBSL,14,58,10,4715.0,47150.0
2021051105000911,MLBSL,14,6,10,4715.0,47150.0
2021051105000910,MLBSL,4,43,51,4713.0,240363.0
2021051105000909,MLBSL,4,59,10,4713.0,47130.0
2021051105000908,MLBSL,47,43,20,4712.0,94240.0
2021051105000924,MLBSL,26,47,10,4720.0,47200.0
2021051105000923,MLBSL,26,21,10,4720.0,47200.0
2021051105000922,MLBSL,26,42,10,4720.0,47200.0
2021051105000921,MLBSL,26,35,10,4720.0,47200.0
2021051105000920,MLBSL,26,55,10,4720.0,47200.0
2021051105000918,MLBSL,47,21,10,4716.0,47160.0
2021051105000939,MLBSL,44,43,10,4730.0,47300.0
2021051105000936,MLBSL,59,49,10,4725.0,47250.0
2021051105000935,MLBSL,59,34,10,4725.0,47250.0
2021051105000927,MLBSL,26,51,10,4720.0,47200.0
2021051105000926,MLBSL,26,33,10,4720.0,47200.0
2021051105000925,MLBSL,26,35,10,4720.0,47200.0
2021051105000953,MLBSL,4,28,10,4745.0,47450.0
2021051105000951,MLBSL,14,45,20,4735.0,94700.0
2021051105000950,MLBSL,59,58,10,4740.0,47400.0
2021051105000949,MLBSL,59,28,10,4740.0,47400.0
2021051105000941,MLBSL,14,39,10,4735.0,47350.0
2021051105000940,MLBSL,44,41,10,4730.0,47300.0
2021051105000975,MLBSL,59,58,10,4750.0,47500.0
2021051105000974,MLBSL,14,17,10,4750.0,47500.0
2021051105000973,MLBSL,14,17,10,4750.0,47500.0
2021051105000972,MLBSL,14,16,10,4750.0,47500.0
2021051105000969,MLBSL,10,32,10,4750.0,47500.0
2021051105000964,MLBSL,4,14,10,4747.0,47470.0
2021051105000987,MLBSL,47,59,10,4760.0,47600.0
2021051105000983,MLBSL,47,38,10,4760.0,47600.0
2021051105000982,MLBSL,54,22,10,4755.0,47550.0
2021051105000980,MLBSL,59,6,10,4750.0,47500.0
2021051105000977,MLBSL,59,28,10,4750.0,47500.0
2021051105000976,MLBSL,59,49,10,4750.0,47500.0
2021051105000996,MLBSL,44,51,10,4760.0,47600.0
2021051105000995,MLBSL,44,40,10,4760.0,47600.0
2021051105000993,MLBSL,54,32,10,4755.0,47550.0
2021051105000992,MLBSL,54,37,10,4755.0,47550.0
2021051105000990,MLBSL,58,55,100,4760.0,476000.0
2021051105000988,MLBSL,47,49,10,4760.0,47600.0
2021051105001003,MLBSL,44,44,10,4760.0,47600.0
2021051105001002,MLBSL,59,44,20,4760.0,95200.0
2021051105001000,MLBSL,54,38,10,4755.0,47550.0
2021051105000999,MLBSL,44,22,10,4760.0,47600.0
2021051105000998,MLBSL,44,56,10,4760.0,47600.0
2021051105000997,MLBSL,44,32,10,4760.0,47600.0
2021051105001024,MLBSL,59,18,10,4757.0,47570.0
2021051105001014,MLBSL,3,58,10,4760.0,47600.0
2021051105001010,MLBSL,4,39,10,4756.0,47560.0
2021051105001009,MLBSL,4,46,10,4756.0,47560.0
2021051105001008,MLBSL,4,14,10,4756.0,47560.0
2021051105001004,MLBSL,56,44,10,4760.0,47600.0
2021051105001058,MLBSL,58,22,10,4760.0,47600.0
2021051105001042,MLBSL,6,44,11,4765.0,52415.0
2021051105001036,MLBSL,58,18,10,4765.0,47650.0
2021051105001035,MLBSL,58,18,10,4765.0,47650.0
2021051105001034,MLBSL,58,28,10,4765.0,47650.0
2021051105001033,MLBSL,58,16,10,4765.0,47650.0
2021051105001073,MLBSL,57,38,10,4760.0,47600.0
2021051105001065,MLBSL,58,1,10,4765.0,47650.0
2021051105001064,MLBSL,58,7,10,4765.0,47650.0
2021051105001063,MLBSL,58,18,10,4765.0,47650.0
2021051105001062,MLBSL,58,18,10,4765.0,47650.0
2021051105001060,MLBSL,54,29,10,4755.0,47550.0
2021051105001091,MLBSL,19,29,10,4765.0,47650.0
2021051105001087,MLBSL,58,17,10,4755.0,47550.0
2021051105001086,MLBSL,44,16,10,4755.0,47550.0
2021051105001082,MLBSL,44,58,10,4760.0,47600.0
2021051105001076,MLBSL,34,22,10,4760.0,47600.0
2021051105001075,MLBSL,34,51,10,4760.0,47600.0
2021051105001097,MLBSL,19,16,10,4770.0,47700.0
2021051105001096,MLBSL,19,45,10,4770.0,47700.0
2021051105001095,MLBSL,19,57,10,4770.0,47700.0
2021051105001094,MLBSL,19,56,10,4770.0,47700.0
2021051105001093,MLBSL,19,6,10,4770.0,47700.0
2021051105001092,MLBSL,19,41,10,4765.0,47650.0
2021051105001122,NICLBSL,13,57,10,1790.0,17900.0
2021051105001121,NICLBSL,13,49,16,1790.0,28640.0
2021051105001120,NICLBSL,52,49,20,1790.0,35800.0
2021051105001119,NICLBSL,52,19,10,1790.0,17900.0
2021051105001118,NICLBSL,52,57,20,1790.0,35800.0
2021051105001116,NICLBSL,52,19,10,1790.0,17900.0
2021051105000626,NICLBSL,26,37,10,1794.0,17940.0
2021051105000625,NICLBSL,26,45,10,1794.0,17940.0
2021051105000633,NICLBSL,26,36,10,1794.0,17940.0
2021051105000632,NICLBSL,48,36,10,1794.0,17940.0
2021051105000631,NICLBSL,48,32,10,1795.0,17950.0
2021051105000630,NICLBSL,26,45,10,1794.0,17940.0
2021051105000628,NICLBSL,26,16,10,1794.0,17940.0
2021051105000627,NICLBSL,26,45,10,1794.0,17940.0
2021051105000639,NICLBSL,35,56,10,1790.0,17900.0
2021051105000638,NICLBSL,35,37,10,1790.0,17900.0
2021051105000637,NICLBSL,35,37,10,1790.0,17900.0
2021051105000636,NICLBSL,35,56,10,1790.0,17900.0
2021051105000635,NICLBSL,19,45,36,1794.0,64584.0
2021051105000634,NICLBSL,26,45,10,1794.0,17940.0
2021051105000651,NICLBSL,14,20,10,1791.0,17910.0
2021051105000650,NICLBSL,14,45,10,1791.0,17910.0
2021051105000643,NICLBSL,14,45,10,1791.0,17910.0
2021051105000642,NICLBSL,14,37,10,1791.0,17910.0
2021051105000641,NICLBSL,14,5,10,1791.0,17910.0
2021051105000640,NICLBSL,14,38,10,1791.0,17910.0
2021051105000658,NICLBSL,45,52,10,1786.0,17860.0
2021051105000657,NICLBSL,58,26,10,1787.0,17870.0
2021051105000656,NICLBSL,17,40,10,1787.0,17870.0
2021051105000655,NICLBSL,50,56,30,1790.0,53700.0
2021051105000654,NICLBSL,48,56,20,1790.0,35800.0
2021051105000653,NICLBSL,39,56,50,1790.0,89500.0
2021051105000667,NICLBSL,59,20,10,1785.0,17850.0
2021051105000666,NICLBSL,59,39,10,1785.0,17850.0
2021051105000663,NICLBSL,59,56,10,1785.0,17850.0
2021051105000662,NICLBSL,51,11,10,1786.0,17860.0
2021051105000661,NICLBSL,51,38,10,1786.0,17860.0
2021051105000659,NICLBSL,58,38,10,1786.0,17860.0
2021051105000676,NICLBSL,35,56,10,1786.0,17860.0
2021051105000672,NICLBSL,35,21,10,1786.0,17860.0
2021051105000671,NICLBSL,35,38,10,1786.0,17860.0
2021051105000670,NICLBSL,35,38,10,1786.0,17860.0
2021051105000669,NICLBSL,35,1,20,1786.0,35720.0
2021051105000668,NICLBSL,35,13,10,1786.0,17860.0
2021051105000684,NICLBSL,35,57,10,1786.0,17860.0
2021051105000683,NICLBSL,35,42,10,1786.0,17860.0
2021051105000681,NICLBSL,35,28,10,1786.0,17860.0
2021051105000679,NICLBSL,35,32,10,1786.0,17860.0
2021051105000678,NICLBSL,35,3,10,1786.0,17860.0
2021051105000677,NICLBSL,35,35,20,1786.0,35720.0
2021051105000692,NICLBSL,35,18,10,1786.0,17860.0
2021051105000691,NICLBSL,35,36,10,1786.0,17860.0
2021051105000689,NICLBSL,35,54,10,1786.0,17860.0
2021051105000688,NICLBSL,35,42,10,1786.0,17860.0
2021051105000687,NICLBSL,35,20,10,1786.0,17860.0
2021051105000686,NICLBSL,35,26,10,1786.0,17860.0
2021051105000702,NICLBSL,59,19,10,1787.0,17870.0
2021051105000701,NICLBSL,35,18,20,1786.0,35720.0
2021051105000697,NICLBSL,55,48,10,1789.0,17890.0
2021051105000696,NICLBSL,55,34,20,1789.0,35780.0
2021051105000695,NICLBSL,55,21,10,1789.0,17890.0
2021051105000694,NICLBSL,35,18,10,1786.0,17860.0
2021051105000725,NICLBSL,21,32,10,1790.0,17900.0
2021051105000724,NICLBSL,21,51,10,1790.0,17900.0
2021051105000723,NICLBSL,21,53,10,1790.0,17900.0
2021051105000722,NICLBSL,21,51,22,1790.0,39380.0
2021051105000721,NICLBSL,21,50,10,1790.0,17900.0
2021051105000720,NICLBSL,21,41,20,1789.0,35780.0
2021051105000731,NICLBSL,41,41,30,1792.0,53760.0
2021051105000730,NICLBSL,59,43,15,1791.0,26865.0
2021051105000729,NICLBSL,59,42,20,1791.0,35820.0
2021051105000728,NICLBSL,41,1,10,1790.0,17900.0
2021051105000727,NICLBSL,41,35,22,1790.0,39380.0
2021051105000726,NICLBSL,21,51,18,1790.0,32220.0
2021051105000740,NICLBSL,50,41,10,1792.0,17920.0
2021051105000739,NICLBSL,59,45,10,1791.0,17910.0
2021051105000738,NICLBSL,59,45,10,1791.0,17910.0
2021051105000737,NICLBSL,59,54,20,1791.0,35820.0
2021051105000736,NICLBSL,59,56,10,1791.0,17910.0
2021051105000734,NICLBSL,59,38,10,1791.0,17910.0
2021051105000747,NICLBSL,36,42,10,1795.0,17950.0
2021051105000746,NICLBSL,36,5,10,1795.0,17950.0
2021051105000745,NICLBSL,36,26,30,1795.0,53850.0
2021051105000744,NICLBSL,50,26,10,1795.0,17950.0
2021051105000743,NICLBSL,50,36,10,1794.0,17940.0
2021051105000742,NICLBSL,50,56,10,1792.0,17920.0
2021051105000766,NICLBSL,59,28,20,1791.0,35820.0
2021051105000764,NICLBSL,29,38,10,1794.0,17940.0
2021051105000763,NICLBSL,29,49,10,1794.0,17940.0
2021051105000762,NICLBSL,29,49,10,1794.0,17940.0
2021051105000752,NICLBSL,57,49,10,1791.0,17910.0
2021051105000749,NICLBSL,36,38,10,1795.0,17950.0
2021051105000772,NICLBSL,52,28,56,1786.0,100016.0
2021051105000771,NICLBSL,57,28,100,1787.0,178700.0
2021051105000770,NICLBSL,59,28,40,1787.0,71480.0
2021051105000769,NICLBSL,34,28,10,1788.0,17880.0
2021051105000768,NICLBSL,41,28,33,1790.0,59070.0
2021051105000767,NICLBSL,46,28,90,1791.0,161190.0
2021051105000778,NICLBSL,32,28,100,1785.0,178500.0
2021051105000777,NICLBSL,48,28,60,1785.0,107100.0
2021051105000776,NICLBSL,49,28,100,1785.0,178500.0
2021051105000775,NICLBSL,59,28,70,1785.0,124950.0
2021051105000774,NICLBSL,49,28,100,1786.0,178600.0
2021051105000773,NICLBSL,35,28,80,1786.0,142880.0
2021051105000785,NICLBSL,56,41,10,1786.0,17860.0
2021051105000783,NICLBSL,57,28,91,1785.0,162435.0
2021051105000782,NICLBSL,35,28,10,1785.0,17850.0
2021051105000781,NICLBSL,48,28,10,1785.0,17850.0
2021051105000780,NICLBSL,4,28,10,1785.0,17850.0
2021051105000779,NICLBSL,58,28,10,1785.0,17850.0
2021051105000796,NICLBSL,21,58,20,1788.0,35760.0
2021051105000795,NICLBSL,32,32,4,1770.0,7080.0
2021051105000790,NICLBSL,21,22,10,1796.0,17960.0
2021051105000788,NICLBSL,50,35,10,1786.0,17860.0
2021051105000787,NICLBSL,56,59,10,1795.0,17950.0
2021051105000786,NICLBSL,56,59,10,1795.0,17950.0
2021051105000803,NICLBSL,57,58,10,1785.0,17850.0
2021051105000802,NICLBSL,57,1,10,1785.0,17850.0
2021051105000801,NICLBSL,57,38,36,1785.0,64260.0
2021051105000800,NICLBSL,21,38,10,1788.0,17880.0
2021051105000798,NICLBSL,21,1,10,1788.0,17880.0
2021051105000797,NICLBSL,21,10,10,1788.0,17880.0
2021051105000812,NICLBSL,50,1,10,1786.0,17860.0
2021051105000811,NICLBSL,50,43,10,1786.0,17860.0
2021051105000809,NICLBSL,57,14,10,1785.0,17850.0
2021051105000808,NICLBSL,57,10,10,1785.0,17850.0
2021051105000805,NICLBSL,48,1,10,1786.0,17860.0
2021051105000804,NICLBSL,48,58,10,1786.0,17860.0
2021051105000823,NICLBSL,21,18,10,1788.0,17880.0
2021051105000822,NICLBSL,21,18,10,1788.0,17880.0
2021051105000821,NICLBSL,21,18,10,1788.0,17880.0
2021051105000820,NICLBSL,21,50,10,1788.0,17880.0
2021051105000814,NICLBSL,19,1,10,1786.0,17860.0
2021051105000813,NICLBSL,19,1,10,1786.0,17860.0
2021051105000830,NICLBSL,42,58,36,1786.0,64296.0
2021051105000829,NICLBSL,21,58,20,1788.0,35760.0
2021051105000828,NICLBSL,21,1,10,1788.0,17880.0
2021051105000827,NICLBSL,21,1,10,1788.0,17880.0
2021051105000825,NICLBSL,21,52,10,1788.0,17880.0
2021051105000824,NICLBSL,21,18,10,1788.0,17880.0
2021051105000859,NICLBSL,26,57,10,1787.0,17870.0
2021051105000854,NICLBSL,42,21,10,1787.0,17870.0
2021051105000852,NICLBSL,42,38,10,1786.0,17860.0
2021051105000850,NICLBSL,42,38,10,1786.0,17860.0
2021051105000844,NICLBSL,3,49,55,1788.0,98340.0
2021051105000831,NICLBSL,48,49,20,1788.0,35760.0
2021051105000865,NICLBSL,52,42,10,1790.0,17900.0
2021051105000864,NICLBSL,52,4,10,1790.0,17900.0
2021051105000863,NICLBSL,41,4,10,1790.0,17900.0
2021051105000862,NICLBSL,43,40,20,1789.0,35780.0
2021051105000861,NICLBSL,47,58,10,1788.0,17880.0
2021051105000860,NICLBSL,47,49,125,1788.0,223500.0
2021051105000871,NICLBSL,52,10,10,1790.0,17900.0
2021051105000870,NICLBSL,52,58,10,1790.0,17900.0
2021051105000869,NICLBSL,52,13,10,1790.0,17900.0
2021051105000868,NICLBSL,52,45,20,1790.0,35800.0
2021051105000867,NICLBSL,52,45,10,1790.0,17900.0
2021051105000866,NICLBSL,52,38,13,1790.0,23270.0
2021051105000885,NICLBSL,54,42,32,1795.0,57440.0
2021051105000884,NICLBSL,54,14,20,1795.0,35900.0
2021051105000883,NICLBSL,54,26,10,1795.0,17950.0
2021051105000882,NICLBSL,54,53,16,1794.0,28704.0
2021051105000873,NICLBSL,52,10,10,1790.0,17900.0
2021051105000872,NICLBSL,52,3,10,1790.0,17900.0
2021051105000895,NICLBSL,52,45,10,1790.0,17900.0
2021051105000891,NICLBSL,18,45,10,1791.0,17910.0
2021051105000889,NICLBSL,54,6,10,1795.0,17950.0
2021051105000888,NICLBSL,54,6,10,1795.0,17950.0
2021051105000887,NICLBSL,54,47,20,1795.0,35900.0
2021051105000886,NICLBSL,54,35,10,1795.0,17950.0
2021051105000905,NICLBSL,52,45,10,1790.0,17900.0
2021051105000904,NICLBSL,52,56,10,1790.0,17900.0
2021051105000903,NICLBSL,52,45,10,1790.0,17900.0
2021051105000901,NICLBSL,52,42,10,1790.0,17900.0
2021051105000900,NICLBSL,52,38,10,1790.0,17900.0
2021051105000899,NICLBSL,52,49,10,1790.0,17900.0
2021051105000919,NICLBSL,45,59,10,1794.0,17940.0
2021051105000917,NICLBSL,45,51,10,1794.0,17940.0
2021051105000915,NICLBSL,39,6,10,1794.0,17940.0
2021051105000914,NICLBSL,39,39,10,1794.0,17940.0
2021051105000913,NICLBSL,39,45,10,1790.0,17900.0
2021051105000907,NICLBSL,35,38,10,1793.0,17930.0
2021051105000933,NICLBSL,45,26,10,1794.0,17940.0
2021051105000932,NICLBSL,45,45,20,1794.0,35880.0
2021051105000931,NICLBSL,6,42,10,1795.0,17950.0
2021051105000930,NICLBSL,6,4,10,1795.0,17950.0
2021051105000929,NICLBSL,6,58,10,1795.0,17950.0
2021051105000928,NICLBSL,6,40,10,1795.0,17950.0
2021051105000944,NICLBSL,48,49,10,1796.0,17960.0
2021051105000943,NICLBSL,48,49,10,1796.0,17960.0
2021051105000942,NICLBSL,48,10,20,1796.0,35920.0
2021051105000938,NICLBSL,8,6,10,1795.0,17950.0
2021051105000937,NICLBSL,8,26,10,1795.0,17950.0
2021051105000934,NICLBSL,8,51,20,1795.0,35900.0
2021051105000954,NICLBSL,59,57,10,1797.0,17970.0
2021051105000952,NICLBSL,8,38,10,1795.0,17950.0
2021051105000948,NICLBSL,48,59,20,1797.0,35940.0
2021051105000947,NICLBSL,48,16,10,1797.0,17970.0
2021051105000946,NICLBSL,48,48,20,1797.0,35940.0
2021051105000945,NICLBSL,48,58,10,1797.0,17970.0
2021051105000960,NICLBSL,59,6,10,1798.0,17980.0
2021051105000959,NICLBSL,59,58,10,1798.0,17980.0
2021051105000958,NICLBSL,59,44,10,1798.0,17980.0
2021051105000957,NICLBSL,59,51,10,1798.0,17980.0
2021051105000956,NICLBSL,59,56,10,1797.0,17970.0
2021051105000955,NICLBSL,59,8,10,1797.0,17970.0
2021051105000967,NICLBSL,41,7,10,1799.0,17990.0
2021051105000966,NICLBSL,41,40,10,1799.0,17990.0
2021051105000965,NICLBSL,41,17,10,1798.0,17980.0
2021051105000963,NICLBSL,41,58,10,1798.0,17980.0
2021051105000962,NICLBSL,41,48,20,1798.0,35960.0
2021051105000961,NICLBSL,59,48,180,1798.0,323640.0
2021051105000981,NICLBSL,59,50,15,1799.0,26985.0
2021051105000979,NICLBSL,59,56,10,1799.0,17990.0
2021051105000978,NICLBSL,59,45,10,1799.0,17990.0
2021051105000971,NICLBSL,59,26,10,1799.0,17990.0
2021051105000970,NICLBSL,59,20,26,1799.0,46774.0
2021051105000968,NICLBSL,41,20,50,1799.0,89950.0
2021051105000994,NICLBSL,8,45,10,1795.0,17950.0
2021051105000991,NICLBSL,8,28,10,1795.0,17950.0
2021051105000989,NICLBSL,8,54,10,1795.0,17950.0
2021051105000986,NICLBSL,8,38,90,1795.0,161550.0
2021051105000985,NICLBSL,8,11,10,1795.0,17950.0
2021051105000984,NICLBSL,59,18,29,1799.0,52171.0
2021051105001012,NICLBSL,13,41,10,1795.0,17950.0
2021051105001011,NICLBSL,13,56,10,1795.0,17950.0
2021051105001007,NICLBSL,13,39,10,1795.0,17950.0
2021051105001006,NICLBSL,13,6,10,1795.0,17950.0
2021051105001005,NICLBSL,8,51,10,1795.0,17950.0
2021051105001001,NICLBSL,8,56,10,1795.0,17950.0
2021051105001021,NICLBSL,13,39,10,1795.0,17950.0
2021051105001020,NICLBSL,22,28,10,1797.0,17970.0
2021051105001019,NICLBSL,13,13,10,1795.0,17950.0
2021051105001018,NICLBSL,13,45,10,1795.0,17950.0
2021051105001017,NICLBSL,13,59,10,1795.0,17950.0
2021051105001015,NICLBSL,13,1,10,1795.0,17950.0
2021051105001028,NICLBSL,32,8,10,1793.0,17930.0
2021051105001027,NICLBSL,16,38,10,1795.0,17950.0
2021051105001026,NICLBSL,16,43,10,1795.0,17950.0
2021051105001025,NICLBSL,16,8,20,1795.0,35900.0
2021051105001023,NICLBSL,16,4,10,1795.0,17950.0
2021051105001022,NICLBSL,13,59,10,1795.0,17950.0
2021051105001038,NICLBSL,56,26,35,1793.0,62755.0
2021051105001037,NICLBSL,56,32,10,1793.0,17930.0
2021051105001032,NICLBSL,56,41,10,1793.0,17930.0
2021051105001031,NICLBSL,32,44,15,1793.0,26895.0
2021051105001030,NICLBSL,32,42,10,1793.0,17930.0
2021051105001029,NICLBSL,32,8,10,1793.0,17930.0
2021051105001045,NICLBSL,22,44,10,1792.0,17920.0
2021051105001044,NICLBSL,22,42,20,1792.0,35840.0
2021051105001043,NICLBSL,22,51,10,1792.0,17920.0
2021051105001041,NICLBSL,22,22,10,1792.0,17920.0
2021051105001040,NICLBSL,51,51,10,1793.0,17930.0
2021051105001039,NICLBSL,32,26,5,1793.0,8965.0
2021051105001051,NICLBSL,41,32,15,1795.0,26925.0
2021051105001050,NICLBSL,41,41,40,1795.0,71800.0
2021051105001049,NICLBSL,41,49,10,1795.0,17950.0
2021051105001048,NICLBSL,42,26,10,1792.0,17920.0
2021051105001047,NICLBSL,42,40,10,1792.0,17920.0
2021051105001046,NICLBSL,42,44,30,1792.0,53760.0
2021051105001057,NICLBSL,59,34,10,1791.0,17910.0
2021051105001056,NICLBSL,42,51,10,1792.0,17920.0
2021051105001055,NICLBSL,42,42,10,1792.0,17920.0
2021051105001054,NICLBSL,42,39,10,1792.0,17920.0
2021051105001053,NICLBSL,42,22,10,1792.0,17920.0
2021051105001052,NICLBSL,42,51,10,1792.0,17920.0
2021051105001069,NICLBSL,59,1,10,1791.0,17910.0
2021051105001068,NICLBSL,59,34,10,1791.0,17910.0
2021051105001067,NICLBSL,59,38,10,1791.0,17910.0
2021051105001066,NICLBSL,59,34,10,1791.0,17910.0
2021051105001061,NICLBSL,59,42,10,1791.0,17910.0
2021051105001059,NICLBSL,59,53,10,1791.0,17910.0
2021051105001078,NICLBSL,29,1,10,1791.0,17910.0
2021051105001077,NICLBSL,29,34,10,1791.0,17910.0
2021051105001074,NICLBSL,29,45,10,1791.0,17910.0
2021051105001072,NICLBSL,59,39,10,1791.0,17910.0
2021051105001071,NICLBSL,59,34,10,1791.0,17910.0
2021051105001070,NICLBSL,59,1,10,1791.0,17910.0
2021051105001085,NICLBSL,58,39,10,1791.0,17910.0
2021051105001084,NICLBSL,58,39,10,1791.0,17910.0
2021051105001083,NICLBSL,58,51,10,1791.0,17910.0
2021051105001081,NICLBSL,35,59,10,1791.0,17910.0
2021051105001080,NICLBSL,29,59,10,1791.0,17910.0
2021051105001079,NICLBSL,29,40,10,1791.0,17910.0
2021051105001101,NICLBSL,34,1,10,1791.0,17910.0
2021051105001100,NICLBSL,34,10,10,1791.0,17910.0
2021051105001099,NICLBSL,58,10,10,1792.0,17920.0
2021051105001090,NICLBSL,52,1,10,1790.0,17900.0
2021051105001089,NICLBSL,8,51,10,1792.0,17920.0
2021051105001088,NICLBSL,18,46,10,1791.0,17910.0
2021051105001109,NICLBSL,52,19,10,1790.0,17900.0
2021051105001107,NICLBSL,52,19,10,1790.0,17900.0
2021051105001105,NICLBSL,52,19,10,1790.0,17900.0
2021051105001104,NICLBSL,52,39,10,1790.0,17900.0
2021051105001103,NICLBSL,52,41,10,1790.0,17900.0
2021051105001102,NICLBSL,34,58,10,1791.0,17910.0
2021051105001115,NICLBSL,52,19,10,1790.0,17900.0
2021051105001114,NICLBSL,52,43,10,1790.0,17900.0
2021051105001113,NICLBSL,52,19,10,1790.0,17900.0
2021051105001112,NICLBSL,42,41,10,1791.0,17910.0
2021051105001111,NICLBSL,52,34,10,1790.0,17900.0
2021051105001110,NICLBSL,52,49,150,1790.0,268500.0
2021051105001016,RURU,16,14,10,662.0,6620.0
2021051105001013,RURU,16,32,10,662.0,6620.0
2021051105000906,RURU,16,49,10,662.0,6620.0
2021051105000792,RURU,16,43,10,662.0,6620.0
2021051105000750,RURU,16,38,10,662.0,6620.0
2021051105000741,RURU,16,16,10,662.0,6620.0
2021051105000735,RURU,16,41,10,662.0,6620.0
2021051105000620,MLBSL,35,41,10,4700.0,47000.0
2021051105000618,MLBSL,43,46,10,4680.0,46800.0
2021051105000617,MLBSL,43,28,10,4680.0,46800.0
2021051105000616,MLBSL,43,5,10,4670.0,46700.0
2021051105000615,MLBSL,35,59,10,4671.0,46710.0
2021051105000612,MLBSL,22,17,10,4671.0,46710.0
2021051105000131,MLBSL,56,58,10,4732.0,47320.0
2021051105000127,MLBSL,28,45,10,4732.0,47320.0
2021051105000126,MLBSL,28,42,10,4711.0,47110.0
2021051105000159,MLBSL,58,4,10,4749.0,47490.0
2021051105000142,MLBSL,56,1,10,4715.0,47150.0
2021051105000140,MLBSL,56,45,10,4715.0,47150.0
2021051105000139,MLBSL,4,17,10,4715.0,47150.0
2021051105000133,MLBSL,28,46,10,4713.0,47130.0
2021051105000132,MLBSL,44,38,10,4712.0,47120.0
2021051105000184,MLBSL,45,42,10,4725.0,47250.0
2021051105000179,MLBSL,28,8,10,4721.0,47210.0
2021051105000176,MLBSL,28,58,10,4721.0,47210.0
2021051105000166,MLBSL,47,46,10,4720.0,47200.0
2021051105000161,MLBSL,10,56,10,4717.0,47170.0
2021051105000160,MLBSL,14,58,10,4717.0,47170.0
2021051105000198,MLBSL,47,51,10,4750.0,47500.0
2021051105000194,MLBSL,50,58,10,4740.0,47400.0
2021051105000192,MLBSL,56,28,10,4730.0,47300.0
2021051105000189,MLBSL,56,32,10,4730.0,47300.0
2021051105000188,MLBSL,28,11,10,4726.0,47260.0
2021051105000187,MLBSL,28,58,10,4726.0,47260.0
2021051105000210,MLBSL,50,42,10,4740.0,47400.0
2021051105000208,MLBSL,50,40,10,4740.0,47400.0
2021051105000202,MLBSL,38,58,10,4750.0,47500.0
2021051105000201,MLBSL,38,42,10,4750.0,47500.0
2021051105000200,MLBSL,47,48,10,4750.0,47500.0
2021051105000199,MLBSL,47,51,10,4750.0,47500.0
2021051105000229,MLBSL,32,38,10,4740.0,47400.0
2021051105000224,MLBSL,38,22,10,4740.0,47400.0
2021051105000223,MLBSL,38,6,10,4740.0,47400.0
2021051105000222,MLBSL,6,39,10,4741.0,47410.0
2021051105000221,MLBSL,59,52,10,4741.0,47410.0
2021051105000216,MLBSL,50,13,10,4740.0,47400.0
2021051105000249,MLBSL,41,26,10,4740.0,47400.0
2021051105000248,MLBSL,41,33,10,4740.0,47400.0
2021051105000243,MLBSL,58,38,10,4740.0,47400.0
2021051105000242,MLBSL,58,54,10,4740.0,47400.0
2021051105000241,MLBSL,58,42,10,4740.0,47400.0
2021051105000230,MLBSL,32,58,10,4740.0,47400.0
2021051105000266,MLBSL,26,14,10,4740.0,47400.0
2021051105000264,MLBSL,11,13,10,4740.0,47400.0
2021051105000263,MLBSL,11,6,10,4740.0,47400.0
2021051105000257,MLBSL,41,22,10,4742.0,47420.0
2021051105000253,MLBSL,41,49,10,4742.0,47420.0
2021051105000250,MLBSL,41,28,10,4742.0,47420.0
2021051105000276,MLBSL,22,39,10,4726.0,47260.0
2021051105000275,MLBSL,41,6,10,4740.0,47400.0
2021051105000273,MLBSL,26,58,10,4740.0,47400.0
2021051105000270,MLBSL,26,49,10,4740.0,47400.0
2021051105000269,MLBSL,26,22,10,4740.0,47400.0
2021051105000267,MLBSL,26,57,10,4740.0,47400.0
2021051105000297,MLBSL,22,1,10,4726.0,47260.0
2021051105000296,MLBSL,56,52,10,4740.0,47400.0
2021051105000291,MLBSL,41,44,10,4740.0,47400.0
2021051105000288,MLBSL,29,44,90,4740.0,426600.0
2021051105000287,MLBSL,29,57,10,4740.0,47400.0
2021051105000277,MLBSL,58,58,10,4740.0,47400.0
2021051105000321,MLBSL,45,48,10,4725.0,47250.0
2021051105000315,MLBSL,38,55,10,4740.0,47400.0
2021051105000312,MLBSL,45,45,10,4725.0,47250.0
2021051105000306,MLBSL,22,21,10,4726.0,47260.0
2021051105000304,MLBSL,22,34,10,4726.0,47260.0
2021051105000303,MLBSL,22,5,10,4726.0,47260.0
2021051105000330,MLBSL,44,38,10,4718.0,47180.0
2021051105000329,MLBSL,53,16,10,4720.0,47200.0
2021051105000328,MLBSL,28,58,10,4720.0,47200.0
2021051105000326,MLBSL,47,21,10,4720.0,47200.0
2021051105000323,MLBSL,45,45,10,4725.0,47250.0
2021051105000322,MLBSL,45,54,10,4725.0,47250.0
2021051105000345,MLBSL,44,57,50,4715.0,235750.0
2021051105000344,MLBSL,44,57,30,4718.0,141540.0
2021051105000343,MLBSL,50,57,20,4720.0,94400.0
2021051105000340,MLBSL,59,34,10,4730.0,47300.0
2021051105000336,MLBSL,59,26,10,4730.0,47300.0
2021051105000334,MLBSL,50,46,10,4720.0,47200.0
2021051105000360,MLBSL,58,13,10,4700.0,47000.0
2021051105000359,MLBSL,11,13,40,4710.0,188400.0
2021051105000358,MLBSL,34,13,10,4710.0,47100.0
2021051105000357,MLBSL,34,13,10,4712.0,47120.0
2021051105000352,MLBSL,34,37,10,4712.0,47120.0
2021051105000346,MLBSL,34,47,10,4712.0,47120.0
2021051105000366,MLBSL,16,49,10,4700.0,47000.0
2021051105000365,MLBSL,16,13,40,4700.0,188000.0
2021051105000364,MLBSL,39,13,100,4700.0,470000.0
2021051105000363,MLBSL,14,13,10,4700.0,47000.0
2021051105000362,MLBSL,14,13,10,4700.0,47000.0
2021051105000361,MLBSL,43,13,300,4700.0,1410000.0
2021051105000372,MLBSL,45,28,20,4700.0,94000.0
2021051105000371,MLBSL,45,29,10,4700.0,47000.0
2021051105000370,MLBSL,45,58,10,4700.0,47000.0
2021051105000369,MLBSL,45,33,10,4700.0,47000.0
2021051105000368,MLBSL,29,33,40,4700.0,188000.0
2021051105000367,MLBSL,29,29,10,4700.0,47000.0
2021051105000383,MLBSL,14,8,10,4701.0,47010.0
2021051105000381,MLBSL,14,29,10,4701.0,47010.0
2021051105000380,MLBSL,14,38,30,4701.0,141030.0
2021051105000378,MLBSL,14,32,10,4700.0,47000.0
2021051105000377,MLBSL,14,29,10,4700.0,47000.0
2021051105000373,MLBSL,59,13,100,4699.0,469900.0
2021051105000404,MLBSL,1,6,10,4690.0,46900.0
2021051105000400,MLBSL,59,17,10,4650.0,46500.0
2021051105000398,MLBSL,1,52,10,4690.0,46900.0
2021051105000396,MLBSL,1,50,10,4690.0,46900.0
2021051105000393,MLBSL,14,33,20,4701.0,94020.0
2021051105000388,MLBSL,14,32,10,4701.0,47010.0
2021051105000421,MLBSL,29,51,10,4670.0,46700.0
2021051105000420,MLBSL,43,11,10,4670.0,46700.0
2021051105000413,MLBSL,43,56,10,4670.0,46700.0
2021051105000409,MLBSL,59,21,10,4650.0,46500.0
2021051105000406,MLBSL,1,37,10,4699.0,46990.0
2021051105000405,MLBSL,5,34,10,4670.0,46700.0
2021051105000434,MLBSL,43,58,10,4700.0,47000.0
2021051105000433,MLBSL,43,21,10,4700.0,47000.0
2021051105000432,MLBSL,29,6,10,4670.0,46700.0
2021051105000431,MLBSL,29,58,10,4670.0,46700.0
2021051105000423,MLBSL,29,29,10,4670.0,46700.0
2021051105000422,MLBSL,29,51,10,4670.0,46700.0
2021051105000442,MLBSL,34,17,10,4671.0,46710.0
2021051105000440,MLBSL,34,52,10,4671.0,46710.0
2021051105000438,MLBSL,43,58,10,4700.0,47000.0
2021051105000437,MLBSL,43,34,10,4700.0,47000.0
2021051105000436,MLBSL,43,45,10,4700.0,47000.0
2021051105000435,MLBSL,43,45,10,4700.0,47000.0
2021051105000460,MLBSL,53,39,10,4690.0,46900.0
2021051105000459,MLBSL,34,58,10,4677.0,46770.0
2021051105000456,MLBSL,53,41,10,4700.0,47000.0
2021051105000455,MLBSL,53,41,10,4700.0,47000.0
2021051105000445,MLBSL,58,45,10,4700.0,47000.0
2021051105000444,MLBSL,34,6,10,4671.0,46710.0
2021051105000481,MLBSL,53,35,10,4691.0,46910.0
2021051105000480,MLBSL,45,21,10,4690.0,46900.0
2021051105000479,MLBSL,43,51,10,4698.0,46980.0
2021051105000477,MLBSL,38,48,10,4691.0,46910.0
2021051105000473,MLBSL,45,45,10,4690.0,46900.0
2021051105000461,MLBSL,45,59,10,4702.0,47020.0
2021051105000503,MLBSL,20,1,10,4712.0,47120.0
2021051105000495,MLBSL,20,49,10,4712.0,47120.0
2021051105000494,MLBSL,20,47,10,4712.0,47120.0
2021051105000493,MLBSL,20,41,10,4712.0,47120.0
2021051105000489,MLBSL,20,38,10,4710.0,47100.0
2021051105000482,MLBSL,45,52,10,4690.0,46900.0
2021051105000525,MLBSL,56,43,15,4720.0,70800.0
2021051105000519,MLBSL,34,49,10,4700.0,47000.0
2021051105000511,MLBSL,34,35,10,4700.0,47000.0
2021051105000510,MLBSL,26,1,10,4712.0,47120.0
2021051105000509,MLBSL,56,38,10,4720.0,47200.0
2021051105000506,MLBSL,34,35,10,4700.0,47000.0
2021051105000539,MLBSL,45,21,10,4690.0,46900.0
2021051105000537,MLBSL,26,42,10,4700.0,47000.0
2021051105000532,MLBSL,21,49,10,4700.0,47000.0
2021051105000531,MLBSL,21,1,10,4700.0,47000.0
2021051105000528,MLBSL,34,51,10,4700.0,47000.0
2021051105000526,MLBSL,34,35,10,4700.0,47000.0
2021051105000564,MLBSL,42,35,10,4686.0,46860.0
2021051105000562,MLBSL,49,49,10,4685.0,46850.0
2021051105000560,MLBSL,49,22,10,4685.0,46850.0
2021051105000555,MLBSL,53,48,10,4686.0,46860.0
2021051105000547,MLBSL,26,37,10,4690.0,46900.0
2021051105000545,MLBSL,45,47,10,4690.0,46900.0
2021051105000583,MLBSL,56,52,10,4672.0,46720.0
2021051105000579,MLBSL,56,26,10,4672.0,46720.0
2021051105000574,MLBSL,56,52,10,4672.0,46720.0
2021051105000572,MLBSL,26,28,10,4685.0,46850.0
2021051105000570,MLBSL,49,54,10,4685.0,46850.0
2021051105000569,MLBSL,34,14,10,4690.0,46900.0
2021051105000610,MLBSL,32,32,10,4675.0,46750.0
2021051105000604,MLBSL,43,4,10,4670.0,46700.0
2021051105000598,MLBSL,43,49,10,4670.0,46700.0
2021051105000593,MLBSL,43,58,10,4670.0,46700.0
2021051105000591,MLBSL,50,52,10,4672.0,46720.0
2021051105000584,MLBSL,50,52,10,4672.0,46720.0
2021051105000624,NICLBSL,48,42,10,1796.0,17960.0
2021051105000623,NICLBSL,48,14,110,1796.0,197560.0
2021051105000622,NICLBSL,48,38,10,1795.0,17950.0
2021051105000621,NICLBSL,26,42,10,1794.0,17940.0
2021051105000619,NICLBSL,26,37,10,1794.0,17940.0
2021051105000614,NICLBSL,26,49,10,1794.0,17940.0
2021051105000130,NICLBSL,57,39,10,1781.0,17810.0
2021051105000128,NICLBSL,17,42,10,1790.0,17900.0
2021051105000125,NICLBSL,57,39,10,1781.0,17810.0
2021051105000143,NICLBSL,57,17,10,1786.0,17860.0
2021051105000141,NICLBSL,57,17,10,1786.0,17860.0
2021051105000138,NICLBSL,57,39,10,1786.0,17860.0
2021051105000137,NICLBSL,44,39,10,1785.0,17850.0
2021051105000135,NICLBSL,44,5,10,1785.0,17850.0
2021051105000134,NICLBSL,44,1,10,1785.0,17850.0
2021051105000149,NICLBSL,14,41,10,1800.0,18000.0
2021051105000148,NICLBSL,14,57,20,1800.0,36000.0
2021051105000147,NICLBSL,14,56,20,1799.0,35980.0
2021051105000146,NICLBSL,14,21,10,1798.0,17980.0
2021051105000145,NICLBSL,14,17,200,1798.0,359600.0
2021051105000144,NICLBSL,14,35,10,1795.0,17950.0
2021051105000155,NICLBSL,14,34,10,1800.0,18000.0
2021051105000154,NICLBSL,14,44,10,1800.0,18000.0
2021051105000153,NICLBSL,14,44,15,1800.0,27000.0
2021051105000152,NICLBSL,14,17,10,1800.0,18000.0
2021051105000151,NICLBSL,14,14,10,1800.0,18000.0
2021051105000150,NICLBSL,14,59,18,1800.0,32400.0
2021051105000164,NICLBSL,14,40,10,1800.0,18000.0
2021051105000163,NICLBSL,14,59,20,1800.0,36000.0
2021051105000162,NICLBSL,35,39,100,1805.0,180500.0
2021051105000158,NICLBSL,14,34,20,1800.0,36000.0
2021051105000157,NICLBSL,14,50,10,1800.0,18000.0
2021051105000156,NICLBSL,14,35,10,1800.0,18000.0
2021051105000172,NICLBSL,14,50,10,1800.0,18000.0
2021051105000171,NICLBSL,14,41,20,1800.0,36000.0
2021051105000170,NICLBSL,44,16,11,1804.0,19844.0
2021051105000168,NICLBSL,14,39,10,1800.0,18000.0
2021051105000167,NICLBSL,14,53,10,1800.0,18000.0
2021051105000165,NICLBSL,14,39,10,1800.0,18000.0
2021051105000181,NICLBSL,3,39,20,1800.0,36000.0
2021051105000180,NICLBSL,41,58,10,1800.0,18000.0
2021051105000177,NICLBSL,41,39,10,1800.0,18000.0
2021051105000175,NICLBSL,41,5,30,1800.0,54000.0
2021051105000174,NICLBSL,14,58,10,1800.0,18000.0
2021051105000173,NICLBSL,14,39,10,1800.0,18000.0
2021051105000191,NICLBSL,49,28,10,1799.0,17990.0
2021051105000190,NICLBSL,16,39,10,1798.0,17980.0
2021051105000186,NICLBSL,21,26,20,1800.0,36000.0
2021051105000185,NICLBSL,21,39,10,1800.0,18000.0
2021051105000183,NICLBSL,21,48,20,1800.0,36000.0
2021051105000182,NICLBSL,3,48,80,1800.0,144000.0
2021051105000205,NICLBSL,16,5,10,1795.0,17950.0
2021051105000203,NICLBSL,16,25,10,1795.0,17950.0
2021051105000197,NICLBSL,29,39,20,1790.0,35800.0
2021051105000196,NICLBSL,45,28,20,1799.0,35980.0
2021051105000195,NICLBSL,29,39,10,1790.0,17900.0
2021051105000193,NICLBSL,16,21,10,1798.0,17980.0
2021051105000213,NICLBSL,16,58,10,1795.0,17950.0
2021051105000212,NICLBSL,16,42,10,1795.0,17950.0
2021051105000211,NICLBSL,16,45,20,1795.0,35900.0
2021051105000209,NICLBSL,45,28,30,1796.0,53880.0
2021051105000207,NICLBSL,53,28,10,1798.0,17980.0
2021051105000206,NICLBSL,16,28,20,1798.0,35960.0
2021051105000220,NICLBSL,53,56,20,1799.0,35980.0
2021051105000219,NICLBSL,53,28,30,1799.0,53970.0
2021051105000218,NICLBSL,53,35,10,1799.0,17990.0
2021051105000217,NICLBSL,53,26,25,1799.0,44975.0
2021051105000215,NICLBSL,19,59,10,1798.0,17980.0
2021051105000214,NICLBSL,19,40,10,1798.0,17980.0
2021051105000232,NICLBSL,35,58,10,1799.0,17990.0
2021051105000231,NICLBSL,35,40,10,1798.0,17980.0
2021051105000228,NICLBSL,34,5,20,1791.0,35820.0
2021051105000227,NICLBSL,18,45,10,1792.0,17920.0
2021051105000226,NICLBSL,34,58,40,1791.0,71640.0
2021051105000225,NICLBSL,34,49,10,1791.0,17910.0
2021051105000247,NICLBSL,48,28,10,1792.0,17920.0
2021051105000246,NICLBSL,48,5,10,1792.0,17920.0
2021051105000240,NICLBSL,58,58,10,1791.0,17910.0
2021051105000238,NICLBSL,34,57,10,1791.0,17910.0
2021051105000237,NICLBSL,34,29,10,1791.0,17910.0
2021051105000233,NICLBSL,34,58,10,1791.0,17910.0
2021051105000259,NICLBSL,49,40,10,1792.0,17920.0
2021051105000258,NICLBSL,49,40,10,1792.0,17920.0
2021051105000256,NICLBSL,25,58,20,1791.0,35820.0
2021051105000255,NICLBSL,58,58,10,1791.0,17910.0
2021051105000252,NICLBSL,58,26,10,1791.0,17910.0
2021051105000251,NICLBSL,58,58,20,1791.0,35820.0
2021051105000271,NICLBSL,49,21,10,1786.0,17860.0
2021051105000268,NICLBSL,22,29,10,1790.0,17900.0
2021051105000265,NICLBSL,22,28,10,1790.0,17900.0
2021051105000262,NICLBSL,49,18,10,1790.0,17900.0
2021051105000261,NICLBSL,29,50,10,1790.0,17900.0
2021051105000260,NICLBSL,29,56,60,1790.0,107400.0
2021051105000281,NICLBSL,49,1,10,1786.0,17860.0
2021051105000280,NICLBSL,49,28,10,1786.0,17860.0
2021051105000279,NICLBSL,49,16,10,1786.0,17860.0
2021051105000278,NICLBSL,49,26,10,1786.0,17860.0
2021051105000274,NICLBSL,49,5,10,1786.0,17860.0
2021051105000272,NICLBSL,49,51,10,1786.0,17860.0
2021051105000290,NICLBSL,45,51,10,1787.0,17870.0
2021051105000289,NICLBSL,45,5,10,1787.0,17870.0
2021051105000285,NICLBSL,49,58,10,1786.0,17860.0
2021051105000284,NICLBSL,49,5,10,1786.0,17860.0
2021051105000283,NICLBSL,49,38,100,1786.0,178600.0
2021051105000282,NICLBSL,49,58,10,1786.0,17860.0
2021051105000299,NICLBSL,3,47,10,1786.0,17860.0
2021051105000298,NICLBSL,3,26,10,1786.0,17860.0
2021051105000295,NICLBSL,40,28,10,1786.0,17860.0
2021051105000294,NICLBSL,40,48,10,1786.0,17860.0
2021051105000293,NICLBSL,45,5,10,1787.0,17870.0
2021051105000292,NICLBSL,45,58,20,1787.0,35740.0
2021051105000308,NICLBSL,58,48,10,1786.0,17860.0
2021051105000307,NICLBSL,58,17,10,1786.0,17860.0
2021051105000305,NICLBSL,49,38,10,1785.0,17850.0
2021051105000302,NICLBSL,3,59,10,1786.0,17860.0
2021051105000301,NICLBSL,3,48,10,1786.0,17860.0
2021051105000300,NICLBSL,3,5,10,1786.0,17860.0
2021051105000317,NICLBSL,49,35,10,1785.0,17850.0
2021051105000314,NICLBSL,49,48,10,1785.0,17850.0
2021051105000313,NICLBSL,49,26,10,1785.0,17850.0
2021051105000311,NICLBSL,58,5,10,1786.0,17860.0
2021051105000310,NICLBSL,58,26,10,1786.0,17860.0
2021051105000309,NICLBSL,58,26,10,1786.0,17860.0
2021051105000327,NICLBSL,1,42,10,1785.0,17850.0
2021051105000325,NICLBSL,1,14,10,1785.0,17850.0
2021051105000324,NICLBSL,1,1,10,1785.0,17850.0
2021051105000320,NICLBSL,1,5,10,1785.0,17850.0
2021051105000319,NICLBSL,1,5,10,1785.0,17850.0
2021051105000318,NICLBSL,1,35,10,1785.0,17850.0
2021051105000339,NICLBSL,1,56,10,1785.0,17850.0
2021051105000338,NICLBSL,1,38,20,1785.0,35700.0
2021051105000337,NICLBSL,1,26,10,1785.0,17850.0
2021051105000335,NICLBSL,1,41,10,1785.0,17850.0
2021051105000333,NICLBSL,1,26,10,1785.0,17850.0
2021051105000332,NICLBSL,1,38,10,1785.0,17850.0
2021051105000351,NICLBSL,50,43,20,1786.0,35720.0
2021051105000350,NICLBSL,1,7,28,1785.0,49980.0
2021051105000349,NICLBSL,22,7,30,1786.0,53580.0
2021051105000348,NICLBSL,1,26,10,1785.0,17850.0
2021051105000342,NICLBSL,1,45,10,1785.0,17850.0
2021051105000341,NICLBSL,1,34,50,1785.0,89250.0
2021051105000375,NICLBSL,58,42,28,1786.0,50008.0
2021051105000374,NICLBSL,58,36,10,1785.0,17850.0
2021051105000356,NICLBSL,1,35,10,1785.0,17850.0
2021051105000355,NICLBSL,1,40,10,1785.0,17850.0
2021051105000354,NICLBSL,1,49,180,1785.0,321300.0
2021051105000353,NICLBSL,1,14,10,1785.0,17850.0
2021051105000386,NICLBSL,28,26,10,1787.0,17870.0
2021051105000385,NICLBSL,28,42,10,1786.0,17860.0
2021051105000384,NICLBSL,28,42,10,1786.0,17860.0
2021051105000382,NICLBSL,1,38,10,1785.0,17850.0
2021051105000379,NICLBSL,1,37,31,1785.0,55335.0
2021051105000376,NICLBSL,58,32,12,1786.0,21432.0
2021051105000395,NICLBSL,35,56,10,1784.0,17840.0
2021051105000394,NICLBSL,42,45,10,1785.0,17850.0
2021051105000392,NICLBSL,1,28,10,1785.0,17850.0
2021051105000390,NICLBSL,1,38,10,1785.0,17850.0
2021051105000389,NICLBSL,28,58,10,1787.0,17870.0
2021051105000387,NICLBSL,28,26,10,1787.0,17870.0
2021051105000408,NICLBSL,39,6,10,1785.0,17850.0
2021051105000407,NICLBSL,39,6,10,1785.0,17850.0
2021051105000403,NICLBSL,21,6,40,1785.0,71400.0
2021051105000402,NICLBSL,21,14,10,1785.0,17850.0
2021051105000401,NICLBSL,38,57,10,1785.0,17850.0
2021051105000397,NICLBSL,45,41,10,1785.0,17850.0
2021051105000416,NICLBSL,42,6,10,1788.0,17880.0
2021051105000415,NICLBSL,42,20,10,1786.0,17860.0
2021051105000414,NICLBSL,42,42,10,1786.0,17860.0
2021051105000412,NICLBSL,59,11,20,1785.0,35700.0
2021051105000411,NICLBSL,59,5,10,1785.0,17850.0
2021051105000410,NICLBSL,59,6,50,1785.0,89250.0
2021051105000427,NICLBSL,58,35,25,1790.0,44750.0
2021051105000426,NICLBSL,58,11,10,1790.0,17900.0
2021051105000425,NICLBSL,58,33,20,1790.0,35800.0
2021051105000419,NICLBSL,42,45,100,1789.0,178900.0
2021051105000418,NICLBSL,42,14,100,1789.0,178900.0
2021051105000417,NICLBSL,42,37,20,1788.0,35760.0
2021051105000443,NICLBSL,59,52,20,1785.0,35700.0
2021051105000441,NICLBSL,45,17,100,1790.0,179000.0
2021051105000439,NICLBSL,41,17,20,1790.0,35800.0
2021051105000430,NICLBSL,58,17,105,1790.0,187950.0
2021051105000429,NICLBSL,58,5,10,1790.0,17900.0
2021051105000428,NICLBSL,58,45,10,1790.0,17900.0
2021051105000451,NICLBSL,35,42,10,1790.0,17900.0
2021051105000450,NICLBSL,35,1,15,1790.0,26850.0
2021051105000449,NICLBSL,35,48,10,1790.0,17900.0
2021051105000448,NICLBSL,35,41,10,1790.0,17900.0
2021051105000447,NICLBSL,35,17,25,1790.0,44750.0
2021051105000446,NICLBSL,35,21,10,1788.0,17880.0
2021051105000462,NICLBSL,35,35,20,1790.0,35800.0
2021051105000458,NICLBSL,35,35,10,1790.0,17900.0
2021051105000457,NICLBSL,35,51,10,1790.0,17900.0
2021051105000454,NICLBSL,35,45,10,1790.0,17900.0
2021051105000453,NICLBSL,35,28,10,1790.0,17900.0
2021051105000452,NICLBSL,35,32,10,1790.0,17900.0
2021051105000469,NICLBSL,38,14,50,1795.0,89750.0
2021051105000468,NICLBSL,38,19,35,1795.0,62825.0
2021051105000467,NICLBSL,42,57,10,1794.0,17940.0
2021051105000466,NICLBSL,35,35,10,1790.0,17900.0
2021051105000465,NICLBSL,38,14,100,1794.0,179400.0
2021051105000464,NICLBSL,38,57,10,1794.0,17940.0
2021051105000476,NICLBSL,38,43,270,1799.0,485730.0
2021051105000475,NICLBSL,38,58,30,1798.0,53940.0
2021051105000474,NICLBSL,42,53,11,1794.0,19734.0
2021051105000472,NICLBSL,42,8,10,1794.0,17940.0
2021051105000471,NICLBSL,38,45,10,1795.0,17950.0
2021051105000470,NICLBSL,38,38,10,1795.0,17950.0
2021051105000487,NICLBSL,38,58,10,1797.0,17970.0
2021051105000486,NICLBSL,38,22,22,1796.0,39512.0
2021051105000485,NICLBSL,38,29,10,1795.0,17950.0
2021051105000484,NICLBSL,38,51,10,1795.0,17950.0
2021051105000483,NICLBSL,42,36,10,1794.0,17940.0
2021051105000478,NICLBSL,57,43,200,1799.0,359800.0
2021051105000497,NICLBSL,48,52,10,1796.0,17960.0
2021051105000496,NICLBSL,48,37,31,1796.0,55676.0
2021051105000492,NICLBSL,37,43,22,1799.0,39578.0
2021051105000491,NICLBSL,37,57,20,1795.0,35900.0
2021051105000490,NICLBSL,6,52,10,1795.0,17950.0
2021051105000488,NICLBSL,38,43,158,1799.0,284242.0
2021051105000504,NICLBSL,48,37,10,1796.0,17960.0
2021051105000502,NICLBSL,57,42,100,1800.0,180000.0
2021051105000501,NICLBSL,57,45,30,1800.0,54000.0
2021051105000500,NICLBSL,57,5,50,1800.0,90000.0
2021051105000499,NICLBSL,57,20,10,1799.0,17990.0
2021051105000498,NICLBSL,57,4,10,1799.0,17990.0
2021051105000514,NICLBSL,45,20,10,1799.0,17990.0
2021051105000513,NICLBSL,48,42,12,1800.0,21600.0
2021051105000512,NICLBSL,45,38,10,1799.0,17990.0
2021051105000508,NICLBSL,45,42,10,1799.0,17990.0
2021051105000507,NICLBSL,38,42,35,1800.0,63000.0
2021051105000505,NICLBSL,45,56,10,1798.0,17980.0
2021051105000523,NICLBSL,41,57,10,1798.0,17980.0
2021051105000521,NICLBSL,42,49,20,1797.0,35940.0
2021051105000518,NICLBSL,45,35,10,1799.0,17990.0
2021051105000517,NICLBSL,45,13,30,1799.0,53970.0
2021051105000516,NICLBSL,45,59,10,1799.0,17990.0
2021051105000515,NICLBSL,45,52,10,1799.0,17990.0
2021051105000535,NICLBSL,42,52,10,1797.0,17970.0
2021051105000534,NICLBSL,42,56,10,1797.0,17970.0
2021051105000533,NICLBSL,42,41,10,1797.0,17970.0
2021051105000529,NICLBSL,42,38,10,1797.0,17970.0
2021051105000527,NICLBSL,42,52,10,1797.0,17970.0
2021051105000524,NICLBSL,41,35,10,1799.0,17990.0
2021051105000543,NICLBSL,34,41,26,1798.0,46748.0
2021051105000542,NICLBSL,34,49,10,1798.0,17980.0
2021051105000541,NICLBSL,21,40,90,1799.0,161910.0
2021051105000540,NICLBSL,21,11,10,1799.0,17990.0
2021051105000538,NICLBSL,34,53,12,1798.0,21576.0
2021051105000536,NICLBSL,34,6,20,1798.0,35960.0
2021051105000551,NICLBSL,42,51,10,1797.0,17970.0
2021051105000550,NICLBSL,42,57,10,1797.0,17970.0
2021051105000549,NICLBSL,42,42,10,1797.0,17970.0
2021051105000548,NICLBSL,42,37,10,1797.0,17970.0
2021051105000546,NICLBSL,34,58,10,1798.0,17980.0
2021051105000544,NICLBSL,34,8,15,1798.0,26970.0
2021051105000559,NICLBSL,42,38,10,1797.0,17970.0
2021051105000557,NICLBSL,42,46,10,1797.0,17970.0
2021051105000556,NICLBSL,42,58,10,1797.0,17970.0
2021051105000554,NICLBSL,42,20,20,1797.0,35940.0
2021051105000553,NICLBSL,42,16,10,1797.0,17970.0
2021051105000552,NICLBSL,42,38,10,1797.0,17970.0
2021051105000568,NICLBSL,42,38,10,1797.0,17970.0
2021051105000567,NICLBSL,21,58,20,1798.0,35960.0
2021051105000566,NICLBSL,42,21,20,1797.0,35940.0
2021051105000565,NICLBSL,48,53,10,1798.0,17980.0
2021051105000563,NICLBSL,48,19,10,1798.0,17980.0
2021051105000561,NICLBSL,48,45,10,1798.0,17980.0
2021051105000581,NICLBSL,42,22,10,1797.0,17970.0
2021051105000578,NICLBSL,42,40,10,1797.0,17970.0
2021051105000577,NICLBSL,42,38,10,1797.0,17970.0
2021051105000575,NICLBSL,42,59,10,1797.0,17970.0
2021051105000573,NICLBSL,42,57,20,1797.0,35940.0
2021051105000571,NICLBSL,42,50,10,1797.0,17970.0
2021051105000589,NICLBSL,14,3,10,1797.0,17970.0
2021051105000588,NICLBSL,14,35,88,1797.0,158136.0
2021051105000587,NICLBSL,42,35,143,1797.0,256971.0
2021051105000586,NICLBSL,42,45,10,1797.0,17970.0
2021051105000585,NICLBSL,42,8,10,1797.0,17970.0
2021051105000582,NICLBSL,42,55,16,1797.0,28752.0
2021051105000597,NICLBSL,26,39,17,1794.0,30498.0
2021051105000596,NICLBSL,58,6,10,1795.0,17950.0
2021051105000595,NICLBSL,48,48,10,1796.0,17960.0
2021051105000594,NICLBSL,48,55,10,1796.0,17960.0
2021051105000592,NICLBSL,48,38,10,1796.0,17960.0
2021051105000590,NICLBSL,48,45,10,1796.0,17960.0
2021051105000605,NICLBSL,17,17,110,1795.0,197450.0
2021051105000603,NICLBSL,26,37,10,1794.0,17940.0
2021051105000602,NICLBSL,17,17,300,1795.0,538500.0
2021051105000601,NICLBSL,26,45,10,1794.0,17940.0
2021051105000600,NICLBSL,4,17,90,1795.0,161550.0
2021051105000599,NICLBSL,4,58,10,1795.0,17950.0
2021051105000613,NICLBSL,26,45,10,1794.0,17940.0
2021051105000611,NICLBSL,26,57,10,1794.0,17940.0
2021051105000609,NICLBSL,26,37,10,1794.0,17940.0
2021051105000608,NICLBSL,26,28,10,1794.0,17940.0
2021051105000607,NICLBSL,26,20,10,1794.0,17940.0
2021051105000606,NICLBSL,26,37,10,1794.0,17940.0
2021051105000580,RURU,16,41,10,662.0,6620.0
2021051105000576,RURU,16,43,612,662.0,405144.0
2021051105000558,RURU,57,57,1,649.0,649.0
2021051105000530,RURU,16,42,10,662.0,6620.0
2021051105000522,RURU,16,4,832,662.0,550784.0
2021051105000520,RURU,16,43,255,662.0,168810.0
2021051105000136,RURU,16,29,10,662.0,6620.0
2021051105000129,RURU,16,54,10,662.0,6620.0
2021051105000236,RURU,16,49,10,662.0,6620.0
2021051105000235,RURU,16,47,10,662.0,6620.0
2021051105000234,RURU,16,58,10,662.0,6620.0
2021051105000204,RURU,16,47,10,662.0,6620.0
2021051105000178,RURU,16,54,10,662.0,6620.0
2021051105000169,RURU,16,36,10,662.0,6620.0
2021051105000316,RURU,16,41,10,662.0,6620.0
2021051105000286,RURU,16,58,10,662.0,6620.0
2021051105000254,RURU,16,26,10,662.0,6620.0
2021051105000245,RURU,16,21,10,662.0,6620.0
2021051105000244,RURU,16,53,10,662.0,6620.0
2021051105000239,RURU,16,47,10,662.0,6620.0
2021051105000463,RURU,16,56,10,662.0,6620.0
2021051105000424,RURU,16,50,10,662.0,6620.0
2021051105000399,RURU,16,17,10,662.0,6620.0
2021051105000391,RURU,16,13,10,662.0,6620.0
2021051105000347,RURU,16,57,10,662.0,6620.0
2021051105000331,RURU,16,38,10,662.0,6620.0
2021051104022114,AHPC,20,45,10,305.0,3050.0
2021051104022113,AHPC,20,52,80,304.0,24320.0
2021051104022112,AHPC,20,44,100,304.0,30400.0
2021051104022111,AHPC,20,1,40,304.0,12160.0
2021051104022047,AHPC,20,1,10,304.0,3040.0
2021051104022046,AHPC,20,26,70,304.0,21280.0
2021051104021997,AHPC,20,1,"2,000",301.0,602000.0
2021051104022003,AHPC,20,35,100,302.0,30200.0
2021051104022002,AHPC,20,16,83,302.0,25066.0
2021051104022001,AHPC,20,40,10,302.0,3020.0
2021051104022000,AHPC,20,38,200,302.0,60400.0
2021051104021999,AHPC,20,58,50,302.0,15100.0
2021051104021998,AHPC,20,46,224,302.0,67648.0
2021051104022009,AHPC,20,29,320,303.0,96960.0
2021051104022008,AHPC,20,37,"1,055",302.0,318610.0
2021051104022007,AHPC,20,37,"1,000",302.0,302000.0
2021051104022006,AHPC,20,48,"1,000",302.0,302000.0
2021051104022005,AHPC,20,58,500,302.0,151000.0
2021051104022004,AHPC,20,57,150,302.0,45300.0
2021051104022015,AHPC,20,26,50,303.0,15150.0
2021051104022014,AHPC,20,58,100,303.0,30300.0
2021051104022013,AHPC,20,34,400,303.0,121200.0
2021051104022012,AHPC,20,55,50,303.0,15150.0
2021051104022011,AHPC,20,17,200,303.0,60600.0
2021051104022010,AHPC,20,10,100,303.0,30300.0
2021051104022021,AHPC,20,38,100,303.0,30300.0
2021051104022020,AHPC,20,41,100,303.0,30300.0
2021051104022019,AHPC,20,49,20,303.0,6060.0
2021051104022018,AHPC,20,53,10,303.0,3030.0
2021051104022017,AHPC,20,4,300,303.0,90900.0
2021051104022016,AHPC,20,33,250,303.0,75750.0
2021051104022027,AHPC,20,29,"1,000",304.0,304000.0
2021051104022026,AHPC,20,59,50,303.0,15150.0
2021051104022025,AHPC,20,41,20,303.0,6060.0
2021051104022024,AHPC,20,17,"1,000",303.0,303000.0
2021051104022023,AHPC,20,32,19,303.0,5757.0
2021051104022022,AHPC,20,38,70,303.0,21210.0
2021051104022033,AHPC,20,45,100,304.0,30400.0
2021051104022032,AHPC,20,39,50,304.0,15200.0
2021051104022031,AHPC,20,56,115,304.0,34960.0
2021051104022030,AHPC,20,14,20,304.0,6080.0
2021051104022029,AHPC,20,41,20,304.0,6080.0
2021051104022028,AHPC,20,4,100,304.0,30400.0
2021051104022039,AHPC,20,3,693,304.0,210672.0
2021051104022038,AHPC,20,29,100,304.0,30400.0
2021051104022037,AHPC,20,59,181,304.0,55024.0
2021051104022036,AHPC,20,26,500,304.0,152000.0
2021051104022035,AHPC,20,7,75,304.0,22800.0
2021051104022034,AHPC,20,58,50,304.0,15200.0
2021051104022045,AHPC,20,17,50,304.0,15200.0
2021051104022044,AHPC,20,58,10,304.0,3040.0
2021051104022043,AHPC,20,5,300,304.0,91200.0
2021051104022042,AHPC,20,25,500,304.0,152000.0
2021051104022041,AHPC,20,22,25,304.0,7600.0
2021051104022040,AHPC,20,46,500,304.0,152000.0
2021051104021856,AIL,51,44,25,834.0,20850.0
2021051104021855,AIL,45,44,10,834.0,8340.0
2021051104021854,AIL,1,44,15,834.0,12510.0
2021051104022096,AKJCL,36,56,120,170.0,20400.0
2021051104022095,AKJCL,58,56,10,170.0,1700.0
2021051104022094,AKJCL,5,56,110,170.0,18700.0
2021051104022093,AKJCL,16,56,30,170.0,5100.0
2021051104022092,AKJCL,28,56,200,171.0,34200.0
2021051104022091,AKJCL,42,56,30,171.0,5130.0
2021051104021993,AKPL,49,45,473,346.0,163658.0
2021051104021992,AKPL,49,32,13,346.0,4498.0
2021051104021991,AKPL,49,5,14,346.0,4844.0
2021051104021975,AKPL,25,42,"1,180",345.0,407100.0
2021051104021963,AKPL,36,5,200,346.0,69200.0
2021051104021935,AKPL,33,5,200,346.0,69200.0
2021051104022207,API,46,57,70,353.0,24710.0
2021051104022206,API,58,57,100,353.0,35300.0
2021051104022205,API,45,57,10,353.0,3530.0
2021051104022204,API,34,57,100,353.0,35300.0
2021051104022203,API,42,57,50,353.0,17650.0
2021051104022202,API,18,57,70,353.0,24710.0
2021051104021873,API,6,52,46,353.0,16238.0
2021051104021872,API,13,52,40,353.0,14120.0
2021051104021871,API,34,52,310,353.0,109430.0
2021051104021870,API,34,52,20,353.0,7060.0
2021051104021853,API,34,49,40,353.0,14120.0
2021051104021846,API,34,39,12,354.0,4248.0
2021051104021885,API,28,6,45,353.0,15885.0
2021051104021884,API,34,6,30,353.0,10590.0
2021051104021883,API,35,6,524,353.0,184972.0
2021051104021880,API,35,28,476,353.0,168028.0
2021051104021879,API,3,28,500,353.0,176500.0
2021051104021878,API,6,28,24,353.0,8472.0
2021051104021922,API,26,41,28,354.0,9912.0
2021051104021896,API,21,41,72,354.0,25488.0
2021051104021895,API,21,35,50,354.0,17700.0
2021051104021894,API,21,39,178,354.0,63012.0
2021051104021890,API,19,49,99,353.0,34947.0
2021051104021886,API,19,6,401,353.0,141553.0
2021051104021937,API,21,55,30,353.0,10590.0
2021051104021936,API,18,55,100,353.0,35300.0
2021051104021926,API,58,39,50,354.0,17700.0
2021051104021925,API,26,39,227,354.0,80358.0
2021051104021924,API,26,17,200,354.0,70800.0
2021051104021923,API,26,25,545,354.0,192930.0
2021051104021943,API,10,55,233,352.0,82016.0
2021051104021942,API,57,55,50,353.0,17650.0
2021051104021941,API,45,55,49,353.0,17297.0
2021051104021940,API,58,55,75,353.0,26475.0
2021051104021939,API,4,55,150,353.0,52950.0
2021051104021938,API,51,55,156,353.0,55068.0
2021051104021971,API,42,28,300,353.0,105900.0
2021051104021970,API,45,28,15,353.0,5295.0
2021051104021969,API,49,28,60,353.0,21180.0
2021051104021952,API,34,39,200,354.0,70800.0
2021051104021945,API,20,55,97,352.0,34144.0
2021051104021944,API,42,55,60,352.0,21120.0
2021051104022056,API,16,35,185,353.0,65305.0
2021051104021990,API,16,55,"1,000",353.0,353000.0
2021051104021976,API,16,22,300,353.0,105900.0
2021051104021974,API,16,28,"1,515",353.0,534795.0
2021051104021973,API,54,28,10,353.0,3530.0
2021051104021972,API,50,28,100,353.0,35300.0
2021051104022073,API,36,34,25,353.0,8825.0
2021051104022072,API,22,34,100,353.0,35300.0
2021051104022071,API,49,34,135,353.0,47655.0
2021051104022070,API,35,34,210,353.0,74130.0
2021051104022064,API,49,44,100,353.0,35300.0
2021051104022057,API,49,35,15,353.0,5295.0
2021051104022146,API,19,39,200,354.0,70800.0
2021051104022099,API,44,39,50,354.0,17700.0
2021051104022089,API,35,39,100,354.0,35400.0
2021051104022080,API,59,39,111,354.0,39294.0
2021051104022075,API,18,34,430,353.0,151790.0
2021051104022074,API,57,34,100,353.0,35300.0
2021051104022194,API,34,36,"1,000",354.0,354000.0
2021051104022172,API,58,36,38,354.0,13452.0
2021051104022171,API,58,39,22,354.0,7788.0
2021051104022155,API,21,39,20,354.0,7080.0
2021051104022152,API,28,39,10,354.0,3540.0
2021051104022150,API,6,39,10,354.0,3540.0
2021051104022052,BARUN,35,20,574,269.0,154406.0
2021051104022051,BARUN,53,20,100,269.0,26900.0
2021051104022050,BARUN,36,20,200,269.0,53800.0
2021051104022049,BARUN,42,20,50,269.0,13450.0
2021051104022048,BARUN,34,20,76,269.0,20444.0
2021051104021985,BARUN,34,11,11,269.0,2959.0
2021051104021929,BARUN,44,46,50,270.0,13500.0
2021051104022101,BBC,45,22,10,4897.0,48970.0
2021051104022065,BBC,14,22,10,4897.0,48970.0
2021051104021984,BPCL,57,33,80,416.0,33280.0
2021051104021964,BPCL,13,33,100,416.0,41600.0
2021051104021862,BPCL,4,41,20,415.0,8300.0
2021051104022088,CGH,26,59,10,1859.0,18590.0
2021051104021982,CGH,47,5,10,1850.0,18500.0
2021051104022107,CHCL,54,45,50,639.0,31950.0
2021051104022082,CHCL,44,44,60,637.0,38220.0
2021051104022081,CHCL,42,44,60,638.0,38280.0
2021051104022174,CHL,28,44,10,347.0,3470.0
2021051104022173,CHL,28,26,50,346.0,17300.0
2021051104022055,CHL,44,28,430,345.0,148350.0
2021051104022054,CHL,42,28,100,345.0,34500.0
2021051104022053,CHL,52,28,343,345.0,118335.0
2021051104021962,CHL,52,34,157,345.0,54165.0
2021051104021955,CHL,6,34,73,346.0,25258.0
2021051104021954,CHL,51,34,500,346.0,173000.0
2021051104021961,CHL,22,34,50,345.0,17250.0
2021051104021960,CHL,22,34,100,345.0,34500.0
2021051104021959,CHL,54,34,20,345.0,6900.0
2021051104021958,CHL,1,34,300,345.0,103500.0
2021051104021957,CHL,26,34,100,346.0,34600.0
2021051104021956,CHL,43,34,200,346.0,69200.0
2021051104022125,DHPL,17,44,100,155.0,15500.0
2021051104022110,DHPL,45,21,250,154.0,38500.0
2021051104022063,DHPL,44,44,651,155.0,100905.0
2021051104022062,DHPL,44,50,30,155.0,4650.0
2021051104022061,DHPL,44,14,190,155.0,29450.0
2021051104021882,DHPL,41,14,10,155.0,1550.0
2021051104021877,DHPL,1,8,50,155.0,7750.0
2021051104021876,DHPL,1,8,50,155.0,7750.0
2021051104022182,EIC,16,21,200,778.0,155600.0
2021051104022121,EIC,37,34,100,779.0,77900.0
2021051104022109,EIC,16,55,128,778.0,99584.0
2021051104022108,EIC,58,55,72,778.0,56016.0
2021051104022106,EIC,58,35,30,778.0,23340.0
2021051104022087,EIC,58,33,10,778.0,7780.0
2021051104021838,EIC,34,43,310,778.0,241180.0
2021051104021844,EIC,34,34,10,778.0,7780.0
2021051104021843,EIC,34,34,100,778.0,77800.0
2021051104021842,EIC,34,11,50,778.0,38900.0
2021051104021841,EIC,34,57,200,778.0,155600.0
2021051104021840,EIC,34,33,300,778.0,233400.0
2021051104021839,EIC,34,45,200,778.0,155600.0
2021051104021934,EIC,58,17,848,778.0,659744.0
2021051104021933,EIC,37,17,100,778.0,77800.0
2021051104021932,EIC,22,17,52,778.0,40456.0
2021051104021868,EIC,22,16,10,778.0,7780.0
2021051104021867,EIC,22,59,50,778.0,38900.0
2021051104021845,EIC,34,59,30,778.0,23340.0
2021051104021953,GHL,34,41,100,184.0,18400.0
2021051104022157,GIC,57,36,10,708.0,7080.0
2021051104022186,GLH,38,3,110,393.0,43230.0
2021051104022177,GLH,38,45,100,393.0,39300.0
2021051104022115,GLH,45,16,50,394.0,19700.0
2021051104022086,GLH,38,1,50,393.0,19650.0
2021051104021887,GLH,38,4,60,393.0,23580.0
2021051104021836,GLH,38,58,10,393.0,3930.0
2021051104021835,GLH,38,55,10,393.0,3930.0
2021051104022169,HDHPC,5,34,825,178.0,146850.0
2021051104022168,HDHPC,5,34,175,178.0,31150.0
2021051104022068,HDHPC,1,58,750,177.0,132750.0
2021051104021983,HDHPC,5,34,10,178.0,1780.0
2021051104021931,HDHPC,14,34,15,178.0,2670.0
2021051104021858,HDHPC,17,34,10,178.0,1780.0
2021051104022170,HGI,14,58,100,700.0,70000.0
2021051104022161,HGI,57,58,304,700.0,212800.0
2021051104022160,HGI,57,58,196,700.0,137200.0
2021051104022098,HGI,55,58,120,700.0,84000.0
2021051104022079,HGI,3,58,200,700.0,140000.0
2021051104021888,HGI,57,58,300,700.0,210000.0
2021051104021869,HGI,36,58,100,700.0,70000.0
2021051104021837,HGI,39,58,50,700.0,35000.0
2021051104021950,HPPL,38,58,100,409.0,40900.0
2021051104021948,HPPL,49,58,500,409.0,204500.0
2021051104021863,HPPL,37,58,250,409.0,102250.0
2021051104021994,HURJA,6,45,20,373.0,7460.0
2021051104022140,JOSHI,17,5,142,168.0,23856.0
2021051104022139,JOSHI,17,41,20,168.0,3360.0
2021051104022138,JOSHI,17,42,20,168.0,3360.0
2021051104022137,JOSHI,17,48,20,168.0,3360.0
2021051104022136,JOSHI,17,19,10,168.0,1680.0
2021051104022135,JOSHI,17,22,20,168.0,3360.0
2021051104022128,JOSHI,17,48,20,168.0,3360.0
2021051104022127,JOSHI,17,58,"2,500",168.0,420000.0
2021051104022126,JOSHI,17,41,70,168.0,11760.0
2021051104022134,JOSHI,17,38,20,168.0,3360.0
2021051104022133,JOSHI,17,7,20,168.0,3360.0
2021051104022132,JOSHI,17,52,20,168.0,3360.0
2021051104022131,JOSHI,17,45,20,168.0,3360.0
2021051104022130,JOSHI,17,21,20,168.0,3360.0
2021051104022129,JOSHI,17,21,10,168.0,1680.0
2021051104022197,KEF,57,34,200,9.92,1984.0
2021051104021860,KEF,57,26,950,9.92,9424.0
2021051104022076,KKHC,38,48,10,161.0,1610.0
2021051104021874,KKHC,54,35,16,160.0,2560.0
2021051104022159,KPCL,57,16,120,317.0,38040.0
2021051104022141,KPCL,33,45,10,316.0,3160.0
2021051104022120,LEC,40,33,193,357.0,68901.0
2021051104022119,LEC,40,33,107,355.0,37985.0
2021051104021980,LGIL,11,25,40,784.0,31360.0
2021051104021979,LGIL,43,25,150,784.0,117600.0
2021051104021978,LGIL,44,25,100,784.0,78400.0
2021051104021977,LGIL,42,25,100,784.0,78400.0
2021051104022188,MEN,46,49,20,808.0,16160.0
2021051104022184,MEN,57,49,10,808.0,8080.0
2021051104022069,MEN,21,34,10,803.0,8030.0
2021051104022185,MHNL,55,57,70,288.0,20160.0
2021051104021951,MHNL,34,47,"1,000",290.0,290000.0
2021051105000121,MLBSL,59,58,10,4710.0,47100.0
2021051105000120,MLBSL,39,57,10,4732.0,47320.0
2021051105000119,MLBSL,39,38,10,4732.0,47320.0
2021051105000117,MLBSL,28,11,10,4733.0,47330.0
2021051105000116,MLBSL,28,6,10,4733.0,47330.0
2021051105000114,MLBSL,39,42,10,4732.0,47320.0
2021051105000019,MLBSL,10,59,10,4780.0,47800.0
2021051105000018,MLBSL,28,43,10,4701.0,47010.0
2021051105000004,MLBSL,22,58,10,4700.0,47000.0
2021051105000003,MLBSL,46,21,10,4700.0,47000.0
2021051105000035,MLBSL,34,22,10,4794.0,47940.0
2021051105000034,MLBSL,34,49,10,4794.0,47940.0
2021051105000033,MLBSL,34,52,10,4794.0,47940.0
2021051105000031,MLBSL,20,58,10,4794.0,47940.0
2021051105000030,MLBSL,20,50,10,4793.0,47930.0
2021051105000020,MLBSL,10,42,10,4794.0,47940.0
2021051105000055,MLBSL,32,8,10,4795.0,47950.0
2021051105000053,MLBSL,8,32,10,4800.0,48000.0
2021051105000048,MLBSL,34,17,10,4800.0,48000.0
2021051105000047,MLBSL,32,57,10,4795.0,47950.0
2021051105000043,MLBSL,34,55,10,4794.0,47940.0
2021051105000036,MLBSL,34,56,10,4794.0,47940.0
2021051105000069,MLBSL,10,17,10,4730.0,47300.0
2021051105000068,MLBSL,10,38,10,4730.0,47300.0
2021051105000066,MLBSL,19,16,10,4750.0,47500.0
2021051105000065,MLBSL,28,58,10,4726.0,47260.0
2021051105000060,MLBSL,8,21,10,4725.0,47250.0
2021051105000058,MLBSL,34,21,10,4794.0,47940.0
2021051105000078,MLBSL,28,8,10,4799.0,47990.0
2021051105000077,MLBSL,1,21,10,4794.0,47940.0
2021051105000074,MLBSL,57,58,10,4794.0,47940.0
2021051105000072,MLBSL,28,46,10,4794.0,47940.0
2021051105000071,MLBSL,28,50,10,4794.0,47940.0
2021051105000070,MLBSL,28,35,10,4794.0,47940.0
2021051105000088,MLBSL,58,35,10,4795.0,47950.0
2021051105000087,MLBSL,58,3,10,4794.0,47940.0
2021051105000085,MLBSL,28,28,10,4731.0,47310.0
2021051105000081,MLBSL,1,35,10,4794.0,47940.0
2021051105000080,MLBSL,38,58,10,4795.0,47950.0
2021051105000079,MLBSL,1,21,10,4794.0,47940.0
2021051105000100,MLBSL,34,59,10,4730.0,47300.0
2021051105000098,MLBSL,10,42,10,4730.0,47300.0
2021051105000095,MLBSL,28,1,10,4731.0,47310.0
2021051105000092,MLBSL,28,17,10,4731.0,47310.0
2021051105000091,MLBSL,28,58,10,4731.0,47310.0
2021051105000090,MLBSL,28,32,10,4731.0,47310.0
2021051105000109,MLBSL,39,52,10,4732.0,47320.0
2021051105000108,MLBSL,39,58,10,4710.0,47100.0
2021051105000104,MLBSL,1,21,10,4705.0,47050.0
2021051105000103,MLBSL,1,25,10,4705.0,47050.0
2021051105000102,MLBSL,1,47,10,4705.0,47050.0
2021051105000101,MLBSL,8,48,10,4706.0,47060.0
2021051104022145,NGPL,1,26,400,296.0,118400.0
2021051104022144,NGPL,1,47,490,296.0,145040.0
2021051104022143,NGPL,1,26,200,296.0,59200.0
2021051104022142,NGPL,1,48,200,296.0,59200.0
2021051104021989,NGPL,57,53,126,295.0,37170.0
2021051104021988,NGPL,26,53,50,295.0,14750.0
2021051104021987,NGPL,35,53,500,295.0,147500.0
2021051104021986,NGPL,17,53,324,295.0,95580.0
2021051104021875,NGPL,17,57,175,295.0,51625.0
2021051104022201,NHPC,41,45,10,161.0,1610.0
2021051104022200,NHPC,41,21,40,161.0,6440.0
2021051104022147,NHPC,41,21,975,161.0,156975.0
2021051104022078,NICL,32,35,100,792.0,79200.0
2021051104022077,NICL,50,35,100,793.0,79300.0
2021051105000123,NICLBSL,36,45,10,1780.0,17800.0
2021051105000122,NICLBSL,43,22,10,1799.0,17990.0
2021051105000118,NICLBSL,17,16,10,1790.0,17900.0
2021051105000115,NICLBSL,36,42,10,1780.0,17800.0
2021051105000113,NICLBSL,10,58,20,1785.0,35700.0
2021051105000112,NICLBSL,36,39,10,1780.0,17800.0
2021051105000022,NICLBSL,20,14,10,1799.0,17990.0
2021051105000017,NICLBSL,20,48,10,1795.0,17950.0
2021051105000016,NICLBSL,20,5,10,1795.0,17950.0
2021051105000007,NICLBSL,46,11,65,1775.0,115375.0
2021051105000002,NICLBSL,46,11,50,1780.0,89000.0
2021051105000001,NICLBSL,57,11,10,1780.0,17800.0
2021051105000044,NICLBSL,42,32,80,1780.0,142400.0
2021051105000042,NICLBSL,42,39,10,1780.0,17800.0
2021051105000040,NICLBSL,42,39,10,1780.0,17800.0
2021051105000039,NICLBSL,38,22,20,1800.0,36000.0
2021051105000024,NICLBSL,20,36,10,1800.0,18000.0
2021051105000023,NICLBSL,20,14,10,1800.0,18000.0
2021051105000057,NICLBSL,44,32,10,1780.0,17800.0
2021051105000056,NICLBSL,50,39,10,1772.0,17720.0
2021051105000051,NICLBSL,50,39,10,1772.0,17720.0
2021051105000050,NICLBSL,50,39,20,1772.0,35440.0
2021051105000049,NICLBSL,34,39,10,1771.0,17710.0
2021051105000045,NICLBSL,42,32,10,1780.0,17800.0
2021051105000073,NICLBSL,49,39,10,1775.0,17750.0
2021051105000067,NICLBSL,11,39,20,1773.0,35460.0
2021051105000064,NICLBSL,11,39,10,1773.0,17730.0
2021051105000063,NICLBSL,11,39,10,1780.0,17800.0
2021051105000061,NICLBSL,44,39,10,1780.0,17800.0
2021051105000059,NICLBSL,44,39,10,1780.0,17800.0
2021051105000094,NICLBSL,44,42,10,1780.0,17800.0
2021051105000093,NICLBSL,44,49,10,1780.0,17800.0
2021051105000086,NICLBSL,50,39,20,1772.0,35440.0
2021051105000084,NICLBSL,50,39,10,1772.0,17720.0
2021051105000076,NICLBSL,50,39,10,1772.0,17720.0
2021051105000075,NICLBSL,11,39,10,1773.0,17730.0
2021051105000111,NICLBSL,36,42,10,1780.0,17800.0
2021051105000107,NICLBSL,36,39,10,1780.0,17800.0
2021051105000105,NICLBSL,36,39,20,1780.0,35600.0
2021051105000099,NICLBSL,36,39,10,1780.0,17800.0
2021051105000097,NICLBSL,16,55,10,1775.0,17750.0
2021051105000096,NICLBSL,57,42,10,1774.0,17740.0
2021051104022183,NIL,58,54,50,1663.0,83150.0
2021051104022175,NIL,5,57,50,1658.0,82900.0
2021051104022060,NIL,59,3,200,1658.0,331600.0
2021051104022059,NIL,14,3,100,1659.0,165900.0
2021051104021861,NIL,14,58,50,1659.0,82950.0
2021051104022162,NLG,46,53,10,1155.0,11550.0
2021051104022085,NLG,34,53,40,1155.0,46200.0
2021051104021981,NLG,26,53,100,1155.0,115500.0
2021051104022164,OHL,55,35,42,404.0,16968.0
2021051104022163,OHL,46,35,30,404.0,12120.0
2021051104021857,PIC,21,43,20,1229.0,24580.0
2021051104022167,PICL,55,48,100,782.0,78200.0
2021051104021921,PICL,41,1,18,780.0,14040.0
2021051104021920,PICL,43,1,100,780.0,78000.0
2021051104021919,PICL,1,1,50,780.0,39000.0
2021051104021918,PICL,45,1,90,780.0,70200.0
2021051104021917,PICL,21,1,42,780.0,32760.0
2021051104021916,PICL,51,1,10,780.0,7800.0
2021051104021915,PICL,45,1,200,780.0,156000.0
2021051104021914,PICL,33,1,200,781.0,156200.0
2021051104021913,PICL,7,1,190,781.0,148390.0
2021051104021912,PICL,35,1,100,781.0,78100.0
2021051104022210,PMHPL,46,6,10,217.0,2170.0
2021051104022156,PMHPL,6,52,10,216.0,2160.0
2021051104022178,PPCL,14,56,30,304.0,9120.0
2021051104022149,PPCL,20,21,30,306.0,9180.0
2021051104022148,PPCL,20,40,83,306.0,25398.0
2021051104021893,PPCL,20,40,17,306.0,5202.0
2021051104021892,PPCL,20,54,33,305.0,10065.0
2021051104022123,PRIN,14,14,100,870.0,87000.0
2021051104022181,RADHI,44,54,10,666.0,6660.0
2021051104022180,RADHI,44,5,13,666.0,8658.0
2021051104022179,RADHI,18,42,20,665.0,13300.0
2021051104022166,RADHI,33,13,12,661.0,7932.0
2021051104021866,RADHI,33,29,935,661.0,618035.0
2021051104021865,RADHI,44,29,65,662.0,43030.0
2021051104021864,RADHI,33,29,"1,000",663.0,663000.0
2021051104021852,RADHI,20,42,62,665.0,41230.0
2021051104022193,RHPC,7,22,10,272.0,2720.0
2021051104022190,RHPC,48,22,50,272.0,13600.0
2021051104022158,RHPL,57,58,100,466.0,46600.0
2021051104022084,RHPL,52,58,590,466.0,274940.0
2021051104022083,RHPL,52,58,410,466.0,191060.0
2021051104021949,RHPL,45,58,100,466.0,46600.0
2021051104021947,RHPL,49,58,150,466.0,69900.0
2021051104021946,RHPL,29,58,340,466.0,158440.0
2021051104021968,RRHP,55,38,40,400.0,16000.0
2021051104021967,RRHP,55,36,100,400.0,40000.0
2021051104021966,RRHP,55,45,260,400.0,104000.0
2021051105000124,RURU,16,34,10,662.0,6620.0
2021051105000110,RURU,16,37,10,662.0,6620.0
2021051105000106,RURU,16,34,10,662.0,6620.0
2021051105000089,RURU,16,17,10,662.0,6620.0
2021051105000083,RURU,16,21,10,662.0,6620.0
2021051105000082,RURU,16,55,10,662.0,6620.0
2021051105000011,RURU,16,52,10,662.0,6620.0
2021051105000010,RURU,16,11,10,662.0,6620.0
2021051105000009,RURU,47,45,10,656.0,6560.0
2021051105000008,RURU,48,4,10,644.0,6440.0
2021051105000006,RURU,38,55,10,632.0,6320.0
2021051105000005,RURU,38,35,10,632.0,6320.0
2021051105000025,RURU,16,43,10,662.0,6620.0
2021051105000021,RURU,16,47,10,662.0,6620.0
2021051105000015,RURU,16,58,10,662.0,6620.0
2021051105000014,RURU,16,53,10,662.0,6620.0
2021051105000013,RURU,16,28,10,662.0,6620.0
2021051105000012,RURU,16,14,10,662.0,6620.0
2021051105000037,RURU,16,58,10,662.0,6620.0
2021051105000032,RURU,16,38,10,662.0,6620.0
2021051105000029,RURU,16,7,10,662.0,6620.0
2021051105000028,RURU,16,38,10,662.0,6620.0
2021051105000027,RURU,16,16,10,662.0,6620.0
2021051105000026,RURU,16,58,10,662.0,6620.0
2021051105000062,RURU,16,32,10,662.0,6620.0
2021051105000054,RURU,16,35,10,662.0,6620.0
2021051105000052,RURU,16,36,10,662.0,6620.0
2021051105000046,RURU,16,38,10,662.0,6620.0
2021051105000041,RURU,16,58,10,662.0,6620.0
2021051105000038,RURU,16,34,10,662.0,6620.0
2021051104022192,SGI,37,43,70,807.0,56490.0
2021051104022191,SGI,37,59,90,807.0,72630.0
2021051104022176,SGI,43,59,10,807.0,8070.0
2021051104022124,SGI,43,36,40,807.0,32280.0
2021051104022090,SGI,39,36,10,807.0,8070.0
2021051104022097,SHPC,48,29,10,387.0,3870.0
2021051104022117,SIC,57,28,79,1669.0,131851.0
2021051104022151,SICL,40,1,50,1910.0,95500.0
2021051104022153,SJCL,57,32,10,451.0,4510.0
2021051104022199,SPDL,38,25,100,338.0,33800.0
2021051104022198,SPDL,38,25,200,338.0,67600.0
2021051104022116,SPDL,6,25,10,338.0,3380.0
2021051104021965,SPDL,33,55,100,336.0,33600.0
2021051104021911,SPDL,45,57,335,335.0,112225.0
2021051104021910,SPDL,36,57,50,335.0,16750.0
2021051104021848,SPDL,45,57,400,337.0,134800.0
2021051104021847,SPDL,45,52,83,337.0,27971.0
2021051104021897,SPDL,26,57,215,337.0,72455.0
2021051104021891,SPDL,26,45,250,337.0,84250.0
2021051104021859,SPDL,26,45,85,337.0,28645.0
2021051104021851,SPDL,45,45,215,337.0,72455.0
2021051104021850,SPDL,45,40,500,337.0,168500.0
2021051104021849,SPDL,45,29,150,337.0,50550.0
2021051104021903,SPDL,58,57,50,335.0,16750.0
2021051104021902,SPDL,45,57,100,335.0,33500.0
2021051104021901,SPDL,49,57,100,335.0,33500.0
2021051104021900,SPDL,5,57,130,335.0,43550.0
2021051104021899,SPDL,58,57,50,336.0,16800.0
2021051104021898,SPDL,3,57,145,337.0,48865.0
2021051104021909,SPDL,32,57,600,335.0,201000.0
2021051104021908,SPDL,34,57,"1,000",335.0,335000.0
2021051104021907,SPDL,26,57,550,335.0,184250.0
2021051104021906,SPDL,34,57,"1,000",335.0,335000.0
2021051104021905,SPDL,35,57,100,335.0,33500.0
2021051104021904,SPDL,11,57,75,335.0,25125.0
2021051104021930,SSHL,49,41,300,240.0,72000.0
2021051104021928,SSHL,49,20,675,240.0,162000.0
2021051104021927,SSHL,7,20,325,240.0,78000.0
2021051104022154,STC,33,49,20,11010.0,220200.0
2021051104022100,STC,58,59,10,11040.0,110400.0
2021051104022058,TRH,57,3,80,285.0,22800.0
2021051104022105,UIC,1,42,50,695.0,34750.0
2021051104022104,UIC,1,59,50,695.0,34750.0
2021051104021996,UIC,21,42,50,694.0,34700.0
2021051104021995,UIC,39,42,170,694.0,117980.0
2021051104021881,UMHL,58,58,708,255.0,180540.0
2021051104021889,UMRH,41,19,10,295.0,2950.0
2021051104022187,UPCL,11,59,300,204.0,61200.0
2021051104022118,UPCL,13,59,10,204.0,2040.0
2021051104022067,UPCL,49,26,80,203.0,16240.0
2021051104022066,UPCL,1,26,20,203.0,4060.0
2021051104022209,UPPER,32,57,50,818.0,40900.0
2021051104022208,UPPER,11,57,450,818.0,368100.0
2021051104022196,UPPER,11,34,50,818.0,40900.0
2021051104022195,UPPER,58,34,50,818.0,40900.0
2021051104022189,UPPER,58,45,10,818.0,8180.0
2021051104022165,UPPER,58,35,40,818.0,32720.0
2021051104022122,UPPER,5,52,10,819.0,8190.0
2021051104022103,UPPER,1,52,30,819.0,24570.0
2021051104022102,UPPER,1,25,20,819.0,16380.0
2021051104021806,AHPC,20,46,276,302.0,83352.0
2021051104021805,AHPC,20,33,500,302.0,151000.0
2021051104021804,AHPC,20,19,100,302.0,30200.0
2021051104021803,AHPC,20,49,66,302.0,19932.0
2021051104021802,AHPC,20,1,200,302.0,60400.0
2021051104021801,AHPC,20,47,100,302.0,30200.0
2021051104021560,AHPC,6,21,20,299.0,5980.0
2021051104021418,AHPC,29,58,15,298.0,4470.0
2021051104021414,AHPC,46,21,65,299.0,19435.0
2021051104021413,AHPC,46,50,135,299.0,40365.0
2021051104021776,AHPC,20,43,125,299.0,37375.0
2021051104021775,AHPC,20,16,291,299.0,87009.0
2021051104021663,AHPC,43,16,209,299.0,62491.0
2021051104021662,AHPC,43,13,100,299.0,29900.0
2021051104021661,AHPC,43,21,190,299.0,56810.0
2021051104021579,AHPC,57,45,45,298.0,13410.0
2021051104021782,AHPC,20,1,60,300.0,18000.0
2021051104021781,AHPC,20,47,269,300.0,80700.0
2021051104021780,AHPC,20,44,250,300.0,75000.0
2021051104021779,AHPC,20,48,30,300.0,9000.0
2021051104021778,AHPC,20,48,150,299.0,44850.0
2021051104021777,AHPC,20,1,"1,000",299.0,299000.0
2021051104021788,AHPC,20,48,"10,000",300.0,3000000.0
2021051104021787,AHPC,20,41,300,300.0,90000.0
2021051104021786,AHPC,20,14,10,300.0,3000.0
2021051104021785,AHPC,20,38,250,300.0,75000.0
2021051104021784,AHPC,20,48,100,300.0,30000.0
2021051104021783,AHPC,20,1,60,300.0,18000.0
2021051104021794,AHPC,20,26,100,300.0,30000.0
2021051104021793,AHPC,20,57,400,300.0,120000.0
2021051104021792,AHPC,20,19,490,300.0,147000.0
2021051104021791,AHPC,20,1,20,300.0,6000.0
2021051104021790,AHPC,20,45,150,300.0,45000.0
2021051104021789,AHPC,20,28,"2,000",300.0,600000.0
2021051104021800,AHPC,20,22,400,302.0,120800.0
2021051104021799,AHPC,20,58,20,302.0,6040.0
2021051104021798,AHPC,20,56,30,301.0,9030.0
2021051104021797,AHPC,20,41,100,301.0,30100.0
2021051104021796,AHPC,20,7,53,301.0,15953.0
2021051104021795,AHPC,20,17,100,301.0,30100.0
2021051104021672,AIL,1,59,10,834.0,8340.0
2021051104021740,AKJCL,13,34,80,172.0,13760.0
2021051104021739,AKJCL,13,21,20,172.0,3440.0
2021051104021625,AKJCL,42,55,28,171.0,4788.0
2021051104021587,AKJCL,21,16,280,171.0,47880.0
2021051104021738,AKPL,54,5,100,346.0,34600.0
2021051104021737,AKPL,25,43,150,345.0,51750.0
2021051104021383,AKPL,25,58,"1,000",345.0,345000.0
2021051104021813,API,34,35,40,353.0,14120.0
2021051104021768,API,34,16,400,353.0,141200.0
2021051104021767,API,57,16,100,353.0,35300.0
2021051104021759,API,38,39,10,354.0,3540.0
2021051104021718,API,10,45,28,352.0,9856.0
2021051104021717,API,47,45,50,353.0,17650.0
2021051104021341,API,34,44,200,353.0,70600.0
2021051104021340,API,34,44,200,353.0,70600.0
2021051104021339,API,34,7,27,353.0,9531.0
2021051104021338,API,34,37,215,353.0,75895.0
2021051104021337,API,32,38,52,352.0,18304.0
2021051104021336,API,58,38,48,352.0,16896.0
2021051104021361,API,42,44,100,353.0,35300.0
2021051104021360,API,42,43,50,353.0,17650.0
2021051104021359,API,42,58,12,353.0,4236.0
2021051104021348,API,51,58,30,353.0,10590.0
2021051104021343,API,34,58,158,353.0,55774.0
2021051104021342,API,34,33,200,353.0,70600.0
2021051104021395,API,58,20,174,353.0,61422.0
2021051104021381,API,32,35,385,352.0,135520.0
2021051104021365,API,42,20,368,353.0,129904.0
2021051104021364,API,42,35,150,353.0,52950.0
2021051104021363,API,42,58,20,353.0,7060.0
2021051104021362,API,42,4,100,353.0,35300.0
2021051104021498,API,14,44,132,353.0,46596.0
2021051104021497,API,14,34,500,353.0,176500.0
2021051104021496,API,14,20,368,353.0,129904.0
2021051104021495,API,35,14,2,352.0,704.0
2021051104021492,API,4,20,50,353.0,17650.0
2021051104021415,API,33,20,40,353.0,14120.0
2021051104021553,API,44,14,110,352.0,38720.0
2021051104021552,API,28,14,"1,000",352.0,352000.0
2021051104021551,API,32,14,563,352.0,198176.0
2021051104021544,API,35,44,50,353.0,17650.0
2021051104021540,API,36,44,10,353.0,3530.0
2021051104021512,API,36,44,50,353.0,17650.0
2021051104021569,API,10,58,21,352.0,7392.0
2021051104021558,API,10,14,58,352.0,20416.0
2021051104021557,API,42,14,20,352.0,7040.0
2021051104021556,API,22,14,50,352.0,17600.0
2021051104021555,API,19,14,100,352.0,35200.0
2021051104021554,API,8,14,100,352.0,35200.0
2021051104021592,API,45,21,100,353.0,35300.0
2021051104021591,API,41,21,30,353.0,10590.0
2021051104021583,API,58,21,342,353.0,120726.0
2021051104021582,API,58,44,658,353.0,232274.0
2021051104021580,API,22,44,20,353.0,7060.0
2021051104021576,API,54,44,80,353.0,28240.0
2021051104021682,API,57,21,200,353.0,70600.0
2021051104021681,API,5,21,200,353.0,70600.0
2021051104021679,API,10,35,150,352.0,52800.0
2021051104021676,API,11,21,16,353.0,5648.0
2021051104021670,API,10,58,10,352.0,3520.0
2021051104021657,API,47,21,10,353.0,3530.0
2021051104021699,API,57,45,100,353.0,35300.0
2021051104021698,API,57,44,500,353.0,176500.0
2021051104021697,API,57,21,452,353.0,159556.0
2021051104021696,API,57,37,"1,500",353.0,529500.0
2021051104021695,API,45,21,500,353.0,176500.0
2021051104021692,API,49,21,150,353.0,52950.0
