Transact. No.,Symbol,Buyer,Seller,Quantity,Rate,Amount
2021051305001612,MLBSL,36,41,10,4585.0,45850.0
2021051305001611,MLBSL,26,56,10,4586.0,45860.0
2021051305001606,MLBSL,36,8,10,4585.0,45850.0
2021051305001602,MLBSL,52,20,20,4585.0,91700.0
2021051305001601,MLBSL,34,20,10,4585.0,45850.0
2021051305001599,MLBSL,34,50,40,4585.0,183400.0
2021051305001131,MLBSL,14,17,10,4593.0,45930.0
2021051305001130,MLBSL,35,41,10,4595.0,45950.0
2021051305001129,MLBSL,35,52,10,4595.0,45950.0
2021051305001125,MLBSL,56,41,10,4592.0,45920.0
2021051305001116,MLBSL,58,17,10,4591.0,45910.0
2021051305001115,MLBSL,7,17,90,4592.0,413280.0
2021051305001144,MLBSL,58,58,10,4593.0,45930.0
2021051305001141,MLBSL,19,45,10,4597.0,45970.0
2021051305001140,MLBSL,19,22,10,4597.0,45970.0
2021051305001139,MLBSL,19,51,10,4597.0,45970.0
2021051305001138,MLBSL,19,25,10,4596.0,45960.0
2021051305001137,MLBSL,19,45,10,4596.0,45960.0
2021051305001176,MLBSL,56,8,10,4595.0,45950.0
2021051305001175,MLBSL,56,42,10,4595.0,45950.0
2021051305001158,MLBSL,4,21,10,4595.0,45950.0
2021051305001156,MLBSL,4,36,10,4595.0,45950.0
2021051305001155,MLBSL,4,37,10,4595.0,45950.0
2021051305001153,MLBSL,4,55,10,4595.0,45950.0
2021051305001223,MLBSL,21,45,10,4595.0,45950.0
2021051305001204,MLBSL,20,6,10,4596.0,45960.0
2021051305001203,MLBSL,20,38,10,4596.0,45960.0
2021051305001199,MLBSL,20,13,10,4596.0,45960.0
2021051305001196,MLBSL,20,28,10,4596.0,45960.0
2021051305001195,MLBSL,20,58,10,4596.0,45960.0
2021051305001243,MLBSL,56,17,50,4592.0,229600.0
2021051305001242,MLBSL,58,17,20,4593.0,91860.0
2021051305001241,MLBSL,57,17,10,4594.0,45940.0
2021051305001240,MLBSL,20,17,20,4596.0,91920.0
2021051305001231,MLBSL,35,19,11,4595.0,50545.0
2021051305001230,MLBSL,21,19,40,4595.0,183800.0
2021051305001262,MLBSL,19,41,40,4598.0,183920.0
2021051305001261,MLBSL,19,54,10,4598.0,45980.0
2021051305001260,MLBSL,17,36,100,4595.0,459500.0
2021051305001253,MLBSL,56,55,10,4592.0,45920.0
2021051305001246,MLBSL,56,17,90,4592.0,413280.0
2021051305001245,MLBSL,56,17,10,4593.0,45930.0
2021051305001275,MLBSL,14,39,20,4590.0,91800.0
2021051305001274,MLBSL,36,39,10,4590.0,45900.0
2021051305001273,MLBSL,3,39,20,4590.0,91800.0
2021051305001272,MLBSL,56,39,30,4592.0,137760.0
2021051305001271,MLBSL,56,52,10,4592.0,45920.0
2021051305001263,MLBSL,19,8,30,4598.0,137940.0
2021051305001290,MLBSL,37,41,20,4588.0,91760.0
2021051305001287,MLBSL,13,42,10,4590.0,45900.0
2021051305001286,MLBSL,13,58,10,4590.0,45900.0
2021051305001278,MLBSL,13,39,80,4590.0,367200.0
2021051305001277,MLBSL,25,39,20,4590.0,91800.0
2021051305001276,MLBSL,19,39,20,4590.0,91800.0
2021051305001320,MLBSL,43,49,10,4596.0,45960.0
2021051305001319,MLBSL,43,58,10,4595.0,45950.0
2021051305001317,MLBSL,44,25,10,4590.0,45900.0
2021051305001313,MLBSL,59,21,10,4591.0,45910.0
2021051305001299,MLBSL,44,38,10,4590.0,45900.0
2021051305001292,MLBSL,19,38,10,4590.0,45900.0
2021051305001327,MLBSL,43,25,10,4599.0,45990.0
2021051305001325,MLBSL,43,44,10,4599.0,45990.0
2021051305001324,MLBSL,43,5,10,4599.0,45990.0
2021051305001323,MLBSL,43,38,10,4598.0,45980.0
2021051305001322,MLBSL,43,8,50,4598.0,229900.0
2021051305001321,MLBSL,43,45,10,4597.0,45970.0
2021051305001342,MLBSL,4,47,10,4600.0,46000.0
2021051305001341,MLBSL,4,56,20,4600.0,92000.0
2021051305001335,MLBSL,45,56,40,4600.0,184000.0
2021051305001334,MLBSL,45,58,10,4599.0,45990.0
2021051305001333,MLBSL,44,14,10,4590.0,45900.0
2021051305001330,MLBSL,43,54,10,4599.0,45990.0
2021051305001348,MLBSL,4,29,10,4600.0,46000.0
2021051305001347,MLBSL,4,33,10,4600.0,46000.0
2021051305001346,MLBSL,4,36,10,4600.0,46000.0
2021051305001345,MLBSL,4,58,10,4600.0,46000.0
2021051305001344,MLBSL,4,34,10,4600.0,46000.0
2021051305001343,MLBSL,4,57,10,4600.0,46000.0
2021051305001370,MLBSL,58,35,10,4591.0,45910.0
2021051305001369,MLBSL,56,58,10,4595.0,45950.0
2021051305001364,MLBSL,4,58,10,4595.0,45950.0
2021051305001361,MLBSL,4,58,10,4595.0,45950.0
2021051305001357,MLBSL,44,42,10,4590.0,45900.0
2021051305001356,MLBSL,44,58,10,4590.0,45900.0
2021051305001401,MLBSL,34,7,10,4592.0,45920.0
2021051305001397,MLBSL,49,56,10,4595.0,45950.0
2021051305001376,MLBSL,50,38,10,4600.0,46000.0
2021051305001375,MLBSL,50,49,10,4600.0,46000.0
2021051305001374,MLBSL,50,34,30,4600.0,138000.0
2021051305001373,MLBSL,50,45,10,4595.0,45950.0
2021051305001419,MLBSL,21,58,10,4590.0,45900.0
2021051305001417,MLBSL,21,3,25,4590.0,114750.0
2021051305001405,MLBSL,45,33,10,4592.0,45920.0
2021051305001404,MLBSL,59,7,10,4591.0,45910.0
2021051305001403,MLBSL,56,7,30,4591.0,137730.0
2021051305001402,MLBSL,58,7,40,4591.0,183640.0
2021051305001449,MLBSL,4,55,10,4591.0,45910.0
2021051305001445,MLBSL,4,52,5,4590.0,22950.0
2021051305001444,MLBSL,58,52,10,4590.0,45900.0
2021051305001443,MLBSL,21,52,35,4590.0,160650.0
2021051305001441,MLBSL,21,51,20,4590.0,91800.0
2021051305001436,MLBSL,21,55,10,4590.0,45900.0
2021051305001466,MLBSL,39,47,60,4590.0,275400.0
2021051305001465,MLBSL,17,47,20,4590.0,91800.0
2021051305001464,MLBSL,45,47,10,4591.0,45910.0
2021051305001463,MLBSL,4,47,70,4591.0,321370.0
2021051305001462,MLBSL,4,7,10,4591.0,45910.0
2021051305001454,MLBSL,4,46,10,4591.0,45910.0
2021051305001485,MLBSL,17,44,10,4595.0,45950.0
2021051305001484,MLBSL,17,21,10,4595.0,45950.0
2021051305001483,MLBSL,17,5,50,4595.0,229750.0
2021051305001482,MLBSL,17,20,20,4591.0,91820.0
2021051305001474,MLBSL,51,58,10,4590.0,45900.0
2021051305001467,MLBSL,51,47,30,4590.0,137700.0
2021051305001514,MLBSL,6,38,10,4595.0,45950.0
2021051305001513,MLBSL,26,38,10,4595.0,45950.0
2021051305001512,MLBSL,36,38,10,4595.0,45950.0
2021051305001511,MLBSL,36,49,10,4595.0,45950.0
2021051305001510,MLBSL,36,45,10,4595.0,45950.0
2021051305001489,MLBSL,17,6,10,4595.0,45950.0
2021051305001530,MLBSL,37,14,10,4588.0,45880.0
2021051305001529,MLBSL,26,48,10,4590.0,45900.0
2021051305001522,MLBSL,57,57,10,4595.0,45950.0
2021051305001519,MLBSL,57,45,10,4595.0,45950.0
2021051305001518,MLBSL,57,38,10,4590.0,45900.0
2021051305001515,MLBSL,4,38,20,4590.0,91800.0
2021051305001558,MLBSL,48,17,10,4597.0,45970.0
2021051305001556,MLBSL,37,29,10,4588.0,45880.0
2021051305001551,MLBSL,18,52,10,4590.0,45900.0
2021051305001547,MLBSL,18,35,10,4590.0,45900.0
2021051305001540,MLBSL,37,38,10,4588.0,45880.0
2021051305001539,MLBSL,57,34,10,4590.0,45900.0
2021051305001573,MLBSL,28,34,10,4588.0,45880.0
2021051305001572,MLBSL,54,34,10,4588.0,45880.0
2021051305001571,MLBSL,45,34,10,4588.0,45880.0
2021051305001570,MLBSL,37,34,40,4588.0,183520.0
2021051305001560,MLBSL,48,44,10,4597.0,45970.0
2021051305001559,MLBSL,48,21,10,4597.0,45970.0
2021051305001591,MLBSL,34,21,10,4585.0,45850.0
2021051305001590,MLBSL,29,34,10,4585.0,45850.0
2021051305001581,MLBSL,45,50,20,4586.0,91720.0
2021051305001580,MLBSL,19,50,10,4586.0,45860.0
2021051305001575,MLBSL,1,34,10,4587.0,45870.0
2021051305001574,MLBSL,56,34,30,4587.0,137610.0
2021051305001613,NICLBSL,45,38,10,1772.0,17720.0
2021051305001610,NICLBSL,7,14,10,1770.0,17700.0
2021051305001609,NICLBSL,44,41,10,1770.0,17700.0
2021051305001608,NICLBSL,21,14,10,1770.0,17700.0
2021051305001605,NICLBSL,21,7,10,1770.0,17700.0
2021051305001604,NICLBSL,47,45,142,1770.0,251340.0
2021051305001114,NICLBSL,35,46,10,1774.0,17740.0
2021051305001122,NICLBSL,45,41,31,1774.0,54994.0
2021051305001121,NICLBSL,45,46,10,1774.0,17740.0
2021051305001120,NICLBSL,46,39,500,1775.0,887500.0
2021051305001119,NICLBSL,45,46,10,1774.0,17740.0
2021051305001118,NICLBSL,45,21,10,1774.0,17740.0
2021051305001117,NICLBSL,35,47,10,1774.0,17740.0
2021051305001132,NICLBSL,14,50,109,1773.0,193257.0
2021051305001128,NICLBSL,14,46,10,1773.0,17730.0
2021051305001127,NICLBSL,14,21,111,1773.0,196803.0
2021051305001126,NICLBSL,14,56,10,1773.0,17730.0
2021051305001124,NICLBSL,14,36,10,1773.0,17730.0
2021051305001123,NICLBSL,45,17,10,1774.0,17740.0
2021051305001143,NICLBSL,57,36,20,1772.0,35440.0
2021051305001142,NICLBSL,57,46,10,1772.0,17720.0
2021051305001136,NICLBSL,36,50,90,1773.0,159570.0
2021051305001135,NICLBSL,28,50,250,1773.0,443250.0
2021051305001134,NICLBSL,33,50,10,1773.0,17730.0
2021051305001133,NICLBSL,16,50,200,1773.0,354600.0
2021051305001151,NICLBSL,57,55,10,1772.0,17720.0
2021051305001150,NICLBSL,57,46,10,1772.0,17720.0
2021051305001149,NICLBSL,57,29,10,1772.0,17720.0
2021051305001147,NICLBSL,57,46,10,1772.0,17720.0
2021051305001146,NICLBSL,57,47,62,1772.0,109864.0
2021051305001145,NICLBSL,57,46,10,1772.0,17720.0
2021051305001161,NICLBSL,29,41,10,1771.0,17710.0
2021051305001160,NICLBSL,29,46,10,1771.0,17710.0
2021051305001159,NICLBSL,29,41,10,1771.0,17710.0
2021051305001157,NICLBSL,57,46,10,1772.0,17720.0
2021051305001154,NICLBSL,57,46,10,1772.0,17720.0
2021051305001152,NICLBSL,57,33,10,1772.0,17720.0
2021051305001167,NICLBSL,45,50,100,1772.0,177200.0
2021051305001166,NICLBSL,22,34,10,1771.0,17710.0
2021051305001165,NICLBSL,29,50,20,1772.0,35440.0
2021051305001164,NICLBSL,54,50,90,1772.0,159480.0
2021051305001163,NICLBSL,54,46,10,1772.0,17720.0
2021051305001162,NICLBSL,22,41,10,1771.0,17710.0
2021051305001173,NICLBSL,22,36,10,1771.0,17710.0
2021051305001172,NICLBSL,1,19,10,1772.0,17720.0
2021051305001171,NICLBSL,1,42,10,1772.0,17720.0
2021051305001170,NICLBSL,48,40,12,1772.0,21264.0
2021051305001169,NICLBSL,48,50,18,1772.0,31896.0
2021051305001168,NICLBSL,22,57,10,1771.0,17710.0
2021051305001181,NICLBSL,17,4,10,1771.0,17710.0
2021051305001180,NICLBSL,22,57,10,1771.0,17710.0
2021051305001179,NICLBSL,22,36,10,1771.0,17710.0
2021051305001178,NICLBSL,22,48,20,1771.0,35420.0
2021051305001177,NICLBSL,22,11,10,1771.0,17710.0
2021051305001174,NICLBSL,22,48,10,1771.0,17710.0
2021051305001188,NICLBSL,36,19,10,1772.0,17720.0
2021051305001187,NICLBSL,36,53,10,1772.0,17720.0
2021051305001186,NICLBSL,51,6,10,1771.0,17710.0
2021051305001185,NICLBSL,51,36,10,1771.0,17710.0
2021051305001184,NICLBSL,51,47,10,1771.0,17710.0
2021051305001182,NICLBSL,51,41,10,1771.0,17710.0
2021051305001194,NICLBSL,59,47,10,1772.0,17720.0
2021051305001193,NICLBSL,57,37,10,1773.0,17730.0
2021051305001192,NICLBSL,22,40,8,1772.0,14176.0
2021051305001191,NICLBSL,22,55,10,1772.0,17720.0
2021051305001190,NICLBSL,22,19,10,1772.0,17720.0
2021051305001189,NICLBSL,36,42,10,1772.0,17720.0
2021051305001205,NICLBSL,16,36,10,1774.0,17740.0
2021051305001202,NICLBSL,16,36,10,1774.0,17740.0
2021051305001201,NICLBSL,16,47,20,1774.0,35480.0
2021051305001200,NICLBSL,16,47,20,1774.0,35480.0
2021051305001198,NICLBSL,16,51,10,1774.0,17740.0
2021051305001197,NICLBSL,16,17,20,1774.0,35480.0
2021051305001212,NICLBSL,59,47,10,1772.0,17720.0
2021051305001211,NICLBSL,59,55,10,1772.0,17720.0
2021051305001210,NICLBSL,59,36,10,1772.0,17720.0
2021051305001209,NICLBSL,59,42,10,1772.0,17720.0
2021051305001208,NICLBSL,59,6,10,1772.0,17720.0
2021051305001207,NICLBSL,16,17,10,1774.0,17740.0
2021051305001218,NICLBSL,36,17,250,1775.0,443750.0
2021051305001217,NICLBSL,36,34,20,1774.0,35480.0
2021051305001216,NICLBSL,36,17,182,1774.0,322868.0
2021051305001215,NICLBSL,45,17,40,1774.0,70960.0
2021051305001214,NICLBSL,45,49,10,1773.0,17730.0
2021051305001213,NICLBSL,59,47,20,1772.0,35440.0
2021051305001226,NICLBSL,59,47,10,1772.0,17720.0
2021051305001224,NICLBSL,59,55,10,1772.0,17720.0
2021051305001222,NICLBSL,36,59,18,1775.0,31950.0
2021051305001221,NICLBSL,36,42,10,1775.0,17750.0
2021051305001220,NICLBSL,36,41,10,1775.0,17750.0
2021051305001219,NICLBSL,36,57,10,1775.0,17750.0
2021051305001234,NICLBSL,38,36,50,1772.0,88600.0
2021051305001233,NICLBSL,29,36,10,1773.0,17730.0
2021051305001232,NICLBSL,29,49,10,1773.0,17730.0
2021051305001229,NICLBSL,38,35,10,1772.0,17720.0
2021051305001228,NICLBSL,38,36,10,1772.0,17720.0
2021051305001227,NICLBSL,51,36,10,1772.0,17720.0
2021051305001247,NICLBSL,38,51,10,1772.0,17720.0
2021051305001244,NICLBSL,38,56,10,1772.0,17720.0
2021051305001239,NICLBSL,38,6,10,1772.0,17720.0
2021051305001238,NICLBSL,38,36,10,1772.0,17720.0
2021051305001237,NICLBSL,38,45,10,1772.0,17720.0
2021051305001236,NICLBSL,38,32,50,1772.0,88600.0
2021051305001254,NICLBSL,48,35,10,1773.0,17730.0
2021051305001252,NICLBSL,48,49,10,1773.0,17730.0
2021051305001251,NICLBSL,42,16,20,1775.0,35500.0
2021051305001250,NICLBSL,42,59,82,1775.0,145550.0
2021051305001249,NICLBSL,42,53,50,1774.0,88700.0
2021051305001248,NICLBSL,42,50,70,1774.0,124180.0
2021051305001264,NICLBSL,48,1,85,1773.0,150705.0
2021051305001259,NICLBSL,48,37,10,1773.0,17730.0
2021051305001258,NICLBSL,48,48,10,1773.0,17730.0
2021051305001257,NICLBSL,48,53,10,1773.0,17730.0
2021051305001256,NICLBSL,48,16,10,1773.0,17730.0
2021051305001255,NICLBSL,48,45,10,1773.0,17730.0
2021051305001279,NICLBSL,38,43,10,1772.0,17720.0
2021051305001270,NICLBSL,38,33,89,1772.0,157708.0
2021051305001269,NICLBSL,26,33,20,1773.0,35460.0
2021051305001267,NICLBSL,26,48,20,1773.0,35460.0
2021051305001266,NICLBSL,26,44,10,1773.0,17730.0
2021051305001265,NICLBSL,48,6,10,1773.0,17730.0
2021051305001285,NICLBSL,28,10,10,1773.0,17730.0
2021051305001284,NICLBSL,38,36,10,1772.0,17720.0
2021051305001283,NICLBSL,38,3,100,1772.0,177200.0
2021051305001282,NICLBSL,38,56,10,1772.0,17720.0
2021051305001281,NICLBSL,38,36,10,1772.0,17720.0
2021051305001280,NICLBSL,38,40,10,1772.0,17720.0
2021051305001295,NICLBSL,35,52,10,1774.0,17740.0
2021051305001294,NICLBSL,35,34,10,1774.0,17740.0
2021051305001293,NICLBSL,38,53,20,1772.0,35440.0
2021051305001291,NICLBSL,38,36,10,1772.0,17720.0
2021051305001289,NICLBSL,48,42,10,1773.0,17730.0
2021051305001288,NICLBSL,28,34,10,1774.0,17740.0
2021051305001303,NICLBSL,21,5,10,1772.0,17720.0
2021051305001302,NICLBSL,54,5,100,1772.0,177200.0
2021051305001301,NICLBSL,18,5,20,1772.0,35440.0
2021051305001300,NICLBSL,6,5,20,1774.0,35480.0
2021051305001298,NICLBSL,18,36,10,1772.0,17720.0
2021051305001296,NICLBSL,18,14,10,1772.0,17720.0
2021051305001309,NICLBSL,36,5,80,1772.0,141760.0
2021051305001308,NICLBSL,21,5,50,1772.0,88600.0
2021051305001307,NICLBSL,45,5,50,1772.0,88600.0
2021051305001306,NICLBSL,39,5,20,1772.0,35440.0
2021051305001305,NICLBSL,58,5,80,1772.0,141760.0
2021051305001304,NICLBSL,14,5,10,1772.0,17720.0
2021051305001318,NICLBSL,47,40,10,1772.0,17720.0
2021051305001316,NICLBSL,47,5,541,1772.0,958652.0
2021051305001315,NICLBSL,47,19,10,1772.0,17720.0
2021051305001314,NICLBSL,36,19,10,1772.0,17720.0
2021051305001312,NICLBSL,36,56,10,1772.0,17720.0
2021051305001310,NICLBSL,28,16,80,1775.0,142000.0
2021051305001340,NICLBSL,47,40,10,1772.0,17720.0
2021051305001338,NICLBSL,47,45,10,1772.0,17720.0
2021051305001337,NICLBSL,47,14,10,1772.0,17720.0
2021051305001332,NICLBSL,47,36,60,1772.0,106320.0
2021051305001328,NICLBSL,47,40,22,1772.0,38984.0
2021051305001326,NICLBSL,47,58,10,1772.0,17720.0
2021051305001354,NICLBSL,6,44,10,1775.0,17750.0
2021051305001353,NICLBSL,6,57,10,1775.0,17750.0
2021051305001352,NICLBSL,6,3,10,1775.0,17750.0
2021051305001351,NICLBSL,6,49,10,1774.0,17740.0
2021051305001350,NICLBSL,47,45,20,1772.0,35440.0
2021051305001349,NICLBSL,47,34,40,1772.0,70880.0
2021051305001363,NICLBSL,47,44,10,1772.0,17720.0
2021051305001362,NICLBSL,47,56,10,1772.0,17720.0
2021051305001360,NICLBSL,47,8,10,1772.0,17720.0
2021051305001359,NICLBSL,47,17,10,1772.0,17720.0
2021051305001358,NICLBSL,47,10,10,1772.0,17720.0
2021051305001355,NICLBSL,6,21,22,1775.0,39050.0
2021051305001378,NICLBSL,47,50,87,1772.0,154164.0
2021051305001377,NICLBSL,42,50,20,1773.0,35460.0
2021051305001372,NICLBSL,41,58,20,1773.0,35460.0
2021051305001368,NICLBSL,47,29,20,1772.0,35440.0
2021051305001366,NICLBSL,47,10,10,1772.0,17720.0
2021051305001365,NICLBSL,47,41,10,1772.0,17720.0
2021051305001384,NICLBSL,57,21,31,1771.0,54901.0
2021051305001383,NICLBSL,34,10,10,1772.0,17720.0
2021051305001382,NICLBSL,19,50,13,1772.0,23036.0
2021051305001381,NICLBSL,48,50,40,1772.0,70880.0
2021051305001380,NICLBSL,48,50,50,1772.0,88600.0
2021051305001379,NICLBSL,47,50,490,1772.0,868280.0
2021051305001390,NICLBSL,19,48,10,1771.0,17710.0
2021051305001389,NICLBSL,41,7,20,1773.0,35460.0
2021051305001388,NICLBSL,41,58,20,1772.0,35440.0
2021051305001387,NICLBSL,19,21,26,1771.0,46046.0
2021051305001386,NICLBSL,51,21,10,1771.0,17710.0
2021051305001385,NICLBSL,7,21,14,1771.0,24794.0
2021051305001399,NICLBSL,44,57,50,1771.0,88550.0
2021051305001395,NICLBSL,44,10,10,1771.0,17710.0
2021051305001394,NICLBSL,44,38,56,1771.0,99176.0
2021051305001393,NICLBSL,36,38,30,1771.0,53130.0
2021051305001392,NICLBSL,41,38,50,1771.0,88550.0
2021051305001391,NICLBSL,19,38,64,1771.0,113344.0
2021051305001410,NICLBSL,44,58,44,1771.0,77924.0
2021051305001409,NICLBSL,35,58,200,1771.0,354200.0
2021051305001408,NICLBSL,44,38,10,1771.0,17710.0
2021051305001407,NICLBSL,44,58,10,1771.0,17710.0
2021051305001406,NICLBSL,44,44,10,1771.0,17710.0
2021051305001400,NICLBSL,44,41,10,1771.0,17710.0
2021051305001418,NICLBSL,46,50,10,1770.0,17700.0
2021051305001415,NICLBSL,46,58,16,1770.0,28320.0
2021051305001414,NICLBSL,42,58,100,1770.0,177000.0
2021051305001413,NICLBSL,50,58,50,1770.0,88500.0
2021051305001412,NICLBSL,21,58,200,1770.0,354000.0
2021051305001411,NICLBSL,59,58,10,1770.0,17700.0
2021051305001426,NICLBSL,32,7,10,1770.0,17700.0
2021051305001425,NICLBSL,32,7,10,1770.0,17700.0
2021051305001424,NICLBSL,46,7,44,1770.0,77880.0
2021051305001422,NICLBSL,46,17,10,1770.0,17700.0
2021051305001421,NICLBSL,46,10,10,1770.0,17700.0
2021051305001420,NICLBSL,46,6,10,1770.0,17700.0
2021051305001432,NICLBSL,28,14,50,1770.0,88500.0
2021051305001431,NICLBSL,57,7,50,1770.0,88500.0
2021051305001430,NICLBSL,38,7,30,1770.0,53100.0
2021051305001429,NICLBSL,42,7,24,1770.0,42480.0
2021051305001428,NICLBSL,21,7,50,1770.0,88500.0
2021051305001427,NICLBSL,48,7,11,1770.0,19470.0
2021051305001439,NICLBSL,28,41,10,1770.0,17700.0
2021051305001438,NICLBSL,36,41,90,1772.0,159480.0
2021051305001437,NICLBSL,36,47,20,1771.0,35420.0
2021051305001435,NICLBSL,39,34,100,1771.0,177100.0
2021051305001434,NICLBSL,28,38,20,1770.0,35400.0
2021051305001433,NICLBSL,28,51,10,1770.0,17700.0
2021051305001450,NICLBSL,36,14,10,1771.0,17710.0
2021051305001448,NICLBSL,36,58,10,1771.0,17710.0
2021051305001447,NICLBSL,28,49,15,1770.0,26550.0
2021051305001446,NICLBSL,28,14,10,1770.0,17700.0
2021051305001442,NICLBSL,28,41,10,1770.0,17700.0
2021051305001440,NICLBSL,28,14,20,1770.0,35400.0
2021051305001457,NICLBSL,36,45,100,1772.0,177200.0
2021051305001456,NICLBSL,36,47,10,1772.0,17720.0
2021051305001455,NICLBSL,36,41,10,1772.0,17720.0
2021051305001453,NICLBSL,28,14,10,1770.0,17700.0
2021051305001452,NICLBSL,36,48,10,1771.0,17710.0
2021051305001451,NICLBSL,36,11,70,1771.0,123970.0
2021051305001469,NICLBSL,57,50,10,1770.0,17700.0
2021051305001468,NICLBSL,57,25,10,1770.0,17700.0
2021051305001461,NICLBSL,57,53,45,1770.0,79650.0
2021051305001460,NICLBSL,28,53,35,1770.0,61950.0
2021051305001459,NICLBSL,59,53,30,1772.0,53160.0
2021051305001458,NICLBSL,28,10,10,1770.0,17700.0
2021051305001476,NICLBSL,38,57,10,1770.0,17700.0
2021051305001475,NICLBSL,57,57,68,1770.0,120360.0
2021051305001473,NICLBSL,57,10,10,1770.0,17700.0
2021051305001472,NICLBSL,57,34,15,1770.0,26550.0
2021051305001471,NICLBSL,57,56,10,1770.0,17700.0
2021051305001470,NICLBSL,57,52,100,1770.0,177000.0
2021051305001486,NICLBSL,5,48,10,1770.0,17700.0
2021051305001481,NICLBSL,26,57,22,1770.0,38940.0
2021051305001480,NICLBSL,20,57,50,1770.0,88500.0
2021051305001479,NICLBSL,25,57,40,1770.0,70800.0
2021051305001478,NICLBSL,8,57,100,1770.0,177000.0
2021051305001477,NICLBSL,11,57,10,1770.0,17700.0
2021051305001493,NICLBSL,19,34,10,1770.0,17700.0
2021051305001492,NICLBSL,19,45,10,1770.0,17700.0
2021051305001491,NICLBSL,19,45,10,1770.0,17700.0
2021051305001490,NICLBSL,19,58,10,1770.0,17700.0
2021051305001488,NICLBSL,19,48,75,1770.0,132750.0
2021051305001487,NICLBSL,47,48,15,1770.0,26550.0
2021051305001499,NICLBSL,17,29,10,1770.0,17700.0
2021051305001498,NICLBSL,55,29,30,1770.0,53100.0
2021051305001497,NICLBSL,35,29,80,1770.0,141600.0
2021051305001496,NICLBSL,47,29,120,1770.0,212400.0
2021051305001495,NICLBSL,19,29,15,1770.0,26550.0
2021051305001494,NICLBSL,19,7,10,1770.0,17700.0
2021051305001505,NICLBSL,52,45,20,1770.0,35400.0
2021051305001504,NICLBSL,53,16,50,1771.0,88550.0
2021051305001503,NICLBSL,53,26,10,1771.0,17710.0
2021051305001502,NICLBSL,52,29,10,1770.0,17700.0
2021051305001501,NICLBSL,52,29,20,1770.0,35400.0
2021051305001500,NICLBSL,49,29,25,1770.0,44250.0
2021051305001517,NICLBSL,58,42,10,1770.0,17700.0
2021051305001516,NICLBSL,58,58,10,1770.0,17700.0
2021051305001509,NICLBSL,36,54,10,1770.0,17700.0
2021051305001508,NICLBSL,36,38,10,1770.0,17700.0
2021051305001507,NICLBSL,36,45,235,1770.0,415950.0
2021051305001506,NICLBSL,8,58,20,1769.0,35380.0
2021051305001526,NICLBSL,14,35,10,1770.0,17700.0
2021051305001525,NICLBSL,8,41,10,1769.0,17690.0
2021051305001524,NICLBSL,8,35,10,1769.0,17690.0
2021051305001523,NICLBSL,8,16,10,1769.0,17690.0
2021051305001521,NICLBSL,41,16,20,1771.0,35420.0
2021051305001520,NICLBSL,41,41,10,1770.0,17700.0
2021051305001534,NICLBSL,38,32,50,1770.0,88500.0
2021051305001533,NICLBSL,38,39,10,1770.0,17700.0
2021051305001532,NICLBSL,38,45,10,1770.0,17700.0
2021051305001531,NICLBSL,38,58,10,1770.0,17700.0
2021051305001528,NICLBSL,8,56,10,1769.0,17690.0
2021051305001527,NICLBSL,14,58,10,1770.0,17700.0
2021051305001542,NICLBSL,36,52,10,1771.0,17710.0
2021051305001541,NICLBSL,36,16,29,1771.0,51359.0
2021051305001538,NICLBSL,38,7,10,1770.0,17700.0
2021051305001537,NICLBSL,38,56,10,1770.0,17700.0
2021051305001536,NICLBSL,38,44,10,1770.0,17700.0
2021051305001535,NICLBSL,38,40,10,1770.0,17700.0
2021051305001549,NICLBSL,38,50,20,1770.0,35400.0
2021051305001548,NICLBSL,38,28,20,1770.0,35400.0
2021051305001546,NICLBSL,38,38,10,1770.0,17700.0
2021051305001545,NICLBSL,38,53,10,1770.0,17700.0
2021051305001544,NICLBSL,38,56,10,1770.0,17700.0
2021051305001543,NICLBSL,36,58,20,1771.0,35420.0
2021051305001557,NICLBSL,29,56,10,1770.0,17700.0
2021051305001555,NICLBSL,29,58,10,1770.0,17700.0
2021051305001554,NICLBSL,29,32,10,1770.0,17700.0
2021051305001553,NICLBSL,29,48,10,1770.0,17700.0
2021051305001552,NICLBSL,26,40,10,1770.0,17700.0
2021051305001550,NICLBSL,38,56,10,1770.0,17700.0
2021051305001566,NICLBSL,29,32,20,1770.0,35400.0
2021051305001565,NICLBSL,29,29,10,1770.0,17700.0
2021051305001564,NICLBSL,36,57,65,1771.0,115115.0
2021051305001563,NICLBSL,29,21,10,1770.0,17700.0
2021051305001562,NICLBSL,29,40,10,1770.0,17700.0
2021051305001561,NICLBSL,29,55,10,1770.0,17700.0
2021051305001578,NICLBSL,41,38,10,1770.0,17700.0
2021051305001577,NICLBSL,41,49,10,1770.0,17700.0
2021051305001576,NICLBSL,41,40,10,1770.0,17700.0
2021051305001569,NICLBSL,49,32,20,1770.0,35400.0
2021051305001568,NICLBSL,8,56,10,1769.0,17690.0
2021051305001567,NICLBSL,17,32,10,1770.0,17700.0
2021051305001586,NICLBSL,22,41,10,1770.0,17700.0
2021051305001585,NICLBSL,22,17,10,1770.0,17700.0
2021051305001584,NICLBSL,22,58,10,1770.0,17700.0
2021051305001583,NICLBSL,49,38,10,1770.0,17700.0
2021051305001582,NICLBSL,41,38,10,1770.0,17700.0
2021051305001579,NICLBSL,41,7,10,1770.0,17700.0
2021051305001594,NICLBSL,57,37,20,1770.0,35400.0
2021051305001593,NICLBSL,57,38,30,1770.0,53100.0
2021051305001592,NICLBSL,36,40,50,1770.0,88500.0
2021051305001589,NICLBSL,6,40,10,1770.0,17700.0
2021051305001588,NICLBSL,22,40,40,1770.0,70800.0
2021051305001587,NICLBSL,8,41,10,1769.0,17690.0
2021051305001603,NICLBSL,13,47,7,1770.0,12390.0
2021051305001600,NICLBSL,47,34,108,1770.0,191160.0
2021051305001598,NICLBSL,47,34,50,1770.0,88500.0
2021051305001597,NICLBSL,57,34,50,1770.0,88500.0
2021051305001596,NICLBSL,3,38,10,1771.0,17710.0
2021051305001595,NICLBSL,3,26,20,1771.0,35420.0
2021051305001607,RURU,36,51,10,800.0,8000.0
2021051305001423,RURU,36,58,10,800.0,8000.0
2021051305001416,RURU,36,55,10,800.0,8000.0
2021051305001398,RURU,36,42,10,800.0,8000.0
2021051305001396,RURU,36,43,10,800.0,8000.0
2021051305001371,RURU,36,58,10,800.0,8000.0
2021051305001148,RURU,36,57,10,800.0,8000.0
2021051305001297,RURU,36,48,10,800.0,8000.0
2021051305001268,RURU,36,42,10,800.0,8000.0
2021051305001235,RURU,36,11,10,800.0,8000.0
2021051305001225,RURU,36,54,10,800.0,8000.0
2021051305001206,RURU,36,54,10,800.0,8000.0
2021051305001183,RURU,36,58,10,800.0,8000.0
2021051305001367,RURU,36,45,10,800.0,8000.0
2021051305001339,RURU,36,41,10,800.0,8000.0
2021051305001336,RURU,36,41,10,800.0,8000.0
2021051305001331,RURU,36,58,10,800.0,8000.0
2021051305001329,RURU,36,58,10,800.0,8000.0
2021051305001311,RURU,36,6,10,800.0,8000.0
2021051305001106,MLBSL,7,21,10,4592.0,45920.0
2021051305001101,MLBSL,47,21,10,4591.0,45910.0
2021051305001098,MLBSL,47,21,10,4591.0,45910.0
2021051305001096,MLBSL,47,58,10,4591.0,45910.0
2021051305001088,MLBSL,47,34,10,4591.0,45910.0
2021051305001087,MLBSL,47,21,10,4591.0,45910.0
2021051305000619,MLBSL,44,22,35,4590.0,160650.0
2021051305000616,MLBSL,56,22,15,4591.0,68865.0
2021051305000636,MLBSL,32,58,10,4586.0,45860.0
2021051305000630,MLBSL,44,3,20,4588.0,91760.0
2021051305000627,MLBSL,41,48,10,4590.0,45900.0
2021051305000626,MLBSL,44,34,10,4588.0,45880.0
2021051305000621,MLBSL,21,48,5,4600.0,23000.0
2021051305000620,MLBSL,44,57,10,4588.0,45880.0
2021051305000650,MLBSL,25,48,10,4598.0,45980.0
2021051305000646,MLBSL,58,52,10,4598.0,45980.0
2021051305000644,MLBSL,19,58,10,4590.0,45900.0
2021051305000639,MLBSL,19,57,10,4588.0,45880.0
2021051305000638,MLBSL,56,7,10,4587.0,45870.0
2021051305000637,MLBSL,32,49,10,4586.0,45860.0
2021051305000668,MLBSL,19,40,30,4586.0,137580.0
2021051305000667,MLBSL,34,40,10,4587.0,45870.0
2021051305000666,MLBSL,56,40,10,4587.0,45870.0
2021051305000665,MLBSL,20,40,15,4588.0,68820.0
2021051305000662,MLBSL,20,58,10,4588.0,45880.0
2021051305000658,MLBSL,49,3,10,4588.0,45880.0
2021051305000681,MLBSL,59,22,10,4584.0,45840.0
2021051305000680,MLBSL,33,59,10,4584.0,45840.0
2021051305000677,MLBSL,33,38,10,4584.0,45840.0
2021051305000671,MLBSL,51,40,10,4585.0,45850.0
2021051305000670,MLBSL,39,40,10,4585.0,45850.0
2021051305000669,MLBSL,34,40,20,4585.0,91700.0
2021051305000687,MLBSL,36,28,20,4600.0,92000.0
2021051305000686,MLBSL,36,57,10,4590.0,45900.0
2021051305000685,MLBSL,36,58,10,4599.0,45990.0
2021051305000684,MLBSL,36,58,10,4599.0,45990.0
2021051305000683,MLBSL,36,6,10,4590.0,45900.0
2021051305000682,MLBSL,36,42,10,4590.0,45900.0
2021051305000700,MLBSL,29,58,10,4600.0,46000.0
2021051305000697,MLBSL,5,34,10,4600.0,46000.0
2021051305000696,MLBSL,5,8,10,4600.0,46000.0
2021051305000690,MLBSL,36,8,10,4600.0,46000.0
2021051305000689,MLBSL,36,58,10,4600.0,46000.0
2021051305000688,MLBSL,36,54,10,4600.0,46000.0
2021051305000713,MLBSL,44,57,5,4590.0,22950.0
2021051305000712,MLBSL,28,58,10,4599.0,45990.0
2021051305000711,MLBSL,59,36,10,4590.0,45900.0
2021051305000710,MLBSL,28,5,10,4589.0,45890.0
2021051305000703,MLBSL,21,19,10,4590.0,45900.0
2021051305000701,MLBSL,29,42,10,4600.0,46000.0
2021051305000719,MLBSL,28,58,10,4599.0,45990.0
2021051305000718,MLBSL,58,34,10,4600.0,46000.0
2021051305000717,MLBSL,58,7,10,4600.0,46000.0
2021051305000716,MLBSL,58,21,10,4600.0,46000.0
2021051305000715,MLBSL,58,58,10,4600.0,46000.0
2021051305000714,MLBSL,58,46,10,4600.0,46000.0
2021051305000726,MLBSL,28,42,10,4615.0,46150.0
2021051305000725,MLBSL,28,16,10,4610.0,46100.0
2021051305000724,MLBSL,28,57,10,4610.0,46100.0
2021051305000723,MLBSL,28,43,10,4610.0,46100.0
2021051305000722,MLBSL,28,41,20,4609.0,92180.0
2021051305000721,MLBSL,28,58,10,4600.0,46000.0
2021051305000734,MLBSL,26,37,10,4620.0,46200.0
2021051305000733,MLBSL,28,38,10,4618.0,46180.0
2021051305000731,MLBSL,28,34,10,4618.0,46180.0
2021051305000729,MLBSL,28,32,10,4615.0,46150.0
2021051305000728,MLBSL,28,22,10,4615.0,46150.0
2021051305000727,MLBSL,28,22,10,4615.0,46150.0
2021051305000747,MLBSL,45,7,10,4595.0,45950.0
2021051305000744,MLBSL,28,56,10,4620.0,46200.0
2021051305000743,MLBSL,28,51,30,4620.0,138600.0
2021051305000738,MLBSL,28,51,70,4620.0,323400.0
2021051305000736,MLBSL,5,51,10,4620.0,46200.0
2021051305000735,MLBSL,26,40,10,4620.0,46200.0
2021051305000784,MLBSL,17,22,10,4600.0,46000.0
2021051305000783,MLBSL,17,58,10,4600.0,46000.0
2021051305000778,MLBSL,20,49,10,4595.0,45950.0
2021051305000777,MLBSL,20,26,10,4595.0,45950.0
2021051305000756,MLBSL,45,8,10,4595.0,45950.0
2021051305000748,MLBSL,45,56,10,4595.0,45950.0
2021051305000799,MLBSL,45,49,20,4595.0,91900.0
2021051305000796,MLBSL,14,59,10,4595.0,45950.0
2021051305000795,MLBSL,13,52,10,4600.0,46000.0
2021051305000794,MLBSL,47,52,10,4605.0,46050.0
2021051305000793,MLBSL,47,41,10,4605.0,46050.0
2021051305000786,MLBSL,13,25,10,4600.0,46000.0
2021051305000862,MLBSL,38,6,10,4590.0,45900.0
2021051305000858,MLBSL,38,38,30,4590.0,137700.0
2021051305000857,MLBSL,6,38,10,4590.0,45900.0
2021051305000856,MLBSL,49,38,10,4596.0,45960.0
2021051305000845,MLBSL,49,49,10,4596.0,45960.0
2021051305000800,MLBSL,5,49,10,4595.0,45950.0
2021051305000914,MLBSL,59,21,10,4591.0,45910.0
2021051305000913,MLBSL,59,58,10,4591.0,45910.0
2021051305000903,MLBSL,57,45,10,4590.0,45900.0
2021051305000895,MLBSL,28,56,20,4600.0,92000.0
2021051305000894,MLBSL,28,42,10,4600.0,46000.0
2021051305000893,MLBSL,28,49,70,4599.0,321930.0
2021051305000938,MLBSL,40,45,10,4595.0,45950.0
2021051305000937,MLBSL,42,13,10,4596.0,45960.0
2021051305000926,MLBSL,42,49,10,4593.0,45930.0
2021051305000920,MLBSL,42,11,10,4592.0,45920.0
2021051305000918,MLBSL,13,44,10,4595.0,45950.0
2021051305000916,MLBSL,56,47,10,4591.0,45910.0
2021051305000955,MLBSL,4,41,10,4594.0,45940.0
2021051305000948,MLBSL,20,10,10,4595.0,45950.0
2021051305000946,MLBSL,20,53,10,4595.0,45950.0
2021051305000941,MLBSL,45,34,10,4593.0,45930.0
2021051305000940,MLBSL,49,56,10,4600.0,46000.0
2021051305000939,MLBSL,49,46,10,4599.0,45990.0
2021051305000966,MLBSL,59,22,10,4591.0,45910.0
2021051305000962,MLBSL,4,38,20,4593.0,91860.0
2021051305000960,MLBSL,56,59,10,4591.0,45910.0
2021051305000959,MLBSL,20,35,10,4594.0,45940.0
2021051305000957,MLBSL,45,58,10,4593.0,45930.0
2021051305000956,MLBSL,45,51,10,4593.0,45930.0
2021051305000976,MLBSL,14,45,20,4592.0,91840.0
2021051305000975,MLBSL,20,45,20,4594.0,91880.0
2021051305000972,MLBSL,14,51,10,4595.0,45950.0
2021051305000971,MLBSL,14,39,10,4594.0,45940.0
2021051305000970,MLBSL,38,34,10,4590.0,45900.0
2021051305000969,MLBSL,4,17,10,4591.0,45910.0
2021051305000983,MLBSL,22,45,25,4590.0,114750.0
2021051305000981,MLBSL,14,38,10,4586.0,45860.0
2021051305000980,MLBSL,5,45,10,4590.0,45900.0
2021051305000979,MLBSL,22,45,10,4590.0,45900.0
2021051305000978,MLBSL,38,45,10,4590.0,45900.0
2021051305000977,MLBSL,34,45,20,4591.0,91820.0
2021051305001011,MLBSL,47,51,10,4587.0,45870.0
2021051305001009,MLBSL,56,43,10,4586.0,45860.0
2021051305001004,MLBSL,8,44,10,4587.0,45870.0
2021051305001001,MLBSL,4,45,45,4590.0,206550.0
2021051305000999,MLBSL,47,56,10,4586.0,45860.0
2021051305000998,MLBSL,49,56,20,4587.0,91740.0
2021051305001023,MLBSL,34,19,10,4595.0,45950.0
2021051305001020,MLBSL,44,21,10,4590.0,45900.0
2021051305001019,MLBSL,44,57,15,4590.0,68850.0
2021051305001017,MLBSL,19,26,10,4586.0,45860.0
2021051305001015,MLBSL,47,48,10,4587.0,45870.0
2021051305001014,MLBSL,10,57,15,4590.0,68850.0
2021051305001037,MLBSL,37,16,10,4588.0,45880.0
2021051305001034,MLBSL,36,25,10,4595.0,45950.0
2021051305001033,MLBSL,36,57,10,4595.0,45950.0
2021051305001032,MLBSL,20,33,20,4588.0,91760.0
2021051305001031,MLBSL,41,33,10,4590.0,45900.0
2021051305001028,MLBSL,41,58,10,4590.0,45900.0
2021051305001077,MLBSL,47,5,10,4591.0,45910.0
2021051305001068,MLBSL,19,29,10,4590.0,45900.0
2021051305001064,MLBSL,49,25,10,4596.0,45960.0
2021051305001063,MLBSL,52,51,90,4597.0,413730.0
2021051305001053,MLBSL,52,32,10,4597.0,45970.0
2021051305001041,MLBSL,4,53,10,4596.0,45960.0
2021051305001113,NICLBSL,35,21,10,1774.0,17740.0
2021051305001112,NICLBSL,41,32,20,1775.0,35500.0
2021051305001111,NICLBSL,14,29,10,1773.0,17730.0
2021051305001110,NICLBSL,14,36,10,1773.0,17730.0
2021051305001109,NICLBSL,14,47,10,1773.0,17730.0
2021051305001107,NICLBSL,59,46,10,1774.0,17740.0
2021051305000615,NICLBSL,57,34,20,1773.0,35460.0
2021051305000614,NICLBSL,38,45,10,1772.0,17720.0
2021051305000625,NICLBSL,57,32,20,1771.0,35420.0
2021051305000624,NICLBSL,42,32,50,1771.0,88550.0
2021051305000623,NICLBSL,59,32,10,1771.0,17710.0
2021051305000622,NICLBSL,34,32,20,1772.0,35440.0
2021051305000618,NICLBSL,26,39,10,1772.0,17720.0
2021051305000617,NICLBSL,38,39,10,1772.0,17720.0
2021051305000640,NICLBSL,55,44,10,1773.0,17730.0
2021051305000634,NICLBSL,21,58,20,1773.0,35460.0
2021051305000633,NICLBSL,21,35,10,1773.0,17730.0
2021051305000632,NICLBSL,38,26,10,1772.0,17720.0
2021051305000629,NICLBSL,38,44,10,1772.0,17720.0
2021051305000628,NICLBSL,38,39,10,1772.0,17720.0
2021051305000653,NICLBSL,57,20,10,1771.0,17710.0
2021051305000649,NICLBSL,6,57,10,1772.0,17720.0
2021051305000648,NICLBSL,25,57,20,1772.0,35440.0
2021051305000647,NICLBSL,38,57,60,1772.0,106320.0
2021051305000645,NICLBSL,38,38,10,1772.0,17720.0
2021051305000641,NICLBSL,55,11,10,1773.0,17730.0
2021051305000663,NICLBSL,57,35,54,1771.0,95634.0
2021051305000661,NICLBSL,57,44,10,1772.0,17720.0
2021051305000660,NICLBSL,57,57,14,1772.0,24808.0
2021051305000656,NICLBSL,57,32,10,1771.0,17710.0
2021051305000655,NICLBSL,57,57,20,1771.0,35420.0
2021051305000654,NICLBSL,57,3,10,1771.0,17710.0
2021051305000678,NICLBSL,7,33,10,1771.0,17710.0
2021051305000676,NICLBSL,7,25,10,1771.0,17710.0
2021051305000675,NICLBSL,7,20,10,1771.0,17710.0
2021051305000674,NICLBSL,7,47,10,1771.0,17710.0
2021051305000673,NICLBSL,57,47,10,1771.0,17710.0
2021051305000672,NICLBSL,57,38,10,1771.0,17710.0
2021051305000698,NICLBSL,21,58,70,1772.0,124040.0
2021051305000695,NICLBSL,51,47,20,1771.0,35420.0
2021051305000694,NICLBSL,21,58,100,1772.0,177200.0
2021051305000692,NICLBSL,7,41,36,1771.0,63756.0
2021051305000691,NICLBSL,7,54,10,1771.0,17710.0
2021051305000679,NICLBSL,7,20,10,1771.0,17710.0
2021051305000708,NICLBSL,42,49,10,1772.0,17720.0
2021051305000706,NICLBSL,42,26,10,1772.0,17720.0
2021051305000705,NICLBSL,42,49,10,1772.0,17720.0
2021051305000704,NICLBSL,21,26,90,1773.0,159570.0
2021051305000702,NICLBSL,21,49,10,1773.0,17730.0
2021051305000699,NICLBSL,56,26,20,1774.0,35480.0
2021051305000741,NICLBSL,28,6,10,1772.0,17720.0
2021051305000740,NICLBSL,42,6,20,1772.0,35440.0
2021051305000739,NICLBSL,42,21,10,1772.0,17720.0
2021051305000737,NICLBSL,42,58,10,1772.0,17720.0
2021051305000730,NICLBSL,42,43,20,1772.0,35440.0
2021051305000709,NICLBSL,42,49,10,1772.0,17720.0
2021051305000751,NICLBSL,45,59,10,1771.0,17710.0
2021051305000750,NICLBSL,58,40,10,1771.0,17710.0
2021051305000749,NICLBSL,58,21,10,1771.0,17710.0
2021051305000746,NICLBSL,10,36,10,1772.0,17720.0
2021051305000745,NICLBSL,51,57,10,1774.0,17740.0
2021051305000742,NICLBSL,10,6,20,1772.0,35440.0
2021051305000758,NICLBSL,45,40,10,1771.0,17710.0
2021051305000757,NICLBSL,45,40,10,1771.0,17710.0
2021051305000755,NICLBSL,56,48,10,1772.0,17720.0
2021051305000754,NICLBSL,56,25,10,1772.0,17720.0
2021051305000753,NICLBSL,56,49,10,1772.0,17720.0
2021051305000752,NICLBSL,45,41,10,1771.0,17710.0
2021051305000764,NICLBSL,17,48,40,1772.0,70880.0
2021051305000763,NICLBSL,45,39,10,1771.0,17710.0
2021051305000762,NICLBSL,45,26,10,1771.0,17710.0
2021051305000761,NICLBSL,45,37,10,1771.0,17710.0
2021051305000760,NICLBSL,45,37,10,1771.0,17710.0
2021051305000759,NICLBSL,45,44,10,1771.0,17710.0
2021051305000770,NICLBSL,45,17,18,1771.0,31878.0
2021051305000769,NICLBSL,45,40,10,1771.0,17710.0
2021051305000768,NICLBSL,45,8,20,1771.0,35420.0
2021051305000767,NICLBSL,45,40,10,1771.0,17710.0
2021051305000766,NICLBSL,52,57,10,1772.0,17720.0
2021051305000765,NICLBSL,17,58,10,1772.0,17720.0
2021051305000776,NICLBSL,16,22,10,1772.0,17720.0
2021051305000775,NICLBSL,16,1,10,1772.0,17720.0
2021051305000774,NICLBSL,16,57,10,1772.0,17720.0
2021051305000773,NICLBSL,45,1,10,1771.0,17710.0
2021051305000772,NICLBSL,45,39,10,1771.0,17710.0
2021051305000771,NICLBSL,45,8,10,1771.0,17710.0
2021051305000788,NICLBSL,55,14,10,1772.0,17720.0
2021051305000787,NICLBSL,55,22,10,1772.0,17720.0
2021051305000785,NICLBSL,55,44,10,1772.0,17720.0
2021051305000781,NICLBSL,45,45,10,1771.0,17710.0
2021051305000780,NICLBSL,45,8,10,1771.0,17710.0
2021051305000779,NICLBSL,16,8,10,1772.0,17720.0
2021051305000801,NICLBSL,55,8,10,1772.0,17720.0
2021051305000797,NICLBSL,55,8,10,1772.0,17720.0
2021051305000792,NICLBSL,35,28,90,1774.0,159660.0
2021051305000791,NICLBSL,35,53,50,1774.0,88700.0
2021051305000790,NICLBSL,35,1,10,1774.0,17740.0
2021051305000789,NICLBSL,35,41,10,1773.0,17730.0
2021051305000807,NICLBSL,40,49,10,1775.0,17750.0
2021051305000806,NICLBSL,40,16,20,1775.0,35500.0
2021051305000805,NICLBSL,40,6,10,1775.0,17750.0
2021051305000804,NICLBSL,40,38,20,1775.0,35500.0
2021051305000803,NICLBSL,40,28,10,1774.0,17740.0
2021051305000802,NICLBSL,40,38,10,1773.0,17730.0
2021051305000813,NICLBSL,40,1,10,1775.0,17750.0
2021051305000812,NICLBSL,40,34,10,1775.0,17750.0
2021051305000811,NICLBSL,40,25,10,1775.0,17750.0
2021051305000810,NICLBSL,40,42,10,1775.0,17750.0
2021051305000809,NICLBSL,40,46,10,1775.0,17750.0
2021051305000808,NICLBSL,40,39,10,1775.0,17750.0
2021051305000819,NICLBSL,40,45,10,1775.0,17750.0
2021051305000818,NICLBSL,40,45,20,1775.0,35500.0
2021051305000817,NICLBSL,40,45,10,1775.0,17750.0
2021051305000816,NICLBSL,40,19,20,1775.0,35500.0
2021051305000815,NICLBSL,40,39,10,1775.0,17750.0
2021051305000814,NICLBSL,40,34,10,1775.0,17750.0
2021051305000825,NICLBSL,40,26,10,1780.0,17800.0
2021051305000824,NICLBSL,40,45,10,1778.0,17780.0
2021051305000823,NICLBSL,40,58,20,1778.0,35560.0
2021051305000822,NICLBSL,40,56,10,1778.0,17780.0
2021051305000821,NICLBSL,40,57,100,1777.0,177700.0
2021051305000820,NICLBSL,40,16,10,1776.0,17760.0
2021051305000831,NICLBSL,55,8,10,1772.0,17720.0
2021051305000830,NICLBSL,40,16,50,1780.0,89000.0
2021051305000829,NICLBSL,40,26,40,1780.0,71200.0
2021051305000828,NICLBSL,40,42,10,1780.0,17800.0
2021051305000827,NICLBSL,40,49,10,1780.0,17800.0
2021051305000826,NICLBSL,40,48,10,1780.0,17800.0
2021051305000838,NICLBSL,47,45,10,1775.0,17750.0
2021051305000837,NICLBSL,16,8,10,1772.0,17720.0
2021051305000836,NICLBSL,16,8,10,1772.0,17720.0
2021051305000834,NICLBSL,16,8,10,1772.0,17720.0
2021051305000833,NICLBSL,16,35,16,1772.0,28352.0
2021051305000832,NICLBSL,55,35,10,1772.0,17720.0
2021051305000847,NICLBSL,47,50,10,1775.0,17750.0
2021051305000843,NICLBSL,47,41,10,1775.0,17750.0
2021051305000842,NICLBSL,47,8,10,1775.0,17750.0
2021051305000841,NICLBSL,47,17,10,1775.0,17750.0
2021051305000840,NICLBSL,47,42,10,1775.0,17750.0
2021051305000839,NICLBSL,47,8,10,1775.0,17750.0
2021051305000855,NICLBSL,10,8,10,1776.0,17760.0
2021051305000854,NICLBSL,10,26,10,1776.0,17760.0
2021051305000853,NICLBSL,10,8,10,1776.0,17760.0
2021051305000852,NICLBSL,10,40,20,1776.0,35520.0
2021051305000850,NICLBSL,10,8,10,1776.0,17760.0
2021051305000848,NICLBSL,47,26,10,1775.0,17750.0
2021051305000865,NICLBSL,47,36,20,1780.0,35600.0
2021051305000864,NICLBSL,47,26,10,1780.0,17800.0
2021051305000863,NICLBSL,47,16,50,1780.0,89000.0
2021051305000861,NICLBSL,10,8,10,1776.0,17760.0
2021051305000860,NICLBSL,10,58,134,1776.0,237984.0
2021051305000859,NICLBSL,10,58,40,1776.0,71040.0
2021051305000871,NICLBSL,47,6,10,1780.0,17800.0
2021051305000870,NICLBSL,47,49,10,1780.0,17800.0
2021051305000869,NICLBSL,47,45,10,1780.0,17800.0
2021051305000868,NICLBSL,47,32,50,1780.0,89000.0
2021051305000867,NICLBSL,47,17,10,1780.0,17800.0
2021051305000866,NICLBSL,47,38,10,1780.0,17800.0
2021051305000877,NICLBSL,47,48,10,1780.0,17800.0
2021051305000876,NICLBSL,47,58,10,1780.0,17800.0
2021051305000875,NICLBSL,47,50,10,1780.0,17800.0
2021051305000874,NICLBSL,47,50,10,1780.0,17800.0
2021051305000873,NICLBSL,47,48,10,1780.0,17800.0
2021051305000872,NICLBSL,47,34,10,1780.0,17800.0
2021051305000883,NICLBSL,47,57,10,1780.0,17800.0
2021051305000882,NICLBSL,47,42,20,1780.0,35600.0
2021051305000881,NICLBSL,47,28,10,1780.0,17800.0
2021051305000880,NICLBSL,47,49,10,1780.0,17800.0
2021051305000879,NICLBSL,47,37,10,1780.0,17800.0
2021051305000878,NICLBSL,47,58,10,1780.0,17800.0
2021051305000889,NICLBSL,8,35,50,1781.0,89050.0
2021051305000888,NICLBSL,8,45,10,1781.0,17810.0
2021051305000887,NICLBSL,8,41,20,1781.0,35620.0
2021051305000886,NICLBSL,47,19,10,1780.0,17800.0
2021051305000885,NICLBSL,47,17,10,1780.0,17800.0
2021051305000884,NICLBSL,47,58,10,1780.0,17800.0
2021051305000898,NICLBSL,8,40,10,1781.0,17810.0
2021051305000897,NICLBSL,8,34,10,1781.0,17810.0
2021051305000896,NICLBSL,47,41,10,1780.0,17800.0
2021051305000892,NICLBSL,47,41,10,1780.0,17800.0
2021051305000891,NICLBSL,8,58,20,1781.0,35620.0
2021051305000890,NICLBSL,8,58,20,1781.0,35620.0
2021051305000906,NICLBSL,56,18,10,1781.0,17810.0
2021051305000905,NICLBSL,56,45,100,1781.0,178100.0
2021051305000904,NICLBSL,34,48,10,1781.0,17810.0
2021051305000902,NICLBSL,47,41,10,1780.0,17800.0
2021051305000900,NICLBSL,8,17,10,1782.0,17820.0
2021051305000899,NICLBSL,8,21,10,1782.0,17820.0
2021051305000915,NICLBSL,34,48,10,1777.0,17770.0
2021051305000912,NICLBSL,47,32,10,1780.0,17800.0
2021051305000910,NICLBSL,57,17,26,1782.0,46332.0
2021051305000909,NICLBSL,57,41,10,1782.0,17820.0
2021051305000908,NICLBSL,57,58,10,1782.0,17820.0
2021051305000907,NICLBSL,57,52,10,1781.0,17810.0
2021051305000925,NICLBSL,34,40,10,1777.0,17770.0
2021051305000924,NICLBSL,57,50,36,1779.0,64044.0
2021051305000923,NICLBSL,57,48,10,1779.0,17790.0
2021051305000922,NICLBSL,57,45,10,1779.0,17790.0
2021051305000919,NICLBSL,58,18,10,1780.0,17800.0
2021051305000917,NICLBSL,52,36,10,1778.0,17780.0
2021051305000932,NICLBSL,59,50,60,1779.0,106740.0
2021051305000931,NICLBSL,59,18,20,1779.0,35580.0
2021051305000930,NICLBSL,59,42,10,1778.0,17780.0
2021051305000929,NICLBSL,34,35,10,1777.0,17770.0
2021051305000928,NICLBSL,45,50,10,1779.0,17790.0
2021051305000927,NICLBSL,34,39,10,1777.0,17770.0
2021051305000943,NICLBSL,10,48,10,1776.0,17760.0
2021051305000942,NICLBSL,45,4,10,1777.0,17770.0
2021051305000936,NICLBSL,45,52,10,1777.0,17770.0
2021051305000935,NICLBSL,45,34,25,1777.0,44425.0
2021051305000934,NICLBSL,39,34,15,1777.0,26655.0
2021051305000933,NICLBSL,34,34,60,1777.0,106620.0
2021051305000953,NICLBSL,48,52,10,1776.0,17760.0
2021051305000952,NICLBSL,48,16,10,1776.0,17760.0
2021051305000951,NICLBSL,33,4,10,1774.0,17740.0
2021051305000950,NICLBSL,45,29,10,1776.0,17760.0
2021051305000947,NICLBSL,47,44,10,1775.0,17750.0
2021051305000944,NICLBSL,10,29,10,1776.0,17760.0
2021051305000965,NICLBSL,16,10,75,1776.0,133200.0
2021051305000964,NICLBSL,45,10,12,1776.0,21312.0
2021051305000963,NICLBSL,48,10,13,1776.0,23088.0
2021051305000961,NICLBSL,48,4,10,1776.0,17760.0
2021051305000958,NICLBSL,4,50,100,1779.0,177900.0
2021051305000954,NICLBSL,48,42,10,1776.0,17760.0
2021051305000985,NICLBSL,17,42,10,1778.0,17780.0
2021051305000984,NICLBSL,17,42,10,1778.0,17780.0
2021051305000982,NICLBSL,16,38,10,1776.0,17760.0
2021051305000974,NICLBSL,16,51,270,1776.0,479520.0
2021051305000973,NICLBSL,16,36,10,1776.0,17760.0
2021051305000967,NICLBSL,16,17,10,1776.0,17760.0
2021051305000991,NICLBSL,17,17,10,1780.0,17800.0
2021051305000990,NICLBSL,17,17,10,1780.0,17800.0
2021051305000989,NICLBSL,17,49,10,1780.0,17800.0
2021051305000988,NICLBSL,17,6,10,1780.0,17800.0
2021051305000987,NICLBSL,17,50,40,1779.0,71160.0
2021051305000986,NICLBSL,17,42,10,1778.0,17780.0
2021051305000997,NICLBSL,17,36,10,1780.0,17800.0
2021051305000996,NICLBSL,17,42,50,1780.0,89000.0
2021051305000995,NICLBSL,17,41,10,1780.0,17800.0
2021051305000994,NICLBSL,17,14,26,1780.0,46280.0
2021051305000993,NICLBSL,17,19,10,1780.0,17800.0
2021051305000992,NICLBSL,17,21,10,1780.0,17800.0
2021051305001007,NICLBSL,16,36,10,1776.0,17760.0
2021051305001006,NICLBSL,17,57,100,1780.0,178000.0
2021051305001005,NICLBSL,17,38,10,1780.0,17800.0
2021051305001003,NICLBSL,17,36,10,1780.0,17800.0
2021051305001002,NICLBSL,17,37,10,1780.0,17800.0
2021051305001000,NICLBSL,17,14,36,1780.0,64080.0
2021051305001018,NICLBSL,16,39,10,1776.0,17760.0
2021051305001016,NICLBSL,16,39,10,1776.0,17760.0
2021051305001013,NICLBSL,16,39,10,1776.0,17760.0
2021051305001012,NICLBSL,16,36,10,1776.0,17760.0
2021051305001010,NICLBSL,33,59,6,1750.0,10500.0
2021051305001008,NICLBSL,16,58,10,1776.0,17760.0
2021051305001027,NICLBSL,43,17,10,1774.0,17740.0
2021051305001026,NICLBSL,44,38,10,1776.0,17760.0
2021051305001025,NICLBSL,44,39,10,1776.0,17760.0
2021051305001024,NICLBSL,26,40,10,1779.0,17790.0
2021051305001022,NICLBSL,29,39,10,1776.0,17760.0
2021051305001021,NICLBSL,16,39,10,1776.0,17760.0
2021051305001040,NICLBSL,10,17,10,1775.0,17750.0
2021051305001039,NICLBSL,10,17,10,1775.0,17750.0
2021051305001036,NICLBSL,10,14,10,1775.0,17750.0
2021051305001035,NICLBSL,10,13,10,1775.0,17750.0
2021051305001030,NICLBSL,43,37,10,1774.0,17740.0
2021051305001029,NICLBSL,43,17,10,1774.0,17740.0
2021051305001047,NICLBSL,45,28,30,1774.0,53220.0
2021051305001046,NICLBSL,43,28,50,1774.0,88700.0
2021051305001045,NICLBSL,43,17,10,1774.0,17740.0
2021051305001044,NICLBSL,43,17,10,1774.0,17740.0
2021051305001043,NICLBSL,49,28,10,1775.0,17750.0
2021051305001042,NICLBSL,10,28,10,1775.0,17750.0
2021051305001055,NICLBSL,45,37,10,1774.0,17740.0
2021051305001054,NICLBSL,45,25,10,1774.0,17740.0
2021051305001052,NICLBSL,45,53,10,1774.0,17740.0
2021051305001051,NICLBSL,45,17,10,1774.0,17740.0
2021051305001050,NICLBSL,45,17,10,1774.0,17740.0
2021051305001048,NICLBSL,45,17,10,1774.0,17740.0
2021051305001061,NICLBSL,45,34,15,1775.0,26625.0
2021051305001060,NICLBSL,45,13,11,1775.0,19525.0
2021051305001059,NICLBSL,45,56,10,1774.0,17740.0
2021051305001058,NICLBSL,45,39,10,1774.0,17740.0
2021051305001057,NICLBSL,45,17,10,1774.0,17740.0
2021051305001056,NICLBSL,48,19,10,1775.0,17750.0
2021051305001071,NICLBSL,59,33,10,1775.0,17750.0
2021051305001070,NICLBSL,50,38,10,1774.0,17740.0
2021051305001069,NICLBSL,50,46,10,1774.0,17740.0
2021051305001066,NICLBSL,45,13,10,1774.0,17740.0
2021051305001065,NICLBSL,45,45,50,1774.0,88700.0
2021051305001062,NICLBSL,45,58,20,1774.0,35480.0
2021051305001079,NICLBSL,50,56,10,1774.0,17740.0
2021051305001078,NICLBSL,50,58,10,1774.0,17740.0
2021051305001075,NICLBSL,43,58,10,1775.0,17750.0
2021051305001074,NICLBSL,50,58,10,1774.0,17740.0
2021051305001073,NICLBSL,59,25,10,1775.0,17750.0
2021051305001072,NICLBSL,59,32,10,1775.0,17750.0
2021051305001089,NICLBSL,39,47,10,1774.0,17740.0
2021051305001086,NICLBSL,22,47,10,1775.0,17750.0
2021051305001085,NICLBSL,22,14,10,1775.0,17750.0
2021051305001084,NICLBSL,22,47,20,1774.0,35480.0
2021051305001082,NICLBSL,39,26,10,1774.0,17740.0
2021051305001080,NICLBSL,39,47,10,1774.0,17740.0
2021051305001095,NICLBSL,36,35,10,1775.0,17750.0
2021051305001094,NICLBSL,36,34,10,1775.0,17750.0
2021051305001093,NICLBSL,36,37,10,1775.0,17750.0
2021051305001092,NICLBSL,36,25,10,1775.0,17750.0
2021051305001091,NICLBSL,45,21,10,1774.0,17740.0
2021051305001090,NICLBSL,39,16,10,1774.0,17740.0
2021051305001105,NICLBSL,59,56,10,1774.0,17740.0
2021051305001104,NICLBSL,59,47,10,1774.0,17740.0
2021051305001103,NICLBSL,59,47,14,1774.0,24836.0
2021051305001102,NICLBSL,45,47,20,1774.0,35480.0
2021051305001099,NICLBSL,45,47,10,1774.0,17740.0
2021051305001097,NICLBSL,45,47,10,1774.0,17740.0
2021051305001108,RURU,36,51,10,800.0,8000.0
2021051305001100,RURU,36,16,10,800.0,8000.0
2021051305001083,RURU,36,25,10,800.0,8000.0
2021051305001081,RURU,36,34,10,800.0,8000.0
2021051305001076,RURU,36,44,10,800.0,8000.0
2021051305001067,RURU,36,46,10,800.0,8000.0
2021051305000643,RURU,36,56,10,800.0,8000.0
2021051305000642,RURU,36,42,10,800.0,8000.0
2021051305000635,RURU,36,49,10,800.0,8000.0
2021051305000631,RURU,36,48,10,800.0,8000.0
2021051305000693,RURU,36,7,10,800.0,8000.0
2021051305000664,RURU,36,10,10,800.0,8000.0
2021051305000659,RURU,36,21,10,800.0,8000.0
2021051305000657,RURU,36,49,10,800.0,8000.0
2021051305000652,RURU,36,22,10,800.0,8000.0
2021051305000651,RURU,36,57,10,800.0,8000.0
2021051305000835,RURU,36,13,10,800.0,8000.0
2021051305000798,RURU,36,5,10,800.0,8000.0
2021051305000782,RURU,36,42,10,800.0,8000.0
2021051305000732,RURU,36,34,10,800.0,8000.0
2021051305000720,RURU,36,49,10,800.0,8000.0
2021051305000707,RURU,36,21,10,800.0,8000.0
2021051305000911,RURU,36,54,10,800.0,8000.0
2021051305000901,RURU,36,34,10,800.0,8000.0
2021051305000851,RURU,36,10,10,800.0,8000.0
2021051305000849,RURU,36,17,10,800.0,8000.0
2021051305000846,RURU,36,14,10,800.0,8000.0
2021051305000844,RURU,36,35,10,800.0,8000.0
2021051305001049,RURU,36,10,10,800.0,8000.0
2021051305001038,RURU,36,42,10,800.0,8000.0
2021051305000968,RURU,36,42,10,800.0,8000.0
2021051305000949,RURU,36,49,10,800.0,8000.0
2021051305000945,RURU,36,49,10,800.0,8000.0
2021051305000921,RURU,36,41,10,800.0,8000.0
2021051305000613,MLBSL,56,19,20,4591.0,91820.0
2021051305000603,MLBSL,56,22,65,4591.0,298415.0
2021051305000600,MLBSL,44,29,10,4590.0,45900.0
2021051305000599,MLBSL,56,19,10,4595.0,45950.0
2021051305000598,MLBSL,43,21,10,4595.0,45950.0
2021051305000597,MLBSL,51,22,10,4592.0,45920.0
2021051305000121,MLBSL,47,52,10,4631.0,46310.0
2021051305000117,MLBSL,47,46,10,4631.0,46310.0
2021051305000116,MLBSL,34,46,10,4633.0,46330.0
2021051305000115,MLBSL,51,46,10,4633.0,46330.0
2021051305000114,MLBSL,47,46,10,4634.0,46340.0
2021051305000140,MLBSL,59,28,90,4610.0,414900.0
2021051305000139,MLBSL,59,38,10,4610.0,46100.0
2021051305000138,MLBSL,49,45,10,4630.0,46300.0
2021051305000130,MLBSL,17,34,10,4630.0,46300.0
2021051305000129,MLBSL,47,21,10,4606.0,46060.0
2021051305000124,MLBSL,45,49,10,4630.0,46300.0
2021051305000154,MLBSL,34,42,10,4611.0,46110.0
2021051305000152,MLBSL,14,57,10,4609.0,46090.0
2021051305000150,MLBSL,45,47,10,4629.0,46290.0
2021051305000143,MLBSL,40,47,10,4650.0,46500.0
2021051305000142,MLBSL,40,38,10,4649.0,46490.0
2021051305000141,MLBSL,7,28,10,4610.0,46100.0
2021051305000165,MLBSL,6,47,10,4629.0,46290.0
2021051305000164,MLBSL,51,21,10,4612.0,46120.0
2021051305000159,MLBSL,19,47,50,4629.0,231450.0
2021051305000157,MLBSL,47,6,10,4612.0,46120.0
2021051305000156,MLBSL,47,58,10,4612.0,46120.0
2021051305000155,MLBSL,47,42,40,4611.0,184440.0
2021051305000176,MLBSL,3,49,10,4613.0,46130.0
2021051305000171,MLBSL,33,44,10,4608.0,46080.0
2021051305000170,MLBSL,14,44,10,4609.0,46090.0
2021051305000169,MLBSL,59,44,40,4610.0,184400.0
2021051305000168,MLBSL,28,44,10,4611.0,46110.0
2021051305000167,MLBSL,47,44,30,4611.0,138330.0
2021051305000198,MLBSL,46,36,10,4640.0,46400.0
2021051305000194,MLBSL,41,36,10,4640.0,46400.0
2021051305000191,MLBSL,33,49,10,4641.0,46410.0
2021051305000190,MLBSL,53,28,10,4640.0,46400.0
2021051305000187,MLBSL,43,35,10,4640.0,46400.0
2021051305000186,MLBSL,43,59,10,4620.0,46200.0
2021051305000219,MLBSL,59,20,10,4640.0,46400.0
2021051305000206,MLBSL,59,58,10,4640.0,46400.0
2021051305000204,MLBSL,59,49,10,4640.0,46400.0
2021051305000202,MLBSL,59,36,10,4640.0,46400.0
2021051305000201,MLBSL,58,36,20,4640.0,92800.0
2021051305000199,MLBSL,21,36,50,4640.0,232000.0
2021051305000232,MLBSL,51,38,10,4625.0,46250.0
2021051305000230,MLBSL,58,11,10,4625.0,46250.0
2021051305000228,MLBSL,48,39,20,4622.0,92440.0
2021051305000226,MLBSL,50,22,10,4622.0,46220.0
2021051305000224,MLBSL,59,3,50,4640.0,232000.0
2021051305000221,MLBSL,59,26,10,4640.0,46400.0
2021051305000250,MLBSL,20,58,30,4642.0,139260.0
2021051305000244,MLBSL,20,58,40,4642.0,185680.0
2021051305000243,MLBSL,20,51,10,4640.0,46400.0
2021051305000239,MLBSL,43,58,30,4642.0,139260.0
2021051305000238,MLBSL,43,51,10,4642.0,46420.0
2021051305000237,MLBSL,43,25,10,4640.0,46400.0
2021051305000268,MLBSL,59,34,10,4645.0,46450.0
2021051305000262,MLBSL,58,38,10,4635.0,46350.0
2021051305000256,MLBSL,22,28,10,4631.0,46310.0
2021051305000253,MLBSL,34,57,10,4640.0,46400.0
2021051305000252,MLBSL,20,58,10,4645.0,46450.0
2021051305000251,MLBSL,20,41,10,4644.0,46440.0
2021051305000284,MLBSL,33,49,10,4633.0,46330.0
2021051305000276,MLBSL,20,13,10,4632.0,46320.0
2021051305000274,MLBSL,3,14,10,4631.0,46310.0
2021051305000273,MLBSL,3,21,10,4631.0,46310.0
2021051305000270,MLBSL,59,49,10,4645.0,46450.0
2021051305000269,MLBSL,59,17,10,4645.0,46450.0
2021051305000290,MLBSL,39,49,10,4630.0,46300.0
2021051305000289,MLBSL,19,49,10,4630.0,46300.0
2021051305000288,MLBSL,10,49,30,4630.0,138900.0
2021051305000287,MLBSL,32,49,20,4631.0,92620.0
2021051305000286,MLBSL,50,49,20,4631.0,92620.0
2021051305000285,MLBSL,20,49,20,4631.0,92620.0
2021051305000307,MLBSL,37,58,20,4625.0,92500.0
2021051305000297,MLBSL,59,6,10,4627.0,46270.0
2021051305000296,MLBSL,59,49,20,4627.0,92540.0
2021051305000295,MLBSL,37,32,10,4625.0,46250.0
2021051305000292,MLBSL,47,58,10,4625.0,46250.0
2021051305000291,MLBSL,14,49,100,4627.0,462700.0
2021051305000343,MLBSL,22,16,10,4626.0,46260.0
2021051305000336,MLBSL,22,51,10,4627.0,46270.0
2021051305000331,MLBSL,19,33,20,4627.0,92540.0
2021051305000325,MLBSL,22,25,10,4626.0,46260.0
2021051305000324,MLBSL,21,25,10,4627.0,46270.0
2021051305000308,MLBSL,17,58,80,4624.0,369920.0
2021051305000358,MLBSL,51,54,10,4624.0,46240.0
2021051305000357,MLBSL,26,49,10,4625.0,46250.0
2021051305000355,MLBSL,17,45,10,4624.0,46240.0
2021051305000349,MLBSL,17,46,10,4624.0,46240.0
2021051305000347,MLBSL,47,43,10,4625.0,46250.0
2021051305000344,MLBSL,56,14,20,4625.0,92500.0
2021051305000370,MLBSL,33,49,10,4630.0,46300.0
2021051305000366,MLBSL,33,51,10,4630.0,46300.0
2021051305000365,MLBSL,43,51,10,4630.0,46300.0
2021051305000361,MLBSL,43,45,10,4630.0,46300.0
2021051305000360,MLBSL,43,35,10,4630.0,46300.0
2021051305000359,MLBSL,43,45,10,4630.0,46300.0
2021051305000376,MLBSL,43,49,60,4620.0,277200.0
2021051305000375,MLBSL,45,49,10,4621.0,46210.0
2021051305000374,MLBSL,34,49,10,4621.0,46210.0
2021051305000373,MLBSL,32,49,10,4621.0,46210.0
2021051305000372,MLBSL,56,49,30,4622.0,138660.0
2021051305000371,MLBSL,26,49,20,4623.0,92460.0
2021051305000385,MLBSL,43,38,10,4620.0,46200.0
2021051305000384,MLBSL,43,36,10,4620.0,46200.0
2021051305000382,MLBSL,26,49,10,4625.0,46250.0
2021051305000380,MLBSL,43,46,20,4620.0,92400.0
2021051305000379,MLBSL,48,57,10,4640.0,46400.0
2021051305000378,MLBSL,48,29,90,4629.0,416610.0
2021051305000406,MLBSL,7,45,10,4613.0,46130.0
2021051305000403,MLBSL,45,17,10,4614.0,46140.0
2021051305000400,MLBSL,52,45,10,4615.0,46150.0
2021051305000399,MLBSL,56,45,20,4615.0,92300.0
2021051305000398,MLBSL,21,53,10,4618.0,46180.0
2021051305000386,MLBSL,26,45,50,4620.0,231000.0
2021051305000423,MLBSL,26,50,10,4611.0,46110.0
2021051305000421,MLBSL,4,49,10,4615.0,46150.0
2021051305000415,MLBSL,7,59,70,4610.0,322700.0
2021051305000414,MLBSL,47,59,20,4611.0,92220.0
2021051305000413,MLBSL,4,59,10,4615.0,46150.0
2021051305000407,MLBSL,4,45,10,4613.0,46130.0
2021051305000441,MLBSL,51,45,10,4613.0,46130.0
2021051305000440,MLBSL,34,25,10,4613.0,46130.0
2021051305000437,MLBSL,59,35,10,4620.0,46200.0
2021051305000436,MLBSL,59,49,10,4620.0,46200.0
2021051305000432,MLBSL,33,42,10,4612.0,46120.0
2021051305000427,MLBSL,33,52,10,4615.0,46150.0
2021051305000447,MLBSL,41,45,10,4607.0,46070.0
2021051305000446,MLBSL,7,45,10,4608.0,46080.0
2021051305000445,MLBSL,55,45,20,4610.0,92200.0
2021051305000444,MLBSL,14,45,10,4611.0,46110.0
2021051305000443,MLBSL,26,45,10,4611.0,46110.0
2021051305000442,MLBSL,47,45,10,4612.0,46120.0
2021051305000454,MLBSL,7,17,10,4607.0,46070.0
2021051305000453,MLBSL,7,58,20,4607.0,92140.0
2021051305000452,MLBSL,26,10,10,4605.0,46050.0
2021051305000451,MLBSL,26,57,10,4605.0,46050.0
2021051305000449,MLBSL,26,45,10,4605.0,46050.0
2021051305000448,MLBSL,47,45,10,4606.0,46060.0
2021051305000462,MLBSL,10,56,10,4601.0,46010.0
2021051305000461,MLBSL,19,56,30,4602.0,138060.0
2021051305000460,MLBSL,19,56,20,4602.0,92040.0
2021051305000459,MLBSL,47,56,20,4605.0,92100.0
2021051305000458,MLBSL,26,56,20,4606.0,92120.0
2021051305000457,MLBSL,59,56,50,4607.0,230350.0
2021051305000468,MLBSL,57,56,20,4600.0,92000.0
2021051305000467,MLBSL,13,56,10,4600.0,46000.0
2021051305000466,MLBSL,57,56,10,4600.0,46000.0
2021051305000465,MLBSL,59,56,50,4600.0,230000.0
2021051305000464,MLBSL,58,56,10,4601.0,46010.0
2021051305000463,MLBSL,41,56,20,4601.0,92020.0
2021051305000474,MLBSL,59,56,10,4600.0,46000.0
2021051305000473,MLBSL,10,56,10,4600.0,46000.0
2021051305000472,MLBSL,44,56,50,4600.0,230000.0
2021051305000471,MLBSL,51,56,10,4600.0,46000.0
2021051305000470,MLBSL,35,56,10,4600.0,46000.0
2021051305000469,MLBSL,29,56,20,4600.0,92000.0
2021051305000481,MLBSL,43,58,20,4590.0,91800.0
2021051305000480,MLBSL,14,52,10,4590.0,45900.0
2021051305000478,MLBSL,49,56,25,4600.0,115000.0
2021051305000477,MLBSL,22,56,10,4600.0,46000.0
2021051305000476,MLBSL,39,56,20,4600.0,92000.0
2021051305000475,MLBSL,21,56,100,4600.0,460000.0
2021051305000491,MLBSL,17,14,10,4590.0,45900.0
2021051305000490,MLBSL,19,56,50,4600.0,230000.0
2021051305000486,MLBSL,17,49,20,4590.0,91800.0
2021051305000484,MLBSL,4,38,20,4590.0,91800.0
2021051305000483,MLBSL,4,58,10,4590.0,45900.0
2021051305000482,MLBSL,43,58,20,4590.0,91800.0
2021051305000508,MLBSL,42,57,15,4591.0,68865.0
2021051305000507,MLBSL,58,53,10,4599.0,45990.0
2021051305000499,MLBSL,17,33,10,4590.0,45900.0
2021051305000498,MLBSL,20,33,10,4591.0,45910.0
2021051305000497,MLBSL,33,33,40,4591.0,183640.0
2021051305000496,MLBSL,33,54,10,4591.0,45910.0
2021051305000518,MLBSL,32,43,10,4592.0,45920.0
2021051305000514,MLBSL,32,34,10,4592.0,45920.0
2021051305000512,MLBSL,33,58,30,4590.0,137700.0
2021051305000511,MLBSL,58,58,20,4590.0,91800.0
2021051305000510,MLBSL,17,58,50,4590.0,229500.0
2021051305000509,MLBSL,17,34,10,4590.0,45900.0
2021051305000540,MLBSL,33,35,10,4597.0,45970.0
2021051305000539,MLBSL,43,59,50,4595.0,229750.0
2021051305000536,MLBSL,59,43,10,4592.0,45920.0
2021051305000534,MLBSL,59,57,10,4592.0,45920.0
2021051305000532,MLBSL,59,53,40,4598.0,183920.0
2021051305000528,MLBSL,21,55,20,4590.0,91800.0
2021051305000558,MLBSL,14,58,10,4597.0,45970.0
2021051305000549,MLBSL,43,43,10,4595.0,45950.0
2021051305000548,MLBSL,26,56,10,4600.0,46000.0
2021051305000547,MLBSL,59,6,10,4597.0,45970.0
2021051305000542,MLBSL,43,56,80,4600.0,368000.0
2021051305000541,MLBSL,43,42,20,4599.0,91980.0
2021051305000576,MLBSL,36,36,10,4596.0,45960.0
2021051305000571,MLBSL,45,52,10,4596.0,45960.0
2021051305000570,MLBSL,45,47,10,4596.0,45960.0
2021051305000568,MLBSL,48,14,10,4596.0,45960.0
2021051305000560,MLBSL,43,28,25,4595.0,114875.0
2021051305000559,MLBSL,14,28,10,4597.0,45970.0
2021051305000589,MLBSL,17,22,30,4596.0,137880.0
2021051305000585,MLBSL,17,58,10,4596.0,45960.0
2021051305000583,MLBSL,36,36,10,4596.0,45960.0
2021051305000581,MLBSL,36,45,10,4596.0,45960.0
2021051305000579,MLBSL,36,3,50,4596.0,229800.0
2021051305000578,MLBSL,36,57,10,4596.0,45960.0
2021051305000596,MLBSL,14,22,40,4592.0,183680.0
2021051305000594,MLBSL,14,29,10,4592.0,45920.0
2021051305000593,MLBSL,38,22,30,4595.0,137850.0
2021051305000592,MLBSL,43,22,15,4595.0,68925.0
2021051305000591,MLBSL,17,29,10,4599.0,45990.0
2021051305000590,MLBSL,22,22,20,4596.0,91920.0
2021051305000612,NICLBSL,22,39,20,1773.0,35460.0
2021051305000611,NICLBSL,28,35,80,1778.0,142240.0
2021051305000610,NICLBSL,28,41,10,1777.0,17770.0
2021051305000609,NICLBSL,28,33,10,1777.0,17770.0
2021051305000608,NICLBSL,28,57,110,1777.0,195470.0
2021051305000607,NICLBSL,28,22,20,1775.0,35500.0
2021051305000136,NICLBSL,59,22,10,1767.0,17670.0
2021051305000127,NICLBSL,35,54,10,1766.0,17660.0
2021051305000122,NICLBSL,35,22,10,1766.0,17660.0
2021051305000119,NICLBSL,59,47,10,1770.0,17700.0
2021051305000118,NICLBSL,48,47,80,1770.0,141600.0
2021051305000158,NICLBSL,35,51,10,1768.0,17680.0
2021051305000153,NICLBSL,35,58,10,1766.0,17660.0
2021051305000151,NICLBSL,35,46,10,1766.0,17660.0
2021051305000148,NICLBSL,35,58,10,1766.0,17660.0
2021051305000146,NICLBSL,59,22,10,1767.0,17670.0
2021051305000137,NICLBSL,35,22,10,1766.0,17660.0
2021051305000172,NICLBSL,59,6,10,1767.0,17670.0
2021051305000166,NICLBSL,42,39,10,1768.0,17680.0
2021051305000163,NICLBSL,42,59,20,1768.0,35360.0
2021051305000162,NICLBSL,35,22,10,1766.0,17660.0
2021051305000161,NICLBSL,35,33,10,1766.0,17660.0
2021051305000160,NICLBSL,53,51,10,1768.0,17680.0
2021051305000179,NICLBSL,57,6,20,1769.0,35380.0
2021051305000178,NICLBSL,34,39,10,1768.0,17680.0
2021051305000177,NICLBSL,59,6,10,1767.0,17670.0
2021051305000175,NICLBSL,59,39,10,1767.0,17670.0
2021051305000174,NICLBSL,59,33,10,1767.0,17670.0
2021051305000173,NICLBSL,22,45,10,1768.0,17680.0
2021051305000188,NICLBSL,43,47,13,1770.0,23010.0
2021051305000185,NICLBSL,35,47,330,1770.0,584100.0
2021051305000184,NICLBSL,35,6,20,1768.0,35360.0
2021051305000182,NICLBSL,58,41,10,1767.0,17670.0
2021051305000181,NICLBSL,58,6,10,1767.0,17670.0
2021051305000180,NICLBSL,59,6,10,1767.0,17670.0
2021051305000197,NICLBSL,51,21,30,1768.0,53040.0
2021051305000196,NICLBSL,36,21,10,1768.0,17680.0
2021051305000195,NICLBSL,33,21,10,1768.0,17680.0
2021051305000193,NICLBSL,14,22,10,1768.0,17680.0
2021051305000192,NICLBSL,33,42,10,1770.0,17700.0
2021051305000189,NICLBSL,33,22,10,1768.0,17680.0
2021051305000214,NICLBSL,57,14,10,1770.0,17700.0
2021051305000212,NICLBSL,45,25,20,1769.0,35380.0
2021051305000211,NICLBSL,45,22,10,1769.0,17690.0
2021051305000209,NICLBSL,45,59,10,1769.0,17690.0
2021051305000208,NICLBSL,45,18,10,1769.0,17690.0
2021051305000203,NICLBSL,51,1,10,1768.0,17680.0
2021051305000229,NICLBSL,59,21,10,1771.0,17710.0
2021051305000227,NICLBSL,59,41,10,1771.0,17710.0
2021051305000223,NICLBSL,59,38,20,1773.0,35460.0
2021051305000222,NICLBSL,35,22,10,1770.0,17700.0
2021051305000218,NICLBSL,57,26,10,1770.0,17700.0
2021051305000215,NICLBSL,57,58,10,1770.0,17700.0
2021051305000242,NICLBSL,59,11,10,1770.0,17700.0
2021051305000241,NICLBSL,26,22,10,1770.0,17700.0
2021051305000240,NICLBSL,26,21,10,1770.0,17700.0
2021051305000235,NICLBSL,26,45,10,1770.0,17700.0
2021051305000234,NICLBSL,26,26,10,1770.0,17700.0
2021051305000231,NICLBSL,26,22,10,1770.0,17700.0
2021051305000266,NICLBSL,59,54,10,1771.0,17710.0
2021051305000263,NICLBSL,59,26,10,1771.0,17710.0
2021051305000260,NICLBSL,26,59,10,1773.0,17730.0
2021051305000259,NICLBSL,26,42,10,1773.0,17730.0
2021051305000248,NICLBSL,59,45,10,1770.0,17700.0
2021051305000247,NICLBSL,44,42,10,1776.0,17760.0
2021051305000282,NICLBSL,3,55,10,1773.0,17730.0
2021051305000281,NICLBSL,3,42,10,1772.0,17720.0
2021051305000280,NICLBSL,59,34,20,1771.0,35420.0
2021051305000279,NICLBSL,51,1,10,1772.0,17720.0
2021051305000277,NICLBSL,51,43,10,1772.0,17720.0
2021051305000275,NICLBSL,51,6,10,1772.0,17720.0
2021051305000300,NICLBSL,33,29,41,1779.0,72939.0
2021051305000299,NICLBSL,33,47,10,1778.0,17780.0
2021051305000298,NICLBSL,33,41,10,1777.0,17770.0
2021051305000294,NICLBSL,8,34,10,1775.0,17750.0
2021051305000293,NICLBSL,36,28,10,1773.0,17730.0
2021051305000283,NICLBSL,3,35,10,1776.0,17760.0
2021051305000306,NICLBSL,33,51,73,1780.0,129940.0
2021051305000305,NICLBSL,33,8,26,1780.0,46280.0
2021051305000304,NICLBSL,33,44,10,1780.0,17800.0
2021051305000303,NICLBSL,33,48,10,1780.0,17800.0
2021051305000302,NICLBSL,33,25,10,1780.0,17800.0
2021051305000301,NICLBSL,33,25,10,1779.0,17790.0
2021051305000317,NICLBSL,8,26,10,1775.0,17750.0
2021051305000316,NICLBSL,59,26,10,1776.0,17760.0
2021051305000315,NICLBSL,38,53,10,1780.0,17800.0
2021051305000312,NICLBSL,59,16,20,1780.0,35600.0
2021051305000310,NICLBSL,21,37,10,1781.0,17810.0
2021051305000309,NICLBSL,35,51,27,1780.0,48060.0
2021051305000332,NICLBSL,57,53,10,1780.0,17800.0
2021051305000327,NICLBSL,33,5,10,1776.0,17760.0
2021051305000326,NICLBSL,33,58,10,1776.0,17760.0
2021051305000320,NICLBSL,33,17,10,1776.0,17760.0
2021051305000319,NICLBSL,33,59,65,1776.0,115440.0
2021051305000318,NICLBSL,8,22,10,1775.0,17750.0
2021051305000342,NICLBSL,57,48,20,1780.0,35600.0
2021051305000341,NICLBSL,58,55,10,1782.0,17820.0
2021051305000339,NICLBSL,57,5,10,1780.0,17800.0
2021051305000335,NICLBSL,57,16,10,1780.0,17800.0
2021051305000334,NICLBSL,57,34,20,1780.0,35600.0
2021051305000333,NICLBSL,57,53,10,1780.0,17800.0
2021051305000353,NICLBSL,58,35,10,1784.0,17840.0
2021051305000352,NICLBSL,58,55,10,1784.0,17840.0
2021051305000351,NICLBSL,58,51,50,1783.0,89150.0
2021051305000350,NICLBSL,58,21,10,1780.0,17800.0
2021051305000346,NICLBSL,8,34,10,1775.0,17750.0
2021051305000345,NICLBSL,57,58,20,1780.0,35600.0
2021051305000368,NICLBSL,58,41,10,1781.0,17810.0
2021051305000364,NICLBSL,45,51,10,1780.0,17800.0
2021051305000363,NICLBSL,45,48,10,1780.0,17800.0
2021051305000362,NICLBSL,45,52,20,1780.0,35600.0
2021051305000356,NICLBSL,45,50,10,1780.0,17800.0
2021051305000354,NICLBSL,58,56,16,1784.0,28544.0
2021051305000388,NICLBSL,58,26,10,1781.0,17810.0
2021051305000387,NICLBSL,58,36,10,1781.0,17810.0
2021051305000383,NICLBSL,58,34,20,1781.0,35620.0
2021051305000381,NICLBSL,58,49,10,1781.0,17810.0
2021051305000377,NICLBSL,58,51,10,1781.0,17810.0
2021051305000369,NICLBSL,58,37,10,1781.0,17810.0
2021051305000397,NICLBSL,58,51,10,1781.0,17810.0
2021051305000396,NICLBSL,58,10,10,1781.0,17810.0
2021051305000393,NICLBSL,58,43,10,1781.0,17810.0
2021051305000392,NICLBSL,58,58,20,1781.0,35620.0
2021051305000390,NICLBSL,58,13,10,1781.0,17810.0
2021051305000389,NICLBSL,58,41,10,1781.0,17810.0
2021051305000416,NICLBSL,50,59,60,1780.0,106800.0
2021051305000411,NICLBSL,50,19,20,1780.0,35600.0
2021051305000410,NICLBSL,50,19,20,1780.0,35600.0
2021051305000409,NICLBSL,58,19,10,1781.0,17810.0
2021051305000408,NICLBSL,22,28,10,1782.0,17820.0
2021051305000401,NICLBSL,58,49,10,1781.0,17810.0
2021051305000428,NICLBSL,47,18,10,1780.0,17800.0
2021051305000424,NICLBSL,47,54,10,1780.0,17800.0
2021051305000422,NICLBSL,47,57,10,1780.0,17800.0
2021051305000419,NICLBSL,47,59,10,1780.0,17800.0
2021051305000418,NICLBSL,22,59,25,1780.0,44500.0
2021051305000417,NICLBSL,25,59,200,1780.0,356000.0
2021051305000439,NICLBSL,50,56,10,1776.0,17760.0
2021051305000435,NICLBSL,47,50,10,1776.0,17760.0
2021051305000434,NICLBSL,47,6,10,1776.0,17760.0
2021051305000433,NICLBSL,29,35,15,1780.0,26700.0
2021051305000430,NICLBSL,59,35,20,1780.0,35600.0
2021051305000429,NICLBSL,47,35,10,1780.0,17800.0
2021051305000487,NICLBSL,58,56,15,1777.0,26655.0
2021051305000485,NICLBSL,58,35,100,1778.0,177800.0
2021051305000479,NICLBSL,45,38,20,1777.0,35540.0
2021051305000456,NICLBSL,45,38,10,1777.0,17770.0
2021051305000455,NICLBSL,45,26,10,1777.0,17770.0
2021051305000450,NICLBSL,45,54,10,1777.0,17770.0
2021051305000501,NICLBSL,22,57,15,1777.0,26655.0
2021051305000500,NICLBSL,58,57,20,1777.0,35540.0
2021051305000495,NICLBSL,58,17,10,1777.0,17770.0
2021051305000493,NICLBSL,58,39,10,1777.0,17770.0
2021051305000492,NICLBSL,3,35,150,1778.0,266700.0
2021051305000489,NICLBSL,58,56,10,1777.0,17770.0
2021051305000515,NICLBSL,8,45,10,1775.0,17750.0
2021051305000513,NICLBSL,34,45,10,1776.0,17760.0
2021051305000505,NICLBSL,34,57,90,1776.0,159840.0
2021051305000504,NICLBSL,50,57,10,1776.0,17760.0
2021051305000503,NICLBSL,50,10,10,1776.0,17760.0
2021051305000502,NICLBSL,55,57,50,1777.0,88850.0
2021051305000523,NICLBSL,32,54,10,1775.0,17750.0
2021051305000522,NICLBSL,8,35,10,1775.0,17750.0
2021051305000521,NICLBSL,8,29,10,1775.0,17750.0
2021051305000520,NICLBSL,8,21,10,1775.0,17750.0
2021051305000519,NICLBSL,8,19,10,1775.0,17750.0
2021051305000516,NICLBSL,8,29,10,1775.0,17750.0
2021051305000531,NICLBSL,32,51,10,1775.0,17750.0
2021051305000529,NICLBSL,32,1,10,1775.0,17750.0
2021051305000527,NICLBSL,50,57,10,1775.0,17750.0
2021051305000526,NICLBSL,50,26,20,1775.0,35500.0
2021051305000525,NICLBSL,50,45,10,1775.0,17750.0
2021051305000524,NICLBSL,50,34,10,1775.0,17750.0
2021051305000544,NICLBSL,7,19,20,1777.0,35540.0
2021051305000543,NICLBSL,7,45,20,1776.0,35520.0
2021051305000538,NICLBSL,49,57,10,1775.0,17750.0
2021051305000537,NICLBSL,49,43,10,1775.0,17750.0
2021051305000535,NICLBSL,32,49,10,1775.0,17750.0
2021051305000533,NICLBSL,32,17,10,1775.0,17750.0
2021051305000562,NICLBSL,59,58,10,1775.0,17750.0
2021051305000557,NICLBSL,11,56,10,1774.0,17740.0
2021051305000552,NICLBSL,39,35,10,1774.0,17740.0
2021051305000550,NICLBSL,22,45,10,1775.0,17750.0
2021051305000546,NICLBSL,22,39,10,1775.0,17750.0
2021051305000545,NICLBSL,7,47,10,1777.0,17770.0
2021051305000572,NICLBSL,59,58,10,1775.0,17750.0
2021051305000569,NICLBSL,59,48,10,1775.0,17750.0
2021051305000567,NICLBSL,53,35,10,1776.0,17760.0
2021051305000566,NICLBSL,53,44,10,1776.0,17760.0
2021051305000565,NICLBSL,53,41,10,1776.0,17760.0
2021051305000563,NICLBSL,59,21,20,1775.0,35500.0
2021051305000588,NICLBSL,11,38,10,1774.0,17740.0
2021051305000587,NICLBSL,32,56,10,1776.0,17760.0
2021051305000584,NICLBSL,45,57,10,1775.0,17750.0
2021051305000580,NICLBSL,39,35,60,1778.0,106680.0
2021051305000574,NICLBSL,45,57,10,1775.0,17750.0
2021051305000573,NICLBSL,45,58,21,1775.0,37275.0
2021051305000606,NICLBSL,28,58,10,1774.0,17740.0
2021051305000605,NICLBSL,28,34,10,1774.0,17740.0
2021051305000604,NICLBSL,22,56,10,1773.0,17730.0
2021051305000602,NICLBSL,22,45,10,1773.0,17730.0
2021051305000601,NICLBSL,22,57,10,1773.0,17730.0
2021051305000595,NICLBSL,22,34,10,1774.0,17740.0
2021051305000586,RURU,36,14,10,800.0,8000.0
2021051305000582,RURU,36,48,10,800.0,8000.0
2021051305000577,RURU,36,48,10,800.0,8000.0
2021051305000575,RURU,36,38,10,800.0,8000.0
2021051305000564,RURU,36,45,10,800.0,8000.0
2021051305000561,RURU,36,41,10,800.0,8000.0
2021051305000126,RURU,36,59,10,800.0,8000.0
2021051305000125,RURU,36,53,10,800.0,8000.0
2021051305000123,RURU,36,59,10,800.0,8000.0
2021051305000120,RURU,36,45,10,800.0,8000.0
2021051305000135,RURU,36,42,10,800.0,8000.0
2021051305000134,RURU,36,35,10,800.0,8000.0
2021051305000133,RURU,36,50,10,800.0,8000.0
2021051305000132,RURU,36,21,10,800.0,8000.0
2021051305000131,RURU,36,13,10,800.0,8000.0
2021051305000128,RURU,36,53,10,800.0,8000.0
2021051305000200,RURU,36,22,10,800.0,8000.0
2021051305000183,RURU,36,21,10,800.0,8000.0
2021051305000149,RURU,36,38,10,800.0,8000.0
2021051305000147,RURU,36,42,10,800.0,8000.0
2021051305000145,RURU,36,56,10,800.0,8000.0
2021051305000144,RURU,36,14,10,800.0,8000.0
2021051305000217,RURU,36,57,10,800.0,8000.0
2021051305000216,RURU,36,49,10,800.0,8000.0
2021051305000213,RURU,36,11,10,800.0,8000.0
2021051305000210,RURU,36,34,10,800.0,8000.0
2021051305000207,RURU,36,38,10,800.0,8000.0
2021051305000205,RURU,36,38,10,800.0,8000.0
2021051305000246,RURU,36,32,10,800.0,8000.0
2021051305000245,RURU,36,49,10,800.0,8000.0
2021051305000236,RURU,36,34,10,800.0,8000.0
2021051305000233,RURU,36,58,10,800.0,8000.0
2021051305000225,RURU,36,38,10,800.0,8000.0
2021051305000220,RURU,36,51,10,800.0,8000.0
2021051305000261,RURU,36,38,10,800.0,8000.0
2021051305000258,RURU,36,21,10,800.0,8000.0
2021051305000257,RURU,36,43,10,800.0,8000.0
2021051305000255,RURU,36,42,10,800.0,8000.0
2021051305000254,RURU,36,49,10,800.0,8000.0
2021051305000249,RURU,36,55,10,800.0,8000.0
2021051305000278,RURU,36,36,10,800.0,8000.0
2021051305000272,RURU,36,58,10,800.0,8000.0
2021051305000271,RURU,36,47,10,800.0,8000.0
2021051305000267,RURU,36,58,10,800.0,8000.0
2021051305000265,RURU,36,6,10,800.0,8000.0
2021051305000264,RURU,36,57,10,800.0,8000.0
2021051305000323,RURU,36,29,10,800.0,8000.0
2021051305000322,RURU,36,59,10,800.0,8000.0
2021051305000321,RURU,36,49,10,800.0,8000.0
2021051305000314,RURU,36,50,10,800.0,8000.0
2021051305000313,RURU,36,47,10,800.0,8000.0
2021051305000311,RURU,36,8,10,800.0,8000.0
2021051305000340,RURU,36,56,10,800.0,8000.0
2021051305000338,RURU,36,43,10,800.0,8000.0
2021051305000337,RURU,36,41,10,800.0,8000.0
2021051305000330,RURU,36,43,10,800.0,8000.0
2021051305000329,RURU,36,8,10,800.0,8000.0
2021051305000328,RURU,36,48,10,800.0,8000.0
2021051305000402,RURU,36,57,10,800.0,8000.0
2021051305000395,RURU,36,4,10,800.0,8000.0
2021051305000394,RURU,36,1,10,800.0,8000.0
2021051305000391,RURU,36,21,10,800.0,8000.0
2021051305000367,RURU,36,49,10,800.0,8000.0
2021051305000348,RURU,36,56,10,800.0,8000.0
2021051305000426,RURU,36,41,10,800.0,8000.0
2021051305000425,RURU,36,14,10,800.0,8000.0
2021051305000420,RURU,36,8,10,800.0,8000.0
2021051305000412,RURU,36,49,10,800.0,8000.0
2021051305000405,RURU,36,58,10,800.0,8000.0
2021051305000404,RURU,36,58,10,800.0,8000.0
2021051305000517,RURU,36,50,10,800.0,8000.0
2021051305000506,RURU,36,58,10,800.0,8000.0
2021051305000494,RURU,36,59,10,800.0,8000.0
2021051305000488,RURU,36,6,10,800.0,8000.0
2021051305000438,RURU,36,45,10,800.0,8000.0
2021051305000431,RURU,36,34,10,800.0,8000.0
2021051305000556,RURU,36,58,10,800.0,8000.0
2021051305000555,RURU,36,56,10,800.0,8000.0
2021051305000554,RURU,36,49,10,800.0,8000.0
2021051305000553,RURU,36,21,10,800.0,8000.0
2021051305000551,RURU,36,58,10,800.0,8000.0
2021051305000530,RURU,36,32,10,800.0,8000.0
2021051304036222,AHPC,45,8,150,313.0,46950.0
2021051304036069,AHPC,58,34,10,314.0,3140.0
2021051304036101,AIL,21,45,10,852.0,8520.0
2021051304036064,AIL,21,21,10,852.0,8520.0
2021051304036096,AKJCL,4,26,10,205.0,2050.0
2021051304036260,AKPL,5,38,30,362.0,10860.0
2021051304036140,AKPL,38,49,500,363.0,181500.0
2021051304036126,AKPL,5,51,84,362.0,30408.0
2021051304036125,AKPL,28,51,16,362.0,5792.0
2021051304036017,AKPL,28,49,984,362.0,356208.0
2021051304036016,AKPL,32,49,16,362.0,5792.0
2021051304036319,API,51,29,10,313.0,3130.0
2021051304036292,API,54,26,28,312.0,8736.0
2021051304036278,API,54,45,100,312.0,31200.0
2021051304036129,API,34,29,100,313.0,31300.0
2021051304036217,BARUN,16,20,200,295.0,59000.0
2021051304036215,BARUN,57,20,10,295.0,2950.0
2021051304036119,BARUN,56,20,132,295.0,38940.0
2021051304036067,BARUN,56,28,468,295.0,138060.0
2021051304036300,BBC,6,16,5,5924.0,29620.0
2021051304036299,BBC,58,16,45,5924.0,266580.0
2021051304036309,BPCL,3,1,200,417.0,83400.0
2021051304036230,CGH,25,25,20,1820.0,36400.0
2021051304036220,CGH,45,25,20,1820.0,36400.0
2021051304036157,CGH,49,25,20,1820.0,36400.0
2021051304036336,CHCL,45,50,10,640.0,6400.0
2021051304036124,CHCL,57,28,50,641.0,32050.0
2021051304036079,CHCL,47,28,100,641.0,64100.0
2021051304036078,CHCL,6,28,100,641.0,64100.0
2021051304036077,CHCL,4,28,43,641.0,27563.0
2021051304036076,CHCL,56,28,500,642.0,321000.0
2021051304036024,CHCL,41,57,81,642.0,52002.0
2021051304036023,CHCL,51,57,19,642.0,12198.0
2021051304036265,CHL,47,34,"1,000",346.0,346000.0
2021051304036264,CHL,58,34,"1,000",346.0,346000.0
2021051304036167,CHL,25,55,500,347.0,173500.0
2021051304036343,DHPL,29,42,370,187.0,69190.0
2021051304036293,EIC,47,50,50,723.0,36150.0
2021051304036240,GHL,1,14,335,212.0,71020.0
2021051304036239,GHL,1,54,30,212.0,6360.0
2021051304036238,GHL,1,52,15,212.0,3180.0
2021051304036311,GIC,50,3,215,709.0,152435.0
2021051304036115,GIC,50,55,10,709.0,7090.0
2021051304036374,GLH,38,41,54,399.0,21546.0
2021051304036373,GLH,38,58,10,399.0,3990.0
2021051304036372,GLH,38,16,10,399.0,3990.0
2021051304036371,GLH,38,33,10,399.0,3990.0
2021051304036370,GLH,38,44,10,399.0,3990.0
2021051304036369,GLH,38,38,10,399.0,3990.0
2021051304036141,GLH,38,58,10,398.0,3980.0
2021051304036035,GLH,45,48,10,398.0,3980.0
2021051304036034,GLH,45,45,10,397.0,3970.0
2021051304036033,GLH,45,29,72,397.0,28584.0
2021051304036147,GLH,38,36,10,398.0,3980.0
2021051304036146,GLH,38,52,10,398.0,3980.0
2021051304036145,GLH,38,26,10,398.0,3980.0
2021051304036144,GLH,38,43,10,398.0,3980.0
2021051304036143,GLH,38,57,100,398.0,39800.0
2021051304036142,GLH,38,48,10,398.0,3980.0
2021051304036153,GLH,38,49,10,398.0,3980.0
2021051304036152,GLH,38,7,10,398.0,3980.0
2021051304036151,GLH,38,44,10,398.0,3980.0
2021051304036150,GLH,38,29,10,398.0,3980.0
2021051304036149,GLH,38,45,100,398.0,39800.0
2021051304036148,GLH,38,59,10,398.0,3980.0
2021051304036304,GLH,45,20,40,399.0,15960.0
2021051304036303,GLH,45,58,10,399.0,3990.0
2021051304036229,GLH,38,49,10,398.0,3980.0
2021051304036156,GLH,38,51,300,398.0,119400.0
2021051304036155,GLH,38,36,100,398.0,39800.0
2021051304036154,GLH,38,8,10,398.0,3980.0
2021051304036350,GLH,38,1,10,399.0,3990.0
2021051304036349,GLH,38,58,10,399.0,3990.0
2021051304036348,GLH,38,38,100,399.0,39900.0
2021051304036347,GLH,38,58,10,399.0,3990.0
2021051304036346,GLH,38,58,16,399.0,6384.0
2021051304036315,GLH,38,16,10,398.0,3980.0
2021051304036356,GLH,38,49,10,399.0,3990.0
2021051304036355,GLH,38,54,20,399.0,7980.0
2021051304036354,GLH,38,22,200,399.0,79800.0
2021051304036353,GLH,38,6,10,399.0,3990.0
2021051304036352,GLH,38,58,400,399.0,159600.0
2021051304036351,GLH,38,44,100,399.0,39900.0
2021051304036362,GLH,38,14,50,399.0,19950.0
2021051304036361,GLH,38,55,10,399.0,3990.0
2021051304036360,GLH,38,47,10,399.0,3990.0
2021051304036359,GLH,38,50,10,399.0,3990.0
2021051304036358,GLH,38,32,10,399.0,3990.0
2021051304036357,GLH,38,32,10,399.0,3990.0
2021051304036368,GLH,38,36,10,399.0,3990.0
2021051304036367,GLH,38,55,60,399.0,23940.0
2021051304036366,GLH,38,56,10,399.0,3990.0
2021051304036365,GLH,38,52,10,399.0,3990.0
2021051304036364,GLH,38,41,10,399.0,3990.0
2021051304036363,GLH,38,4,10,399.0,3990.0
2021051304036314,HDHPC,49,54,187,207.0,38709.0
2021051304036313,HDHPC,38,54,113,207.0,23391.0
2021051304036233,HDHPC,38,5,20,207.0,4140.0
2021051304036218,HDHPC,38,33,20,207.0,4140.0
2021051304036089,HDHPC,38,1,347,207.0,71829.0
2021051304036088,HDHPC,35,1,653,207.0,135171.0
2021051304036085,HDHPC,5,45,325,208.0,67600.0
2021051304036318,HPPL,22,8,260,433.0,112580.0
2021051304036317,HPPL,22,56,20,433.0,8660.0
2021051304036316,HPPL,22,25,620,433.0,268460.0
2021051304036295,HPPL,49,54,50,432.0,21600.0
2021051304036289,HPPL,57,14,495,431.0,213345.0
2021051304036288,HPPL,22,14,263,431.0,113353.0
2021051304036020,HPPL,5,46,400,431.0,172400.0
2021051304036019,HPPL,21,46,100,431.0,43100.0
2021051304036018,HPPL,59,46,433,431.0,186623.0
2021051304036094,HPPL,45,21,50,431.0,21550.0
2021051304036093,HPPL,16,21,113,431.0,48703.0
2021051304036086,HPPL,16,22,50,431.0,21550.0
2021051304036061,HPPL,49,5,25,432.0,10800.0
2021051304036022,HPPL,16,46,37,431.0,15947.0
2021051304036021,HPPL,34,46,30,431.0,12930.0
2021051304036287,HPPL,33,14,242,432.0,104544.0
2021051304036268,HPPL,33,41,20,432.0,8640.0
2021051304036267,HPPL,33,5,238,432.0,102816.0
2021051304036266,HPPL,40,5,125,432.0,54000.0
2021051304036219,HPPL,40,5,375,432.0,162000.0
2021051304036095,HPPL,22,21,737,431.0,317647.0
2021051304036138,HURJA,58,11,250,391.0,97750.0
2021051304036137,HURJA,58,41,300,391.0,117300.0
2021051304036136,HURJA,58,40,20,391.0,7820.0
2021051304036135,HURJA,58,51,200,391.0,78200.0
2021051304036134,HURJA,58,51,100,391.0,39100.0
2021051304036133,HURJA,58,34,150,390.0,58500.0
2021051304036042,HURJA,58,55,20,390.0,7800.0
2021051304036041,HURJA,58,10,"1,000",390.0,390000.0
2021051304036048,HURJA,58,53,20,390.0,7800.0
2021051304036047,HURJA,58,38,20,390.0,7800.0
2021051304036046,HURJA,58,41,10,390.0,3900.0
2021051304036045,HURJA,58,22,100,390.0,39000.0
2021051304036044,HURJA,58,56,500,390.0,195000.0
2021051304036043,HURJA,58,21,20,390.0,7800.0
2021051304036054,HURJA,58,52,100,390.0,39000.0
2021051304036053,HURJA,58,47,300,390.0,117000.0
2021051304036052,HURJA,58,17,320,390.0,124800.0
2021051304036051,HURJA,58,44,10,390.0,3900.0
2021051304036050,HURJA,58,16,300,390.0,117000.0
2021051304036049,HURJA,58,16,80,390.0,31200.0
2021051304036060,HURJA,58,47,100,390.0,39000.0
2021051304036059,HURJA,58,52,200,390.0,78000.0
2021051304036058,HURJA,58,21,10,390.0,3900.0
2021051304036057,HURJA,58,26,20,390.0,7800.0
2021051304036056,HURJA,58,38,20,390.0,7800.0
2021051304036055,HURJA,58,42,20,390.0,7800.0
2021051304036128,IGI,10,34,50,1148.0,57400.0
2021051304036320,KPCL,25,1,50,337.0,16850.0
2021051304036231,KPCL,49,1,500,335.0,167500.0
2021051304036223,LEC,14,16,10,387.0,3870.0
2021051304036341,LEMF,36,5,"2,000",12.0,24000.0
2021051304036333,LGIL,44,20,10,784.0,7840.0
2021051304036332,LGIL,44,39,10,783.0,7830.0
2021051304036132,MEN,14,32,11,840.0,9240.0
2021051304036342,MHNL,39,56,100,290.0,29000.0
2021051305000113,MLBSL,56,46,40,4640.0,185600.0
2021051305000112,MLBSL,26,46,10,4641.0,46410.0
2021051305000111,MLBSL,1,46,10,4641.0,46410.0
2021051305000110,MLBSL,45,46,10,4642.0,46420.0
2021051305000109,MLBSL,14,46,20,4642.0,92840.0
2021051305000108,MLBSL,47,46,10,4643.0,46430.0
2021051305000052,MLBSL,14,47,10,4642.0,46420.0
2021051305000049,MLBSL,14,58,10,4642.0,46420.0
2021051305000025,MLBSL,48,1,10,4670.0,46700.0
2021051305000024,MLBSL,48,52,10,4670.0,46700.0
2021051305000074,MLBSL,38,49,30,4652.0,139560.0
2021051305000071,MLBSL,34,49,50,4653.0,232650.0
2021051305000070,MLBSL,20,49,10,4653.0,46530.0
2021051305000069,MLBSL,48,49,10,4655.0,46550.0
2021051305000067,MLBSL,38,47,100,4652.0,465200.0
2021051305000053,MLBSL,14,58,10,4642.0,46420.0
2021051305000097,MLBSL,47,49,30,4652.0,139560.0
2021051305000096,MLBSL,38,49,70,4652.0,325640.0
2021051305000095,MLBSL,59,49,20,4653.0,93060.0
2021051305000094,MLBSL,22,49,10,4655.0,46550.0
2021051305000093,MLBSL,59,49,90,4655.0,418950.0
2021051305000092,MLBSL,59,58,10,4655.0,46550.0
2021051305000107,MLBSL,10,46,20,4644.0,92880.0
2021051305000106,MLBSL,47,46,10,4644.0,46440.0
2021051305000104,MLBSL,43,47,20,4650.0,93000.0
2021051305000100,MLBSL,43,49,80,4650.0,372000.0
2021051305000099,MLBSL,50,49,50,4650.0,232500.0
2021051305000098,MLBSL,48,49,10,4650.0,46500.0
2021051304036378,NGPL,38,1,50,317.0,15850.0
2021051304036376,NGPL,38,34,"1,000",316.0,316000.0
2021051304036163,NGPL,18,21,50,316.0,15800.0
2021051304036114,NGPL,1,22,140,315.0,44100.0
2021051304036113,NGPL,57,22,500,315.0,157500.0
2021051304036112,NGPL,42,22,100,315.0,31500.0
2021051304036105,NGPL,57,22,100,315.0,31500.0
2021051304036104,NGPL,35,22,50,315.0,15750.0
2021051304036103,NGPL,29,22,"1,000",315.0,315000.0
2021051304036102,NGPL,52,22,22,315.0,6930.0
2021051304036111,NGPL,1,22,100,315.0,31500.0
2021051304036110,NGPL,11,22,200,315.0,63000.0
2021051304036109,NGPL,58,22,40,315.0,12600.0
2021051304036108,NGPL,42,22,17,315.0,5355.0
2021051304036107,NGPL,53,22,60,315.0,18900.0
2021051304036106,NGPL,16,22,100,315.0,31500.0
2021051304036345,NHPC,34,11,400,179.0,71600.0
2021051304036283,NHPC,17,45,307,178.0,54646.0
2021051304036282,NHPC,34,45,400,178.0,71200.0
2021051304036281,NHPC,36,45,100,178.0,17800.0
2021051304036280,NHPC,49,45,193,178.0,34354.0
2021051304036274,NHPC,19,11,20,179.0,3580.0
2021051304036097,NHPC,26,35,33,179.0,5907.0
2021051304036092,NHPC,21,35,87,179.0,15573.0
2021051304036091,NHPC,21,52,13,179.0,2327.0
2021051304036090,NHPC,21,22,900,179.0,161100.0
2021051304036070,NHPC,49,52,350,179.0,62650.0
2021051304036161,NHPC,32,11,567,179.0,101493.0
2021051304036160,NHPC,32,6,500,179.0,89500.0
2021051304036159,NHPC,32,4,933,179.0,167007.0
2021051304036139,NHPC,38,4,"1,000",179.0,179000.0
2021051304036127,NHPC,34,4,500,179.0,89500.0
2021051304036098,NHPC,26,4,167,179.0,29893.0
2021051304036327,NICL,49,32,200,795.0,159000.0
2021051304036326,NICL,49,41,100,792.0,79200.0
2021051304036325,NICL,49,14,100,791.0,79100.0
2021051304036324,NICL,49,53,100,791.0,79100.0
2021051304036323,NICL,49,6,40,790.0,31600.0
2021051304036322,NICL,49,21,56,790.0,44240.0
2021051304036321,NICL,49,52,50,790.0,39500.0
2021051304036307,NICL,19,1,190,788.0,149720.0
2021051305000105,NICLBSL,51,47,40,1770.0,70800.0
2021051305000089,NICLBSL,51,22,10,1770.0,17700.0
2021051305000088,NICLBSL,44,42,10,1781.0,17810.0
2021051305000087,NICLBSL,47,34,20,1780.0,35600.0
2021051305000081,NICLBSL,59,6,10,1781.0,17810.0
2021051305000068,NICLBSL,58,57,10,1785.0,17850.0
2021051305000034,NICLBSL,47,51,10,1800.0,18000.0
2021051305000008,NICLBSL,47,42,10,1785.0,17850.0
2021051305000005,NICLBSL,47,58,20,1780.0,35600.0
2021051305000002,NICLBSL,8,57,5,1750.0,8750.0
2021051305000001,NICLBSL,21,57,45,1750.0,78750.0
2021051305000063,NICLBSL,44,38,10,1780.0,17800.0
2021051305000061,NICLBSL,59,46,10,1781.0,17810.0
2021051305000057,NICLBSL,58,54,10,1785.0,17850.0
2021051305000044,NICLBSL,49,42,10,1781.0,17810.0
2021051305000040,NICLBSL,49,19,10,1781.0,17810.0
2021051305000035,NICLBSL,47,55,30,1800.0,54000.0
2021051304036331,NIL,34,1,50,1648.0,82400.0
2021051304036330,NIL,14,1,15,1648.0,24720.0
2021051304036329,NIL,35,1,225,1648.0,370800.0
2021051304036291,NLG,25,53,11,1150.0,12650.0
2021051304036290,NLG,25,48,30,1149.0,34470.0
2021051304036234,PIC,37,33,152,1240.0,188480.0
2021051304036123,PIC,35,4,2,1230.0,2460.0
2021051304036379,PICL,38,34,10,780.0,7800.0
2021051304036116,PICL,48,35,200,779.0,155800.0
2021051304036040,PICL,38,34,10,780.0,7800.0
2021051304036039,PICL,38,21,10,778.0,7780.0
2021051304036334,PMHPL,8,22,10,236.0,2360.0
2021051304036228,PPCL,33,39,200,321.0,64200.0
2021051304036227,PPCL,17,14,20,317.0,6340.0
2021051304036226,PPCL,55,14,100,318.0,31800.0
2021051304036225,PPCL,36,14,100,321.0,32100.0
2021051304036224,PPCL,34,14,10,321.0,3210.0
2021051304036340,PRIN,51,33,10,862.0,8620.0
2021051304036339,PRIN,51,47,40,862.0,34480.0
2021051304036297,RADHI,28,50,58,690.0,40020.0
2021051304036296,RADHI,28,14,442,690.0,304980.0
2021051304036294,RADHI,28,19,95,688.0,65360.0
2021051304036166,RADHI,11,14,58,690.0,40020.0
2021051304036165,RADHI,11,39,31,690.0,21390.0
2021051304036164,RADHI,11,39,11,690.0,7590.0
2021051304036075,RADHI,28,39,489,690.0,337410.0
2021051304036074,RADHI,28,39,11,690.0,7590.0
2021051304036306,RHPC,39,41,18,281.0,5058.0
2021051304036279,RHPC,45,6,100,282.0,28200.0
2021051304036131,RHPC,39,52,40,281.0,11240.0
2021051304036263,RHPL,1,38,70,486.0,34020.0
2021051304036216,RHPL,1,6,70,486.0,34020.0
2021051304036081,RHPL,6,44,24,487.0,11688.0
2021051304036080,RHPL,6,35,120,487.0,58440.0
2021051304036068,RHPL,6,35,100,487.0,48700.0
2021051304036028,RHPL,47,35,280,487.0,136360.0
2021051304036027,RHPL,47,57,70,487.0,34090.0
2021051304036026,RHPL,47,4,30,487.0,14610.0
2021051304036025,RHPL,47,45,20,487.0,9740.0
2021051304036305,RRHP,41,46,10,404.0,4040.0
2021051304036158,RRHP,41,57,10,403.0,4030.0
2021051304036118,RRHP,39,46,760,404.0,307040.0
2021051304036117,RRHP,39,51,240,404.0,96960.0
2021051305000103,RURU,36,17,10,800.0,8000.0
2021051305000102,RURU,36,22,10,800.0,8000.0
2021051305000101,RURU,36,42,10,800.0,8000.0
2021051305000091,RURU,36,50,10,800.0,8000.0
2021051305000090,RURU,36,21,10,800.0,8000.0
2021051305000086,RURU,36,13,10,800.0,8000.0
2021051305000004,RURU,59,47,10,764.0,7640.0
2021051305000003,RURU,59,57,10,764.0,7640.0
2021051305000012,RURU,36,1,10,800.0,8000.0
2021051305000011,RURU,36,46,10,800.0,8000.0
2021051305000010,RURU,36,45,10,800.0,8000.0
2021051305000009,RURU,36,8,10,800.0,8000.0
2021051305000007,RURU,47,49,10,794.0,7940.0
2021051305000006,RURU,48,21,10,779.0,7790.0
2021051305000018,RURU,36,38,10,800.0,8000.0
2021051305000017,RURU,36,32,10,800.0,8000.0
2021051305000016,RURU,36,42,10,800.0,8000.0
2021051305000015,RURU,36,55,10,800.0,8000.0
2021051305000014,RURU,36,6,10,800.0,8000.0
2021051305000013,RURU,36,52,10,800.0,8000.0
2021051305000026,RURU,36,32,10,800.0,8000.0
2021051305000023,RURU,36,7,10,800.0,8000.0
2021051305000022,RURU,36,51,10,800.0,8000.0
2021051305000021,RURU,36,22,10,800.0,8000.0
2021051305000020,RURU,36,57,10,800.0,8000.0
2021051305000019,RURU,36,3,10,800.0,8000.0
2021051305000032,RURU,36,42,10,800.0,8000.0
2021051305000031,RURU,36,7,10,800.0,8000.0
2021051305000030,RURU,36,13,10,800.0,8000.0
2021051305000029,RURU,36,53,10,800.0,8000.0
2021051305000028,RURU,36,32,10,800.0,8000.0
2021051305000027,RURU,36,42,10,800.0,8000.0
2021051305000041,RURU,36,10,10,800.0,8000.0
2021051305000039,RURU,36,45,10,800.0,8000.0
2021051305000038,RURU,36,54,10,800.0,8000.0
2021051305000037,RURU,36,49,10,800.0,8000.0
2021051305000036,RURU,36,39,10,800.0,8000.0
2021051305000033,RURU,36,57,10,800.0,8000.0
2021051305000048,RURU,36,8,10,800.0,8000.0
2021051305000047,RURU,36,39,10,800.0,8000.0
2021051305000046,RURU,36,29,10,800.0,8000.0
2021051305000045,RURU,36,51,10,800.0,8000.0
2021051305000043,RURU,36,42,10,800.0,8000.0
2021051305000042,RURU,36,26,10,800.0,8000.0
2021051305000058,RURU,36,3,10,800.0,8000.0
2021051305000056,RURU,36,14,10,800.0,8000.0
2021051305000055,RURU,36,50,10,800.0,8000.0
2021051305000054,RURU,36,17,10,800.0,8000.0
2021051305000051,RURU,36,39,10,800.0,8000.0
2021051305000050,RURU,36,3,10,800.0,8000.0
2021051305000066,RURU,36,50,10,800.0,8000.0
2021051305000065,RURU,36,38,10,800.0,8000.0
2021051305000064,RURU,36,59,10,800.0,8000.0
2021051305000062,RURU,36,35,10,800.0,8000.0
2021051305000060,RURU,36,28,10,800.0,8000.0
2021051305000059,RURU,36,42,10,800.0,8000.0
2021051305000078,RURU,36,29,10,800.0,8000.0
2021051305000077,RURU,36,6,10,800.0,8000.0
2021051305000076,RURU,36,38,10,800.0,8000.0
2021051305000075,RURU,36,42,10,800.0,8000.0
2021051305000073,RURU,36,56,10,800.0,8000.0
2021051305000072,RURU,36,58,10,800.0,8000.0
2021051305000085,RURU,36,41,10,800.0,8000.0
2021051305000084,RURU,36,38,10,800.0,8000.0
2021051305000083,RURU,36,56,10,800.0,8000.0
2021051305000082,RURU,36,4,10,800.0,8000.0
2021051305000080,RURU,36,22,10,800.0,8000.0
2021051305000079,RURU,36,55,10,800.0,8000.0
2021051304036312,SFMF,32,56,"2,000",13.5,27000.0
2021051304036237,SGI,58,37,10,783.0,7830.0
2021051304036236,SGI,57,37,11,783.0,8613.0
2021051304036235,SGI,58,37,10,783.0,7830.0
2021051304036262,SHPC,52,38,400,390.0,156000.0
2021051304036261,SHPC,45,38,100,390.0,39000.0
2021051304036380,SICL,33,38,50,1935.0,96750.0
2021051304036271,SICL,41,21,11,1937.0,21307.0
2021051304036270,SICL,41,45,22,1936.0,42592.0
2021051304036269,SICL,41,49,17,1936.0,32912.0
2021051304036162,SICL,6,49,100,1936.0,193600.0
2021051304036087,SICL,33,33,20,1935.0,38700.0
2021051304036122,SIL,36,56,59,1235.0,72865.0
2021051304036121,SIL,36,1,10,1234.0,12340.0
2021051304036120,SIL,36,19,66,1234.0,81444.0
2021051304036084,SJCL,52,33,20,455.0,9100.0
2021051304036083,SJCL,52,3,40,455.0,18200.0
2021051304036082,SJCL,52,47,257,455.0,116935.0
2021051304036038,SJCL,45,47,123,455.0,55965.0
2021051304036037,SJCL,45,51,20,455.0,9100.0
2021051304036036,SJCL,45,44,57,455.0,25935.0
2021051304036032,SJCL,37,45,695,453.0,314835.0
2021051304036031,SJCL,19,45,40,454.0,18160.0
2021051304036030,SJCL,42,45,15,454.0,6810.0
2021051304036029,SJCL,3,45,250,454.0,113500.0
2021051304036298,SPDL,6,41,10,344.0,3440.0
2021051304036276,SPDL,29,57,470,343.0,161210.0
2021051304036275,SPDL,49,57,30,343.0,10290.0
2021051304036259,SPDL,49,57,10,343.0,3430.0
2021051304036221,SPDL,3,41,100,344.0,34400.0
2021051304036073,SSHL,49,57,320,251.0,80320.0
2021051304036072,SSHL,32,57,150,251.0,37650.0
2021051304036071,SSHL,1,57,430,251.0,107930.0
2021051304036066,SSHL,17,35,260,252.0,65520.0
2021051304036065,SSHL,17,35,240,252.0,60480.0
2021051304036232,STC,45,39,10,10595.0,105950.0
2021051304036377,TRH,38,3,50,284.0,14200.0
2021051304036310,TRH,54,44,350,283.0,99050.0
2021051304036338,UIC,29,40,352,688.0,242176.0
2021051304036337,UIC,47,40,58,688.0,39904.0
2021051304036302,UMHL,36,45,20,268.0,5360.0
2021051304036273,UMHL,20,35,"1,390",278.0,386420.0
2021051304036272,UMHL,20,46,10,278.0,2780.0
2021051304036258,UMHL,17,25,20,278.0,5560.0
2021051304035996,UMHL,20,29,150,269.0,40350.0
2021051304035995,UMHL,20,25,850,269.0,228650.0
2021051304035994,UMHL,20,29,400,268.0,107200.0
2021051304036002,UMHL,20,38,"4,000",270.0,1080000.0
2021051304036001,UMHL,20,41,"1,000",270.0,270000.0
2021051304036000,UMHL,20,34,500,270.0,135000.0
2021051304035999,UMHL,20,36,200,270.0,54000.0
2021051304035998,UMHL,20,43,"4,990",270.0,1347300.0
2021051304035997,UMHL,20,4,284,269.0,76396.0
2021051304036008,UMHL,20,48,816,271.0,221136.0
2021051304036007,UMHL,20,6,500,271.0,135500.0
2021051304036006,UMHL,20,50,100,271.0,27100.0
2021051304036005,UMHL,20,17,400,271.0,108400.0
2021051304036004,UMHL,20,22,140,271.0,37940.0
2021051304036003,UMHL,20,4,"1,087",271.0,294577.0
2021051304036014,UMHL,20,25,"1,000",272.0,272000.0
2021051304036013,UMHL,20,3,"1,500",272.0,408000.0
2021051304036012,UMHL,20,46,500,272.0,136000.0
2021051304036011,UMHL,20,57,600,272.0,163200.0
2021051304036010,UMHL,20,11,100,272.0,27200.0
2021051304036009,UMHL,20,58,259,272.0,70448.0
2021051304036177,UMHL,20,40,200,273.0,54600.0
2021051304036176,UMHL,20,51,500,273.0,136500.0
2021051304036175,UMHL,20,57,500,273.0,136500.0
2021051304036174,UMHL,20,38,500,273.0,136500.0
2021051304036173,UMHL,20,38,"1,248",273.0,340704.0
2021051304036015,UMHL,20,38,162,273.0,44226.0
2021051304036183,UMHL,20,45,"1,000",273.0,273000.0
2021051304036182,UMHL,20,46,14,273.0,3822.0
2021051304036181,UMHL,20,33,100,273.0,27300.0
2021051304036180,UMHL,20,58,"3,000",273.0,819000.0
2021051304036179,UMHL,20,41,100,273.0,27300.0
2021051304036178,UMHL,20,47,40,273.0,10920.0
2021051304036189,UMHL,20,36,"1,240",274.0,339760.0
2021051304036188,UMHL,20,26,100,274.0,27400.0
2021051304036187,UMHL,20,51,100,274.0,27400.0
2021051304036186,UMHL,20,38,100,274.0,27400.0
2021051304036185,UMHL,20,6,150,274.0,41100.0
2021051304036184,UMHL,20,43,"1,445",274.0,395930.0
2021051304036195,UMHL,20,50,50,275.0,13750.0
2021051304036194,UMHL,20,40,281,275.0,77275.0
2021051304036193,UMHL,20,34,408,275.0,112200.0
2021051304036192,UMHL,20,33,"3,000",274.0,822000.0
2021051304036191,UMHL,20,41,930,274.0,254820.0
2021051304036190,UMHL,20,53,200,274.0,54800.0
2021051304036201,UMHL,20,58,100,275.0,27500.0
2021051304036200,UMHL,20,32,200,275.0,55000.0
2021051304036199,UMHL,20,16,200,275.0,55000.0
2021051304036198,UMHL,20,59,500,275.0,137500.0
2021051304036197,UMHL,20,47,100,275.0,27500.0
2021051304036196,UMHL,20,38,10,275.0,2750.0
2021051304036207,UMHL,20,58,150,275.0,41250.0
2021051304036206,UMHL,20,45,150,275.0,41250.0
2021051304036205,UMHL,20,58,500,275.0,137500.0
2021051304036204,UMHL,20,49,30,275.0,8250.0
2021051304036203,UMHL,20,38,500,275.0,137500.0
2021051304036202,UMHL,20,42,10,275.0,2750.0
2021051304036213,UMHL,20,45,10,277.0,2770.0
2021051304036212,UMHL,20,17,"1,000",276.0,276000.0
2021051304036211,UMHL,20,38,500,276.0,138000.0
2021051304036210,UMHL,20,43,358,276.0,98808.0
2021051304036209,UMHL,20,49,100,275.0,27500.0
2021051304036208,UMHL,20,55,300,275.0,82500.0
2021051304036245,UMHL,17,1,50,277.0,13850.0
2021051304036244,UMHL,17,49,40,277.0,11080.0
2021051304036243,UMHL,17,57,500,277.0,138500.0
2021051304036242,UMHL,17,51,101,277.0,27977.0
2021051304036241,UMHL,17,41,648,277.0,179496.0
2021051304036214,UMHL,20,41,76,277.0,21052.0
2021051304036251,UMHL,17,13,41,278.0,11398.0
2021051304036250,UMHL,17,45,30,278.0,8340.0
2021051304036249,UMHL,17,33,500,278.0,139000.0
2021051304036248,UMHL,17,16,260,278.0,72280.0
2021051304036247,UMHL,17,53,167,278.0,46426.0
2021051304036246,UMHL,17,34,51,277.0,14127.0
2021051304036257,UMHL,17,26,300,278.0,83400.0
2021051304036256,UMHL,17,36,50,278.0,13900.0
2021051304036255,UMHL,17,26,100,278.0,27800.0
2021051304036254,UMHL,17,58,23,278.0,6394.0
2021051304036253,UMHL,17,45,14,278.0,3892.0
2021051304036252,UMHL,17,14,100,278.0,27800.0
2021051304036172,UMRH,33,14,230,318.0,73140.0
2021051304036171,UMRH,45,14,60,318.0,19080.0
2021051304036170,UMRH,45,14,30,318.0,9540.0
2021051304036169,UMRH,1,14,500,318.0,159000.0
2021051304036168,UMRH,54,14,90,318.0,28620.0
2021051304036130,UNHPL,20,22,40,218.0,8720.0
2021051304036344,UPCL,28,6,100,232.0,23200.0
2021051304036335,UPCL,28,6,"1,000",232.0,232000.0
2021051304036308,UPCL,1,6,150,232.0,34800.0
2021051304036286,UPCL,1,45,425,231.0,98175.0
2021051304036285,UPCL,58,45,20,231.0,4620.0
2021051304036284,UPCL,45,45,55,231.0,12705.0
2021051304036100,UPCL,28,6,611,232.0,141752.0
2021051304036375,UPPER,38,56,300,816.0,244800.0
2021051304036328,UPPER,45,1,250,815.0,203750.0
2021051304036301,UPPER,5,56,10,816.0,8160.0
2021051304036277,UPPER,18,56,10,816.0,8160.0
2021051304036099,UPPER,53,56,100,816.0,81600.0
2021051304036063,UPPER,21,56,59,816.0,48144.0
2021051304036062,UPPER,21,19,41,816.0,33456.0
2021051304035753,AHPC,20,58,25,318.0,7950.0
2021051304035752,AHPC,20,59,50,318.0,15900.0
2021051304035751,AHPC,20,49,500,318.0,159000.0
2021051304035750,AHPC,20,1,100,318.0,31800.0
2021051304035749,AHPC,20,11,30,317.0,9510.0
2021051304035748,AHPC,20,48,110,317.0,34870.0
2021051304035558,AHPC,20,56,723,312.0,225576.0
2021051304035533,AHPC,41,53,500,312.0,156000.0
2021051304035532,AHPC,41,53,51,312.0,15912.0
2021051304035564,AHPC,20,16,14,313.0,4382.0
2021051304035563,AHPC,20,6,40,313.0,12520.0
2021051304035562,AHPC,20,35,880,313.0,275440.0
2021051304035561,AHPC,20,17,500,313.0,156500.0
2021051304035560,AHPC,20,35,10,313.0,3130.0
2021051304035559,AHPC,20,53,449,312.0,140088.0
2021051304035570,AHPC,20,45,50,313.0,15650.0
2021051304035569,AHPC,20,49,200,313.0,62600.0
2021051304035568,AHPC,20,48,500,313.0,156500.0
2021051304035567,AHPC,20,57,100,313.0,31300.0
2021051304035566,AHPC,20,49,200,313.0,62600.0
2021051304035565,AHPC,20,52,30,313.0,9390.0
2021051304035576,AHPC,20,50,105,314.0,32970.0
2021051304035575,AHPC,20,25,"1,000",314.0,314000.0
2021051304035574,AHPC,20,53,30,314.0,9420.0
2021051304035573,AHPC,20,41,100,314.0,31400.0
2021051304035572,AHPC,20,57,220,314.0,69080.0
2021051304035571,AHPC,20,42,44,314.0,13816.0
2021051304035582,AHPC,20,16,"2,000",315.0,630000.0
2021051304035581,AHPC,20,42,"1,025",315.0,322875.0
2021051304035580,AHPC,20,25,300,314.0,94200.0
2021051304035579,AHPC,20,34,50,314.0,15700.0
2021051304035578,AHPC,20,7,500,314.0,157000.0
2021051304035577,AHPC,20,45,130,314.0,40820.0
2021051304035588,AHPC,20,7,100,315.0,31500.0
2021051304035587,AHPC,20,25,100,315.0,31500.0
2021051304035586,AHPC,20,35,500,315.0,157500.0
2021051304035585,AHPC,20,41,295,315.0,92925.0
2021051304035584,AHPC,20,41,200,315.0,63000.0
2021051304035583,AHPC,20,54,400,315.0,126000.0
2021051304035594,AHPC,20,45,225,315.0,70875.0
2021051304035593,AHPC,20,46,300,315.0,94500.0
2021051304035592,AHPC,20,3,150,315.0,47250.0
2021051304035591,AHPC,20,32,100,315.0,31500.0
2021051304035590,AHPC,20,50,200,315.0,63000.0
2021051304035589,AHPC,20,22,25,315.0,7875.0
2021051304035600,AHPC,20,38,10,315.0,3150.0
2021051304035599,AHPC,20,47,120,315.0,37800.0
2021051304035598,AHPC,20,21,200,315.0,63000.0
2021051304035597,AHPC,20,18,"1,000",315.0,315000.0
2021051304035596,AHPC,20,38,30,315.0,9450.0
2021051304035595,AHPC,20,29,20,315.0,6300.0
2021051304035606,AHPC,20,32,10,315.0,3150.0
2021051304035605,AHPC,20,43,200,315.0,63000.0
2021051304035604,AHPC,20,46,"1,000",315.0,315000.0
2021051304035603,AHPC,20,44,500,315.0,157500.0
2021051304035602,AHPC,20,58,100,315.0,31500.0
2021051304035601,AHPC,20,20,90,315.0,28350.0
2021051304035612,AHPC,20,21,10,315.0,3150.0
2021051304035611,AHPC,20,26,500,315.0,157500.0
2021051304035610,AHPC,20,17,200,315.0,63000.0
2021051304035609,AHPC,20,58,"1,000",315.0,315000.0
2021051304035608,AHPC,20,22,"5,000",315.0,1575000.0
2021051304035607,AHPC,20,36,500,315.0,157500.0
2021051304035618,AHPC,20,44,300,316.0,94800.0
2021051304035617,AHPC,20,48,250,316.0,79000.0
2021051304035616,AHPC,20,7,100,316.0,31600.0
2021051304035615,AHPC,20,41,30,316.0,9480.0
2021051304035614,AHPC,20,39,500,316.0,158000.0
2021051304035613,AHPC,20,51,492,315.0,154980.0
2021051304035624,AHPC,20,3,"1,000",316.0,316000.0
2021051304035623,AHPC,20,57,120,316.0,37920.0
2021051304035622,AHPC,20,26,200,316.0,63200.0
2021051304035621,AHPC,20,45,350,316.0,110600.0
2021051304035620,AHPC,20,14,500,316.0,158000.0
2021051304035619,AHPC,20,7,44,316.0,13904.0
2021051304035630,AHPC,20,11,200,316.0,63200.0
2021051304035629,AHPC,20,4,250,316.0,79000.0
2021051304035628,AHPC,20,10,100,316.0,31600.0
2021051304035627,AHPC,20,57,350,316.0,110600.0
2021051304035626,AHPC,20,42,"1,200",316.0,379200.0
2021051304035625,AHPC,20,6,530,316.0,167480.0
2021051304035711,AHPC,20,46,200,313.0,62600.0
2021051304035635,AHPC,20,42,439,316.0,138724.0
2021051304035634,AHPC,20,49,400,316.0,126400.0
2021051304035633,AHPC,20,29,20,316.0,6320.0
2021051304035632,AHPC,20,44,100,316.0,31600.0
2021051304035631,AHPC,20,43,240,316.0,75840.0
2021051304035717,AHPC,20,32,"5,000",317.0,1585000.0
2021051304035716,AHPC,20,22,25,316.0,7900.0
2021051304035715,AHPC,20,13,100,316.0,31600.0
2021051304035714,AHPC,20,19,100,316.0,31600.0
2021051304035713,AHPC,20,19,500,316.0,158000.0
2021051304035712,AHPC,20,42,301,316.0,95116.0
2021051304035723,AHPC,20,32,100,317.0,31700.0
2021051304035722,AHPC,20,51,500,317.0,158500.0
2021051304035721,AHPC,20,6,62,317.0,19654.0
2021051304035720,AHPC,20,43,100,317.0,31700.0
2021051304035719,AHPC,20,5,33,317.0,10461.0
2021051304035718,AHPC,20,5,65,317.0,20605.0
2021051304035729,AHPC,20,46,300,317.0,95100.0
2021051304035728,AHPC,20,19,100,317.0,31700.0
2021051304035727,AHPC,20,53,20,317.0,6340.0
2021051304035726,AHPC,20,48,100,317.0,31700.0
2021051304035725,AHPC,20,53,20,317.0,6340.0
2021051304035724,AHPC,20,11,250,317.0,79250.0
2021051304035735,AHPC,20,39,300,317.0,95100.0
2021051304035734,AHPC,20,16,100,317.0,31700.0
2021051304035733,AHPC,20,56,500,317.0,158500.0
2021051304035732,AHPC,20,54,180,317.0,57060.0
2021051304035731,AHPC,20,38,20,317.0,6340.0
2021051304035730,AHPC,20,4,47,317.0,14899.0
2021051304035741,AHPC,20,38,100,317.0,31700.0
2021051304035740,AHPC,20,19,100,317.0,31700.0
2021051304035739,AHPC,20,1,170,317.0,53890.0
2021051304035738,AHPC,20,8,500,317.0,158500.0
2021051304035737,AHPC,20,51,200,317.0,63400.0
2021051304035736,AHPC,20,34,"2,000",317.0,634000.0
2021051304035747,AHPC,20,13,10,317.0,3170.0
