Transact. No.,Symbol,Buyer,Seller,Quantity,Rate,Amount
2021062404028113,AHPC,32,13,145,485.0,70325.0
2021062404028112,AHPC,32,22,155,484.0,75020.0
2021062404028087,AHPC,34,22,150,484.0,72600.0
2021062404028202,AHPC,50,26,50,483.0,24150.0
2021062404028201,AHPC,48,26,200,483.0,96600.0
2021062404028200,AHPC,54,26,792,483.0,382536.0
2021062404028199,AHPC,51,26,50,484.0,24200.0
2021062404028142,AHPC,6,13,29,485.0,14065.0
2021062404028122,AHPC,3,13,20,485.0,9700.0
2021062404028236,AHPC,6,34,200,483.0,96600.0
2021062404028212,AHPC,41,13,20,485.0,9700.0
2021062404028206,AHPC,6,26,218,483.0,105294.0
2021062404028205,AHPC,22,26,200,483.0,96600.0
2021062404028204,AHPC,38,26,50,483.0,24150.0
2021062404028203,AHPC,38,26,200,483.0,96600.0
2021062404028462,AHPC,38,45,75,488.0,36600.0
2021062404028353,AHPC,6,25,17,486.0,8262.0
2021062404028293,AHPC,6,36,500,486.0,243000.0
2021062404028292,AHPC,6,13,215,485.0,104275.0
2021062404028259,AIL,17,8,10,827.0,8270.0
2021062404028258,AIL,17,41,40,827.0,33080.0
2021062404028140,AIL,41,41,10,827.0,8270.0
2021062404028457,AKPL,36,34,173,436.0,75428.0
2021062404028456,AKPL,57,34,100,437.0,43700.0
2021062404028455,AKPL,42,34,100,437.0,43700.0
2021062404028454,AKPL,45,34,127,437.0,55499.0
2021062404028431,AKPL,40,28,100,438.0,43800.0
2021062404028287,AKPL,29,28,38,438.0,16644.0
2021062404028146,AKPL,45,36,11,437.0,4807.0
2021062404028100,AKPL,45,25,62,437.0,27094.0
2021062404028093,AKPL,57,25,100,437.0,43700.0
2021062404028092,AKPL,16,25,100,437.0,43700.0
2021062404028091,AKPL,33,25,38,437.0,16606.0
2021062404028532,API,38,22,200,402.0,80400.0
2021062404028513,API,48,26,"1,100",401.0,441100.0
2021062404028504,API,33,22,100,402.0,40200.0
2021062404028503,API,33,45,50,402.0,20100.0
2021062404028502,API,33,26,150,402.0,60300.0
2021062404028500,API,36,26,10,402.0,4020.0
2021062404028105,API,39,14,37,402.0,14874.0
2021062404028101,API,45,14,15,402.0,6030.0
2021062404028084,API,34,14,200,402.0,80400.0
2021062404028143,API,56,5,167,402.0,67134.0
2021062404028136,API,26,5,10,402.0,4020.0
2021062404028126,API,49,5,60,402.0,24120.0
2021062404028114,API,36,5,100,402.0,40200.0
2021062404028107,API,39,5,163,402.0,65526.0
2021062404028106,API,39,25,300,402.0,120600.0
2021062404028305,API,41,32,50,401.0,20050.0
2021062404028304,API,33,32,200,401.0,80200.0
2021062404028303,API,44,32,500,401.0,200500.0
2021062404028302,API,58,32,50,401.0,20050.0
2021062404028250,API,49,22,360,402.0,144720.0
2021062404028144,API,56,22,333,402.0,133866.0
2021062404028330,API,48,22,"3,000",402.0,1206000.0
2021062404028318,API,39,25,100,401.0,40100.0
2021062404028315,API,39,3,500,401.0,200500.0
2021062404028314,API,58,22,95,402.0,38190.0
2021062404028307,API,39,32,400,401.0,160400.0
2021062404028306,API,41,32,300,401.0,120300.0
2021062404028372,API,48,58,75,401.0,30075.0
2021062404028371,API,56,58,30,401.0,12030.0
2021062404028370,API,57,58,25,401.0,10025.0
2021062404028369,API,19,58,30,401.0,12030.0
2021062404028332,API,3,47,788,402.0,316776.0
2021062404028331,API,3,22,212,402.0,85224.0
2021062404028480,API,19,26,500,402.0,201000.0
2021062404028475,API,34,26,340,402.0,136680.0
2021062404028474,API,34,47,160,402.0,64320.0
2021062404028465,API,48,51,100,401.0,40100.0
2021062404028463,API,51,47,30,402.0,12060.0
2021062404028414,API,51,47,22,402.0,8844.0
2021062404028527,BARUN,51,45,720,528.0,380160.0
2021062404028526,BARUN,14,45,500,528.0,264000.0
2021062404028525,BARUN,44,45,50,528.0,26400.0
2021062404028524,BARUN,10,45,30,528.0,15840.0
2021062404028523,BARUN,48,45,100,530.0,53000.0
2021062404028522,BARUN,38,45,100,534.0,53400.0
2021062404028130,BARUN,44,14,180,535.0,96300.0
2021062404028539,BPCL,45,49,50,499.0,24950.0
2021062404028536,BPCL,25,52,100,498.0,49800.0
2021062404028535,BPCL,1,52,50,498.0,24900.0
2021062404028528,BPCL,48,49,100,499.0,49900.0
2021062404028493,BPCL,29,49,40,499.0,19960.0
2021062404028426,BPCL,42,49,50,499.0,24950.0
2021062404028310,BPCL,4,6,10,500.0,5000.0
2021062404028198,BPCL,16,6,50,500.0,25000.0
2021062404028197,BPCL,38,6,50,500.0,25000.0
2021062404028329,BPCL,58,6,45,500.0,22500.0
2021062404028420,BPCL,38,49,26,499.0,12974.0
2021062404028419,BPCL,19,49,15,499.0,7485.0
2021062404028358,BPCL,11,6,80,500.0,40000.0
2021062404028485,CGH,53,58,10,1580.0,15800.0
2021062404028453,CGH,53,49,90,1580.0,142200.0
2021062404028452,CGH,18,49,100,1580.0,158000.0
2021062404028451,CGH,36,49,10,1581.0,15810.0
2021062404028283,CGH,58,49,30,1587.0,47610.0
2021062404028416,CHL,41,28,50,447.0,22350.0
2021062404028415,CHL,4,28,200,447.0,89400.0
2021062404028444,CMF1,4,38,100,12.29,1229.0
2021062404028476,DHPL,3,36,168,279.0,46872.0
2021062404028191,DHPL,13,36,30,280.0,8400.0
2021062404028450,EIC,49,39,50,766.0,38300.0
2021062404028430,EIC,57,39,100,766.0,76600.0
2021062404028429,EIC,32,39,500,766.0,383000.0
2021062404028428,EIC,52,39,20,766.0,15320.0
2021062404028427,EIC,7,39,10,766.0,7660.0
2021062404028213,GIC,38,41,10,702.0,7020.0
2021062404028145,GIC,38,13,70,702.0,49140.0
2021062404028127,GIC,22,13,100,702.0,70200.0
2021062404028514,GLH,16,58,10,378.0,3780.0
2021062404028481,GLH,16,56,10,378.0,3780.0
2021062404028282,GLH,16,35,440,377.0,165880.0
2021062404028281,GLH,58,35,100,377.0,37700.0
2021062404028280,GLH,17,35,460,377.0,173420.0
2021062404028135,GLH,52,35,10,379.0,3790.0
2021062404028115,GLH,11,36,10,378.0,3780.0
2021062404028088,GLH,11,1,10,378.0,3780.0
2021062404028505,HDHPC,59,33,200,285.0,57000.0
2021062404028488,HDHPC,59,55,35,285.0,9975.0
2021062404028487,HDHPC,58,55,300,285.0,85500.0
2021062404028486,HDHPC,52,55,165,285.0,47025.0
2021062404028464,HDHPC,56,26,200,286.0,57200.0
2021062404028403,HDHPC,6,26,190,286.0,54340.0
2021062404028243,HDHPC,21,45,5,285.0,1425.0
2021062404028242,HDHPC,49,45,35,285.0,9975.0
2021062404028089,HDHPC,43,26,120,286.0,34320.0
2021062404028382,HDHPC,55,26,20,286.0,5720.0
2021062404028251,HDHPC,52,16,120,285.0,34200.0
2021062404028247,HDHPC,52,45,15,285.0,4275.0
2021062404028246,HDHPC,7,45,50,285.0,14250.0
2021062404028245,HDHPC,21,45,10,285.0,2850.0
2021062404028244,HDHPC,42,45,25,285.0,7125.0
2021062404028248,HGI,35,45,10,785.0,7850.0
2021062404028069,HGI,35,50,121,785.0,94985.0
2021062404028541,HPPL,54,56,100,408.0,40800.0
2021062404028490,HPPL,54,58,10,408.0,4080.0
2021062404028483,HPPL,54,41,90,408.0,36720.0
2021062404028208,HPPL,54,4,20,408.0,8160.0
2021062404028207,HPPL,54,14,220,408.0,89760.0
2021062404028083,HPPL,54,21,10,408.0,4080.0
2021062404028309,HURJA,49,35,28,352.0,9856.0
2021062404028515,IGI,29,21,30,1242.0,37260.0
2021062404028255,IGI,29,58,25,1242.0,31050.0
2021062404028254,IGI,42,58,10,1242.0,12420.0
2021062404028253,IGI,32,58,10,1243.0,12430.0
2021062404028090,IGI,32,45,50,1245.0,62250.0
2021062404028313,KKHC,10,58,83,290.0,24070.0
2021062404028312,KKHC,10,36,17,290.0,4930.0
2021062404028190,KKHC,37,36,73,290.0,21170.0
2021062404028085,KKHC,45,36,10,290.0,2900.0
2021062405000026,KLBSL,35,49,72,1562.0,112464.0
2021062405000025,KLBSL,35,13,109,1562.0,170258.0
2021062405000024,KLBSL,11,53,100,1563.0,156300.0
2021062405000023,KLBSL,21,26,6,1565.0,9390.0
2021062405000022,KLBSL,21,10,44,1565.0,68860.0
2021062405000021,KLBSL,36,10,50,1567.0,78350.0
2021062405000002,KLBSL,52,44,10,1560.0,15600.0
2021062405000001,KLBSL,57,59,56,1555.0,87080.0
2021062405000008,KLBSL,26,42,10,1586.0,15860.0
2021062405000007,KLBSL,26,16,10,1586.0,15860.0
2021062405000006,KLBSL,57,44,14,1555.0,21770.0
2021062405000005,KLBSL,1,44,50,1556.0,77800.0
2021062405000004,KLBSL,40,44,50,1557.0,77850.0
2021062405000003,KLBSL,25,44,20,1560.0,31200.0
2021062405000014,KLBSL,36,56,112,1588.0,177856.0
2021062405000013,KLBSL,11,51,34,1563.0,53142.0
2021062405000012,KLBSL,35,8,24,1562.0,37488.0
2021062405000011,KLBSL,40,16,34,1558.0,52972.0
2021062405000010,KLBSL,34,16,50,1580.0,79000.0
2021062405000009,KLBSL,40,42,20,1586.0,31720.0
2021062405000020,KLBSL,5,10,20,1567.0,31340.0
2021062405000019,KLBSL,29,10,86,1570.0,135020.0
2021062405000018,KLBSL,29,1,14,1570.0,21980.0
2021062405000017,KLBSL,50,22,10,1580.0,15800.0
2021062405000016,KLBSL,29,42,45,1589.0,71505.0
2021062405000015,KLBSL,29,10,55,1589.0,87395.0
2021062404028387,LEC,13,28,10,362.0,3620.0
2021062404028482,LGIL,25,38,40,803.0,32120.0
2021062404028367,LGIL,26,38,30,801.0,24030.0
2021062404028357,LGIL,11,38,100,803.0,80300.0
2021062404028298,LGIL,35,38,50,803.0,40150.0
2021062404028286,LGIL,25,38,10,803.0,8030.0
2021062404028285,LGIL,25,32,50,803.0,40150.0
2021062404028521,NGPL,42,35,136,500.0,68000.0
2021062404028520,NGPL,42,43,50,500.0,25000.0
2021062404028519,NGPL,42,38,100,500.0,50000.0
2021062404028518,NGPL,42,22,180,500.0,90000.0
2021062404028517,NGPL,42,35,472,500.0,236000.0
2021062404028418,NGPL,8,35,28,500.0,14000.0
2021062404028408,NGPL,34,13,200,498.0,99600.0
2021062404028389,NGPL,34,25,10,498.0,4980.0
2021062404028383,NGPL,34,39,18,498.0,8964.0
2021062404028540,NHPC,38,35,10,323.0,3230.0
2021062404028516,NHPC,16,35,510,323.0,164730.0
2021062404028492,NHPC,16,45,190,323.0,61370.0
2021062404028491,NHPC,16,13,300,323.0,96900.0
2021062404028442,NHPC,34,45,10,323.0,3230.0
2021062404028441,NHPC,34,40,50,323.0,16150.0
2021062404028277,NHPC,36,45,485,322.0,156170.0
2021062404028241,NHPC,42,38,10,323.0,3230.0
2021062404028125,NHPC,57,38,"1,494",323.0,482562.0
2021062404028119,NHPC,34,38,150,323.0,48450.0
2021062404028316,NHPC,36,8,330,322.0,106260.0
2021062404028301,NHPC,36,32,10,322.0,3220.0
2021062404028300,NHPC,36,32,100,322.0,32200.0
2021062404028297,NHPC,36,14,500,322.0,161000.0
2021062404028291,NHPC,59,41,60,323.0,19380.0
2021062404028290,NHPC,59,38,490,323.0,158270.0
2021062404028339,NHPC,39,48,100,323.0,32300.0
2021062404028338,NHPC,39,22,60,323.0,19380.0
2021062404028337,NHPC,39,32,500,323.0,161500.0
2021062404028336,NHPC,39,41,190,323.0,61370.0
2021062404028333,NHPC,36,57,200,322.0,64400.0
2021062404028317,NHPC,36,32,100,322.0,32200.0
2021062404028345,NHPC,39,38,"1,100",323.0,355300.0
2021062404028344,NHPC,39,36,300,323.0,96900.0
2021062404028343,NHPC,39,33,100,323.0,32300.0
2021062404028342,NHPC,39,35,200,323.0,64600.0
2021062404028341,NHPC,39,48,200,323.0,64600.0
2021062404028340,NHPC,39,49,"2,200",323.0,710600.0
2021062404028394,NHPC,35,21,10,323.0,3230.0
2021062404028373,NHPC,5,21,10,323.0,3230.0
2021062404028361,NHPC,36,44,200,322.0,64400.0
2021062404028352,NHPC,45,21,150,323.0,48450.0
2021062404028350,NHPC,48,21,100,323.0,32300.0
2021062404028346,NHPC,39,21,50,323.0,16150.0
2021062404028440,NHPC,34,4,270,323.0,87210.0
2021062404028439,NHPC,34,51,200,323.0,64600.0
2021062404028438,NHPC,34,21,270,323.0,87210.0
2021062404028399,NHPC,37,21,10,323.0,3230.0
2021062404028398,NHPC,58,21,200,323.0,64600.0
2021062404028397,NHPC,51,21,200,323.0,64600.0
2021062404028529,NICL,58,41,10,1189.0,11890.0
2021062404028473,NICL,36,1,100,1183.0,118300.0
2021062404028392,NICL,58,5,33,1199.0,39567.0
2021062404028391,NICL,58,45,117,1199.0,140283.0
2021062404028390,NICL,58,45,50,1190.0,59500.0
2021062404028381,NICL,50,21,127,1177.0,149479.0
2021062404028072,NICL,58,49,300,1183.0,354900.0
2021062404028071,NICL,58,16,115,1183.0,136045.0
2021062404028070,NICL,58,39,30,1181.0,35430.0
2021062404028078,NICL,58,49,100,1185.0,118500.0
2021062404028077,NICL,58,58,50,1184.0,59200.0
2021062404028076,NICL,58,14,500,1183.0,591500.0
2021062404028075,NICL,58,57,100,1183.0,118300.0
2021062404028074,NICL,58,14,50,1183.0,59150.0
2021062404028073,NICL,58,38,10,1183.0,11830.0
2021062404028132,NICL,8,17,200,1180.0,236000.0
2021062404028131,NICL,22,17,90,1180.0,106200.0
2021062404028117,NICL,22,19,10,1180.0,11800.0
2021062404028081,NICL,58,54,382,1190.0,454580.0
2021062404028080,NICL,58,25,313,1189.0,372157.0
2021062404028079,NICL,58,22,50,1189.0,59450.0
2021062404028151,NICL,21,21,40,1180.0,47200.0
2021062404028150,NICL,44,48,255,1177.0,300135.0
2021062404028149,NICL,17,48,20,1178.0,23560.0
2021062404028148,NICL,7,48,225,1178.0,265050.0
2021062404028134,NICL,7,17,20,1178.0,23560.0
2021062404028133,NICL,47,17,190,1180.0,224200.0
2021062404028219,NICL,58,58,500,1195.0,597500.0
2021062404028218,NICL,58,13,500,1194.0,597000.0
2021062404028217,NICL,58,53,100,1194.0,119400.0
2021062404028216,NICL,58,38,140,1190.0,166600.0
2021062404028215,NICL,58,49,100,1190.0,119000.0
2021062404028214,NICL,58,54,107,1190.0,127330.0
2021062404028225,NICL,58,53,100,1198.0,119800.0
2021062404028224,NICL,58,49,200,1197.0,239400.0
2021062404028223,NICL,58,48,80,1197.0,95760.0
2021062404028222,NICL,58,6,40,1196.0,47840.0
2021062404028221,NICL,58,57,500,1195.0,597500.0
2021062404028220,NICL,58,48,200,1195.0,239000.0
2021062404028276,NICL,40,45,150,1179.0,176850.0
2021062404028275,NICL,58,45,15,1180.0,17700.0
2021062404028274,NICL,21,45,160,1181.0,188960.0
2021062404028228,NICL,58,45,133,1199.0,159467.0
2021062404028227,NICL,58,25,200,1199.0,239800.0
2021062404028226,NICL,58,58,100,1198.0,119800.0
2021062404028380,NICL,35,21,30,1177.0,35310.0
2021062404028379,NICL,44,21,203,1177.0,238931.0
2021062404028378,NICL,56,21,40,1178.0,47120.0
2021062404028377,NICL,51,21,100,1183.0,118300.0
2021062404028347,NICL,16,45,145,1178.0,170810.0
2021062404028288,NICL,29,45,30,1178.0,35340.0
2021062404028401,NIL,17,33,47,1612.0,75764.0
2021062404028400,NIL,17,34,23,1611.0,37053.0
2021062404028299,NIL,38,48,100,1610.0,161000.0
2021062404028252,NIL,41,34,10,1611.0,16110.0
2021062404028129,NIL,51,34,100,1611.0,161100.0
2021062404028094,NIL,6,34,100,1611.0,161100.0
2021062404028121,NLG,35,58,20,1333.0,26660.0
2021062404028116,NLG,35,36,10,1333.0,13330.0
2021062404028321,NLG,38,4,336,1335.0,448560.0
2021062404028296,NLG,39,4,450,1335.0,600750.0
2021062404028295,NLG,39,14,50,1334.0,66700.0
2021062404028326,NLG,38,17,40,1335.0,53400.0
2021062404028325,NLG,38,3,94,1335.0,125490.0
2021062404028324,NLG,38,43,150,1335.0,200250.0
2021062404028323,NLG,38,39,10,1335.0,13350.0
2021062404028322,NLG,38,49,170,1335.0,226950.0
2021062404028411,NLG,35,25,200,1333.0,266600.0
2021062404028360,NLG,35,28,30,1333.0,39990.0
2021062404028359,NLG,35,28,20,1333.0,26660.0
2021062404028494,OHL,49,37,100,560.0,56000.0
2021062404028412,OHL,34,37,200,560.0,112000.0
2021062404028082,OHL,21,47,70,557.0,38990.0
2021062404028479,PIC,1,35,34,1212.0,41208.0
2021062404028478,PIC,3,35,16,1212.0,19392.0
2021062404028311,PIC,16,41,50,1213.0,60650.0
2021062404028471,PICL,4,50,130,830.0,107900.0
2021062404028470,PICL,17,50,200,830.0,166000.0
2021062404028469,PICL,36,50,250,831.0,207750.0
2021062404028468,PICL,57,50,500,831.0,415500.0
2021062404028279,PICL,41,49,50,832.0,41600.0
2021062404028103,PICL,42,49,25,832.0,20800.0
2021062404028102,PICL,51,49,100,832.0,83200.0
2021062404028448,PMHPL,21,8,35,292.0,10220.0
2021062404028407,PMHPL,14,37,820,291.0,238620.0
2021062404028406,PMHPL,45,37,180,292.0,52560.0
2021062404028432,PPCL,38,35,100,355.0,35500.0
2021062404028507,PRIN,38,36,171,971.0,166041.0
2021062404028445,PRIN,59,36,729,975.0,710775.0
2021062404028435,PRIN,59,47,200,975.0,195000.0
2021062404028410,PRIN,59,37,71,975.0,69225.0
2021062404028356,PRIN,38,38,60,976.0,58560.0
2021062404028355,PRIN,38,36,50,972.0,48600.0
2021062404028139,PRIN,49,36,100,972.0,97200.0
2021062404028138,PRIN,52,36,50,972.0,48600.0
2021062404028104,PRIN,22,35,50,972.0,48600.0
2021062404028354,PRIN,38,34,390,971.0,378690.0
2021062404028348,PRIN,51,34,10,971.0,9710.0
2021062404028320,PRIN,10,34,300,971.0,291300.0
2021062404028319,PRIN,45,34,300,971.0,291300.0
2021062404028240,PRIN,45,39,200,971.0,194200.0
2021062404028239,PRIN,38,39,100,971.0,97100.0
2021062404028506,RADHI,38,55,50,1206.0,60300.0
2021062404028447,RADHI,41,43,35,1206.0,42210.0
2021062404028446,RADHI,20,43,65,1206.0,78390.0
2021062404028443,RADHI,6,49,50,1207.0,60350.0
2021062404028437,RADHI,42,49,20,1207.0,24140.0
2021062404028436,RADHI,42,52,10,1207.0,12070.0
2021062404028086,RADHI,13,34,50,1208.0,60400.0
2021062404028211,RADHI,38,50,100,1208.0,120800.0
2021062404028152,RADHI,21,50,80,1208.0,96640.0
2021062404028141,RADHI,52,50,50,1208.0,60400.0
2021062404028124,RADHI,54,50,60,1208.0,72480.0
2021062404028109,RADHI,1,50,26,1208.0,31408.0
2021062404028108,RADHI,1,34,125,1208.0,151000.0
2021062404028424,RADHI,21,52,10,1207.0,12070.0
2021062404028402,RADHI,22,52,20,1207.0,24140.0
2021062404028384,RADHI,26,52,50,1207.0,60350.0
2021062404028308,RADHI,57,52,10,1207.0,12070.0
2021062404028284,RADHI,6,8,16,1208.0,19328.0
2021062404028278,RADHI,6,50,84,1208.0,101472.0
2021062404028534,RHPC,4,16,200,559.0,111800.0
2021062404028512,RHPC,17,56,480,557.0,267360.0
2021062404028511,RHPC,34,56,20,558.0,11160.0
2021062404028409,RHPC,45,16,500,559.0,279500.0
2021062404028294,RHPC,34,45,80,557.0,44560.0
2021062404028235,RHPC,41,45,20,557.0,11140.0
2021062404028234,RHPC,48,45,200,557.0,111400.0
2021062404028233,RHPC,42,45,100,557.0,55700.0
2021062404028209,RHPC,33,16,200,560.0,112000.0
2021062404028499,RHPL,28,26,537,465.0,249705.0
2021062404028498,RHPL,28,16,300,464.0,139200.0
2021062404028497,RHPL,28,16,100,464.0,46400.0
2021062404028496,RHPL,28,25,50,463.0,23150.0
2021062404028495,RHPL,28,42,13,463.0,6019.0
2021062404028405,RHPL,38,1,30,462.0,13860.0
2021062404028376,RHPL,43,21,130,461.0,59930.0
2021062404028375,RHPL,16,21,120,461.0,55320.0
2021062404028374,RHPL,7,21,50,462.0,23100.0
2021062404028351,RHPL,7,55,30,462.0,13860.0
2021062404028210,RHPL,7,14,20,462.0,9240.0
2021062404028388,RRHP,45,55,25,395.0,9875.0
2021062404028289,SGI,59,49,240,741.0,177840.0
2021062404028137,SGI,59,38,10,741.0,7410.0
2021062404028533,SHL,50,56,780,271.0,211380.0
2021062404028510,SHL,50,29,220,271.0,59620.0
2021062404028509,SHL,52,29,180,271.0,48780.0
2021062404028467,SHL,52,50,100,271.0,27100.0
2021062404028413,SHL,52,55,120,271.0,32520.0
2021062404028393,SHL,35,55,100,271.0,27100.0
2021062404028196,SHL,38,57,100,270.0,27000.0
2021062404028195,SHL,39,57,500,270.0,135000.0
2021062404028194,SHL,45,57,100,270.0,27000.0
2021062404028193,SHL,14,57,200,270.0,54000.0
2021062404028192,SHL,38,57,100,270.0,27000.0
2021062404028120,SHL,38,53,300,270.0,81000.0
2021062404028386,SHL,53,41,100,271.0,27100.0
2021062404028368,SHL,41,10,100,270.0,27000.0
2021062404028232,SHL,41,55,200,270.0,54000.0
2021062404028231,SHL,36,55,100,270.0,27000.0
2021062404028230,SHL,42,55,200,270.0,54000.0
2021062404028229,SHL,35,55,100,270.0,27000.0
2021062404028531,SHPC,22,32,330,494.0,163020.0
2021062404028530,SHPC,22,1,170,493.0,83810.0
2021062404028489,SHPC,38,1,30,493.0,14790.0
2021062404028404,SHPC,38,35,70,493.0,34510.0
2021062404028328,SHPC,16,35,230,493.0,113390.0
2021062404028068,SHPC,16,25,670,493.0,330310.0
2021062404028128,SHPC,16,33,100,493.0,49300.0
2021062404028538,SICL,55,22,20,2019.0,40380.0
2021062404028508,SICL,25,38,50,2020.0,101000.0
2021062404028501,SICL,43,38,34,2020.0,68680.0
2021062404028466,SICL,50,38,34,2020.0,68680.0
2021062404028434,SICL,55,14,50,2019.0,100950.0
2021062404028433,SICL,41,14,50,2019.0,100950.0
2021062404028417,SICL,58,38,100,2020.0,202000.0
2021062404028385,SICL,41,38,72,2020.0,145440.0
2021062404028154,SICL,32,38,10,2020.0,20200.0
2021062404028153,SICL,34,38,10,2020.0,20200.0
2021062404028477,SIGS2,5,38,"8,100",13.91,112671.0
2021062404028366,SIGS2,51,38,"1,000",13.91,13910.0
2021062404028365,SIGS2,5,38,"10,000",13.91,139100.0
2021062404028364,SIGS2,51,38,"5,000",13.91,69550.0
2021062404028395,SIL,32,54,100,1096.0,109600.0
2021062404028421,SJCL,6,44,700,436.0,305200.0
2021062404028349,SJCL,58,53,100,435.0,43500.0
2021062404028256,SJCL,58,44,150,436.0,65400.0
2021062404028472,SPDL,34,41,150,414.0,62100.0
2021062404028335,SPDL,34,7,890,414.0,368460.0
2021062404028334,SPDL,34,7,91,415.0,37765.0
2021062404028425,SSHL,55,52,400,335.0,134000.0
2021062404028423,SSHL,58,52,250,335.0,83750.0
2021062404028422,SSHL,58,45,50,335.0,16750.0
2021062404028273,SSHL,37,29,244,334.0,81496.0
2021062404028272,SSHL,49,29,473,334.0,157982.0
2021062404028271,SSHL,10,29,15,334.0,5010.0
2021062404028264,SSHL,37,29,"1,000",335.0,335000.0
2021062404028263,SSHL,34,29,200,335.0,67000.0
2021062404028262,SSHL,37,29,"1,000",335.0,335000.0
2021062404028261,SSHL,43,29,100,335.0,33500.0
2021062404028260,SSHL,38,29,368,335.0,123280.0
2021062404028270,SSHL,45,29,100,334.0,33400.0
2021062404028269,SSHL,43,29,100,334.0,33400.0
2021062404028268,SSHL,54,29,50,334.0,16700.0
2021062404028267,SSHL,22,29,30,334.0,10020.0
2021062404028266,SSHL,44,29,110,335.0,36850.0
2021062404028265,SSHL,35,29,210,335.0,70350.0
2021062404028484,TRH,44,16,90,392.0,35280.0
2021062404028537,UIC,7,59,10,743.0,7430.0
2021062404028461,UIC,21,59,50,743.0,37150.0
2021062404028460,UIC,58,59,30,743.0,22290.0
2021062404028459,UIC,34,59,300,743.0,222900.0
2021062404028458,UIC,10,59,27,743.0,20061.0
2021062404028123,UIC,10,45,23,743.0,17089.0
2021062404028449,UMHL,7,51,10,372.0,3720.0
2021062404028110,UMHL,45,37,876,372.0,325872.0
2021062404028249,UMHL,57,51,50,372.0,18600.0
2021062404028238,UMHL,48,34,10,371.0,3710.0
2021062404028237,UMHL,14,34,40,371.0,14840.0
2021062404028118,UMHL,14,16,100,371.0,37100.0
2021062404028111,UMHL,45,51,124,372.0,46128.0
2021062404028396,UNHPL,33,56,10,372.0,3720.0
2021062404028363,UNHPL,21,56,99,372.0,36828.0
2021062404028362,UNHPL,21,44,48,370.0,17760.0
2021062404028327,UNHPL,33,44,100,370.0,37000.0
2021062404028147,UNHPL,58,44,30,370.0,11100.0
2021062404028189,UPCL,28,58,175,302.0,52850.0
2021062404028188,UPCL,36,58,100,302.0,30200.0
2021062404028187,UPCL,29,58,"1,000",302.0,302000.0
2021062404028186,UPCL,22,58,100,303.0,30300.0
2021062404028185,UPCL,44,58,525,303.0,159075.0
2021062404028095,UPCL,19,21,50,307.0,15350.0
2021062404028099,UPCL,34,45,100,308.0,30800.0
2021062404028098,UPCL,34,39,50,308.0,15400.0
2021062404028097,UPCL,34,51,50,308.0,15400.0
2021062404028096,UPCL,19,57,48,308.0,14784.0
2021062404028160,UPCL,8,58,30,305.0,9150.0
2021062404028159,UPCL,34,58,"1,000",305.0,305000.0
2021062404028158,UPCL,41,58,100,306.0,30600.0
2021062404028157,UPCL,4,58,500,306.0,153000.0
2021062404028156,UPCL,39,58,100,306.0,30600.0
2021062404028155,UPCL,48,58,400,306.0,122400.0
2021062404028166,UPCL,59,58,50,305.0,15250.0
2021062404028165,UPCL,6,58,100,305.0,30500.0
2021062404028164,UPCL,21,58,700,305.0,213500.0
2021062404028163,UPCL,34,58,100,305.0,30500.0
2021062404028162,UPCL,21,58,50,305.0,15250.0
2021062404028161,UPCL,34,58,100,305.0,30500.0
2021062404028172,UPCL,11,58,15,304.0,4560.0
2021062404028171,UPCL,39,58,"1,000",304.0,304000.0
2021062404028170,UPCL,55,58,500,304.0,152000.0
2021062404028169,UPCL,42,58,"1,760",304.0,535040.0
2021062404028168,UPCL,29,58,200,304.0,60800.0
2021062404028167,UPCL,44,58,200,305.0,61000.0
2021062404028178,UPCL,21,58,500,303.0,151500.0
2021062404028177,UPCL,45,58,100,303.0,30300.0
2021062404028176,UPCL,50,58,165,303.0,49995.0
2021062404028175,UPCL,11,58,10,304.0,3040.0
2021062404028174,UPCL,57,58,100,304.0,30400.0
2021062404028173,UPCL,35,58,720,304.0,218880.0
2021062404028184,UPCL,57,58,50,303.0,15150.0
2021062404028183,UPCL,38,58,100,303.0,30300.0
2021062404028182,UPCL,58,58,20,303.0,6060.0
2021062404028181,UPCL,51,58,"1,000",303.0,303000.0
2021062404028180,UPCL,41,58,30,303.0,9090.0
2021062404028179,UPCL,14,58,"1,400",303.0,424200.0
2021062404028257,UPPER,25,21,10,745.0,7450.0
2021062404028067,AHPC,22,22,500,484.0,242000.0
2021062404028066,AHPC,49,22,100,484.0,48400.0
2021062404028065,AHPC,32,22,95,484.0,45980.0
2021062404028052,AHPC,32,34,105,484.0,50820.0
2021062404028051,AHPC,6,34,95,484.0,45980.0
2021062404028049,AHPC,42,13,71,485.0,34435.0
2021062404027802,AHPC,32,49,300,485.0,145500.0
2021062404027801,AHPC,41,49,21,485.0,10185.0
2021062404027613,AHPC,41,45,100,485.0,48500.0
2021062404027953,AHPC,42,3,29,485.0,14065.0
2021062404027865,AHPC,7,3,500,485.0,242500.0
2021062404027864,AHPC,26,3,171,485.0,82935.0
2021062404027809,AHPC,57,26,240,487.0,116880.0
2021062404027808,AHPC,57,52,10,487.0,4870.0
2021062404027803,AHPC,26,49,129,485.0,62565.0
2021062404027927,AIL,6,41,50,827.0,41350.0
2021062404027796,AKJCL,39,37,80,291.0,23280.0
2021062404027795,AKJCL,40,37,135,291.0,39285.0
2021062404027740,AKJCL,40,54,30,291.0,8730.0
2021062404027739,AKJCL,32,54,190,291.0,55290.0
2021062404028060,AKPL,45,28,17,438.0,7446.0
2021062404027984,AKPL,33,57,12,437.0,5244.0
2021062404027983,AKPL,44,57,200,437.0,87400.0
2021062404027982,AKPL,25,57,88,437.0,38456.0
2021062404027785,AKPL,25,53,12,437.0,5244.0
2021062404027776,AKPL,57,19,1,435.0,435.0
2021062404027768,AKPL,39,53,50,437.0,21850.0
2021062404027767,AKPL,29,53,38,437.0,16606.0
2021062404027756,AKPL,7,28,100,438.0,43800.0
2021062404028064,API,20,14,500,402.0,201000.0
2021062404028038,API,58,14,500,402.0,201000.0
2021062404028006,API,49,1,140,401.0,56140.0
2021062404028005,API,54,1,"2,000",401.0,802000.0
2021062404028004,API,39,1,"1,860",401.0,745860.0
2021062404027979,API,38,14,100,402.0,40200.0
2021062404027571,API,41,6,100,401.0,40100.0
2021062404027626,API,7,38,100,402.0,40200.0
2021062404027605,API,39,29,399,401.0,159999.0
2021062404027604,API,41,29,101,401.0,40501.0
2021062404027597,API,50,38,53,402.0,21306.0
2021062404027579,API,41,38,54,401.0,21654.0
2021062404027573,API,26,38,50,402.0,20100.0
2021062404027934,API,33,14,500,402.0,201000.0
2021062404027744,API,39,16,100,401.0,40100.0
2021062404027694,API,39,22,40,401.0,16040.0
2021062404027676,API,57,14,100,402.0,40200.0
2021062404027628,API,1,14,48,402.0,19296.0
2021062404027627,API,1,38,152,402.0,61104.0
2021062404027857,BARUN,44,4,50,535.0,26750.0
2021062404027832,BARUN,44,35,270,530.0,143100.0
2021062404027799,BARUN,38,35,200,530.0,106000.0
2021062404027798,BARUN,57,35,30,530.0,15900.0
2021062404027976,BBC,41,39,10,5800.0,58000.0
2021062404027691,BBC,45,10,10,5799.0,57990.0
2021062404028053,BPCL,20,51,300,500.0,150000.0
2021062404027852,BPCL,58,49,50,501.0,25050.0
2021062404027819,BPCL,8,49,100,501.0,50100.0
2021062404027598,BPCL,32,58,45,500.0,22500.0
2021062404027742,CGH,41,41,10,1580.0,15800.0
2021062404027737,CGH,48,49,50,1587.0,79350.0
2021062404027728,CGH,42,49,20,1587.0,31740.0
2021062404027625,CGH,41,52,10,1580.0,15800.0
2021062404027960,CHCL,49,34,140,676.0,94640.0
2021062404027959,CHCL,25,34,100,676.0,67600.0
2021062404027958,CHCL,20,34,100,676.0,67600.0
2021062404027957,CHCL,47,34,300,676.0,202800.0
2021062404027956,CHCL,45,34,50,676.0,33800.0
2021062404027955,CHCL,32,34,10,676.0,6760.0
2021062404027755,CHCL,44,50,138,677.0,93426.0
2021062404027690,CHCL,17,50,12,677.0,8124.0
2021062404027689,CHCL,17,33,38,677.0,25726.0
2021062404027609,CHCL,43,33,62,677.0,41974.0
2021062404027608,CHCL,43,6,38,677.0,25726.0
2021062404028023,CHL,52,45,26,446.0,11596.0
2021062404028022,CHL,45,45,20,450.0,9000.0
2021062404027981,CHL,52,11,50,446.0,22300.0
2021062404027975,CHL,42,48,109,452.0,49268.0
2021062404027974,CHL,42,21,11,452.0,4972.0
2021062404027973,CHL,42,14,100,451.0,45100.0
2021062404027684,CHL,58,28,25,448.0,11200.0
2021062404027683,CHL,51,28,20,450.0,9000.0
2021062404027682,CHL,38,28,50,450.0,22500.0
2021062404027972,CHL,42,57,180,450.0,81000.0
2021062404027971,CHL,42,52,100,450.0,45000.0
2021062404027688,CHL,52,28,911,446.0,406306.0
2021062404027687,CHL,4,28,200,447.0,89400.0
2021062404027686,CHL,55,28,100,447.0,44700.0
2021062404027685,CHL,55,28,100,447.0,44700.0
2021062404028030,DHPL,38,36,500,280.0,140000.0
2021062404028029,DHPL,57,36,502,280.0,140560.0
2021062404027856,DHPL,57,54,498,280.0,139440.0
2021062404027855,DHPL,4,54,50,280.0,14000.0
2021062404027854,DHPL,28,54,50,280.0,14000.0
2021062404027853,DHPL,41,54,902,280.0,252560.0
2021062404027705,DHPL,40,50,80,280.0,22400.0
2021062404027704,DHPL,44,50,10,280.0,2800.0
2021062404027703,DHPL,28,50,62,280.0,17360.0
2021062404027581,DHPL,28,6,138,280.0,38640.0
2021062404027580,DHPL,1,6,362,280.0,101360.0
2021062404027842,DHPL,41,58,98,280.0,27440.0
2021062404027841,DHPL,16,58,300,280.0,84000.0
2021062404027840,DHPL,57,58,50,280.0,14000.0
2021062404027839,DHPL,44,58,160,280.0,44800.0
2021062404027838,DHPL,41,58,182,280.0,50960.0
2021062404027706,DHPL,41,50,318,280.0,89040.0
2021062404027717,EIC,41,13,186,766.0,142476.0
2021062404028007,GHL,58,32,50,306.0,15300.0
2021062404027806,GHL,58,14,30,306.0,9180.0
2021062404027668,GHL,38,14,20,306.0,6120.0
2021062404027734,GIC,42,13,50,702.0,35100.0
2021062404027729,GIC,34,13,10,702.0,7020.0
2021062404027699,GIC,58,13,80,702.0,56160.0
2021062404027797,GLH,11,36,69,378.0,26082.0
2021062404027738,GLH,21,36,35,378.0,13230.0
2021062404027681,GLH,17,58,10,377.0,3770.0
2021062404028039,HDHPC,52,26,50,286.0,14300.0
2021062404028018,HDHPC,21,51,15,285.0,4275.0
2021062404027950,HDHPC,34,26,100,286.0,28600.0
2021062404027943,HDHPC,50,26,200,286.0,57200.0
2021062404027936,HDHPC,45,26,10,286.0,2860.0
2021062404027933,HDHPC,38,26,25,286.0,7150.0
2021062404027715,HDHPC,42,28,150,286.0,42900.0
2021062404027622,HDHPC,42,36,200,286.0,57200.0
2021062404027615,HDHPC,33,42,420,287.0,120540.0
2021062404027578,HDHPC,42,8,13,286.0,3718.0
2021062404027577,HDHPC,34,8,87,286.0,24882.0
2021062404027773,HDHPC,58,7,93,286.0,26598.0
2021062404027772,HDHPC,14,7,20,286.0,5720.0
2021062404027771,HDHPC,42,7,50,286.0,14300.0
2021062404027770,HDHPC,45,7,200,286.0,57200.0
2021062404027769,HDHPC,42,7,"1,637",286.0,468182.0
2021062404027732,HDHPC,58,26,"1,500",287.0,430500.0
2021062404027873,HDHPC,22,26,80,286.0,22880.0
2021062404027859,HDHPC,20,26,307,286.0,87802.0
2021062404027858,HDHPC,20,4,693,286.0,198198.0
2021062404027816,HDHPC,5,4,300,286.0,85800.0
2021062404027815,HDHPC,17,4,50,286.0,14300.0
2021062404027814,HDHPC,58,4,357,286.0,102102.0
2021062404028003,HGI,35,4,67,785.0,52595.0
2021062404028002,HGI,47,4,10,785.0,7850.0
2021062404028001,HGI,34,4,50,785.0,39250.0
2021062404028000,HGI,51,4,50,785.0,39250.0
2021062404027999,HGI,32,4,21,785.0,16485.0
2021062404027998,HGI,57,4,10,785.0,7850.0
2021062404027997,HGI,39,4,147,785.0,115395.0
2021062404027996,HGI,39,6,200,785.0,157000.0
2021062404027870,HGI,39,49,50,785.0,39250.0
2021062404027800,HGI,41,59,100,786.0,78600.0
2021062404027716,HGI,39,45,300,785.0,235500.0
2021062404027692,HGI,39,7,120,785.0,94200.0
2021062404027810,HPPL,26,36,10,410.0,4100.0
2021062404027570,HPPL,53,42,730,407.0,297110.0
2021062404027569,HPPL,35,42,250,407.0,101750.0
2021062404027568,HPPL,52,42,20,407.0,8140.0
2021062404027872,JOSHI,45,34,35,295.0,10325.0
2021062404027811,JOSHI,49,38,100,293.0,29300.0
2021062404027674,KKHC,37,17,10,290.0,2900.0
2021062404028008,KPCL,25,58,99,444.0,43956.0
2021062404027736,LEC,38,35,500,362.0,181000.0
2021062404027944,LGIL,42,32,50,803.0,40150.0
2021062404027596,MEN,28,7,90,861.0,77490.0
2021062404027600,MHNL,13,58,50,331.0,16550.0
2021062404027599,MHNL,18,58,200,331.0,66200.0
2021062404027928,NEF,50,17,"10,000",14.35,143500.0
2021062404028040,NGPL,7,21,600,497.0,298200.0
2021062404027777,NGPL,49,39,82,498.0,40836.0
2021062404027766,NGPL,49,17,18,498.0,8964.0
2021062404027765,NGPL,28,17,424,498.0,211152.0
2021062404027764,NGPL,58,17,28,498.0,13944.0
2021062404027743,NGPL,58,36,12,498.0,5976.0
2021062404027673,NGPL,42,17,100,500.0,50000.0
2021062404027672,NGPL,42,17,450,500.0,225000.0
2021062404028028,NHDL,44,35,60,440.0,26400.0
2021062404028027,NHDL,44,55,20,440.0,8800.0
2021062404027763,NHDL,44,8,60,439.0,26340.0
2021062404028044,NHPC,36,51,200,322.0,64400.0
2021062404028041,NHPC,36,21,100,322.0,32200.0
2021062404028037,NHPC,36,38,500,322.0,161000.0
2021062404028017,NHPC,36,19,250,322.0,80500.0
2021062404028013,NHPC,36,59,350,322.0,112700.0
2021062404028012,NHPC,36,6,500,322.0,161000.0
2021062404027679,NHPC,45,19,74,322.0,23828.0
2021062404027670,NHPC,45,26,50,322.0,16100.0
2021062404027612,NHPC,45,51,50,322.0,16100.0
2021062404027611,NHPC,45,41,10,322.0,3220.0
2021062404027610,NHPC,45,21,816,322.0,262752.0
2021062404027843,NHPC,36,52,500,322.0,161000.0
2021062404027813,NHPC,36,58,40,322.0,12880.0
2021062404027761,NHPC,36,4,70,322.0,22540.0
2021062404027754,NHPC,36,58,"1,000",322.0,322000.0
2021062404027707,NHPC,36,52,100,322.0,32200.0
2021062404027680,NHPC,36,19,926,322.0,298172.0
2021062404027951,NHPC,36,56,400,322.0,128800.0
2021062404027945,NHPC,36,38,128,322.0,41216.0
2021062404027869,NHPC,36,42,200,322.0,64400.0
2021062404027867,NHPC,44,44,100,323.0,32300.0
2021062404027861,NHPC,36,42,100,322.0,32200.0
2021062404027851,NHPC,36,55,20,322.0,6440.0
2021062404028011,NHPC,45,38,60,323.0,19380.0
2021062404027986,NHPC,41,38,296,323.0,95608.0
2021062404027985,NHPC,41,44,204,323.0,65892.0
2021062404027969,NHPC,45,44,165,323.0,53295.0
2021062404027963,NHPC,25,44,100,323.0,32300.0
2021062404027954,NHPC,36,16,390,322.0,125580.0
2021062404027924,NIBLPF,48,11,253,14.4,3643.2
2021062404028046,NICL,7,38,15,1178.0,17670.0
2021062404028042,NICL,7,13,200,1178.0,235600.0
2021062404028036,NICL,7,26,40,1178.0,47120.0
2021062404028035,NICL,48,26,50,1180.0,59000.0
2021062404028034,NICL,36,26,10,1180.0,11800.0
2021062404028016,NICL,6,39,120,1181.0,141720.0
2021062404027712,NICL,40,53,100,1182.0,118200.0
2021062404027711,NICL,44,6,165,1177.0,194205.0
2021062404027710,NICL,58,6,25,1180.0,29500.0
2021062404027616,NICL,58,16,100,1183.0,118300.0
2021062404027584,NICL,6,57,400,1182.0,472800.0
2021062404027583,NICL,33,57,100,1182.0,118200.0
2021062404027866,NICL,34,44,10,1182.0,11820.0
2021062404027850,NICL,34,55,40,1182.0,47280.0
2021062404027807,NICL,33,55,50,1182.0,59100.0
2021062404027784,NICL,41,55,10,1182.0,11820.0
2021062404027783,NICL,41,53,190,1182.0,224580.0
2021062404027731,NICL,39,53,10,1182.0,11820.0
2021062404028015,NICL,45,39,50,1181.0,59050.0
2021062404027962,NICL,36,56,90,1180.0,106200.0
2021062404027942,NICL,55,56,50,1180.0,59000.0
2021062404027935,NICL,35,56,50,1180.0,59000.0
2021062404027923,NICL,52,56,10,1180.0,11800.0
2021062404027868,NICL,57,44,10,1182.0,11820.0
2021062404028010,NIL,35,45,29,1610.0,46690.0
2021062404028009,NIL,29,45,71,1610.0,114310.0
2021062404027619,NIL,29,50,100,1610.0,161000.0
2021062404027992,NLG,40,45,10,1333.0,13330.0
2021062404027991,NLG,40,35,186,1333.0,247938.0
2021062404027989,NLG,45,35,14,1333.0,18662.0
2021062404027988,NLG,45,41,36,1333.0,47988.0
2021062404027741,NLG,45,41,12,1333.0,15996.0
2021062404027735,NLG,13,34,100,1333.0,133300.0
2021062404027618,NLG,38,48,200,1332.0,266400.0
2021062404028024,NMB50,59,34,"5,000",14.61,73050.0
2021062404027995,NMBHF1,43,52,"1,581",13.15,20790.15
2021062404027730,OHL,58,47,30,557.0,16710.0
2021062404027993,PIC,16,39,50,1213.0,60650.0
2021062404027750,PICL,47,16,50,833.0,41650.0
2021062404027749,PICL,34,16,50,833.0,41650.0
2021062404027748,PICL,45,16,10,833.0,8330.0
2021062404027747,PICL,33,16,"1,185",833.0,987105.0
2021062404027746,PICL,54,16,30,834.0,25020.0
2021062404027745,PICL,58,16,10,834.0,8340.0
2021062404027595,PMHPL,14,13,38,291.0,11058.0
2021062404027594,PMHPL,42,13,17,291.0,4947.0
2021062404027593,PMHPL,25,13,20,291.0,5820.0
2021062404027592,PMHPL,55,13,20,291.0,5820.0
2021062404028033,PPCL,49,34,60,353.0,21180.0
2021062404027968,PRIN,20,36,30,974.0,29220.0
2021062404027837,PRIN,6,35,45,975.0,43875.0
2021062404027709,PRIN,14,38,71,976.0,69296.0
2021062404027708,PRIN,14,49,129,975.0,125775.0
2021062404027698,PRIN,20,42,70,974.0,68180.0
2021062404027697,PRIN,38,42,30,974.0,29220.0
2021062404027623,PRIN,35,49,71,975.0,69225.0
2021062404028025,RADHI,22,34,100,1208.0,120800.0
2021062404027980,RADHI,58,34,95,1208.0,114760.0
2021062404027948,RADHI,17,34,80,1208.0,96640.0
2021062404027947,RADHI,17,45,20,1208.0,24160.0
2021062404027939,RADHI,34,45,50,1208.0,60400.0
2021062404027938,RADHI,34,38,50,1208.0,60400.0
2021062404027629,RADHI,6,22,100,1208.0,120800.0
2021062404027621,RADHI,38,22,50,1208.0,60400.0
2021062404027620,RADHI,38,43,50,1208.0,60400.0
2021062404027614,RADHI,21,38,10,1208.0,12080.0
2021062404027636,RADHI,35,20,10,1205.0,12050.0
2021062404027635,RADHI,57,20,10,1205.0,12050.0
2021062404027634,RADHI,56,20,30,1205.0,36150.0
2021062404027633,RADHI,53,20,10,1205.0,12050.0
2021062404027632,RADHI,13,20,27,1205.0,32535.0
2021062404027631,RADHI,35,20,10,1206.0,12060.0
2021062404027642,RADHI,32,20,100,1205.0,120500.0
2021062404027641,RADHI,16,20,50,1205.0,60250.0
2021062404027640,RADHI,58,20,50,1205.0,60250.0
2021062404027639,RADHI,41,20,10,1205.0,12050.0
2021062404027638,RADHI,22,20,90,1205.0,108450.0
2021062404027637,RADHI,26,20,42,1205.0,50610.0
2021062404027648,RADHI,35,20,10,1204.0,12040.0
2021062404027647,RADHI,35,20,10,1204.0,12040.0
2021062404027646,RADHI,38,20,20,1204.0,24080.0
2021062404027645,RADHI,57,20,10,1204.0,12040.0
2021062404027644,RADHI,21,20,100,1204.0,120400.0
2021062404027643,RADHI,53,20,100,1205.0,120500.0
2021062404027654,RADHI,10,20,10,1202.0,12020.0
2021062404027653,RADHI,21,20,50,1202.0,60100.0
2021062404027652,RADHI,35,20,10,1203.0,12030.0
2021062404027651,RADHI,51,20,25,1203.0,30075.0
2021062404027650,RADHI,7,20,20,1203.0,24060.0
2021062404027649,RADHI,57,20,10,1203.0,12030.0
2021062404027660,RADHI,11,20,45,1201.0,54045.0
2021062404027659,RADHI,45,20,50,1202.0,60100.0
2021062404027658,RADHI,45,20,100,1202.0,120200.0
2021062404027657,RADHI,57,20,10,1202.0,12020.0
2021062404027656,RADHI,57,20,10,1202.0,12020.0
2021062404027655,RADHI,44,20,10,1202.0,12020.0
2021062404027666,RADHI,32,20,50,1200.0,60000.0
2021062404027665,RADHI,58,20,100,1200.0,120000.0
2021062404027664,RADHI,42,20,28,1200.0,33600.0
2021062404027663,RADHI,42,20,100,1201.0,120100.0
2021062404027662,RADHI,36,20,100,1201.0,120100.0
2021062404027661,RADHI,35,20,50,1201.0,60050.0
2021062404027833,RADHI,58,43,10,1207.0,12070.0
2021062404027782,RADHI,6,22,100,1208.0,120800.0
2021062404027781,RADHI,38,35,50,1206.0,60300.0
2021062404027780,RADHI,26,22,400,1208.0,483200.0
2021062404027675,RADHI,57,22,40,1208.0,48320.0
2021062404027667,RADHI,6,20,33,1200.0,39600.0
2021062404027848,RADHI,41,1,40,1209.0,48360.0
2021062404027847,RADHI,41,25,50,1208.0,60400.0
2021062404027846,RADHI,41,22,10,1208.0,12080.0
2021062404027836,RADHI,54,43,45,1205.0,54225.0
2021062404027835,RADHI,56,43,15,1205.0,18075.0
2021062404027834,RADHI,49,43,30,1205.0,36150.0
2021062404027880,RADHI,32,43,50,1200.0,60000.0
2021062404027879,RADHI,57,43,10,1200.0,12000.0
2021062404027878,RADHI,6,43,67,1200.0,80400.0
2021062404027877,RADHI,55,43,200,1201.0,240200.0
2021062404027876,RADHI,42,43,150,1202.0,180300.0
2021062404027875,RADHI,54,43,15,1205.0,18075.0
2021062404027886,RADHI,29,43,300,1200.0,360000.0
2021062404027885,RADHI,48,43,40,1200.0,48000.0
2021062404027884,RADHI,49,43,10,1200.0,12000.0
2021062404027883,RADHI,6,43,10,1200.0,12000.0
2021062404027882,RADHI,29,43,20,1200.0,24000.0
2021062404027881,RADHI,21,43,60,1200.0,72000.0
2021062404027892,RADHI,42,43,80,1200.0,96000.0
2021062404027891,RADHI,3,43,20,1200.0,24000.0
2021062404027890,RADHI,21,43,13,1200.0,15600.0
2021062404027889,RADHI,52,43,30,1200.0,36000.0
2021062404027888,RADHI,34,43,100,1200.0,120000.0
2021062404027887,RADHI,17,43,10,1200.0,12000.0
2021062404027898,RADHI,59,43,200,1200.0,240000.0
2021062404027897,RADHI,34,43,20,1200.0,24000.0
2021062404027896,RADHI,1,43,14,1200.0,16800.0
2021062404027895,RADHI,35,43,100,1200.0,120000.0
2021062404027894,RADHI,55,43,30,1200.0,36000.0
2021062404027893,RADHI,58,43,40,1200.0,48000.0
2021062404027904,RADHI,33,43,25,1200.0,30000.0
2021062404027903,RADHI,38,43,807,1200.0,968400.0
2021062404027902,RADHI,35,43,10,1200.0,12000.0
2021062404027901,RADHI,7,43,50,1200.0,60000.0
2021062404027900,RADHI,57,43,200,1200.0,240000.0
2021062404027899,RADHI,13,43,10,1200.0,12000.0
2021062404027937,RADHI,1,41,49,1207.0,59143.0
2021062404027914,RADHI,39,38,50,1208.0,60400.0
2021062404027908,RADHI,29,43,189,1200.0,226800.0
2021062404027907,RADHI,45,43,100,1200.0,120000.0
2021062404027906,RADHI,51,43,10,1200.0,12000.0
2021062404027905,RADHI,45,43,10,1200.0,12000.0
2021062404028021,RHPC,42,43,50,557.0,27850.0
2021062404028019,RHPC,4,16,300,560.0,168000.0
2021062404027990,RHPC,42,57,50,557.0,27850.0
2021062404027759,RHPC,53,1,25,559.0,13975.0
2021062404027758,RHPC,53,34,100,559.0,55900.0
2021062404027582,RHPC,41,34,50,559.0,27950.0
2021062404028050,RHPL,16,14,50,462.0,23100.0
2021062404027913,RHPL,40,7,83,463.0,38429.0
2021062404027912,RHPL,40,35,17,462.0,7854.0
2021062404027849,RHPL,16,49,80,461.0,36880.0
2021062404027812,RHPL,38,35,200,462.0,92400.0
2021062404027779,RHPL,42,35,83,462.0,38346.0
2021062404027723,RHPL,40,49,100,462.0,46200.0
2021062404027722,RHPL,39,49,500,462.0,231000.0
2021062404027721,RHPL,43,49,300,462.0,138600.0
2021062404027720,RHPL,14,49,40,462.0,18480.0
2021062404027696,RHPL,41,7,50,463.0,23150.0
2021062404027778,RHPL,42,49,117,462.0,54054.0
2021062404027775,RHPL,43,49,300,462.0,138600.0
2021062404027727,RHPL,21,49,13,462.0,6006.0
2021062404027726,RHPL,28,49,30,462.0,13860.0
2021062404027725,RHPL,39,49,500,462.0,231000.0
2021062404027724,RHPL,44,49,100,462.0,46200.0
2021062404028014,RRHP,36,55,10,395.0,3950.0
2021062404028048,SGI,59,43,50,741.0,37050.0
2021062404027695,SGI,59,38,10,741.0,7410.0
2021062404027965,SHL,38,32,100,270.0,27000.0
2021062404027964,SHL,42,32,400,270.0,108000.0
2021062404027961,SHL,36,53,100,271.0,27100.0
2021062404027919,SHL,57,38,200,272.0,54400.0
2021062404027918,SHL,57,53,100,272.0,27200.0
2021062404027917,SHL,57,21,100,272.0,27200.0
2021062404027788,SHL,49,48,400,270.0,108000.0
2021062404027787,SHL,57,48,100,271.0,27100.0
2021062404027786,SHL,21,48,100,271.0,27100.0
2021062404027701,SHL,21,25,100,271.0,27100.0
2021062404027700,SHL,52,25,100,271.0,27100.0
2021062404027916,SHL,57,25,100,272.0,27200.0
2021062404027915,SHL,57,57,100,272.0,27200.0
2021062404027792,SHL,42,48,100,270.0,27000.0
2021062404027791,SHL,58,48,100,270.0,27000.0
2021062404027790,SHL,41,48,"1,000",270.0,270000.0
2021062404027789,SHL,58,48,200,270.0,54000.0
2021062404028043,SHPC,16,25,300,493.0,147900.0
2021062404028032,SHPC,35,25,10,493.0,4930.0
2021062404028031,SHPC,45,25,20,493.0,9860.0
2021062404027572,SHPC,16,13,100,493.0,49300.0
2021062404027753,SHPC,57,56,175,492.0,86100.0
2021062404027752,SHPC,34,56,200,492.0,98400.0
2021062404027751,SHPC,41,56,147,492.0,72324.0
2021062404027713,SHPC,41,22,40,492.0,19680.0
2021062404027823,SHPC,35,50,20,492.0,9840.0
2021062404027822,SHPC,43,50,35,492.0,17220.0
2021062404027821,SHPC,13,50,25,492.0,12300.0
2021062404027820,SHPC,57,50,25,492.0,12300.0
2021062404027817,SHPC,40,13,100,493.0,49300.0
2021062404027829,SHPC,57,50,50,491.0,24550.0
2021062404027828,SHPC,34,50,100,491.0,49100.0
2021062404027827,SHPC,32,50,200,491.0,98200.0
2021062404027826,SHPC,54,50,100,491.0,49100.0
2021062404027825,SHPC,41,50,200,492.0,98400.0
2021062404027824,SHPC,58,50,100,492.0,49200.0
2021062404027909,SHPC,17,45,55,493.0,27115.0
2021062404027871,SHPC,17,21,100,493.0,49300.0
2021062404027845,SHPC,17,3,145,493.0,71485.0
2021062404027844,SHPC,17,13,200,493.0,98600.0
2021062404027831,SHPC,20,50,640,491.0,314240.0
2021062404027830,SHPC,57,50,500,491.0,245500.0
2021062404027911,SHPC,32,45,95,492.0,46740.0
2021062404027910,SHPC,58,45,50,493.0,24650.0
2021062404027603,SIC,50,56,15,1593.0,23895.0
2021062404027602,SIC,55,56,10,1593.0,15930.0
2021062404028047,SICL,41,4,50,2019.0,100950.0
2021062404027941,SICL,39,51,30,2020.0,60600.0
2021062404027940,SICL,39,37,61,2020.0,123220.0
2021062404027733,SICL,45,37,300,2020.0,606000.0
2021062404027617,SICL,36,37,18,2020.0,36360.0
2021062404027607,SICL,36,39,132,2020.0,266640.0
2021062404027774,SIGS2,5,38,"10,000",14.0,140000.0
2021062404027978,SIL,32,51,40,1096.0,43840.0
2021062404027977,SIL,56,51,10,1097.0,10970.0
2021062404027794,SIL,41,52,10,1098.0,10980.0
2021062404027793,SIL,29,52,20,1098.0,21960.0
2021062404027714,SIL,52,52,100,1099.0,109900.0
2021062404028063,SJCL,45,44,150,436.0,65400.0
2021062404028062,SJCL,45,39,40,436.0,17440.0
2021062404028061,SJCL,45,36,10,436.0,4360.0
2021062404028026,SJCL,58,39,20,435.0,8700.0
2021062404027994,SJCL,58,3,20,435.0,8700.0
2021062404027678,SJCL,49,39,50,436.0,21800.0
2021062404027677,SJCL,33,39,40,436.0,17440.0
2021062404027606,SJCL,33,14,40,436.0,17440.0
2021062404027926,SPDL,34,45,400,414.0,165600.0
2021062404027925,SPDL,38,45,100,415.0,41500.0
2021062404027718,SPDL,19,7,50,417.0,20850.0
2021062404027591,SPDL,34,3,150,414.0,62100.0
2021062404027590,SPDL,46,3,100,414.0,41400.0
2021062404027589,SPDL,57,3,100,415.0,41500.0
2021062404027588,SPDL,16,3,100,415.0,41500.0
2021062404027587,SPDL,14,3,350,415.0,145250.0
2021062404027586,SPDL,4,3,200,416.0,83200.0
2021062404028020,SSHL,38,43,100,335.0,33500.0
2021062404027967,SSHL,38,57,32,335.0,10720.0
2021062404027966,SSHL,55,57,458,335.0,153430.0
2021062404027860,SSHL,55,4,32,335.0,10720.0
2021062404027987,TRH,45,14,20,393.0,7860.0
2021062404027671,TRH,33,20,300,387.0,116100.0
2021062404028059,UIC,25,55,30,742.0,22260.0
2021062404028058,UIC,35,55,200,742.0,148400.0
2021062404028057,UIC,21,55,100,743.0,74300.0
2021062404028056,UIC,21,55,100,743.0,74300.0
2021062404028055,UIC,53,55,50,743.0,37150.0
2021062404028054,UIC,28,55,20,743.0,14860.0
2021062404027693,UIC,28,43,100,743.0,74300.0
2021062404027630,UIC,28,16,10,743.0,7430.0
2021062404027624,UIC,28,34,70,743.0,52010.0
2021062404028045,UMHL,14,38,100,371.0,37100.0
2021062404027949,UMHL,14,16,150,371.0,55650.0
2021062404027946,UMHL,3,37,100,372.0,37200.0
2021062404027575,UMHL,42,7,500,371.0,185500.0
2021062404027574,UMHL,45,7,900,371.0,333900.0
2021062404027702,UMHL,51,34,20,372.0,7440.0
2021062404027576,UMHL,14,7,600,371.0,222600.0
2021062404027818,UMHL,59,34,10,372.0,3720.0
2021062404027932,UMHL,38,37,24,372.0,8928.0
2021062404027931,UMHL,38,41,65,372.0,24180.0
2021062404027930,UMHL,38,34,111,372.0,41292.0
2021062404027920,UMHL,14,17,10,371.0,3710.0
2021062404027922,UMRH,41,21,10,455.0,4550.0
2021062404027921,UMRH,41,21,10,454.0,4540.0
2021062404027762,UMRH,34,13,10,450.0,4500.0
2021062404027929,UNHPL,58,38,30,368.0,11040.0
2021062404027805,UNHPL,19,21,50,370.0,18500.0
2021062404027804,UNHPL,19,43,10,370.0,3700.0
2021062404027601,UNHPL,58,51,30,368.0,11040.0
2021062404027874,UPCL,55,57,30,308.0,9240.0
2021062404027970,UPPER,25,18,300,745.0,223500.0
2021062404027952,UPPER,25,6,10,745.0,7450.0
2021062404027863,UPPER,25,22,500,745.0,372500.0
2021062404027862,UPPER,25,36,100,745.0,74500.0
2021062404027760,UPPER,25,57,20,745.0,14900.0
2021062404027757,UPPER,25,6,200,745.0,149000.0
2021062404027719,UPPER,25,33,300,745.0,223500.0
2021062404027669,UPPER,25,25,40,745.0,29800.0
2021062404027585,UPPER,25,42,77,745.0,57365.0
2021062404027536,AHPC,41,56,479,485.0,232315.0
2021062404027535,AHPC,32,56,180,485.0,87300.0
2021062404027461,AHPC,32,39,20,485.0,9700.0
2021062404027460,AHPC,50,39,300,485.0,145500.0
2021062404027459,AHPC,13,39,50,485.0,24250.0
2021062404027458,AHPC,32,39,200,485.0,97000.0
2021062404027268,AHPC,53,45,80,485.0,38800.0
2021062404027255,AHPC,53,34,120,485.0,58200.0
2021062404027254,AHPC,32,34,80,485.0,38800.0
2021062404027157,AHPC,32,22,410,485.0,198850.0
2021062404027101,AHPC,32,19,200,485.0,97000.0
2021062404027457,AHPC,14,39,100,485.0,48500.0
2021062404027456,AHPC,38,39,180,485.0,87300.0
2021062404027455,AHPC,47,39,250,486.0,121500.0
2021062404027427,AHPC,47,16,150,486.0,72900.0
2021062404027307,AHPC,38,28,200,485.0,97000.0
2021062404027269,AHPC,38,45,120,485.0,58200.0
2021062404027407,AIL,32,41,10,826.0,8260.0
2021062404027275,AIL,42,38,10,825.0,8250.0
2021062404027262,AIL,42,22,10,825.0,8250.0
2021062404027261,AIL,42,57,20,825.0,16500.0
2021062404027212,AIL,19,21,14,824.0,11536.0
2021062404027107,AIL,57,57,50,825.0,41250.0
2021062404027451,AKJCL,56,35,50,292.0,14600.0
2021062404027172,AKJCL,32,57,10,291.0,2910.0
2021062404027543,AKPL,39,32,16,437.0,6992.0
2021062404027534,AKPL,44,32,50,437.0,21850.0
2021062404027533,AKPL,53,32,20,437.0,8740.0
2021062404027532,AKPL,38,32,30,437.0,13110.0
2021062404027531,AKPL,47,32,231,437.0,100947.0
2021062404027530,AKPL,39,28,145,438.0,63510.0
2021062404027084,AKPL,6,45,100,437.0,43700.0
2021062404027074,AKPL,37,45,155,437.0,67735.0
2021062404027073,AKPL,37,49,100,437.0,43700.0
2021062404027072,AKPL,37,22,100,437.0,43700.0
2021062404027071,AKPL,37,55,145,437.0,63365.0
2021062404027250,AKPL,47,29,79,437.0,34523.0
2021062404027249,AKPL,16,29,21,437.0,9177.0
2021062404027164,AKPL,16,41,79,437.0,34523.0
2021062404027163,AKPL,50,41,250,437.0,109250.0
2021062404027162,AKPL,59,41,21,437.0,9177.0
2021062404027100,AKPL,59,45,45,437.0,19665.0
2021062404027529,AKPL,39,19,105,438.0,45990.0
2021062404027402,AKPL,14,19,45,438.0,19710.0
2021062404027401,AKPL,14,43,250,438.0,109500.0
2021062404027400,AKPL,14,45,105,438.0,45990.0
2021062404027370,AKPL,47,14,190,437.0,83030.0
2021062404027301,AKPL,45,45,200,438.0,87600.0
2021062404027551,API,41,38,745,401.0,298745.0
2021062404027550,API,32,38,500,401.0,200500.0
2021062404027549,API,26,38,10,401.0,4010.0
2021062404027548,API,19,38,90,401.0,36090.0
2021062404027547,API,29,38,150,401.0,60150.0
2021062404027546,API,35,38,50,401.0,20050.0
2021062404027140,API,25,38,100,402.0,40200.0
2021062404027110,API,58,41,15,401.0,6015.0
2021062404027109,API,35,41,10,401.0,4010.0
2021062404027108,API,6,41,65,401.0,26065.0
2021062404027264,API,41,28,75,401.0,30075.0
2021062404027251,API,41,49,25,401.0,10025.0
2021062404027243,API,56,49,150,401.0,60150.0
2021062404027242,API,56,1,890,401.0,356890.0
2021062404027200,API,8,49,200,401.0,80200.0
2021062404027199,API,42,49,125,401.0,50125.0
2021062404027545,API,1,38,65,401.0,26065.0
2021062404027353,API,1,3,175,401.0,70175.0
2021062404027352,API,49,3,100,401.0,40100.0
2021062404027351,API,41,3,150,401.0,60150.0
2021062404027350,API,47,3,75,401.0,30075.0
2021062404027265,API,47,28,925,401.0,370925.0
2021062404027557,BARUN,41,47,50,536.0,26800.0
2021062404027466,BARUN,57,42,470,530.0,249100.0
2021062404027465,BARUN,21,42,30,530.0,15900.0
2021062404027308,BARUN,14,47,10,536.0,5360.0
2021062404027561,BPCL,32,45,55,500.0,27500.0
2021062404027560,BPCL,42,45,50,500.0,25000.0
2021062404027559,BPCL,41,45,70,500.0,35000.0
2021062404027558,BPCL,13,45,10,501.0,5010.0
2021062404027505,BPCL,13,44,90,501.0,45090.0
2021062404027499,BPCL,13,17,500,501.0,250500.0
2021062404027146,BPCL,34,28,300,499.0,149700.0
2021062404027145,BPCL,17,28,50,499.0,24950.0
2021062404027102,BPCL,21,36,20,500.0,10000.0
2021062404027198,BPCL,41,36,50,500.0,25000.0
2021062404027149,BPCL,19,28,25,499.0,12475.0
2021062404027148,BPCL,49,28,100,499.0,49900.0
2021062404027147,BPCL,39,28,15,499.0,7485.0
2021062404027342,BPCL,41,53,13,500.0,6500.0
2021062404027341,BPCL,41,47,50,500.0,25000.0
2021062404027340,BPCL,41,36,267,500.0,133500.0
2021062404027286,BPCL,53,36,30,500.0,15000.0
2021062404027498,BPCL,13,40,150,501.0,75150.0
2021062404027497,BPCL,13,41,50,501.0,25050.0
2021062404027304,CGH,28,34,65,1588.0,103220.0
2021062404027287,CGH,28,47,10,1588.0,15880.0
2021062404027434,CHCL,42,6,370,677.0,250490.0
2021062404027433,CHCL,58,6,50,677.0,33850.0
2021062404027432,CHCL,58,6,50,677.0,33850.0
2021062404027431,CHCL,14,6,327,677.0,221379.0
2021062404027430,CHCL,14,6,165,677.0,111705.0
2021062404027328,CHCL,14,25,335,677.0,226795.0
2021062404027321,CHCL,50,25,50,678.0,33900.0
2021062404027320,CHCL,52,25,15,678.0,10170.0
2021062404027319,CHCL,32,25,25,679.0,16975.0
2021062404027327,CHCL,41,25,50,677.0,33850.0
2021062404027326,CHCL,19,25,15,677.0,10155.0
2021062404027325,CHCL,35,25,20,677.0,13540.0
2021062404027324,CHCL,57,25,40,677.0,27080.0
2021062404027323,CHCL,58,25,100,678.0,67800.0
2021062404027322,CHCL,35,25,50,678.0,33900.0
2021062404027509,CHL,38,34,50,450.0,22500.0
2021062404027398,CHL,38,32,200,450.0,90000.0
2021062404027113,CHL,55,44,100,451.0,45100.0
2021062404027379,DHPL,1,57,"2,000",280.0,560000.0
2021062404027290,EIC,41,57,100,766.0,76600.0
2021062404027289,EIC,41,53,214,766.0,163924.0
2021062404027260,EIC,53,33,43,766.0,32938.0
2021062404027553,GHL,38,41,50,306.0,15300.0
2021062404027504,GIC,39,38,10,703.0,7030.0
2021062404027306,GIC,58,38,10,702.0,7020.0
2021062404027214,GIC,58,22,10,702.0,7020.0
2021062404027339,GLH,52,36,10,378.0,3780.0
2021062404027173,GLH,17,21,10,377.0,3770.0
2021062404027158,GLH,52,36,10,378.0,3780.0
2021062404027467,HDHPC,29,13,200,287.0,57400.0
2021062404027464,HDHPC,49,13,200,287.0,57400.0
2021062404027406,HDHPC,8,13,100,287.0,28700.0
2021062404027405,HDHPC,8,29,100,287.0,28700.0
2021062404027377,HDHPC,34,49,550,286.0,157300.0
2021062404027369,HDHPC,34,6,363,286.0,103818.0
2021062404027091,HDHPC,16,34,236,287.0,67732.0
2021062404027090,HDHPC,42,34,200,287.0,57400.0
2021062404027089,HDHPC,41,34,64,287.0,18368.0
2021062404027070,HDHPC,41,11,36,287.0,10332.0
2021062404027069,HDHPC,58,11,100,287.0,28700.0
2021062404027068,HDHPC,57,11,200,287.0,57400.0
2021062404027097,HDHPC,45,48,150,287.0,43050.0
2021062404027096,HDHPC,58,48,100,287.0,28700.0
2021062404027095,HDHPC,53,48,200,287.0,57400.0
2021062404027094,HDHPC,49,48,20,287.0,5740.0
2021062404027093,HDHPC,58,48,100,287.0,28700.0
2021062404027092,HDHPC,16,48,64,287.0,18368.0
2021062404027219,HDHPC,48,33,414,287.0,118818.0
2021062404027208,HDHPC,56,22,30,288.0,8640.0
2021062404027144,HDHPC,48,45,500,287.0,143500.0
2021062404027141,HDHPC,32,22,250,288.0,72000.0
2021062404027099,HDHPC,48,48,86,287.0,24682.0
2021062404027098,HDHPC,43,48,200,287.0,57400.0
2021062404027225,HDHPC,49,33,50,286.0,14300.0
2021062404027224,HDHPC,10,33,"2,000",286.0,572000.0
2021062404027223,HDHPC,32,33,50,287.0,14350.0
2021062404027222,HDHPC,21,33,300,287.0,86100.0
2021062404027221,HDHPC,59,33,50,287.0,14350.0
2021062404027220,HDHPC,14,33,500,287.0,143500.0
2021062404027368,HDHPC,14,6,500,286.0,143000.0
2021062404027367,HDHPC,16,6,137,286.0,39182.0
2021062404027229,HDHPC,16,33,63,286.0,18018.0
2021062404027228,HDHPC,11,33,451,286.0,128986.0
2021062404027227,HDHPC,7,33,500,286.0,143000.0
2021062404027226,HDHPC,47,33,40,286.0,11440.0
2021062404027363,HGI,39,45,159,785.0,124815.0
2021062404027362,HGI,32,45,21,786.0,16506.0
2021062404027361,HGI,19,45,100,786.0,78600.0
2021062404027248,HPPL,50,14,20,408.0,8160.0
2021062404027247,HPPL,55,14,10,408.0,4080.0
2021062404027246,HPPL,42,14,20,408.0,8160.0
2021062404027477,JOSHI,7,34,200,295.0,59000.0
2021062404027435,KKHC,37,7,75,290.0,21750.0
2021062404027335,KKHC,41,7,100,290.0,29000.0
2021062404027310,KKHC,51,53,91,290.0,26390.0
2021062404027309,KKHC,44,53,33,290.0,9570.0
2021062404027186,KPCL,6,34,38,445.0,16910.0
2021062404027488,LEC,57,14,20,360.0,7200.0
2021062404027487,LEC,57,45,10,360.0,3600.0
2021062404027463,LEC,28,45,10,360.0,3600.0
2021062404027462,LEC,28,41,40,360.0,14400.0
2021062404027413,LEC,28,41,30,357.0,10710.0
2021062404027331,LEC,45,59,10,360.0,3600.0
2021062404027330,LGIL,26,35,315,801.0,252315.0
2021062404027329,LGIL,35,35,85,803.0,68255.0
2021062404027283,LGIL,25,43,50,804.0,40200.0
2021062404027263,MEN,28,38,10,861.0,8610.0
2021062404027357,MHNL,5,58,250,332.0,83000.0
2021062404027205,MHNL,5,58,250,332.0,83000.0
2021062404027204,MHNL,55,58,100,332.0,33200.0
2021062404027203,MHNL,55,58,100,332.0,33200.0
2021062404027202,MHNL,58,58,10,332.0,3320.0
2021062404027201,MHNL,57,58,40,333.0,13320.0
2021062404027384,NGPL,42,13,50,500.0,25000.0
2021062404027337,NGPL,14,29,980,503.0,492940.0
2021062404027313,NGPL,1,45,57,505.0,28785.0
2021062404027312,NGPL,1,50,12,505.0,6060.0
2021062404027311,NGPL,1,52,30,505.0,15150.0
2021062404027088,NGPL,14,21,20,503.0,10060.0
2021062404027087,NGPL,45,21,80,503.0,40240.0
2021062404027409,NHDL,44,44,50,437.0,21850.0
2021062404027564,NHPC,49,21,100,322.0,32200.0
2021062404027563,NHPC,35,21,622,322.0,200284.0
2021062404027562,NHPC,51,21,462,322.0,148764.0
2021062404027556,NHPC,51,56,538,322.0,173236.0
2021062404027555,NHPC,49,56,100,322.0,32200.0
2021062404027554,NHPC,36,56,62,322.0,19964.0
2021062404027085,NHPC,36,13,15,322.0,4830.0
2021062404027294,NHPC,38,44,200,323.0,64600.0
2021062404027291,NHPC,36,50,"1,500",322.0,483000.0
2021062404027285,NHPC,11,44,100,323.0,32300.0
2021062404027171,NHPC,36,36,"1,000",322.0,322000.0
2021062404027161,NHPC,36,49,50,322.0,16100.0
2021062404027117,NHPC,36,26,"1,000",322.0,322000.0
2021062404027414,NHPC,3,44,265,322.0,85330.0
2021062404027404,NHPC,3,13,700,322.0,225400.0
2021062404027396,NHPC,3,57,35,322.0,11270.0
2021062404027395,NHPC,36,57,965,322.0,310730.0
2021062404027374,NHPC,51,44,20,323.0,6460.0
2021062404027338,NHPC,36,14,50,322.0,16100.0
2021062404027420,NHPC,44,44,741,322.0,238602.0
2021062404027419,NHPC,49,44,64,322.0,20608.0
2021062404027418,NHPC,1,44,200,322.0,64400.0
2021062404027417,NHPC,52,44,30,322.0,9660.0
2021062404027416,NHPC,17,44,100,322.0,32200.0
2021062404027415,NHPC,44,44,100,322.0,32200.0
2021062404027552,NHPC,36,14,100,322.0,32200.0
2021062404027503,NHPC,25,44,500,323.0,161500.0
2021062404027501,NHPC,36,48,38,322.0,12236.0
2021062404027500,NHPC,44,48,462,322.0,148764.0
2021062404027468,NHPC,44,14,600,322.0,193200.0
2021062404027429,NHPC,44,6,150,322.0,48300.0
2021062404027542,NICL,1,54,211,1190.0,251090.0
2021062404027541,NICL,1,32,224,1190.0,266560.0
2021062404027540,NICL,1,28,150,1189.0,178350.0
2021062404027539,NICL,1,44,70,1185.0,82950.0
2021062404027538,NICL,1,41,10,1184.0,11840.0
2021062404027537,NICL,1,13,185,1183.0,218855.0
2021062404027150,NICL,10,28,120,1185.0,142200.0
2021062404027080,NICL,56,1,240,1189.0,285360.0
2021062404027079,NICL,56,25,190,1189.0,225910.0
2021062404027078,NICL,56,53,50,1187.0,59350.0
2021062404027077,NICL,56,14,100,1185.0,118500.0
2021062404027076,NICL,56,28,420,1183.0,496860.0
2021062404027170,NICL,56,32,516,1190.0,614040.0
2021062404027169,NICL,56,59,22,1190.0,26180.0
2021062404027168,NICL,56,28,82,1190.0,97580.0
2021062404027167,NICL,56,22,50,1189.0,59450.0
2021062404027166,NICL,56,1,300,1189.0,356700.0
2021062404027165,NICL,56,28,30,1185.0,35550.0
2021062404027440,NICL,41,48,10,1183.0,11830.0
2021062404027439,NICL,45,48,200,1183.0,236600.0
2021062404027438,NICL,16,48,100,1183.0,118300.0
2021062404027403,NICL,45,44,20,1185.0,23700.0
2021062404027378,NICL,38,44,10,1185.0,11850.0
2021062404027184,NICL,29,38,20,1182.0,23640.0
2021062404027446,NICL,52,48,45,1178.0,53010.0
2021062404027445,NICL,44,48,200,1178.0,235600.0
2021062404027444,NICL,14,48,100,1178.0,117800.0
2021062404027443,NICL,22,48,50,1178.0,58900.0
2021062404027442,NICL,32,48,100,1182.0,118200.0
2021062404027441,NICL,25,48,50,1182.0,59100.0
2021062404027508,NICL,52,13,100,1183.0,118300.0
2021062404027506,NICL,45,13,15,1183.0,17745.0
2021062404027450,NICL,44,48,"1,377",1177.0,1620729.0
2021062404027449,NICL,6,48,10,1177.0,11770.0
2021062404027448,NICL,6,48,10,1177.0,11770.0
2021062404027447,NICL,58,48,50,1178.0,58900.0
2021062404027494,NIL,29,52,100,1610.0,161000.0
2021062404027493,NIL,29,40,50,1610.0,80500.0
2021062404027492,NIL,29,1,48,1610.0,77280.0
2021062404027491,NIL,29,34,300,1610.0,483000.0
2021062404027490,NIL,29,13,50,1610.0,80500.0
2021062404027489,NIL,29,1,281,1610.0,452410.0
2021062404027211,NIL,16,1,19,1610.0,30590.0
2021062404027210,NIL,16,22,81,1609.0,130329.0
2021062404027279,NIL,38,14,20,1608.0,32160.0
2021062404027278,NIL,50,14,130,1608.0,209040.0
2021062404027277,NIL,34,14,10,1608.0,16080.0
2021062404027276,NIL,22,14,31,1608.0,49848.0
2021062404027245,NIL,22,36,169,1608.0,271752.0
2021062404027244,NIL,58,36,31,1608.0,49848.0
2021062404027425,NIL,17,39,60,1608.0,96480.0
2021062404027424,NIL,17,50,30,1608.0,48240.0
2021062404027336,NIL,58,50,200,1608.0,321600.0
2021062404027318,NIL,57,50,20,1608.0,32160.0
2021062404027297,NIL,58,50,10,1608.0,16080.0
2021062404027280,NIL,14,14,100,1608.0,160800.0
2021062404027112,NLG,57,20,40,1332.0,53280.0
2021062404027111,NLG,34,20,460,1333.0,613180.0
2021062404027081,NLG,34,34,40,1333.0,53320.0
2021062404027218,NLG,57,14,90,1332.0,119880.0
2021062404027209,NLG,38,4,100,1334.0,133400.0
2021062404027296,NLG,48,26,100,1334.0,133400.0
2021062404027295,NLG,48,4,100,1334.0,133400.0
2021062404027486,NLG,16,36,350,1332.0,466200.0
2021062404027485,NLG,14,36,80,1332.0,106560.0
2021062404027484,NLG,57,36,35,1332.0,46620.0
2021062404027380,NLG,48,26,100,1334.0,133400.0
2021062404027423,OHL,42,59,122,553.0,67466.0
2021062404027422,OHL,14,59,10,553.0,5530.0
2021062404027421,OHL,34,59,10,556.0,5560.0
2021062404027411,PIC,3,42,181,1212.0,219372.0
2021062404027355,PICL,35,21,30,839.0,25170.0
2021062404027354,PICL,48,21,10,839.0,8390.0
2021062404027267,PMHPL,55,33,750,291.0,218250.0
2021062404027356,PPCL,17,34,40,358.0,14320.0
2021062404027332,PPCL,17,36,10,358.0,3580.0
2021062404027317,PRIN,35,35,129,975.0,125775.0
2021062404027316,PRIN,16,35,50,975.0,48750.0
2021062404027315,PRIN,49,35,20,975.0,19500.0
2021062404027314,PRIN,51,35,100,975.0,97500.0
2021062404027192,PRIN,19,38,106,976.0,103456.0
2021062404027191,PRIN,17,38,150,976.0,146400.0
2021062404027123,PRIN,38,34,100,977.0,97700.0
2021062404027122,PRIN,26,34,50,977.0,48850.0
2021062404027121,PRIN,59,34,621,977.0,606717.0
2021062404027190,PRIN,45,38,10,976.0,9760.0
2021062404027189,PRIN,38,38,500,976.0,488000.0
2021062404027188,PRIN,21,38,20,976.0,19520.0
2021062404027187,PRIN,8,38,587,976.0,572912.0
2021062404027185,PRIN,59,35,72,977.0,70344.0
2021062404027124,PRIN,59,34,28,977.0,27356.0
2021062404027565,RADHI,52,1,50,1209.0,60450.0
2021062404027528,RADHI,13,20,18,1205.0,21690.0
2021062404027527,RADHI,6,20,50,1205.0,60250.0
2021062404027526,RADHI,34,20,30,1205.0,36150.0
2021062404027525,RADHI,33,20,200,1205.0,241000.0
2021062404027524,RADHI,56,20,100,1205.0,120500.0
2021062404027143,RADHI,45,34,30,1209.0,36270.0
2021062404027142,RADHI,45,16,10,1209.0,12090.0
2021062404027116,RADHI,42,48,73,1207.0,88111.0
2021062404027115,RADHI,38,48,21,1207.0,25347.0
2021062404027082,RADHI,13,38,10,1208.0,12080.0
2021062404027215,RADHI,26,17,29,1209.0,35061.0
2021062404027182,RADHI,26,48,11,1209.0,13299.0
2021062404027181,RADHI,45,48,19,1209.0,22971.0
2021062404027159,RADHI,57,16,100,1210.0,121000.0
2021062404027156,RADHI,58,16,39,1210.0,47190.0
2021062404027155,RADHI,58,8,61,1210.0,73810.0
2021062404027270,RADHI,36,16,20,1210.0,24200.0
2021062404027266,RADHI,33,41,200,1208.0,241600.0
2021062404027232,RADHI,42,6,30,1207.0,36210.0
2021062404027231,RADHI,58,6,39,1208.0,47112.0
2021062404027217,RADHI,58,17,11,1208.0,13288.0
2021062404027216,RADHI,38,17,10,1208.0,12080.0
2021062404027511,RADHI,57,20,10,1208.0,12080.0
2021062404027510,RADHI,33,20,400,1208.0,483200.0
2021062404027495,RADHI,26,1,10,1209.0,12090.0
2021062404027428,RADHI,22,1,30,1209.0,36270.0
2021062404027373,RADHI,57,1,10,1209.0,12090.0
2021062404027365,RADHI,17,39,100,1209.0,120900.0
2021062404027517,RADHI,35,20,10,1206.0,12060.0
2021062404027516,RADHI,35,20,10,1206.0,12060.0
2021062404027515,RADHI,57,20,200,1207.0,241400.0
2021062404027514,RADHI,14,20,30,1207.0,36210.0
2021062404027513,RADHI,42,20,47,1207.0,56729.0
2021062404027512,RADHI,51,20,50,1208.0,60400.0
2021062404027523,RADHI,38,20,50,1205.0,60250.0
2021062404027522,RADHI,41,20,85,1205.0,102425.0
2021062404027521,RADHI,45,20,35,1206.0,42210.0
2021062404027520,RADHI,19,20,100,1206.0,120600.0
2021062404027519,RADHI,33,20,40,1206.0,48240.0
2021062404027518,RADHI,49,20,35,1206.0,42210.0
2021062404027399,RHPC,35,6,192,557.0,106944.0
2021062404027385,RHPC,48,6,208,557.0,115856.0
2021062404027348,RHPC,41,34,300,559.0,167700.0
2021062404027343,RHPC,48,5,42,557.0,23394.0
2021062404027299,RHPC,48,41,50,557.0,27850.0
2021062404027114,RHPC,41,34,50,559.0,27950.0
2021062404027567,RHPL,8,7,200,463.0,92600.0
2021062404027393,RHPL,50,7,50,463.0,23150.0
2021062404027386,RHPL,14,36,10,462.0,4620.0
2021062404027383,RHPL,40,7,110,463.0,50930.0
2021062404027382,RHPL,40,59,90,463.0,41670.0
2021062404027349,RHPL,38,59,100,463.0,46300.0
2021062404027175,RHPL,54,59,810,463.0,375030.0
2021062404027174,RHPL,42,59,180,464.0,83520.0
2021062404027152,RHPL,42,48,200,464.0,92800.0
2021062404027151,RHPL,42,39,180,464.0,83520.0
2021062404027083,RHPL,54,39,70,463.0,32410.0
2021062404027183,RHPL,41,59,30,463.0,13890.0
2021062404027180,RHPL,35,59,30,463.0,13890.0
2021062404027179,RHPL,38,59,10,463.0,4630.0
2021062404027178,RHPL,32,59,200,463.0,92600.0
2021062404027177,RHPL,47,59,50,463.0,23150.0
2021062404027176,RHPL,45,59,100,463.0,46300.0
2021062404027507,RRHP,55,26,300,390.0,117000.0
2021062404027154,RRHP,33,55,60,395.0,23700.0
2021062404027153,RRHP,33,59,300,394.0,118200.0
2021062404027454,SGI,59,38,10,741.0,7410.0
2021062404027207,SGI,59,59,10,741.0,7410.0
2021062404027139,SGI,25,26,20,742.0,14840.0
2021062404027075,SGI,59,54,10,741.0,7410.0
2021062404027376,SHL,52,59,200,271.0,54200.0
2021062404027375,SHL,52,57,200,271.0,54200.0
2021062404027453,SHPC,56,50,905,494.0,447070.0
2021062404027452,SHPC,56,25,305,493.0,150365.0
2021062404027257,SHPC,13,25,25,493.0,12325.0
2021062404027256,SHPC,58,25,350,493.0,172550.0
2021062404027206,SHPC,58,55,140,493.0,69020.0
2021062404027364,SHPC,35,43,100,493.0,49300.0
2021062404027258,SHPC,35,25,125,493.0,61625.0
2021062404027392,SHPC,32,25,500,493.0,246500.0
2021062404027391,SHPC,11,25,250,493.0,123250.0
2021062404027390,SHPC,42,25,50,493.0,24650.0
2021062404027389,SHPC,50,25,20,493.0,9860.0
2021062404027388,SHPC,7,25,100,493.0,49300.0
2021062404027387,SHPC,35,25,775,493.0,382075.0
2021062404027334,SIC,55,21,10,1593.0,15930.0
2021062404027333,SIC,45,21,90,1594.0,143460.0
2021062404027302,SIC,45,16,110,1594.0,175340.0
2021062404027274,SIC,55,34,30,1593.0,47790.0
2021062404027273,SIC,11,34,60,1593.0,95580.0
2021062404027272,SIC,45,34,10,1593.0,15930.0
2021062404027483,SICL,17,39,68,2020.0,137360.0
2021062404027482,SICL,17,49,32,2020.0,64640.0
2021062404027481,SICL,41,49,50,2020.0,101000.0
2021062404027480,SICL,21,49,18,2020.0,36360.0
2021062404027479,SICL,57,21,65,2021.0,131365.0
2021062404027478,SICL,57,11,15,2021.0,30315.0
2021062404027346,SICL,8,5,40,2020.0,80800.0
2021062404027345,SICL,42,5,25,2020.0,50500.0
2021062404027344,SICL,4,5,27,2020.0,54540.0
2021062404027470,SICL,53,34,19,2020.0,38380.0
2021062404027469,SICL,58,34,10,2020.0,20200.0
2021062404027412,SICL,39,11,25,2021.0,50525.0
2021062404027410,SICL,21,11,150,2021.0,303150.0
2021062404027372,SICL,58,57,50,2020.0,101000.0
2021062404027347,SICL,16,5,100,2020.0,202000.0
2021062404027476,SICL,21,50,18,2020.0,36360.0
2021062404027475,SICL,32,50,20,2020.0,40400.0
2021062404027474,SICL,58,50,10,2020.0,20200.0
2021062404027473,SICL,16,50,52,2020.0,105040.0
2021062404027472,SICL,16,34,48,2020.0,96960.0
2021062404027471,SICL,56,34,10,2020.0,20200.0
2021062404027502,SJCL,33,52,20,436.0,8720.0
2021062404027426,SJCL,58,48,870,435.0,378450.0
2021062404027303,SJCL,58,17,40,435.0,17400.0
2021062404027300,SJCL,22,48,50,436.0,21800.0
2021062404027298,SJCL,58,48,10,436.0,4360.0
2021062404027284,SJCL,38,48,10,436.0,4360.0
2021062404027271,SJCL,58,17,30,435.0,13050.0
2021062404027197,SJCL,58,55,40,435.0,17400.0
2021062404027126,SJCL,58,8,140,435.0,60900.0
2021062404027125,SJCL,57,8,40,435.0,17400.0
2021062404027566,SPDL,34,7,100,417.0,41700.0
2021062404027381,SPDL,4,1,100,416.0,41600.0
2021062404027366,SPDL,48,7,145,417.0,60465.0
2021062404027359,SPDL,4,48,100,416.0,41600.0
2021062404027358,SPDL,25,48,100,416.0,41600.0
2021062404027241,SPDL,14,45,150,415.0,62250.0
2021062404027234,SPDL,42,45,200,416.0,83200.0
2021062404027233,SPDL,33,45,430,416.0,178880.0
2021062404027240,SPDL,19,45,40,415.0,16600.0
2021062404027239,SPDL,38,45,30,415.0,12450.0
2021062404027238,SPDL,38,45,30,415.0,12450.0
2021062404027237,SPDL,44,45,50,415.0,20750.0
2021062404027236,SPDL,41,45,"1,000",415.0,415000.0
2021062404027235,SPDL,48,45,70,415.0,29050.0
2021062404027305,SSHL,55,35,510,335.0,170850.0
2021062404027253,TRH,33,28,117,387.0,45279.0
2021062404027252,TRH,44,28,383,389.0,148987.0
2021062404027195,TRH,44,58,"1,000",389.0,389000.0
2021062404027194,TRH,44,56,90,389.0,35010.0
2021062404027193,TRH,44,8,117,388.0,45396.0
2021062404027120,TRH,1,8,40,388.0,15520.0
2021062404027119,TRH,32,8,100,388.0,38800.0
2021062404027118,TRH,55,8,243,388.0,94284.0
2021062404027544,UMHL,45,45,50,371.0,18550.0
2021062404027496,UMHL,45,59,50,371.0,18550.0
2021062404027408,UMHL,41,34,300,372.0,111600.0
2021062404027397,UMHL,17,34,500,372.0,186000.0
2021062404027104,UMHL,21,28,100,372.0,37200.0
2021062404027103,UMHL,44,28,694,372.0,258168.0
2021062404027130,UMHL,34,34,200,372.0,74400.0
2021062404027129,UMHL,58,34,30,372.0,11160.0
2021062404027128,UMHL,34,34,29,372.0,10788.0
2021062404027127,UMHL,34,50,355,372.0,132060.0
2021062404027106,UMHL,34,28,116,372.0,43152.0
2021062404027105,UMHL,34,28,90,372.0,33480.0
2021062404027136,UMHL,13,34,100,372.0,37200.0
2021062404027135,UMHL,21,34,"1,000",372.0,372000.0
2021062404027134,UMHL,56,34,10,372.0,3720.0
2021062404027133,UMHL,41,34,400,372.0,148800.0
2021062404027132,UMHL,42,34,50,372.0,18600.0
2021062404027131,UMHL,32,34,70,372.0,26040.0
2021062404027230,UMHL,34,34,250,372.0,93000.0
2021062404027138,UMHL,44,34,500,372.0,186000.0
2021062404027137,UMHL,14,34,100,372.0,37200.0
2021062404027360,UMHL,51,34,10,372.0,3720.0
2021062404027288,UMHL,56,34,10,372.0,3720.0
2021062404027282,UMHL,42,45,100,371.0,37100.0
2021062404027281,UMHL,49,45,350,371.0,129850.0
2021062404027394,UNHPL,58,22,125,368.0,46000.0
2021062404027293,UNHPL,45,22,100,368.0,36800.0
2021062404027292,UNHPL,13,22,50,368.0,18400.0
2021062404027259,UNHPL,48,49,100,370.0,37000.0
2021062404027437,UPCL,17,57,422,308.0,129976.0
2021062404027436,UPCL,17,52,78,308.0,24024.0
2021062404027196,UPCL,42,52,222,308.0,68376.0
2021062404027160,UPCL,47,45,"1,000",309.0,309000.0
2021062404027371,UPPER,25,11,140,745.0,104300.0
2021062404027213,UPPER,25,49,200,745.0,149000.0
2021062404027086,UPPER,25,58,56,745.0,41720.0
2021062404027046,AHPC,32,38,"1,110",485.0,538350.0
2021062404027045,AHPC,32,38,100,486.0,48600.0
2021062404027044,AHPC,3,38,20,486.0,9720.0
2021062404027043,AHPC,38,38,100,486.0,48600.0
2021062404027042,AHPC,53,38,170,486.0,82620.0
2021062404026764,AHPC,53,25,30,486.0,14580.0
2021062404026763,AHPC,36,25,30,486.0,14580.0
2021062404026890,AIL,19,38,10,824.0,8240.0
2021062404026795,AIL,55,45,50,823.0,41150.0
2021062404026794,AIL,55,43,10,823.0,8230.0
2021062404026644,AIL,38,38,10,822.0,8220.0
2021062404027001,AKJCL,14,35,83,292.0,24236.0
2021062404026631,AKJCL,7,35,200,292.0,58400.0
2021062404027011,AKPL,39,55,30,437.0,13110.0
2021062404026992,AKPL,57,55,50,437.0,21850.0
2021062404026991,AKPL,57,7,100,437.0,43700.0
2021062404026877,AKPL,48,7,100,437.0,43700.0
2021062404026876,AKPL,48,7,100,437.0,43700.0
2021062404026875,AKPL,45,7,50,437.0,21850.0
2021062404026874,AKPL,25,7,50,437.0,21850.0
2021062404026838,AKPL,42,45,50,438.0,21900.0
2021062404026813,AKPL,17,25,100,437.0,43700.0
2021062404026734,AKPL,17,10,20,437.0,8740.0
2021062404026576,AKPL,36,45,100,438.0,43800.0
2021062404027066,API,6,44,25,401.0,10025.0
2021062404027013,API,47,38,45,402.0,18090.0
2021062404027012,API,47,22,455,402.0,182910.0
2021062404026949,API,17,22,300,402.0,120600.0
2021062404026910,API,57,22,30,402.0,12060.0
2021062404026893,API,6,47,10,401.0,4010.0
2021062404026632,API,34,5,42,401.0,16842.0
2021062404026598,API,58,53,50,402.0,20100.0
2021062404026594,API,22,53,100,402.0,40200.0
2021062404026593,API,22,22,100,402.0,40200.0
2021062404026592,API,22,58,200,402.0,80400.0
2021062404026638,API,45,5,108,401.0,43308.0
2021062404026637,API,29,5,100,401.0,40100.0
2021062404026636,API,14,5,150,401.0,60150.0
2021062404026635,API,42,5,"1,000",401.0,401000.0
2021062404026634,API,46,5,500,401.0,200500.0
2021062404026633,API,19,5,100,401.0,40100.0
2021062404026703,API,5,34,380,402.0,152760.0
2021062404026693,API,55,22,130,402.0,52260.0
2021062404026692,API,55,21,170,402.0,68340.0
2021062404026689,API,57,21,30,402.0,12060.0
2021062404026683,API,45,21,150,402.0,60300.0
2021062404026682,API,45,53,50,402.0,20100.0
2021062404026756,API,54,34,300,401.0,120300.0
2021062404026755,API,45,34,392,401.0,157192.0
2021062404026745,API,14,22,500,402.0,201000.0
2021062404026741,API,38,38,4,394.0,1576.0
2021062404026728,API,48,22,400,402.0,160800.0
2021062404026704,API,5,22,120,402.0,48240.0
2021062404026762,API,32,34,363,401.0,145563.0
2021062404026761,API,19,34,100,401.0,40100.0
2021062404026760,API,40,34,200,401.0,80200.0
2021062404026759,API,40,34,200,401.0,80200.0
2021062404026758,API,25,34,"1,000",401.0,401000.0
2021062404026757,API,6,34,800,401.0,320800.0
2021062404026788,API,26,5,538,401.0,215738.0
2021062404026787,API,57,5,50,401.0,20050.0
2021062404026786,API,21,5,300,401.0,120300.0
2021062404026785,API,57,5,10,401.0,4010.0
2021062404026784,API,32,5,137,401.0,54937.0
2021062404026780,API,57,22,20,402.0,8040.0
2021062404026892,API,36,47,200,401.0,80200.0
2021062404026882,API,36,36,10,401.0,4010.0
2021062404026848,API,26,22,10,402.0,4020.0
2021062404026815,API,36,36,290,401.0,116290.0
2021062404026809,API,52,22,35,402.0,14070.0
2021062404026808,API,52,5,965,401.0,386965.0
2021062404026976,BARUN,21,38,20,530.0,10600.0
2021062404026975,BARUN,42,38,60,530.0,31800.0
2021062404026974,BARUN,14,38,20,531.0,10620.0
2021062404026929,BARUN,5,34,20,531.0,10620.0
2021062404027027,BPCL,57,36,10,500.0,5000.0
2021062404027026,BPCL,51,36,35,500.0,17500.0
2021062404027025,BPCL,16,36,90,500.0,45000.0
2021062404027024,BPCL,58,36,40,500.0,20000.0
2021062404027023,BPCL,36,36,42,500.0,21000.0
2021062404026568,BPCL,1,49,266,501.0,133266.0
2021062404026694,BPCL,1,36,186,501.0,93186.0
2021062404026679,BPCL,1,33,200,501.0,100200.0
2021062404026664,BPCL,1,13,113,501.0,56613.0
2021062404026726,BPCL,57,36,50,501.0,25050.0
2021062404026696,BPCL,4,36,10,501.0,5010.0
2021062404026695,BPCL,58,36,20,501.0,10020.0
2021062404026996,CGH,57,25,15,1589.0,23835.0
2021062404026982,CGH,7,25,131,1589.0,208159.0
2021062404026963,CGH,7,14,49,1589.0,77861.0
2021062404026944,CGH,7,38,10,1589.0,15890.0
2021062404026859,CGH,7,21,10,1589.0,15890.0
2021062404026789,CGH,50,38,10,1590.0,15900.0
2021062404026713,CGH,50,58,10,1590.0,15900.0
2021062404026650,CGH,28,16,25,1588.0,39700.0
2021062404026649,CGH,58,16,10,1590.0,15900.0
2021062404026983,CHCL,52,33,25,678.0,16950.0
2021062404026980,CHCL,44,6,15,680.0,10200.0
2021062404026979,CHCL,44,1,130,680.0,88400.0
2021062404026978,CHCL,44,49,45,679.0,30555.0
2021062404026977,CHCL,44,6,10,679.0,6790.0
2021062404026887,CHCL,52,6,120,678.0,81360.0
2021062404026677,CHCL,52,11,340,678.0,230520.0
2021062404026676,CHCL,26,11,10,678.0,6780.0
2021062404026675,CHCL,14,11,40,678.0,27120.0
2021062404026674,CHCL,56,11,100,678.0,67800.0
2021062404026673,CHCL,21,11,10,679.0,6790.0
2021062404026853,CHL,52,11,70,449.0,31430.0
2021062404026608,CHL,52,22,40,450.0,18000.0
2021062404026607,CHL,52,21,150,450.0,67500.0
2021062404026606,CHL,52,47,11,450.0,4950.0
2021062404026571,CHL,52,48,200,449.0,89800.0
2021062404026570,CHL,52,13,50,449.0,22450.0
2021062404026569,CHL,52,13,30,449.0,13470.0
2021062404027028,DHPL,1,55,38,280.0,10640.0
2021062404026962,DHPL,14,53,20,281.0,5620.0
2021062404026926,DHPL,1,25,600,280.0,168000.0
2021062404026925,DHPL,28,25,100,280.0,28000.0
2021062404026908,DHPL,47,53,50,281.0,14050.0
2021062404026907,DHPL,45,53,76,281.0,21356.0
2021062404026733,DHPL,45,16,100,281.0,28100.0
2021062404026613,DHPL,6,55,13,282.0,3666.0
2021062404026954,EIC,37,33,100,766.0,76600.0
2021062404026902,EIC,20,45,100,765.0,76500.0
2021062404026844,EIC,20,40,27,765.0,20655.0
2021062404026843,EIC,13,40,150,765.0,114750.0
2021062404026842,EIC,4,40,80,765.0,61200.0
2021062404026841,EIC,7,40,200,765.0,153000.0
2021062404026715,EIC,44,45,10,765.0,7650.0
2021062404026591,EIC,57,33,200,766.0,153200.0
2021062404026586,EIC,50,33,24,766.0,18384.0
2021062404026585,EIC,11,33,80,766.0,61280.0
2021062404026584,EIC,10,33,100,766.0,76600.0
2021062404026583,EIC,53,33,15,766.0,11490.0
2021062404026840,EIC,45,40,43,765.0,32895.0
2021062404026773,EIC,45,26,157,765.0,120105.0
2021062404026772,EIC,57,26,25,765.0,19125.0
2021062404026771,EIC,17,26,118,765.0,90270.0
2021062404026729,EIC,17,40,110,765.0,84150.0
2021062404026716,EIC,17,45,72,765.0,55080.0
2021062404026906,GHL,38,32,100,306.0,30600.0
2021062404026712,GHL,17,32,100,306.0,30600.0
2021062404026964,GIC,13,58,20,703.0,14060.0
2021062404026852,GIC,21,54,10,701.0,7010.0
2021062404026737,GIC,21,26,10,701.0,7010.0
2021062404026736,GIC,21,16,10,701.0,7010.0
2021062404026691,GIC,34,49,10,702.0,7020.0
2021062404026966,GLH,17,45,10,377.0,3770.0
2021062404026579,GLH,52,37,10,379.0,3790.0
2021062404027067,HDHPC,22,11,164,287.0,47068.0
2021062404027064,HDHPC,22,22,100,287.0,28700.0
2021062404026987,HDHPC,29,22,200,288.0,57600.0
2021062404026965,HDHPC,22,53,526,287.0,150962.0
2021062404026904,HDHPC,22,52,50,287.0,14350.0
2021062404026854,HDHPC,22,55,100,287.0,28700.0
2021062404026828,HDHPC,22,58,30,287.0,8610.0
2021062404026714,HDHPC,22,49,500,287.0,143500.0
2021062404026641,HDHPC,39,22,15,288.0,4320.0
2021062404026614,HDHPC,22,32,110,287.0,31570.0
2021062404027040,HGI,4,45,20,787.0,15740.0
2021062404027039,HGI,58,45,290,787.0,228230.0
2021062404027017,HGI,58,57,10,787.0,7870.0
2021062404026891,HGI,1,7,60,789.0,47340.0
2021062404026782,HGI,42,50,10,790.0,7900.0
2021062404026573,HGI,43,50,19,790.0,15010.0
2021062404026572,HGI,43,25,11,790.0,8690.0
2021062404026936,HPPL,42,14,30,408.0,12240.0
2021062404026935,HPPL,54,14,70,408.0,28560.0
2021062404026589,HPPL,54,14,50,408.0,20400.0
2021062404026588,HPPL,22,14,50,408.0,20400.0
2021062404026865,HURJA,44,35,10,353.0,3530.0
2021062404026702,IGI,52,47,20,1242.0,24840.0
2021062404026701,IGI,33,47,60,1244.0,74640.0
2021062404026587,IGI,52,45,57,1242.0,70794.0
2021062404027004,JOSHI,7,38,200,296.0,59200.0
2021062404026812,JOSHI,47,38,90,296.0,26640.0
2021062404026811,JOSHI,47,21,10,296.0,2960.0
2021062404026823,KKHC,44,45,300,290.0,87000.0
2021062404026822,KKHC,44,42,20,290.0,5800.0
2021062404026821,KKHC,44,21,10,290.0,2900.0
2021062404026820,KKHC,44,33,10,290.0,2900.0
2021062404026819,KKHC,44,21,10,290.0,2900.0
2021062404026818,KKHC,44,28,10,290.0,2900.0
2021062404026817,KKHC,44,42,37,290.0,10730.0
2021062404026816,KKHC,44,58,70,289.0,20230.0
2021062404026770,KKHC,37,42,43,290.0,12470.0
2021062404026769,KKHC,37,21,10,290.0,2900.0
2021062404026768,KKHC,37,41,20,290.0,5800.0
2021062404026922,KPCL,32,34,60,445.0,26700.0
2021062404026921,KPCL,32,56,20,444.0,8880.0
2021062404026920,KPCL,32,44,20,444.0,8880.0
2021062404026919,KPCL,32,50,160,442.0,70720.0
2021062404026839,KPCL,22,50,40,442.0,17680.0
2021062404026826,KPCL,34,40,10,441.0,4410.0
2021062404026747,KPCL,32,50,200,442.0,88400.0
2021062404026746,KPCL,32,50,100,443.0,44300.0
2021062404026942,LEC,45,13,250,360.0,90000.0
2021062404027038,LGIL,26,45,895,799.0,715105.0
2021062404027037,LGIL,36,45,100,799.0,79900.0
2021062404027036,LGIL,1,45,100,800.0,80000.0
2021062404027035,LGIL,35,45,25,801.0,20025.0
2021062404027034,LGIL,11,45,100,803.0,80300.0
2021062404027033,LGIL,29,45,80,803.0,64240.0
2021062404026765,MEN,57,58,10,861.0,8610.0
2021062404027063,MHNL,57,58,60,333.0,19980.0
2021062404027062,MHNL,35,58,100,333.0,33300.0
2021062404027061,MHNL,59,58,300,333.0,99900.0
2021062404027060,MHNL,41,58,10,333.0,3330.0
2021062404027059,MHNL,25,58,30,333.0,9990.0
2021062404027029,MHNL,13,43,34,333.0,11322.0
2021062404026897,MHNL,13,58,166,333.0,55278.0
2021062404026896,MHNL,49,58,100,333.0,33300.0
2021062404026895,MHNL,58,58,20,333.0,6660.0
2021062404026894,MHNL,22,58,14,333.0,4662.0
2021062404026810,MHNL,52,14,30,334.0,10020.0
2021062404026776,NGPL,49,42,100,505.0,50500.0
2021062404026775,NGPL,10,42,"1,000",505.0,505000.0
2021062404026774,NGPL,10,42,499,505.0,251995.0
2021062404027032,NHPC,26,44,50,323.0,16150.0
2021062404027031,NHPC,36,7,30,322.0,9660.0
2021062404026995,NHPC,36,38,50,322.0,16100.0
2021062404026985,NHPC,36,32,100,322.0,32200.0
2021062404026967,NHPC,36,39,500,322.0,161000.0
2021062404026959,NHPC,10,44,61,323.0,19703.0
2021062404026600,NHPC,45,40,500,322.0,161000.0
2021062404026595,NHPC,45,56,20,322.0,6440.0
2021062404026620,NHPC,10,37,223,323.0,72029.0
2021062404026619,NHPC,10,57,157,323.0,50711.0
2021062404026618,NHPC,10,1,430,323.0,138890.0
2021062404026617,NHPC,10,6,500,323.0,161500.0
2021062404026616,NHPC,10,45,350,323.0,113050.0
2021062404026615,NHPC,10,49,340,323.0,109820.0
2021062404026720,NHPC,36,17,10,322.0,3220.0
2021062404026700,NHPC,36,37,500,322.0,161000.0
2021062404026662,NHPC,32,37,20,323.0,6460.0
2021062404026630,NHPC,36,52,405,322.0,130410.0
2021062404026629,NHPC,4,52,500,322.0,161000.0
2021062404026628,NHPC,45,52,95,322.0,30590.0
2021062404026829,NHPC,10,56,228,323.0,73644.0
2021062404026781,NHPC,36,28,500,322.0,161000.0
2021062404026740,NHPC,10,56,272,323.0,87856.0
2021062404026739,NHPC,10,38,"1,000",323.0,323000.0
2021062404026738,NHPC,10,37,728,323.0,235144.0
2021062404026722,NHPC,42,37,29,323.0,9367.0
2021062404026835,NHPC,10,58,100,323.0,32300.0
2021062404026834,NHPC,10,35,100,323.0,32300.0
2021062404026833,NHPC,10,19,31,323.0,10013.0
2021062404026832,NHPC,10,16,160,323.0,51680.0
2021062404026831,NHPC,10,38,70,323.0,22610.0
2021062404026830,NHPC,10,11,290,323.0,93670.0
2021062404026903,NHPC,36,14,100,322.0,32200.0
2021062404026866,NHPC,36,36,500,322.0,161000.0
2021062404026847,NHPC,59,10,721,323.0,232883.0
2021062404026846,NHPC,59,38,279,323.0,90117.0
2021062404026837,NHPC,10,38,721,323.0,232883.0
2021062404026836,NHPC,10,56,300,323.0,96900.0
2021062404026958,NHPC,10,35,200,323.0,64600.0
2021062404026957,NHPC,10,10,"1,739",323.0,561697.0
2021062404026955,NHPC,36,4,310,322.0,99820.0
2021062404026947,NHPC,49,10,20,323.0,6460.0
2021062404026923,NHPC,36,36,550,322.0,177100.0
2021062404026911,NHPC,36,52,865,322.0,278530.0
2021062404027002,NICL,47,28,200,1183.0,236600.0
2021062404026999,NICL,59,28,380,1185.0,450300.0
2021062404026998,NICL,59,6,500,1185.0,592500.0
2021062404026994,NICL,59,52,20,1185.0,23700.0
2021062404026993,NICL,59,17,100,1185.0,118500.0
2021062404026988,NICL,38,16,16,1183.0,18928.0
2021062404026661,NICL,6,34,50,1183.0,59150.0
2021062404026660,NICL,6,19,50,1182.0,59100.0
2021062404026648,NICL,20,34,100,1183.0,118300.0
2021062404026627,NICL,50,38,50,1182.0,59100.0
2021062404026711,NICL,44,50,473,1183.0,559559.0
2021062404026710,NICL,49,50,27,1184.0,31968.0
2021062404026699,NICL,49,38,23,1184.0,27232.0
2021062404026672,NICL,44,55,604,1183.0,714532.0
2021062404026671,NICL,44,45,90,1183.0,106470.0
2021062404026670,NICL,44,34,288,1183.0,340704.0
2021062404026779,NICL,10,42,40,1184.0,47360.0
2021062404026767,NICL,10,53,160,1183.0,189280.0
2021062404026754,NICL,48,53,20,1183.0,23660.0
2021062404026753,NICL,44,53,20,1183.0,23660.0
2021062404026727,NICL,44,25,25,1183.0,29575.0
2021062404026725,NICL,44,48,500,1183.0,591500.0
2021062404026973,NICL,21,14,40,1184.0,47360.0
2021062404026928,NICL,29,35,10,1182.0,11820.0
2021062404026927,NICL,26,35,40,1183.0,47320.0
2021062404026806,NICL,3,25,10,1189.0,11890.0
2021062404026805,NICL,3,53,20,1188.0,23760.0
2021062404026804,NICL,3,42,50,1183.0,59150.0
2021062404026881,NIL,58,48,19,1608.0,30552.0
2021062404026880,NIL,34,48,79,1608.0,127032.0
2021062404026879,NIL,25,48,50,1609.0,80450.0
2021062404026878,NIL,40,48,52,1609.0,83668.0
2021062404026849,NIL,40,38,48,1609.0,77232.0
2021062404026681,NIL,34,13,121,1608.0,194568.0
2021062404026574,NIL,6,38,49,1609.0,78841.0
2021062404027003,NLG,57,10,247,1332.0,329004.0
2021062404026580,NLG,16,44,"1,122",1333.0,1495626.0
2021062404026640,NLG,57,26,300,1332.0,399600.0
2021062404026582,NLG,16,57,100,1333.0,133300.0
2021062404026581,NLG,16,25,14,1333.0,18662.0
2021062404026997,NLG,35,44,"1,000",1333.0,1333000.0
2021062404026868,NLG,16,43,150,1333.0,199950.0
2021062404026856,NLG,57,36,200,1332.0,266400.0
2021062404026724,OHL,14,33,190,553.0,105070.0
2021062404026678,OHL,14,38,100,553.0,55300.0
2021062404026898,PIC,3,8,50,1212.0,60600.0
2021062404026752,PIC,3,5,253,1212.0,306636.0
2021062404026751,PIC,58,5,100,1212.0,121200.0
2021062404026750,PIC,50,5,118,1212.0,143016.0
2021062404026749,PIC,49,5,32,1213.0,38816.0
2021062404026748,PIC,35,5,50,1214.0,60700.0
2021062404027022,PICL,58,13,90,834.0,75060.0
2021062404027021,PICL,49,13,210,834.0,175140.0
2021062404026981,PICL,49,35,30,834.0,25020.0
2021062404026956,PMHPL,45,13,80,292.0,23360.0
2021062404026901,PPCL,14,43,10,359.0,3590.0
2021062404027057,PRIN,59,53,100,977.0,97700.0
2021062404027010,PRIN,46,38,50,978.0,48900.0
2021062404027009,PRIN,59,38,"1,000",978.0,978000.0
2021062404027008,PRIN,49,38,86,978.0,84108.0
2021062404027007,PRIN,14,38,400,979.0,391600.0
2021062404027006,PRIN,45,38,25,979.0,24475.0
2021062404026984,PRIN,45,34,200,979.0,195800.0
2021062404026912,PRIN,34,34,500,980.0,490000.0
2021062404026656,PRIN,38,34,40,980.0,39200.0
2021062404026653,PRIN,45,13,100,979.0,97900.0
2021062404026610,PRIN,45,54,175,979.0,171325.0
2021062404026931,RADHI,38,29,59,1207.0,71213.0
2021062404026930,RADHI,52,29,41,1209.0,49569.0
2021062404026924,RADHI,52,44,59,1209.0,71331.0
2021062404026886,RADHI,39,8,139,1210.0,168190.0
2021062404026885,RADHI,39,17,50,1210.0,60500.0
2021062404026884,RADHI,39,34,11,1210.0,13310.0
2021062404026642,RADHI,42,42,200,1209.0,241800.0
2021062404026596,RADHI,42,53,100,1209.0,120900.0
2021062404026705,RADHI,49,25,10,1207.0,12070.0
2021062404026698,RADHI,1,35,20,1209.0,24180.0
2021062404026697,RADHI,58,35,64,1209.0,77376.0
2021062404026669,RADHI,58,58,36,1208.0,43488.0
2021062404026645,RADHI,29,58,14,1209.0,16926.0
2021062404026643,RADHI,29,42,26,1209.0,31434.0
2021062404026797,RADHI,57,1,55,1206.0,66330.0
2021062404026796,RADHI,26,1,10,1208.0,12080.0
2021062404026790,RADHI,38,47,20,1210.0,24200.0
2021062404026708,RADHI,57,25,45,1206.0,54270.0
2021062404026707,RADHI,6,25,10,1206.0,12060.0
2021062404026706,RADHI,22,25,35,1206.0,42210.0
2021062404026861,RADHI,42,47,1,1210.0,1210.0
2021062404026860,RADHI,26,47,50,1210.0,60500.0
2021062404026851,RADHI,39,47,21,1210.0,25410.0
2021062404026850,RADHI,39,57,79,1209.0,95511.0
2021062404026799,RADHI,33,1,19,1206.0,22914.0
2021062404026798,RADHI,1,1,16,1206.0,19296.0
2021062404026883,RADHI,39,49,100,1209.0,120900.0
2021062404026873,RADHI,35,25,90,1206.0,108540.0
2021062404026872,RADHI,17,25,100,1206.0,120600.0
2021062404026871,RADHI,13,25,50,1206.0,60300.0
2021062404026870,RADHI,26,25,50,1206.0,60300.0
2021062404026869,RADHI,35,25,10,1207.0,12070.0
2021062404027005,RHPL,54,26,40,463.0,18520.0
2021062404026948,RHPL,54,16,40,463.0,18520.0
2021062404026939,RHPL,21,39,100,464.0,46400.0
2021062404026913,RHPL,58,26,20,465.0,9300.0
2021062404026803,RHPL,54,17,30,465.0,13950.0
2021062404026802,RHPL,54,17,40,465.0,18600.0
2021062404026801,RHPL,54,58,130,465.0,60450.0
2021062404026730,RHPL,54,58,100,465.0,46500.0
2021062404026680,RHPL,54,21,20,463.0,9260.0
2021062404026609,RHPL,54,58,150,465.0,69750.0
2021062404026590,RHPL,54,58,800,465.0,372000.0
2021062404026601,RRHP,34,26,100,390.0,39000.0
2021062404026960,SEF,43,5,"12,200",13.85,168970.0
2021062404026933,SGI,34,26,25,742.0,18550.0
2021062404026905,SGI,26,26,50,742.0,37100.0
2021062404026857,SGI,59,48,10,741.0,7410.0
2021062404026778,SGI,59,22,200,741.0,148200.0
2021062404026723,SGI,59,45,20,741.0,14820.0
2021062404026663,SGI,21,26,40,742.0,29680.0
2021062404027000,SHL,49,44,100,270.0,27000.0
2021062404026867,SHL,44,43,150,270.0,40500.0
2021062404026721,SHL,44,57,100,270.0,27000.0
2021062404026652,SHL,44,14,750,270.0,202500.0
2021062404026651,SHL,38,14,250,270.0,67500.0
2021062404026578,SHL,38,8,250,270.0,67500.0
2021062404026577,SHL,58,8,150,270.0,40500.0
2021062404027047,SHPC,58,25,300,493.0,147900.0
2021062404027041,SHPC,45,50,100,494.0,49400.0
2021062404026621,SHPC,55,58,"1,000",495.0,495000.0
2021062404026626,SHPC,32,58,300,493.0,147900.0
2021062404026625,SHPC,57,58,100,493.0,49300.0
2021062404026624,SHPC,8,58,900,493.0,443700.0
2021062404026623,SHPC,51,58,100,494.0,49400.0
2021062404026622,SHPC,51,58,100,494.0,49400.0
2021062404026945,SHPC,36,58,10,494.0,4940.0
2021062404026943,SHPC,35,3,10,495.0,4950.0
2021062404026961,SHPC,45,3,345,495.0,170775.0
2021062404026953,SHPC,58,3,210,493.0,103530.0
2021062404026952,SHPC,22,3,80,493.0,39440.0
2021062404026951,SHPC,32,3,200,493.0,98600.0
2021062404026950,SHPC,6,3,10,494.0,4940.0
2021062404026946,SHPC,6,58,990,494.0,489060.0
2021062404026990,SIC,17,37,50,1593.0,79650.0
2021062404026989,SIC,51,37,10,1593.0,15930.0
2021062404026858,SIC,17,37,15,1594.0,23910.0
2021062404026731,SIC,37,37,25,1594.0,39850.0
2021062404026918,SICL,22,11,14,2021.0,28294.0
2021062404026909,SICL,22,37,10,2021.0,20210.0
2021062404026793,SICL,19,37,20,2021.0,40420.0
2021062404026792,SICL,19,6,50,2021.0,101050.0
2021062404026791,SICL,19,55,30,2021.0,60630.0
2021062404026575,SICL,4,17,23,2020.0,46460.0
2021062404027014,SIL,49,52,20,1099.0,21980.0
2021062404026657,SIL,52,52,100,1099.0,109900.0
2021062404027016,SJCL,57,25,20,435.0,8700.0
2021062404027015,SJCL,57,25,20,435.0,8700.0
2021062404026971,SJCL,57,28,80,435.0,34800.0
2021062404026970,SJCL,52,28,500,435.0,217500.0
2021062404026969,SJCL,49,28,"1,000",435.0,435000.0
2021062404026968,SJCL,52,28,20,435.0,8700.0
2021062404026685,SJCL,17,48,200,436.0,87200.0
2021062404026684,SJCL,6,48,100,436.0,43600.0
2021062404026938,SJCL,52,35,20,435.0,8700.0
2021062404026827,SJCL,52,14,10,435.0,4350.0
2021062404026783,SJCL,57,48,25,436.0,10900.0
2021062404026688,SJCL,34,48,175,436.0,76300.0
2021062404026687,SJCL,42,48,30,436.0,13080.0
2021062404026686,SJCL,41,48,30,436.0,13080.0
2021062404026735,SLCF,34,19,100,10.12,1012.0
2021062404026941,SPDL,33,43,60,416.0,24960.0
2021062404026862,SPDL,33,45,10,416.0,4160.0
2021062404026605,SPDL,48,57,79,415.0,32785.0
2021062404026604,SPDL,17,57,25,416.0,10400.0
2021062404026603,SPDL,17,33,55,416.0,22880.0
2021062404026602,SPDL,17,58,20,416.0,8320.0
2021062404027020,SSHL,45,35,"1,000",335.0,335000.0
2021062404027019,SSHL,58,35,10,335.0,3350.0
2021062404026900,SSHL,58,21,90,335.0,30150.0
2021062404026899,SSHL,32,21,210,335.0,70350.0
2021062404026889,SSHL,32,57,100,335.0,33500.0
2021062404026744,SSHL,32,6,190,335.0,63650.0
2021062404026743,SSHL,43,6,35,335.0,11725.0
2021062404026742,SSHL,29,6,125,335.0,41875.0
2021062404026659,SSHL,50,32,30,338.0,10140.0
2021062404027018,STC,57,13,10,9775.0,97750.0
2021062404026940,STC,50,13,40,9775.0,391000.0
2021062404026647,STC,59,45,20,9762.0,195240.0
2021062404026824,TRH,36,56,10,389.0,3890.0
2021062404026932,UIC,36,33,16,741.0,11856.0
2021062404026915,UIC,48,33,20,741.0,14820.0
2021062404026864,UIC,6,33,50,741.0,37050.0
2021062404026863,UIC,42,33,14,741.0,10374.0
2021062404026807,UIC,42,48,250,741.0,185250.0
2021062404027058,UMHL,44,59,50,372.0,18600.0
2021062404027030,UMHL,53,52,500,373.0,186500.0
2021062404026986,UMHL,44,8,200,372.0,74400.0
2021062404026972,UMHL,51,21,67,373.0,24991.0
2021062404026599,UMHL,44,36,200,372.0,74400.0
2021062404026777,UMHL,44,45,200,372.0,74400.0
2021062404026934,UMHL,44,58,70,372.0,26040.0
2021062404026855,UMHL,48,21,33,373.0,12309.0
2021062404026845,UMHL,44,36,201,372.0,74772.0
2021062404026825,UMHL,32,34,500,373.0,186500.0
2021062404026717,UMRH,57,21,20,455.0,9100.0
2021062404026709,UMRH,57,21,10,455.0,4550.0
2021062404027056,UNHPL,42,44,43,368.0,15824.0
2021062404027055,UNHPL,29,44,20,368.0,7360.0
2021062404027054,UNHPL,58,44,10,368.0,3680.0
2021062404027053,UNHPL,29,44,30,369.0,11070.0
2021062404027052,UNHPL,44,44,250,369.0,92250.0
2021062404027051,UNHPL,58,44,60,370.0,22200.0
2021062404026655,UNHPL,45,47,33,370.0,12210.0
2021062404026654,UNHPL,44,47,947,370.0,350390.0
2021062404027050,UNHPL,21,44,"1,000",370.0,370000.0
2021062404027049,UNHPL,49,44,487,370.0,180190.0
2021062404027048,UNHPL,38,44,100,371.0,37100.0
2021062404026914,UNHPL,38,44,100,371.0,37100.0
2021062404026719,UNHPL,49,22,13,370.0,4810.0
2021062404026718,UNHPL,45,22,17,370.0,6290.0
2021062404026937,UPCL,57,45,125,309.0,38625.0
2021062404026917,UPCL,57,43,25,309.0,7725.0
2021062404026916,UPCL,29,43,75,309.0,23175.0
2021062404026888,UPCL,29,58,615,309.0,190035.0
2021062404026667,UPCL,49,45,280,310.0,86800.0
2021062404026666,UPCL,49,28,200,310.0,62000.0
2021062404026665,UPCL,49,28,320,310.0,99200.0
2021062404026639,UPCL,29,28,200,309.0,61800.0
2021062404026612,UPCL,29,36,10,309.0,3090.0
2021062404026597,UPCL,29,34,"1,000",309.0,309000.0
2021062404026800,UPCL,29,13,50,309.0,15450.0
2021062404026690,UPCL,29,57,50,309.0,15450.0
2021062404026668,UPCL,49,1,200,310.0,62000.0
2021062404027065,UPPER,25,45,20,745.0,14900.0
2021062404026658,UPPER,25,13,40,745.0,29800.0
2021062404026646,UPPER,25,40,40,745.0,29800.0
2021062404026611,UPPER,25,1,100,745.0,74500.0
2021062404026814,UPPER,25,45,100,745.0,74500.0
2021062404026766,UPPER,25,55,50,745.0,37250.0
2021062404026732,UPPER,25,5,130,745.0,96850.0
2021062404026319,AHPC,36,55,20,486.0,9720.0
2021062404026245,AHPC,13,55,30,486.0,14580.0
2021062404026212,AHPC,53,21,420,486.0,204120.0
2021062404026526,AIL,14,43,10,823.0,8230.0
2021062404026524,AIL,14,16,10,823.0,8230.0
2021062404026398,AIL,38,43,10,822.0,8220.0
2021062404026345,AIL,38,38,10,822.0,8220.0
2021062404026297,AIL,14,43,10,823.0,8230.0
2021062404026263,AIL,14,11,90,823.0,74070.0
2021062404026179,AKJCL,29,35,90,292.0,26280.0
2021062404026157,AKJCL,29,43,10,292.0,2920.0
2021062404026517,AKPL,14,45,45,438.0,19710.0
2021062404026399,AKPL,14,55,225,438.0,98550.0
2021062404026382,AKPL,14,43,250,438.0,109500.0
2021062404026379,AKPL,14,26,"1,000",438.0,438000.0
2021062404026378,AKPL,14,33,470,438.0,205860.0
2021062404026377,AKPL,14,38,10,437.0,4370.0
2021062404026118,AKPL,36,34,147,436.0,64092.0
2021062404026117,AKPL,34,34,70,436.0,30520.0
2021062404026116,AKPL,16,34,100,436.0,43600.0
2021062404026115,AKPL,38,34,253,436.0,110308.0
2021062404026114,AKPL,14,34,50,437.0,21850.0
2021062404026372,AKPL,44,38,80,437.0,34960.0
2021062404026354,AKPL,44,1,120,437.0,52440.0
2021062404026217,AKPL,17,58,100,437.0,43700.0
2021062404026178,AKPL,44,33,30,438.0,13140.0
2021062404026177,AKPL,44,26,100,438.0,43800.0
2021062404026176,AKPL,44,25,70,438.0,30660.0
2021062404026565,API,34,1,200,401.0,80200.0
2021062404026550,API,34,5,258,401.0,103458.0
2021062404026549,API,54,5,"1,081",401.0,433481.0
2021062404026546,API,54,33,30,401.0,12030.0
2021062404026488,API,47,5,200,402.0,80400.0
2021062404026485,API,54,38,889,401.0,356489.0
2021062404026105,API,4,25,250,403.0,100750.0
2021062404026094,API,49,57,120,404.0,48480.0
2021062404026234,API,22,5,20,402.0,8040.0
2021062404026233,API,21,5,100,402.0,40200.0
2021062404026232,API,58,5,239,402.0,96078.0
2021062404026213,API,39,58,500,403.0,201500.0
2021062404026147,API,26,58,50,403.0,20150.0
2021062404026106,API,25,25,250,403.0,100750.0
2021062404026308,API,58,58,10,403.0,4030.0
2021062404026304,API,56,56,41,402.0,16482.0
2021062404026303,API,14,56,959,402.0,385518.0
2021062404026264,API,14,58,250,402.0,100500.0
2021062404026236,API,14,5,291,402.0,116982.0
2021062404026235,API,45,5,50,402.0,20100.0
2021062404026410,API,16,5,200,402.0,80400.0
2021062404026363,API,59,5,175,402.0,70350.0
2021062404026361,API,59,32,200,402.0,80400.0
2021062404026322,API,59,45,125,402.0,50250.0
2021062404026321,API,29,45,25,402.0,10050.0
2021062404026320,API,42,45,100,402.0,40200.0
2021062404026484,API,19,38,"1,000",401.0,401000.0
2021062404026483,API,57,38,50,401.0,20050.0
2021062404026482,API,34,38,153,401.0,61353.0
2021062404026481,API,35,38,25,401.0,10025.0
2021062404026480,API,17,38,883,401.0,354083.0
2021062404026468,API,26,5,86,402.0,34572.0
2021062404026240,BARUN,28,28,50,530.0,26500.0
2021062404026239,BARUN,47,28,31,530.0,16430.0
2021062404026477,BBC,10,43,10,5782.0,57820.0
2021062404026558,BPCL,1,42,65,501.0,32565.0
2021062404026495,BPCL,38,13,87,502.0,43674.0
2021062404026494,BPCL,38,40,200,502.0,100400.0
2021062404026278,BPCL,38,32,50,502.0,25100.0
2021062404026241,BPCL,1,28,200,501.0,100200.0
2021062404026156,BPCL,42,32,140,502.0,70280.0
2021062404026493,BPCL,38,26,100,502.0,50200.0
2021062404026492,BPCL,38,49,13,502.0,6526.0
2021062404026279,BPCL,38,49,50,502.0,25100.0
2021062404026498,CGH,38,16,10,1595.0,15950.0
2021062404026380,CGH,57,38,10,1594.0,15940.0
2021062404026351,CGH,19,43,100,1595.0,159500.0
2021062404026318,CGH,57,38,10,1594.0,15940.0
2021062404026121,CGH,57,28,20,1599.0,31980.0
2021062404026120,CGH,57,21,75,1593.0,119475.0
2021062404026098,CGH,28,21,100,1593.0,159300.0
2021062404026097,CGH,56,21,10,1594.0,15940.0
2021062404026096,CGH,35,21,20,1595.0,31900.0
2021062404026095,CGH,52,21,40,1595.0,63800.0
2021062404026467,CHCL,49,1,50,680.0,34000.0
2021062404026466,CHCL,16,1,20,680.0,13600.0
2021062404026387,CHCL,16,28,30,680.0,20400.0
2021062404026386,CHCL,32,28,20,680.0,13600.0
2021062404026101,CHCL,42,26,60,681.0,40860.0
2021062404026551,CHL,34,13,70,449.0,31430.0
2021062404026542,CMF2,19,26,500,12.87,6435.0
2021062404026340,DHPL,6,44,10,284.0,2840.0
2021062404026289,DHPL,45,49,101,281.0,28381.0
2021062404026288,DHPL,39,49,10,281.0,2810.0
2021062404026287,DHPL,58,49,189,281.0,53109.0
2021062404026503,EIC,41,40,10,767.0,7670.0
2021062404026502,EIC,4,40,30,767.0,23010.0
2021062404026501,EIC,32,40,50,767.0,38350.0
2021062404026500,EIC,17,40,200,767.0,153400.0
2021062404026499,EIC,51,40,100,767.0,76700.0
2021062404026342,EIC,20,33,55,768.0,42240.0
2021062404026161,EIC,11,45,50,768.0,38400.0
2021062404026160,EIC,16,45,13,768.0,9984.0
2021062404026237,EIC,3,33,50,768.0,38400.0
2021062404026226,EIC,28,33,100,768.0,76800.0
2021062404026225,EIC,41,33,20,768.0,15360.0
2021062404026224,EIC,45,33,13,768.0,9984.0
2021062404026163,EIC,45,45,37,768.0,28416.0
2021062404026162,EIC,8,45,200,768.0,153600.0
2021062404026302,GHL,39,6,90,305.0,27450.0
2021062404026400,GIC,21,26,10,701.0,7010.0
2021062404026381,GIC,21,19,10,701.0,7010.0
2021062404026285,GIC,21,42,10,701.0,7010.0
2021062404026260,GIC,21,58,10,701.0,7010.0
2021062404026540,GLH,17,22,10,377.0,3770.0
2021062404026476,GLH,52,48,10,378.0,3780.0
2021062404026475,GLH,52,52,10,378.0,3780.0
2021062404026474,GLH,52,51,10,378.0,3780.0
2021062404026473,GLH,52,45,10,378.0,3780.0
2021062404026180,GLH,16,58,10,376.0,3760.0
2021062404026149,GLH,16,21,10,376.0,3760.0
2021062404026100,GLH,16,59,10,376.0,3760.0
2021062404026388,HDHPC,36,22,50,288.0,14400.0
2021062404026367,HDHPC,22,45,420,287.0,120540.0
2021062404026366,HDHPC,47,45,80,287.0,22960.0
2021062404026293,HDHPC,17,22,100,288.0,28800.0
2021062404026292,HDHPC,25,22,500,288.0,144000.0
2021062404026291,HDHPC,42,22,"2,430",288.0,699840.0
2021062404026290,HDHPC,47,22,122,288.0,35136.0
2021062404026259,HDHPC,47,44,20,288.0,5760.0
2021062404026158,HDHPC,52,33,"1,000",289.0,289000.0
2021062404026109,HDHPC,47,14,60,288.0,17280.0
2021062404026071,HDHPC,21,33,50,289.0,14450.0
2021062404026394,HPPL,50,36,50,410.0,20500.0
2021062404026393,HPPL,32,36,500,410.0,205000.0
2021062404026392,HPPL,20,36,100,410.0,41000.0
2021062404026391,HPPL,22,36,100,410.0,41000.0
2021062404026390,HPPL,11,36,100,411.0,41100.0
2021062404026301,HPPL,22,34,50,410.0,20500.0
2021062404026089,HPPL,47,56,80,412.0,32960.0
2021062404026088,HPPL,52,56,100,412.0,41200.0
2021062404026300,HPPL,29,34,270,410.0,110700.0
2021062404026299,HPPL,1,34,120,411.0,49320.0
2021062404026298,HPPL,29,34,60,411.0,24660.0
2021062404026277,HPPL,29,34,100,411.0,41100.0
2021062404026091,HPPL,29,56,40,411.0,16440.0
2021062404026090,HPPL,42,56,10,411.0,4110.0
2021062404026257,HURJA,57,45,15,354.0,5310.0
2021062404026218,HURJA,44,38,10,353.0,3530.0
2021062404026405,IGI,52,57,70,1242.0,86940.0
2021062404026404,IGI,52,58,50,1240.0,62000.0
2021062404026357,IGI,36,58,50,1240.0,62000.0
2021062404026341,IGI,35,47,68,1240.0,84320.0
2021062404026223,IGI,35,57,10,1242.0,12420.0
2021062404026068,IGI,5,57,20,1242.0,24840.0
2021062404026252,IGI,28,48,30,1240.0,37200.0
2021062404026251,IGI,38,48,20,1240.0,24800.0
2021062404026250,IGI,35,48,20,1240.0,24800.0
2021062404026249,IGI,50,48,100,1240.0,124000.0
2021062404026248,IGI,46,48,10,1241.0,12410.0
2021062404026324,IGI,35,16,62,1240.0,76880.0
2021062404026254,IGI,35,48,70,1240.0,86800.0
2021062404026253,IGI,42,48,50,1240.0,62000.0
2021062404026182,JOSHI,42,21,10,296.0,2960.0
2021062404026181,JOSHI,42,52,10,296.0,2960.0
2021062404026102,JOSHI,42,17,40,295.0,11800.0
2021062404026276,KEF,6,21,100,10.4,1040.0
2021062404026275,KEF,6,45,200,10.31,2062.0
2021062404026274,KEF,6,1,100,10.3,1030.0
2021062404026273,KEF,6,32,500,10.3,5150.0
2021062404026272,KEF,6,7,500,10.14,5070.0
2021062404026155,KEF,6,42,500,10.25,5125.0
2021062404026154,KEF,6,57,100,10.23,1023.0
2021062404026153,KEF,6,58,150,10.22,1533.0
2021062404026152,KEF,6,7,"2,155",10.2,21981.0
2021062404026534,KKHC,37,36,50,289.0,14450.0
2021062404026465,KKHC,37,26,65,288.0,18720.0
2021062404026553,KPCL,35,44,10,444.0,4440.0
2021062404026552,KPCL,45,44,20,444.0,8880.0
2021062404026282,KPCL,45,1,10,444.0,4440.0
2021062404026281,KPCL,8,1,500,444.0,222000.0
2021062404026270,KPCL,6,34,38,445.0,16910.0
2021062404026544,LEC,45,45,200,362.0,72400.0
2021062404026271,LEC,28,45,55,357.0,19635.0
2021062404026074,LGIL,29,57,20,803.0,16060.0
2021062404026228,MEN,47,53,10,869.0,8690.0
2021062404026146,MEN,57,1,10,861.0,8610.0
2021062404026108,MEN,28,49,10,861.0,8610.0
2021062404026294,MHNL,22,16,30,333.0,9990.0
2021062404026497,NBF2,43,58,"50,000",13.8,690000.0
2021062404026434,NGPL,22,17,10,510.0,5100.0
