Transact. No.,Symbol,Buyer,Seller,Quantity,Rate,Amount
2021062704026301,AHPC,47,6,100,478.0,47800.0
2021062704026724,AHPC,59,59,500,479.0,239500.0
2021062704026667,AHPC,49,59,375,479.0,179625.0
2021062704026666,AHPC,47,59,500,479.0,239500.0
2021062704026501,AHPC,34,59,50,479.0,23950.0
2021062704026302,AHPC,32,6,80,476.0,38080.0
2021062704026546,AIL,28,42,90,815.0,73350.0
2021062704026481,AIL,38,42,10,815.0,8150.0
2021062704026480,AIL,38,57,80,815.0,65200.0
2021062704026467,AIL,53,57,10,815.0,8150.0
2021062704026424,AIL,17,11,36,813.0,29268.0
2021062704026423,AIL,42,11,20,813.0,16260.0
2021062704026355,AIL,42,45,30,813.0,24390.0
2021062704026669,AKJCL,34,28,130,285.0,37050.0
2021062704026668,AKJCL,13,28,370,286.0,105820.0
2021062704026611,AKJCL,13,19,100,286.0,28600.0
2021062704026610,AKJCL,13,5,50,286.0,14300.0
2021062704026609,AKJCL,13,41,10,286.0,2860.0
2021062704026608,AKJCL,13,52,470,286.0,134420.0
2021062704026395,AKPL,28,38,54,440.0,23760.0
2021062704026762,API,16,53,"1,000",395.0,395000.0
2021062704026754,API,16,10,10,395.0,3950.0
2021062704026749,API,16,45,100,395.0,39500.0
2021062704026625,API,16,36,400,395.0,158000.0
2021062704026623,API,47,26,50,396.0,19800.0
2021062704026622,API,47,50,50,396.0,19800.0
2021062704026391,API,53,45,50,396.0,19800.0
2021062704026390,API,28,45,40,396.0,15840.0
2021062704026389,API,49,45,250,396.0,99000.0
2021062704026338,API,34,41,150,397.0,59550.0
2021062704026528,API,48,41,150,395.0,59250.0
2021062704026527,API,35,41,100,395.0,39500.0
2021062704026526,API,8,41,25,395.0,9875.0
2021062704026525,API,48,41,370,395.0,146150.0
2021062704026393,API,41,45,500,396.0,198000.0
2021062704026392,API,56,45,100,396.0,39600.0
2021062704026621,API,47,45,60,396.0,23760.0
2021062704026533,API,37,41,497,395.0,196315.0
2021062704026532,API,41,41,500,395.0,197500.0
2021062704026531,API,50,41,50,395.0,19750.0
2021062704026530,API,1,41,100,395.0,39500.0
2021062704026529,API,57,41,10,395.0,3950.0
2021062704026748,BARUN,17,14,10,535.0,5350.0
2021062704026746,BARUN,20,58,735,543.0,399105.0
2021062704026745,BARUN,20,52,11,543.0,5973.0
2021062704026744,BARUN,20,14,50,543.0,27150.0
2021062704026743,BARUN,20,29,100,543.0,54300.0
2021062704026742,BARUN,20,53,150,540.0,81000.0
2021062704026421,BARUN,22,28,30,536.0,16080.0
2021062704026394,BARUN,32,28,126,536.0,67536.0
2021062704026367,BARUN,32,36,10,536.0,5360.0
2021062704026313,BARUN,32,26,50,536.0,26800.0
2021062704026312,BARUN,5,26,150,536.0,80400.0
2021062704026504,BARUN,17,14,346,535.0,185110.0
2021062704026503,BARUN,13,14,154,535.0,82390.0
2021062704026428,BARUN,13,43,825,535.0,441375.0
2021062704026589,BARUN,20,13,290,536.0,155440.0
2021062704026588,BARUN,20,8,91,536.0,48776.0
2021062704026587,BARUN,20,34,100,536.0,53600.0
2021062704026586,BARUN,20,28,344,536.0,184384.0
2021062704026594,BARUN,20,35,97,540.0,52380.0
2021062704026593,BARUN,20,38,300,539.0,161700.0
2021062704026592,BARUN,20,57,165,539.0,88935.0
2021062704026591,BARUN,20,49,293,537.0,157341.0
2021062704026590,BARUN,20,36,320,537.0,171840.0
2021062704026741,BARUN,20,52,95,540.0,51300.0
2021062704026740,BARUN,20,35,69,540.0,37260.0
2021062704026739,BARUN,20,48,290,536.0,155440.0
2021062704026727,BARUN,38,48,10,536.0,5360.0
2021062704026547,BBC,8,6,10,5680.0,56800.0
2021062704026760,BPCL,34,52,300,525.0,157500.0
2021062704026752,BPCL,38,51,100,524.0,52400.0
2021062704026719,BPCL,38,35,30,524.0,15720.0
2021062704026663,BPCL,53,52,272,525.0,142800.0
2021062704026598,BPCL,49,52,157,525.0,82425.0
2021062704026597,BPCL,49,42,13,525.0,6825.0
2021062704026427,BPCL,38,5,10,524.0,5240.0
2021062704026361,BPCL,38,57,300,524.0,157200.0
2021062704026560,BPCL,32,42,100,525.0,52500.0
2021062704026441,BPCL,49,42,137,525.0,71925.0
2021062704026440,BPCL,49,34,793,525.0,416325.0
2021062704026726,CGH,38,25,20,1564.0,31280.0
2021062704026420,CGH,45,3,10,1562.0,15620.0
2021062704026379,CGH,28,44,170,1560.0,265200.0
2021062704026378,CGH,51,44,10,1560.0,15600.0
2021062704026377,CGH,43,44,10,1561.0,15610.0
2021062704026376,CGH,47,44,80,1562.0,124960.0
2021062704026352,CGH,47,58,10,1562.0,15620.0
2021062704026617,CHCL,46,7,70,672.0,47040.0
2021062704026616,CHCL,19,7,90,672.0,60480.0
2021062704026615,CHCL,50,7,30,672.0,20160.0
2021062704026614,CHCL,25,7,200,672.0,134400.0
2021062704026520,CHCL,52,7,10,673.0,6730.0
2021062704026488,CHCL,16,7,500,673.0,336500.0
2021062704026398,CHCL,25,28,300,672.0,201600.0
2021062704026340,CHCL,29,7,100,673.0,67300.0
2021062704026300,CHCL,49,50,25,673.0,16825.0
2021062704026733,CHL,25,56,174,442.0,76908.0
2021062704026696,CHL,25,6,40,442.0,17680.0
2021062704026695,CHL,16,6,10,442.0,4420.0
2021062704026444,CMF1,45,22,"1,800",12.38,22284.0
2021062704026764,DHPL,52,45,40,277.0,11080.0
2021062704026763,DHPL,22,45,170,277.0,47090.0
2021062704026707,EIC,21,6,200,772.0,154400.0
2021062704026538,EIC,34,42,10,771.0,7710.0
2021062704026498,EIC,54,6,10,772.0,7720.0
2021062704026339,EIC,34,52,40,771.0,30840.0
2021062704026363,GHL,4,29,80,300.0,24000.0
2021062704026362,GHL,33,29,75,300.0,22500.0
2021062704026332,GHL,33,14,25,300.0,7500.0
2021062704026331,GHL,3,14,10,300.0,3000.0
2021062704026330,GHL,48,14,15,300.0,4500.0
2021062704026518,GIC,57,57,10,703.0,7030.0
2021062704026516,GIC,5,57,50,704.0,35200.0
2021062704026451,GIC,50,57,85,704.0,59840.0
2021062704026358,GIMES1,54,26,"1,000",19.55,19550.0
2021062704026736,GLH,51,5,10,378.0,3780.0
2021062704026549,GLH,49,44,10,377.0,3770.0
2021062704026507,GLH,49,3,10,377.0,3770.0
2021062704026466,GLH,49,6,22,377.0,8294.0
2021062704026445,GLH,49,45,10,377.0,3770.0
2021062704026359,GLH,49,6,75,377.0,28275.0
2021062704026349,GLH,49,38,10,377.0,3770.0
2021062704026329,GLH,49,34,10,377.0,3770.0
2021062704026713,HDHPC,49,33,50,286.0,14300.0
2021062704026683,HDHPC,26,33,200,286.0,57200.0
2021062704026646,HDHPC,5,33,20,286.0,5720.0
2021062704026604,HDHPC,51,33,10,286.0,2860.0
2021062704026603,HDHPC,51,36,290,286.0,82940.0
2021062704026585,HDHPC,35,36,10,286.0,2860.0
2021062704026397,HDHPC,43,49,210,285.0,59850.0
2021062704026396,HDHPC,42,49,90,285.0,25650.0
2021062704026346,HDHPC,42,57,50,285.0,14250.0
2021062704026357,HGI,46,49,10,785.0,7850.0
2021062704026316,HGI,46,45,240,785.0,188400.0
2021062704026315,HGI,34,45,50,785.0,39250.0
2021062704026314,HGI,6,45,10,785.0,7850.0
2021062704026304,HGI,6,44,"1,800",785.0,1413000.0
2021062704026303,HGI,6,5,400,785.0,314000.0
2021062704026624,HPPL,17,59,20,413.0,8260.0
2021062704026553,HPPL,17,45,100,413.0,41300.0
2021062704026552,HPPL,17,49,58,413.0,23954.0
2021062704026515,HPPL,28,11,10,411.0,4110.0
2021062704026382,HPPL,28,7,500,411.0,205500.0
2021062704026596,HURJA,21,36,20,358.0,7160.0
2021062704026595,HURJA,21,55,35,358.0,12530.0
2021062704026579,HURJA,21,45,50,357.0,17850.0
2021062704026350,HURJA,21,43,20,357.0,7140.0
2021062704026557,IGI,45,35,50,1224.0,61200.0
2021062704026422,IGI,4,35,10,1224.0,12240.0
2021062704026348,IGI,56,35,40,1224.0,48960.0
2021062704026289,IGI,22,35,10,1224.0,12240.0
2021062704026283,IGI,40,35,50,1224.0,61200.0
2021062704026282,IGI,50,35,85,1224.0,104040.0
2021062704026676,JOSHI,7,34,20,289.0,5780.0
2021062704026675,JOSHI,7,51,20,289.0,5780.0
2021062704026674,JOSHI,7,34,10,289.0,2890.0
2021062704026673,JOSHI,7,38,15,289.0,4335.0
2021062704026559,KKHC,45,8,162,285.0,46170.0
2021062704026280,KKHC,17,19,100,286.0,28600.0
2021062705000007,KLBSL,48,8,50,1570.0,78500.0
2021062705000006,KLBSL,43,11,10,1601.0,16010.0
2021062705000005,KLBSL,39,57,100,1570.0,157000.0
2021062705000004,KLBSL,29,22,44,1546.0,68024.0
2021062705000003,KLBSL,39,44,40,1542.0,61680.0
2021062705000002,KLBSL,41,44,10,1545.0,15450.0
2021062705000001,KLBSL,52,41,50,1533.0,76650.0
2021062704026568,KPCL,33,34,43,449.0,19307.0
2021062704026438,KPCL,33,46,10,443.0,4430.0
2021062704026659,LEC,45,6,257,359.0,92263.0
2021062704026658,LEC,45,48,243,357.0,86751.0
2021062704026651,LEC,5,48,100,357.0,35700.0
2021062704026650,LEC,5,48,77,357.0,27489.0
2021062704026649,LEC,50,48,50,357.0,17850.0
2021062704026648,LEC,4,48,20,357.0,7140.0
2021062704026453,LEC,45,1,20,359.0,7180.0
2021062704026452,LEC,45,6,10,359.0,3590.0
2021062704026328,LEC,45,36,10,358.0,3580.0
2021062704026288,LEC,45,29,100,358.0,35800.0
2021062704026287,LEC,45,41,170,358.0,60860.0
2021062704026647,LEC,52,48,10,358.0,3580.0
2021062704026458,LEC,45,45,305,360.0,109800.0
2021062704026457,LEC,45,58,10,360.0,3600.0
2021062704026456,LEC,45,44,10,360.0,3600.0
2021062704026455,LEC,45,16,160,359.0,57440.0
2021062704026454,LEC,45,26,10,359.0,3590.0
2021062704026545,LEMF,43,36,"5,000",13.3,66500.0
2021062704026544,LEMF,43,36,"95,000",13.3,1263500.0
2021062704026706,LGIL,35,3,32,793.0,25376.0
2021062704026703,LGIL,57,35,14,790.0,11060.0
2021062704026468,LGIL,38,35,18,791.0,14238.0
2021062704026279,LGIL,38,6,82,791.0,64862.0
2021062704026677,MHNL,21,49,30,330.0,9900.0
2021062704026320,MHNL,16,43,250,330.0,82500.0
2021062704026319,MHNL,16,43,372,330.0,122760.0
2021062704026318,MHNL,22,43,180,331.0,59580.0
2021062704026326,MHNL,16,43,608,329.0,200032.0
2021062704026325,MHNL,21,43,100,329.0,32900.0
2021062704026324,MHNL,39,43,100,329.0,32900.0
2021062704026323,MHNL,49,43,90,329.0,29610.0
2021062704026322,MHNL,6,43,200,330.0,66000.0
2021062704026321,MHNL,55,43,100,330.0,33000.0
2021062704026709,NEF,42,38,966,14.39,13900.74
2021062704026694,NGPL,48,7,100,485.0,48500.0
2021062704026693,NGPL,26,7,50,485.0,24250.0
2021062704026692,NGPL,41,7,100,485.0,48500.0
2021062704026691,NGPL,35,7,"2,000",485.0,970000.0
2021062704026690,NGPL,54,7,"1,000",485.0,485000.0
2021062704026689,NGPL,54,7,10,486.0,4860.0
2021062704026285,NGPL,54,20,10,487.0,4870.0
2021062704026284,NGPL,54,20,200,487.0,97400.0
2021062704026688,NGPL,38,7,200,486.0,97200.0
2021062704026687,NGPL,38,7,500,486.0,243000.0
2021062704026524,NGPL,29,45,75,487.0,36525.0
2021062704026523,NGPL,29,1,25,487.0,12175.0
2021062704026353,NGPL,42,1,35,487.0,17045.0
2021062704026286,NGPL,42,20,65,487.0,31655.0
2021062704026672,NHDL,47,5,10,453.0,4530.0
2021062704026671,NHDL,47,45,10,452.0,4520.0
2021062704026665,NHDL,57,21,10,450.0,4500.0
2021062704026664,NHDL,57,13,10,450.0,4500.0
2021062704026517,NHDL,57,11,10,449.0,4490.0
2021062704026737,NHPC,47,26,60,340.0,20400.0
2021062704026723,NHPC,59,20,20,339.0,6780.0
2021062704026682,NHPC,28,26,144,340.0,48960.0
2021062704026681,NHPC,28,22,50,340.0,17000.0
2021062704026680,NHPC,28,54,240,340.0,81600.0
2021062704026679,NHPC,28,57,300,340.0,102000.0
2021062704026294,NHPC,19,59,500,339.0,169500.0
2021062704026293,NHPC,41,59,60,339.0,20340.0
2021062704026383,NHPC,32,10,50,339.0,16950.0
2021062704026299,NHPC,32,59,40,339.0,13560.0
2021062704026298,NHPC,52,59,100,339.0,33900.0
2021062704026297,NHPC,5,59,10,339.0,3390.0
2021062704026296,NHPC,58,59,90,339.0,30510.0
2021062704026295,NHPC,59,59,200,339.0,67800.0
2021062704026405,NHPC,52,14,100,340.0,34000.0
2021062704026388,NHPC,38,14,105,340.0,35700.0
2021062704026387,NHPC,38,42,50,340.0,17000.0
2021062704026386,NHPC,38,34,20,340.0,6800.0
2021062704026385,NHPC,38,36,100,340.0,34000.0
2021062704026384,NHPC,38,6,175,340.0,59500.0
2021062704026433,NHPC,4,45,200,339.0,67800.0
2021062704026429,NHPC,57,14,10,340.0,3400.0
2021062704026425,NHPC,4,38,30,339.0,10170.0
2021062704026418,NHPC,29,14,10,340.0,3400.0
2021062704026416,NHPC,4,41,190,339.0,64410.0
2021062704026415,NHPC,32,41,210,339.0,71190.0
2021062704026479,NHPC,25,48,63,339.0,21357.0
2021062704026478,NHPC,59,48,100,339.0,33900.0
2021062704026477,NHPC,4,48,337,339.0,114243.0
2021062704026443,NHPC,35,14,10,340.0,3400.0
2021062704026442,NHPC,39,14,500,340.0,170000.0
2021062704026439,NHPC,4,58,243,339.0,82377.0
2021062704026521,NHPC,38,10,23,339.0,7797.0
2021062704026500,NHPC,58,10,500,339.0,169500.0
2021062704026492,NHPC,51,10,290,339.0,98310.0
2021062704026491,NHPC,14,10,100,339.0,33900.0
2021062704026490,NHPC,38,10,50,339.0,16950.0
2021062704026489,NHPC,25,10,37,339.0,12543.0
2021062704026600,NHPC,57,8,"1,000",340.0,340000.0
2021062704026599,NHPC,57,14,138,340.0,46920.0
2021062704026578,NHPC,20,14,200,340.0,68000.0
2021062704026563,NHPC,59,34,300,339.0,101700.0
2021062704026562,NHPC,38,34,200,339.0,67800.0
2021062704026522,NHPC,38,14,127,340.0,43180.0
2021062704026630,NHPC,25,43,50,340.0,17000.0
2021062704026629,NHPC,25,45,42,340.0,14280.0
2021062704026628,NHPC,25,38,50,340.0,17000.0
2021062704026627,NHPC,25,57,20,340.0,6800.0
2021062704026626,NHPC,25,52,138,340.0,46920.0
2021062704026601,NHPC,57,52,862,340.0,293080.0
2021062704026636,NHPC,25,53,110,340.0,37400.0
2021062704026635,NHPC,25,41,90,340.0,30600.0
2021062704026634,NHPC,25,11,50,340.0,17000.0
2021062704026633,NHPC,25,44,500,340.0,170000.0
2021062704026632,NHPC,25,38,100,340.0,34000.0
2021062704026631,NHPC,25,21,300,340.0,102000.0
2021062704026642,NHPC,25,43,500,340.0,170000.0
2021062704026641,NHPC,25,22,"1,996",340.0,678640.0
2021062704026640,NHPC,25,38,70,340.0,23800.0
2021062704026639,NHPC,25,22,100,340.0,34000.0
2021062704026638,NHPC,25,11,100,340.0,34000.0
2021062704026637,NHPC,25,54,250,340.0,85000.0
2021062704026678,NHPC,28,58,266,340.0,90440.0
2021062704026661,NHPC,42,58,84,340.0,28560.0
2021062704026660,NHPC,42,20,116,340.0,39440.0
2021062704026657,NHPC,49,20,50,340.0,17000.0
2021062704026644,NHPC,25,20,334,340.0,113560.0
2021062704026643,NHPC,25,33,200,340.0,68000.0
2021062704026718,NIBLPF,59,1,115,14.8,1702.0
2021062704026717,NIBLPF,59,52,"1,061",14.79,15692.19
2021062704026716,NIBLPF,59,37,"1,324",14.63,19370.12
2021062704026761,NICL,20,34,10,1164.0,11640.0
2021062704026730,NICL,20,58,105,1156.0,121380.0
2021062704026725,NICL,3,25,10,1157.0,11570.0
2021062704026656,NICL,20,34,209,1164.0,243276.0
2021062704026655,NICL,20,16,12,1164.0,13968.0
2021062704026654,NICL,20,1,50,1164.0,58200.0
2021062704026291,NICL,36,44,10,1157.0,11570.0
2021062704026290,NICL,21,44,800,1157.0,925600.0
2021062704026375,NICL,40,59,68,1158.0,78744.0
2021062704026374,NICL,40,21,40,1158.0,46320.0
2021062704026373,NICL,40,35,52,1157.0,60164.0
2021062704026372,NICL,40,48,40,1157.0,46280.0
2021062704026354,NICL,20,32,70,1156.0,80920.0
2021062704026292,NICL,20,44,"6,190",1156.0,7155640.0
2021062704026464,NICL,20,28,50,1158.0,57900.0
2021062704026463,NICL,20,59,82,1158.0,94956.0
2021062704026462,NICL,20,40,344,1157.0,398008.0
2021062704026432,NICL,20,37,"1,000",1156.0,1156000.0
2021062704026406,NICL,20,48,25,1156.0,28900.0
2021062704026381,NICL,20,59,50,1158.0,57900.0
2021062704026542,NICL,20,43,50,1160.0,58000.0
2021062704026541,NICL,20,57,479,1160.0,555640.0
2021062704026506,NICL,20,38,68,1156.0,78608.0
2021062704026505,NICL,19,38,82,1158.0,94956.0
2021062704026502,NICL,19,49,50,1158.0,57900.0
2021062704026465,NICL,20,57,524,1160.0,607840.0
2021062704026653,NICL,20,1,200,1162.0,232400.0
2021062704026652,NICL,20,45,529,1160.0,613640.0
2021062704026584,NICL,20,36,500,1156.0,578000.0
2021062704026583,NICL,20,4,10,1156.0,11560.0
2021062704026582,NICL,58,4,10,1157.0,11570.0
2021062704026543,NICL,20,45,471,1160.0,546360.0
2021062704026684,NIL,38,41,20,1668.0,33360.0
2021062704026618,NIL,57,41,50,1668.0,83400.0
2021062704026577,NIL,53,41,10,1668.0,16680.0
2021062704026564,NIL,50,41,100,1668.0,166800.0
2021062704026558,NIL,49,41,10,1668.0,16680.0
2021062704026510,NIL,7,41,10,1669.0,16690.0
2021062704026509,NIL,17,41,32,1669.0,53408.0
2021062704026461,NIL,38,58,48,1668.0,80064.0
2021062704026460,NIL,34,58,12,1668.0,20016.0
2021062704026459,NIL,42,58,40,1668.0,66720.0
2021062704026380,NIL,42,6,50,1669.0,83450.0
2021062704026274,NLG,50,52,60,1320.0,79200.0
2021062704026561,NLG,13,49,10,1323.0,13230.0
2021062704026540,NLG,43,13,20,1320.0,26400.0
2021062704026539,NLG,50,13,40,1320.0,52800.0
2021062704026721,OHL,48,57,20,554.0,11080.0
2021062704026735,PIC,49,26,20,1220.0,24400.0
2021062704026714,PIC,17,26,50,1220.0,61000.0
2021062704026670,PICL,17,52,50,828.0,41400.0
2021062704026613,PICL,21,52,50,828.0,41400.0
2021062704026356,PICL,34,10,100,825.0,82500.0
2021062704026759,PPCL,46,57,30,359.0,10770.0
2021062704026758,PPCL,46,21,10,357.0,3570.0
2021062704026757,PPCL,46,41,30,354.0,10620.0
2021062704026756,PPCL,46,21,10,354.0,3540.0
2021062704026755,PPCL,46,45,30,354.0,10620.0
2021062704026747,RADHI,59,32,10,1175.0,11750.0
2021062704026729,RADHI,45,32,50,1175.0,58750.0
2021062704026712,RADHI,7,32,40,1175.0,47000.0
2021062704026711,RADHI,14,32,30,1175.0,35250.0
2021062704026710,RADHI,58,32,84,1175.0,98700.0
2021062704026555,RADHI,58,16,16,1175.0,18800.0
2021062704026272,RADHI,45,22,120,1178.0,141360.0
2021062704026333,RADHI,6,51,10,1175.0,11750.0
2021062704026311,RADHI,6,44,44,1175.0,51700.0
2021062704026310,RADHI,58,44,100,1175.0,117500.0
2021062704026309,RADHI,50,44,25,1175.0,29375.0
2021062704026308,RADHI,45,44,84,1175.0,98700.0
2021062704026273,RADHI,45,32,50,1179.0,58950.0
2021062704026419,RADHI,35,26,25,1175.0,29375.0
2021062704026399,RADHI,58,32,100,1179.0,117900.0
2021062704026364,RADHI,26,32,100,1179.0,117900.0
2021062704026345,RADHI,35,41,81,1175.0,95175.0
2021062704026344,RADHI,52,41,130,1175.0,152750.0
2021062704026343,RADHI,6,41,146,1175.0,171550.0
2021062704026554,RADHI,35,16,44,1175.0,51700.0
2021062704026550,RADHI,45,32,80,1179.0,94320.0
2021062704026514,RADHI,35,33,50,1175.0,58750.0
2021062704026513,RADHI,19,33,50,1176.0,58800.0
2021062704026473,RADHI,10,32,100,1179.0,117900.0
2021062704026472,RADHI,10,34,100,1177.0,117700.0
2021062704026365,RBCL,58,58,10,21200.0,212000.0
2021062704026335,RBCL,17,38,10,21110.0,211100.0
2021062704026334,RBCL,19,38,10,21150.0,211500.0
2021062704026753,RHPC,33,48,190,594.0,112860.0
2021062704026620,RHPC,45,38,50,595.0,29750.0
2021062704026619,RHPC,45,22,50,594.0,29700.0
2021062704026565,RHPC,25,22,10,594.0,5940.0
2021062704026511,RHPC,19,22,40,594.0,23760.0
2021062704026482,RHPC,19,1,10,595.0,5950.0
2021062704026431,RHPC,19,47,357,595.0,212415.0
2021062704026281,RHPC,25,47,10,595.0,5950.0
2021062704026686,RHPL,33,40,28,467.0,13076.0
2021062704026685,RHPL,25,40,42,467.0,19614.0
2021062704026426,RHPL,25,41,10,467.0,4670.0
2021062704026402,RHPL,25,6,70,468.0,32760.0
2021062704026401,RHPL,25,45,150,468.0,70200.0
2021062704026400,RHPL,25,32,40,468.0,18720.0
2021062704026351,RHPL,25,11,20,467.0,9340.0
2021062704026471,RRHP,38,32,530,396.0,209880.0
2021062704026470,RRHP,42,32,30,396.0,11880.0
2021062704026469,RRHP,35,32,90,396.0,35640.0
2021062704026548,SAEF,41,51,400,16.45,6580.0
2021062704026342,SAEF,11,22,"1,000",16.4,16400.0
2021062704026605,SGI,32,47,40,740.0,29600.0
2021062704026430,SGI,26,36,250,739.0,184750.0
2021062704026347,SHL,48,42,100,267.0,26700.0
2021062704026734,SHPC,56,6,200,492.0,98400.0
2021062704026708,SHPC,13,44,"1,000",491.0,491000.0
2021062704026411,SHPC,44,6,15,492.0,7380.0
2021062704026410,SHPC,36,6,100,492.0,49200.0
2021062704026409,SHPC,34,6,200,492.0,98400.0
2021062704026408,SHPC,57,6,30,493.0,14790.0
2021062704026407,SHPC,58,6,100,495.0,49500.0
2021062704026437,SHPC,11,6,10,492.0,4920.0
2021062704026414,SHPC,34,6,100,492.0,49200.0
2021062704026413,SHPC,21,6,100,492.0,49200.0
2021062704026412,SHPC,16,6,27,492.0,13284.0
2021062704026607,SIC,48,19,30,1583.0,47490.0
2021062704026606,SIC,53,19,10,1584.0,15840.0
2021062704026751,SICL,56,41,19,2015.0,38285.0
2021062704026702,SICL,36,41,20,2015.0,40300.0
2021062704026701,SICL,34,41,25,2015.0,50375.0
2021062704026700,SICL,42,41,20,2016.0,40320.0
2021062704026699,SICL,56,41,16,2017.0,32272.0
2021062704026698,SICL,58,41,21,2017.0,42357.0
2021062704026436,SICL,41,16,37,2015.0,74555.0
2021062704026435,SICL,28,16,10,2015.0,20150.0
2021062704026434,SICL,38,16,53,2015.0,106795.0
2021062704026360,SICL,38,32,25,2015.0,50375.0
2021062704026327,SICL,36,51,20,2016.0,40320.0
2021062704026276,SICL,42,51,20,2016.0,40320.0
2021062704026570,SICL,35,34,30,2015.0,60450.0
2021062704026569,SICL,45,34,44,2016.0,88704.0
2021062704026567,SICL,45,32,29,2016.0,58464.0
2021062704026566,SICL,45,51,27,2016.0,54432.0
2021062704026551,SICL,45,51,50,2016.0,100800.0
2021062704026519,SICL,41,14,13,2015.0,26195.0
2021062704026576,SICL,46,34,95,2015.0,191425.0
2021062704026575,SICL,37,34,100,2015.0,201500.0
2021062704026574,SICL,57,34,100,2015.0,201500.0
2021062704026573,SICL,58,34,10,2015.0,20150.0
2021062704026572,SICL,41,34,12,2015.0,24180.0
2021062704026571,SICL,32,34,10,2015.0,20150.0
2021062704026486,SIL,1,20,30,1082.0,32460.0
2021062704026485,SIL,21,20,20,1083.0,21660.0
2021062704026484,SIL,43,20,20,1083.0,21660.0
2021062704026483,SIL,49,20,30,1084.0,32520.0
2021062704026738,SJCL,20,50,10,438.0,4380.0
2021062704026337,SJCL,45,41,408,437.0,178296.0
2021062704026336,SJCL,1,41,145,437.0,63365.0
2021062704026556,SPDL,35,26,200,412.0,82400.0
2021062704026494,SPDL,46,20,12,415.0,4980.0
2021062704026493,SPDL,46,50,168,413.0,69384.0
2021062704026306,SPDL,5,50,10,411.0,4110.0
2021062704026305,SPDL,35,50,40,412.0,16480.0
2021062704026750,SSHL,50,26,50,330.0,16500.0
2021062704026728,SSHL,58,46,100,332.0,33200.0
2021062704026720,SSHL,50,50,100,330.0,33000.0
2021062704026612,SSHL,50,50,100,330.0,33000.0
2021062704026512,SSHL,50,49,50,330.0,16500.0
2021062704026697,STC,34,35,20,9949.0,198980.0
2021062704026404,TRH,34,3,10,387.0,3870.0
2021062704026403,TRH,34,50,10,387.0,3870.0
2021062704026722,UIC,58,11,10,738.0,7380.0
2021062704026581,UIC,6,28,16,732.0,11712.0
2021062704026580,UIC,22,28,84,732.0,61488.0
2021062704026450,UIC,22,5,116,732.0,84912.0
2021062704026449,UIC,47,5,200,732.0,146400.0
2021062704026448,UIC,4,5,10,734.0,7340.0
2021062704026447,UIC,28,5,54,735.0,39690.0
2021062704026446,UIC,28,5,120,736.0,88320.0
2021062704026341,UIC,28,50,80,736.0,58880.0
2021062704026277,UIC,14,50,100,736.0,73600.0
2021062704026662,UMHL,41,48,500,369.0,184500.0
2021062704026645,UMHL,58,48,200,369.0,73800.0
2021062704026602,UMHL,45,48,60,369.0,22140.0
2021062704026476,UMHL,17,48,100,369.0,36900.0
2021062704026370,UMHL,48,35,50,369.0,18450.0
2021062704026369,UMHL,19,35,25,369.0,9225.0
2021062704026368,UMHL,39,35,317,369.0,116973.0
2021062704026307,UMHL,39,22,50,369.0,18450.0
2021062704026371,UMHL,35,35,50,369.0,18450.0
2021062704026475,UMHL,25,48,100,369.0,36900.0
2021062704026474,UMHL,35,48,50,369.0,18450.0
2021062704026275,UMRH,46,19,20,482.0,9640.0
2021062704026535,UMRH,34,57,200,482.0,96400.0
2021062704026534,UMRH,34,19,110,482.0,53020.0
2021062704026508,UMRH,42,53,300,480.0,144000.0
2021062704026537,UMRH,34,53,300,484.0,145200.0
2021062704026536,UMRH,34,34,30,484.0,14520.0
2021062704026715,UMRH,41,11,10,485.0,4850.0
2021062704026732,UMRH,34,43,100,488.0,48800.0
2021062704026731,UMRH,34,11,40,485.0,19400.0
2021062704026499,UNHPL,45,28,255,360.0,91800.0
2021062704026487,UNHPL,45,6,47,360.0,16920.0
2021062704026366,UNHPL,58,6,100,360.0,36000.0
2021062704026317,UNHPL,13,6,10,360.0,3600.0
2021062704026278,UNHPL,13,6,10,360.0,3600.0
2021062704026705,UPCL,3,6,325,301.0,97825.0
2021062704026704,UPCL,3,41,175,301.0,52675.0
2021062704026497,UPCL,1,38,250,300.0,75000.0
2021062704026496,UPCL,1,45,775,300.0,232500.0
2021062704026495,UPCL,1,45,449,300.0,134700.0
2021062704026417,UPCL,47,45,300,300.0,90000.0
2021062704026230,AHPC,36,45,47,478.0,22466.0
2021062704026208,AHPC,6,56,10,476.0,4760.0
2021062704026047,AHPC,6,4,20,476.0,9520.0
2021062704026030,AHPC,6,45,390,476.0,185640.0
2021062704025999,AHPC,32,45,200,476.0,95200.0
2021062704025995,AHPC,34,45,100,476.0,47600.0
2021062704025992,AHPC,13,45,10,476.0,4760.0
2021062704026166,AIL,53,57,10,815.0,8150.0
2021062704026015,AIL,35,17,60,812.0,48720.0
2021062704026014,AIL,13,17,40,813.0,32520.0
2021062704025863,AIL,35,17,300,812.0,243600.0
2021062704025836,AIL,35,32,300,812.0,243600.0
2021062704026119,AKJCL,17,52,20,286.0,5720.0
2021062704026082,AKJCL,57,52,10,286.0,2860.0
2021062704025843,AKJCL,34,42,200,285.0,57000.0
2021062704026250,AKPL,5,38,61,440.0,26840.0
2021062704026249,AKPL,5,59,54,439.0,23706.0
2021062704026171,AKPL,41,59,50,439.0,21950.0
2021062704026135,AKPL,49,59,10,439.0,4390.0
2021062704026134,AKPL,26,59,100,439.0,43900.0
2021062704026133,AKPL,54,59,100,439.0,43900.0
2021062704025858,AKPL,58,26,100,439.0,43900.0
2021062704025856,AKPL,45,57,100,440.0,44000.0
2021062704025835,AKPL,59,57,750,440.0,330000.0
2021062704025779,AKPL,58,39,10,439.0,4390.0
2021062704025773,AKPL,58,36,10,439.0,4390.0
2021062704026122,AKPL,50,40,104,439.0,45656.0
2021062704026077,AKPL,38,38,85,440.0,37400.0
2021062704026076,AKPL,38,7,15,440.0,6600.0
2021062704026003,AKPL,50,36,260,439.0,114140.0
2021062704026002,AKPL,45,36,40,439.0,17560.0
2021062704025892,AKPL,50,57,100,440.0,44000.0
2021062704026132,AKPL,42,59,100,439.0,43900.0
2021062704026131,AKPL,45,59,70,439.0,30730.0
2021062704026130,AKPL,5,59,100,439.0,43900.0
2021062704026129,AKPL,4,59,105,439.0,46095.0
2021062704026128,AKPL,25,59,50,439.0,21950.0
2021062704026127,AKPL,50,59,636,439.0,279204.0
2021062704026236,API,48,19,300,395.0,118500.0
2021062704026221,API,48,41,330,395.0,130350.0
2021062704026220,API,40,41,100,395.0,39500.0
2021062704026219,API,21,41,"1,000",395.0,395000.0
2021062704026218,API,54,41,150,395.0,59250.0
2021062704026217,API,38,41,420,395.0,165900.0
2021062704025929,API,22,41,38,396.0,15048.0
2021062704025859,API,54,29,200,395.0,79000.0
2021062704025829,API,51,41,"1,000",396.0,396000.0
2021062704025825,API,54,1,550,395.0,217250.0
2021062704025935,API,55,41,200,395.0,79000.0
2021062704025934,API,13,41,100,395.0,39500.0
2021062704025933,API,58,41,750,395.0,296250.0
2021062704025932,API,48,41,300,395.0,118500.0
2021062704025931,API,32,41,500,395.0,197500.0
2021062704025930,API,54,41,230,395.0,90850.0
2021062704025987,API,4,34,10,395.0,3950.0
2021062704025986,API,43,34,50,395.0,19750.0
2021062704025939,API,41,41,15,395.0,5925.0
2021062704025938,API,44,41,500,395.0,197500.0
2021062704025937,API,14,41,200,395.0,79000.0
2021062704025936,API,47,41,200,395.0,79000.0
2021062704026046,API,48,41,"1,000",396.0,396000.0
2021062704026034,API,38,45,30,395.0,11850.0
2021062704025996,API,3,41,50,396.0,19800.0
2021062704025990,API,38,34,140,395.0,55300.0
2021062704025989,API,55,34,100,395.0,39500.0
2021062704025988,API,28,34,200,395.0,79000.0
2021062704026195,API,28,41,632,396.0,250272.0
2021062704026152,API,40,41,10,396.0,3960.0
2021062704026138,API,17,41,10,396.0,3960.0
2021062704026136,API,38,19,410,395.0,161950.0
2021062704026088,API,48,41,50,396.0,19800.0
2021062704026086,API,34,41,140,396.0,55440.0
2021062704026201,API,28,41,48,397.0,19056.0
2021062704026200,API,28,17,20,397.0,7940.0
2021062704026199,API,28,26,200,397.0,79400.0
2021062704026198,API,28,14,"1,000",397.0,397000.0
2021062704026197,API,28,48,50,396.0,19800.0
2021062704026196,API,28,22,50,396.0,19800.0
2021062704026191,BARUN,5,14,150,536.0,80400.0
2021062704026190,BARUN,13,14,50,536.0,26800.0
2021062704026165,BARUN,21,13,50,537.0,26850.0
2021062704026139,BARUN,34,13,200,537.0,107400.0
2021062704026116,BARUN,52,14,185,537.0,99345.0
2021062704026115,BARUN,11,14,50,537.0,26850.0
2021062704025907,BARUN,21,13,50,538.0,26900.0
2021062704025897,BARUN,38,13,10,538.0,5380.0
2021062704025896,BARUN,38,29,45,538.0,24210.0
2021062704025840,BARUN,38,29,10,538.0,5380.0
2021062704026120,BBC,34,46,20,5700.0,114000.0
2021062704026050,BBC,8,26,20,5680.0,113600.0
2021062704026049,BBC,45,26,10,5690.0,56900.0
2021062704026266,BPCL,38,48,100,524.0,52400.0
2021062704026265,BPCL,38,29,330,524.0,172920.0
2021062704026251,BPCL,13,29,20,524.0,10480.0
2021062704026093,BPCL,7,58,137,523.0,71651.0
2021062704025912,BPCL,7,22,50,523.0,26150.0
2021062704026210,BPCL,45,7,50,524.0,26200.0
2021062704026188,BPCL,29,37,40,524.0,20960.0
2021062704026103,BPCL,52,37,23,524.0,12052.0
2021062704026102,BPCL,52,16,100,524.0,52400.0
2021062704026095,BPCL,19,58,214,523.0,111922.0
2021062704026094,BPCL,7,58,100,523.0,52300.0
2021062704026083,CGH,47,56,10,1561.0,15610.0
2021062704026078,CGH,51,4,10,1560.0,15600.0
2021062704025876,CGH,41,56,130,1561.0,202930.0
2021062704025875,CGH,45,56,60,1561.0,93660.0
2021062704026186,CHCL,48,50,50,673.0,33650.0
2021062704026163,CHCL,58,50,50,673.0,33650.0
2021062704026140,CHCL,21,50,125,673.0,84125.0
2021062704026100,CHCL,41,50,100,673.0,67300.0
2021062704026080,CHCL,25,45,200,672.0,134400.0
2021062704026079,CHCL,5,45,300,672.0,201600.0
2021062704026031,CHCL,21,50,150,673.0,100950.0
2021062704026007,CHCL,58,50,100,673.0,67300.0
2021062704026006,CHCL,29,50,100,673.0,67300.0
2021062704025905,CHCL,42,50,100,673.0,67300.0
2021062704025904,CHCL,43,50,200,673.0,134600.0
2021062704025921,CHL,52,35,20,445.0,8900.0
2021062704025841,CHL,58,35,95,445.0,42275.0
2021062704026182,CMF2,4,1,100,13.0,1300.0
2021062704026261,EIC,34,45,90,771.0,69390.0
2021062704026040,EIC,34,46,75,771.0,57825.0
2021062704025887,EIC,34,38,200,771.0,154200.0
2021062704025883,EIC,35,6,200,772.0,154400.0
2021062704026066,GIC,57,45,10,703.0,7030.0
2021062704026270,GLH,49,44,10,377.0,3770.0
2021062704026237,GLH,49,13,220,377.0,82940.0
2021062704026228,GLH,22,6,30,378.0,11340.0
2021062704026123,GLH,49,6,400,377.0,150800.0
2021062704025967,GLH,51,6,10,378.0,3780.0
2021062704025920,GLH,49,46,10,377.0,3770.0
2021062704025838,GLH,49,38,10,377.0,3770.0
2021062704025834,GLH,49,51,10,377.0,3770.0
2021062704026216,HDHPC,42,49,500,285.0,142500.0
2021062704026194,HDHPC,47,1,500,286.0,143000.0
2021062704026193,HDHPC,47,21,10,286.0,2860.0
2021062704026192,HDHPC,47,1,300,286.0,85800.0
2021062704026160,HDHPC,42,56,200,285.0,57000.0
2021062704026075,HDHPC,42,46,15,285.0,4275.0
2021062704026056,HDHPC,35,44,100,285.0,28500.0
2021062704026055,HDHPC,35,50,100,285.0,28500.0
2021062704026054,HDHPC,35,51,185,285.0,52725.0
2021062704025909,HDHPC,58,51,350,285.0,99750.0
2021062704025847,HDHPC,38,3,260,284.0,73840.0
2021062704025837,HDHPC,47,51,300,285.0,85500.0
2021062704026074,HDHPC,42,39,45,285.0,12825.0
2021062704026061,HDHPC,35,39,255,285.0,72675.0
2021062704026060,HDHPC,35,44,50,285.0,14250.0
2021062704026059,HDHPC,35,49,100,285.0,28500.0
2021062704026058,HDHPC,35,26,200,285.0,57000.0
2021062704026057,HDHPC,35,56,10,285.0,2850.0
2021062704026234,HGI,6,39,140,785.0,109900.0
2021062704026179,HGI,6,49,200,785.0,157000.0
2021062704025955,HGI,6,49,100,786.0,78600.0
2021062704025954,HGI,26,49,100,786.0,78600.0
2021062704026245,HPPL,6,54,800,412.0,329600.0
2021062704025997,HPPL,6,42,200,412.0,82400.0
2021062704025916,HPPL,28,36,10,411.0,4110.0
2021062704025849,HPPL,28,42,110,411.0,45210.0
2021062704025848,HPPL,33,42,300,411.0,123300.0
2021062704026262,HURJA,3,55,15,358.0,5370.0
2021062704026028,HURJA,21,50,270,357.0,96390.0
2021062704025895,HURJA,51,55,50,358.0,17900.0
2021062704025873,HURJA,49,55,160,358.0,57280.0
2021062704025872,HURJA,49,36,20,358.0,7160.0
2021062704025871,HURJA,49,17,20,358.0,7160.0
2021062704025864,HURJA,21,1,20,357.0,7140.0
2021062704025780,HURJA,21,32,350,357.0,124950.0
2021062704026202,IGI,59,32,50,1225.0,61250.0
2021062704026204,JOSHI,4,19,712,288.0,205056.0
2021062704026081,JOSHI,6,58,10,287.0,2870.0
2021062704026073,JOSHI,38,19,500,288.0,144000.0
2021062704026063,JOSHI,6,25,50,287.0,14350.0
2021062704025886,JOSHI,6,21,20,287.0,5740.0
2021062704026264,KKHC,42,39,10,287.0,2870.0
2021062704025869,KKHC,45,39,10,287.0,2870.0
2021062704026012,KPCL,45,34,40,449.0,17960.0
2021062704026011,KPCL,45,35,10,445.0,4450.0
2021062704025824,KPCL,33,1,10,443.0,4430.0
2021062704026203,LEC,45,1,30,357.0,10710.0
2021062704026005,LEC,42,41,30,358.0,10740.0
2021062704026004,LEC,42,50,40,358.0,14320.0
2021062704025924,LEC,45,13,165,357.0,58905.0
2021062704025923,LEC,50,13,32,357.0,11424.0
2021062704025922,LEC,34,13,23,357.0,8211.0
2021062704025881,LEC,52,34,10,358.0,3580.0
2021062704026254,LEMF,43,33,"2,000",13.28,26560.0
2021062704026253,LEMF,43,48,"1,000",13.27,13270.0
2021062704026252,LEMF,43,33,"2,000",13.22,26440.0
2021062704025893,LEMF,43,26,"4,000",13.17,52680.0
2021062704026064,LGIL,17,35,100,793.0,79300.0
2021062704025882,LGIL,21,35,20,793.0,15860.0
2021062704026260,MEN,5,14,10,873.0,8730.0
2021062704025966,MEN,5,38,10,870.0,8700.0
2021062704025965,MEN,5,11,10,870.0,8700.0
2021062704025964,MEN,5,45,10,870.0,8700.0
2021062704025963,MEN,5,41,180,865.0,155700.0
2021062704025962,MEN,5,58,10,865.0,8650.0
2021062704025908,MEN,34,52,10,858.0,8580.0
2021062704025906,MEN,34,38,10,858.0,8580.0
2021062704025961,MEN,5,41,250,862.0,215500.0
2021062704025960,MEN,5,38,10,862.0,8620.0
2021062704025959,MEN,5,51,10,862.0,8620.0
2021062704025958,MEN,5,3,10,860.0,8600.0
2021062704025957,MEN,5,42,10,860.0,8600.0
2021062704025956,MEN,5,1,200,860.0,172000.0
2021062704026070,MHNL,52,49,10,334.0,3340.0
2021062704026247,NGPL,54,22,800,487.0,389600.0
2021062704026181,NGPL,25,56,50,488.0,24400.0
2021062704026180,NGPL,28,56,95,488.0,46360.0
2021062704026098,NGPL,28,34,599,488.0,292312.0
2021062704026042,NGPL,28,45,212,488.0,103456.0
2021062704026038,NGPL,28,58,50,488.0,24400.0
2021062704025855,NGPL,28,35,44,488.0,21472.0
2021062704025854,NGPL,54,35,120,488.0,58560.0
2021062704025831,NGPL,29,45,10,490.0,4900.0
2021062704026184,NHDL,21,44,200,448.0,89600.0
2021062704026183,NHDL,21,51,100,448.0,44800.0
2021062704026051,NHDL,51,42,10,441.0,4410.0
2021062704025946,NHDL,57,51,10,448.0,4480.0
2021062704025772,NHDL,57,53,10,445.0,4450.0
2021062704026240,NHPC,41,54,40,339.0,13560.0
2021062704026239,NHPC,25,54,50,339.0,16950.0
2021062704026232,NHPC,16,59,50,339.0,16950.0
2021062704026231,NHPC,29,6,"1,000",340.0,340000.0
2021062704026211,NHPC,17,6,200,340.0,68000.0
2021062704026207,NHPC,44,6,"1,630",340.0,554200.0
2021062704025833,NHPC,37,34,500,339.0,169500.0
2021062704025818,NHPC,37,44,128,339.0,43392.0
2021062704025817,NHPC,13,44,300,339.0,101700.0
2021062704025816,NHPC,52,44,50,339.0,16950.0
2021062704025815,NHPC,34,44,22,339.0,7458.0
2021062704026001,NHPC,34,10,500,340.0,170000.0
2021062704025970,NHPC,37,26,176,339.0,59664.0
2021062704025894,NHPC,37,20,400,339.0,135600.0
2021062704025891,NHPC,44,10,980,340.0,333200.0
2021062704025890,NHPC,44,49,"1,000",340.0,340000.0
2021062704025889,NHPC,44,41,20,340.0,6800.0
2021062704026072,NHPC,44,5,280,340.0,95200.0
2021062704026071,NHPC,44,10,720,340.0,244800.0
2021062704026067,NHPC,37,26,150,339.0,50850.0
2021062704026043,NHPC,37,20,320,339.0,108480.0
2021062704026039,NHPC,41,10,800,340.0,272000.0
2021062704026029,NHPC,44,10,"2,000",340.0,680000.0
2021062704026206,NHPC,44,26,50,340.0,17000.0
2021062704026205,NHPC,44,5,320,340.0,108800.0
2021062704026170,NHPC,43,5,100,340.0,34000.0
2021062704026142,NHPC,25,6,94,339.0,31866.0
2021062704026141,NHPC,37,6,306,339.0,103734.0
2021062704026099,NHPC,37,41,20,339.0,6780.0
2021062704025928,NICBF,59,17,100,13.55,1355.0
2021062704026187,NICL,58,32,10,1158.0,11580.0
2021062704026150,NICL,32,44,26,1165.0,30290.0
2021062704026149,NICL,32,37,100,1165.0,116500.0
2021062704026148,NICL,32,39,"1,000",1165.0,1165000.0
2021062704026147,NICL,32,49,125,1165.0,145625.0
2021062704026146,NICL,32,26,20,1165.0,23300.0
2021062704026017,NICL,17,58,25,1160.0,29000.0
2021062704026016,NICL,17,20,50,1158.0,57900.0
2021062704025915,NICL,20,45,"1,000",1156.0,1156000.0
2021062704025852,NICL,20,45,356,1156.0,411536.0
2021062704025846,NICL,20,44,97,1156.0,112132.0
2021062704025845,NICL,45,44,23,1157.0,26611.0
2021062704026023,NICL,17,56,50,1164.0,58200.0
2021062704026022,NICL,17,46,184,1164.0,214176.0
2021062704026021,NICL,17,38,50,1163.0,58150.0
2021062704026020,NICL,17,22,50,1163.0,58150.0
2021062704026019,NICL,17,47,10,1162.0,11620.0
2021062704026018,NICL,17,14,30,1160.0,34800.0
2021062704026089,NICL,39,33,15,1158.0,17370.0
2021062704026033,NICL,20,32,30,1156.0,34680.0
2021062704026027,NICL,17,37,251,1165.0,292415.0
2021062704026026,NICL,17,48,"1,000",1164.0,1164000.0
2021062704026025,NICL,17,54,200,1164.0,232800.0
2021062704026024,NICL,17,22,100,1164.0,116400.0
2021062704026145,NICL,32,37,229,1165.0,266785.0
2021062704026143,NICL,20,42,40,1156.0,46240.0
2021062704026137,NICL,20,37,10,1165.0,11650.0
2021062704026097,NICL,20,1,158,1156.0,182648.0
2021062704026091,NICL,20,33,60,1156.0,69360.0
2021062704026090,NICL,36,33,25,1158.0,28950.0
2021062704026092,NIL,34,41,50,1670.0,83500.0
2021062704026087,NIL,58,45,200,1669.0,333800.0
2021062704026085,NIL,4,49,100,1670.0,167000.0
2021062704026084,NIL,4,57,50,1670.0,83500.0
2021062704025927,NIL,34,6,297,1670.0,495990.0
2021062704025888,NIL,46,7,500,1669.0,834500.0
2021062704025880,NIL,29,6,100,1670.0,167000.0
2021062704025866,NIL,7,6,10,1670.0,16700.0
2021062704025842,NIL,46,6,25,1670.0,41750.0
2021062704026215,NLG,57,43,316,1319.0,416804.0
2021062704026214,NLG,39,43,50,1319.0,65950.0
2021062704026213,NLG,19,43,50,1319.0,65950.0
2021062704025774,NLG,49,52,40,1320.0,52800.0
2021062704025828,OHL,48,25,73,554.0,40442.0
2021062704025827,OHL,17,25,27,554.0,14958.0
2021062704026162,PIC,51,48,22,1218.0,26796.0
2021062704026161,PIC,53,48,28,1218.0,34104.0
2021062704026096,PIC,53,58,50,1218.0,60900.0
2021062704026212,PICL,34,45,116,822.0,95352.0
2021062704026169,PICL,29,45,100,822.0,82200.0
2021062704026168,PICL,40,45,50,822.0,41100.0
2021062704026167,PICL,29,45,484,822.0,397848.0
2021062704025823,PICL,29,29,516,822.0,424152.0
2021062704025822,PICL,34,29,100,822.0,82200.0
2021062704025821,PICL,22,29,390,822.0,320580.0
2021062704025820,PICL,29,29,100,823.0,82300.0
2021062704026246,PMHPL,4,57,500,294.0,147000.0
2021062704026238,PPCL,52,45,10,354.0,3540.0
2021062704026259,PRIN,59,34,400,979.0,391600.0
2021062704026258,PRIN,59,6,100,978.0,97800.0
2021062704026257,PRIN,59,57,100,977.0,97700.0
2021062704026256,PRIN,59,52,100,975.0,97500.0
2021062704026255,PRIN,59,22,93,975.0,90675.0
2021062704026045,PRIN,59,22,57,975.0,55575.0
2021062704025950,PRIN,59,8,100,972.0,97200.0
2021062704025949,PRIN,59,19,30,972.0,29160.0
2021062704025948,PRIN,59,38,30,971.0,29130.0
2021062704025947,PRIN,59,53,83,971.0,80593.0
2021062704026044,PRIN,59,32,43,974.0,41882.0
2021062704025994,PRIN,33,37,230,970.0,223100.0
2021062704025993,PRIN,38,37,200,970.0,194000.0
2021062704025953,PRIN,59,32,48,974.0,46752.0
2021062704025952,PRIN,59,46,59,974.0,57466.0
2021062704025951,PRIN,59,46,50,973.0,48650.0
2021062704026271,RADHI,45,58,26,1175.0,30550.0
2021062704026121,RADHI,57,32,50,1179.0,58950.0
2021062704026118,RADHI,21,34,70,1179.0,82530.0
2021062704026117,RADHI,21,38,100,1179.0,117900.0
2021062704026069,RADHI,45,29,90,1175.0,105750.0
2021062704026068,RADHI,26,29,10,1175.0,11750.0
2021062704025781,RADHI,22,43,67,1172.0,78524.0
2021062704025787,RADHI,47,43,100,1161.0,116100.0
2021062704025786,RADHI,38,43,50,1161.0,58050.0
2021062704025785,RADHI,33,43,100,1161.0,116100.0
2021062704025784,RADHI,47,43,30,1165.0,34950.0
2021062704025783,RADHI,49,43,50,1167.0,58350.0
2021062704025782,RADHI,43,43,300,1170.0,351000.0
2021062704025793,RADHI,48,43,10,1160.0,11600.0
2021062704025792,RADHI,13,43,80,1160.0,92800.0
2021062704025791,RADHI,47,43,20,1160.0,23200.0
2021062704025790,RADHI,11,43,80,1160.0,92800.0
2021062704025789,RADHI,45,43,156,1160.0,180960.0
2021062704025788,RADHI,19,43,100,1161.0,116100.0
2021062704025799,RADHI,51,43,83,1160.0,96280.0
2021062704025798,RADHI,58,43,100,1160.0,116000.0
2021062704025797,RADHI,38,43,10,1160.0,11600.0
2021062704025796,RADHI,8,43,110,1160.0,127600.0
2021062704025795,RADHI,46,43,100,1160.0,116000.0
2021062704025794,RADHI,10,43,30,1160.0,34800.0
2021062704025805,RADHI,45,43,40,1160.0,46400.0
2021062704025804,RADHI,19,43,100,1160.0,116000.0
2021062704025803,RADHI,6,43,200,1160.0,232000.0
2021062704025802,RADHI,37,43,105,1160.0,121800.0
2021062704025801,RADHI,55,43,30,1160.0,34800.0
2021062704025800,RADHI,13,43,50,1160.0,58000.0
2021062704025812,RADHI,16,51,12,1173.0,14076.0
2021062704025810,RADHI,53,43,853,1160.0,989480.0
2021062704025809,RADHI,32,43,"2,000",1160.0,2320000.0
2021062704025808,RADHI,51,43,15,1160.0,17400.0
2021062704025807,RADHI,16,43,20,1160.0,23200.0
2021062704025806,RADHI,51,43,11,1160.0,12760.0
2021062704026032,RADHI,14,21,50,1175.0,58750.0
2021062704025870,RADHI,57,45,30,1175.0,35250.0
2021062704025851,RADHI,42,42,17,1173.0,19941.0
2021062704025850,RADHI,42,42,83,1173.0,97359.0
2021062704025844,RADHI,42,41,12,1173.0,14076.0
2021062704025813,RADHI,16,45,188,1175.0,220900.0
2021062704026263,RHPC,22,47,30,595.0,17850.0
2021062704026226,RHPC,25,47,50,595.0,29750.0
2021062704026225,RHPC,58,47,15,595.0,8925.0
2021062704026224,RHPC,41,47,20,595.0,11900.0
2021062704026223,RHPC,57,47,18,596.0,10728.0
2021062704026151,RHPC,57,17,232,596.0,138272.0
2021062704026144,RHPC,11,17,18,596.0,10728.0
2021062704025819,RHPC,26,47,100,597.0,59700.0
2021062704026009,RHPL,25,46,28,467.0,13076.0
2021062704025998,RHPL,41,46,72,467.0,33624.0
2021062704025878,RHPL,41,1,28,467.0,13076.0
2021062704025877,RHPL,58,1,12,467.0,5604.0
2021062704026000,SAEF,33,29,"1,000",16.34,16340.0
2021062704025919,SAEF,50,50,"398,500",16.26,6479610.0
2021062704025918,SAEF,43,50,500,16.26,8130.0
2021062704025917,SAEF,17,50,"1,000",16.26,16260.0
2021062704025830,SGI,26,47,10,738.0,7380.0
2021062704026065,SHL,19,42,200,267.0,53400.0
2021062704025868,SHL,49,42,200,267.0,53400.0
2021062704025972,SHPC,11,45,218,495.0,107910.0
2021062704025971,SHPC,11,33,500,494.0,247000.0
2021062704025978,SHPC,11,34,100,496.0,49600.0
2021062704025977,SHPC,11,57,200,495.0,99000.0
2021062704025976,SHPC,11,35,"1,000",495.0,495000.0
2021062704025975,SHPC,11,41,37,495.0,18315.0
2021062704025974,SHPC,11,29,200,495.0,99000.0
2021062704025973,SHPC,11,28,200,495.0,99000.0
2021062704025984,SHPC,11,47,20,500.0,10000.0
2021062704025983,SHPC,11,47,20,500.0,10000.0
2021062704025982,SHPC,11,39,200,499.0,99800.0
2021062704025981,SHPC,11,21,100,498.0,49800.0
2021062704025980,SHPC,11,14,"1,000",497.0,497000.0
2021062704025979,SHPC,11,26,"1,000",496.0,496000.0
2021062704025985,SHPC,11,20,205,500.0,102500.0
2021062704026233,SICL,49,51,25,2016.0,50400.0
2021062704026041,SICL,49,51,10,2016.0,20160.0
2021062704025945,SICL,38,51,10,2017.0,20170.0
2021062704025944,SICL,56,51,55,2017.0,110935.0
2021062704025943,SICL,49,51,83,2018.0,167494.0
2021062704025826,SICL,49,17,17,2018.0,34306.0
2021062704026101,SIGS2,53,49,"1,000",14.0,14000.0
2021062704026189,SIL,49,41,20,1084.0,21680.0
2021062704025814,SIL,48,36,10,1085.0,10850.0
2021062704025969,SJCL,1,1,20,437.0,8740.0
2021062704025902,SJCL,1,41,"1,000",437.0,437000.0
2021062704025901,SJCL,1,45,10,437.0,4370.0
2021062704025900,SJCL,1,11,160,437.0,69920.0
2021062704025899,SJCL,1,48,10,437.0,4370.0
2021062704025898,SJCL,1,22,655,437.0,286235.0
2021062704025857,SJCL,57,22,65,437.0,28405.0
2021062704026269,SPDL,35,17,100,412.0,41200.0
2021062704026268,SPDL,35,38,100,412.0,41200.0
2021062704026267,SPDL,35,3,10,412.0,4120.0
2021062704026248,SPDL,49,3,40,412.0,16480.0
2021062704026209,SPDL,5,38,150,411.0,61650.0
2021062704026008,SPDL,5,50,135,411.0,55485.0
2021062704025942,SPDL,7,50,115,411.0,47265.0
2021062704025911,SPDL,7,34,85,411.0,34935.0
2021062704025910,SPDL,29,34,15,411.0,6165.0
2021062704025884,SPDL,29,57,235,411.0,96585.0
2021062704026178,SSHL,39,22,265,329.0,87185.0
2021062704026177,SSHL,16,22,300,329.0,98700.0
2021062704026176,SSHL,51,22,100,329.0,32900.0
2021062704026175,SSHL,29,22,200,329.0,65800.0
2021062704026174,SSHL,58,22,20,329.0,6580.0
2021062704026173,SSHL,54,22,10,329.0,3290.0
2021062704026172,SSHL,39,22,500,330.0,165000.0
2021062704025914,SSHL,54,6,5,329.0,1645.0
2021062704025913,SSHL,54,35,125,329.0,41125.0
2021062704026155,STC,34,34,20,9940.0,198800.0
2021062704026010,STC,38,45,10,9900.0,99000.0
2021062704025903,STC,16,47,10,9939.0,99390.0
2021062704026227,UIC,47,50,210,736.0,154560.0
2021062704026185,UIC,28,42,100,734.0,73400.0
2021062704026153,UIC,41,50,50,736.0,36800.0
2021062704025867,UIC,39,57,200,735.0,147000.0
2021062704026229,UMHL,14,45,50,370.0,18500.0
2021062704026222,UMHL,26,51,150,370.0,55500.0
2021062704026164,UMHL,35,51,200,370.0,74000.0
2021062704026124,UMHL,39,13,110,369.0,40590.0
2021062704026053,UMHL,39,38,200,369.0,73800.0
2021062704026052,UMHL,39,57,453,369.0,167157.0
2021062704025853,UMHL,38,36,20,369.0,7380.0
2021062704025811,UMHL,38,41,70,369.0,25830.0
2021062704025968,UMHL,14,57,60,369.0,22140.0
2021062704025941,UMHL,6,57,370,369.0,136530.0
2021062704025940,UMHL,6,36,130,369.0,47970.0
2021062704025865,UMHL,20,36,150,369.0,55350.0
2021062704026037,UMHL,59,44,50,368.0,18400.0
2021062704026036,UMHL,17,44,50,368.0,18400.0
2021062704026035,UMHL,17,44,400,368.0,147200.0
2021062704026013,UMHL,41,57,100,369.0,36900.0
2021062704025991,UMHL,58,57,17,369.0,6273.0
2021062704026244,UMRH,41,19,10,482.0,4820.0
2021062704026154,UMRH,4,53,100,475.0,47500.0
2021062704026243,UNHPL,45,6,333,360.0,119880.0
2021062704026242,UNHPL,45,26,100,360.0,36000.0
2021062704026241,UNHPL,45,34,67,360.0,24120.0
2021062704026235,UNHPL,25,34,100,360.0,36000.0
2021062704026159,UNHPL,58,34,40,360.0,14400.0
2021062704026158,UNHPL,6,34,500,360.0,180000.0
2021062704025862,UNHPL,16,52,100,360.0,36000.0
2021062704025861,UNHPL,58,52,200,360.0,72000.0
2021062704025860,UNHPL,57,52,200,360.0,72000.0
2021062704025832,UNHPL,45,57,14,361.0,5054.0
2021062704026157,UNHPL,6,34,100,360.0,36000.0
2021062704026156,UNHPL,33,34,155,360.0,55800.0
2021062704026126,UNHPL,28,57,264,361.0,95304.0
2021062704026125,UNHPL,28,57,236,361.0,85196.0
2021062704025926,UNHPL,33,45,45,360.0,16200.0
2021062704025925,UNHPL,58,45,50,360.0,18000.0
2021062704026114,UPCL,36,33,37,299.0,11063.0
2021062704026113,UPCL,44,33,100,299.0,29900.0
2021062704026112,UPCL,58,33,13,299.0,3887.0
2021062704026111,UPCL,57,33,200,299.0,59800.0
2021062704026110,UPCL,36,33,500,299.0,149500.0
2021062704026109,UPCL,3,33,50,299.0,14950.0
2021062704025777,UPCL,25,56,30,300.0,9000.0
2021062704025776,UPCL,42,56,100,300.0,30000.0
2021062704025775,UPCL,49,56,21,300.0,6300.0
2021062704026062,UPCL,29,1,50,299.0,14950.0
2021062704025885,UPCL,6,45,51,300.0,15300.0
2021062704025879,UPCL,45,45,200,300.0,60000.0
2021062704025874,UPCL,38,56,199,300.0,59700.0
2021062704025839,UPCL,19,56,50,300.0,15000.0
2021062704025778,UPCL,45,56,100,300.0,30000.0
2021062704026108,UPCL,47,33,10,299.0,2990.0
2021062704026107,UPCL,43,33,100,299.0,29900.0
2021062704026106,UPCL,28,33,200,299.0,59800.0
2021062704026105,UPCL,54,33,50,299.0,14950.0
2021062704026104,UPCL,29,33,950,299.0,284050.0
2021062704026048,UPPER,58,45,50,819.0,40950.0
2021062704025771,AHPC,32,37,10,475.0,4750.0
2021062704025770,AHPC,28,37,190,475.0,90250.0
2021062704025769,AHPC,28,35,10,475.0,4750.0
2021062704025768,AHPC,42,35,190,475.0,90250.0
2021062704025763,AHPC,28,45,100,476.0,47600.0
2021062704025604,AHPC,42,22,60,475.0,28500.0
2021062704025597,AHPC,32,22,220,476.0,104720.0
2021062704025386,AHPC,32,57,150,476.0,71400.0
2021062704025385,AHPC,3,57,350,477.0,166950.0
2021062704025331,AHPC,3,21,150,477.0,71550.0
2021062704025310,AHPC,32,8,100,476.0,47600.0
2021062704025603,AHPC,28,22,200,475.0,95000.0
2021062704025602,AHPC,47,22,100,475.0,47500.0
2021062704025601,AHPC,6,22,500,475.0,237500.0
2021062704025600,AHPC,14,22,100,475.0,47500.0
2021062704025599,AHPC,32,22,200,476.0,95200.0
2021062704025598,AHPC,51,22,620,476.0,295120.0
2021062704025760,AIL,35,17,"1,000",812.0,812000.0
2021062704025720,AIL,35,46,240,812.0,194880.0
2021062704025719,AIL,29,46,10,812.0,8120.0
2021062704025621,AIL,13,36,10,814.0,8140.0
2021062704025546,AIL,10,17,20,814.0,16280.0
2021062704025419,AIL,36,17,100,813.0,81300.0
2021062704025412,AIL,42,17,200,813.0,162600.0
2021062704025411,AIL,3,17,20,814.0,16280.0
2021062704025418,AIL,34,17,20,813.0,16260.0
2021062704025417,AIL,34,17,25,813.0,20325.0
2021062704025416,AIL,52,17,100,813.0,81300.0
2021062704025415,AIL,39,17,40,813.0,32520.0
2021062704025414,AIL,48,17,"1,000",813.0,813000.0
2021062704025413,AIL,46,17,50,813.0,40650.0
2021062704025613,AKJCL,34,13,80,285.0,22800.0
2021062704025457,AKJCL,34,14,100,285.0,28500.0
2021062704025707,AKPL,58,57,200,440.0,88000.0
2021062704025657,AKPL,58,37,500,440.0,220000.0
2021062704025656,AKPL,58,38,150,440.0,66000.0
2021062704025655,AKPL,58,6,150,440.0,66000.0
2021062704025654,AKPL,58,37,13,440.0,5720.0
2021062704025653,AKPL,58,26,500,440.0,220000.0
2021062704025303,AKPL,58,14,100,439.0,43900.0
2021062704025629,AKPL,57,20,260,440.0,114400.0
2021062704025628,AKPL,57,36,210,440.0,92400.0
2021062704025615,AKPL,58,3,140,439.0,61460.0
2021062704025552,AKPL,25,36,100,440.0,44000.0
2021062704025487,AKPL,57,36,50,440.0,22000.0
2021062704025321,AKPL,45,36,30,440.0,13200.0
2021062704025652,AKPL,58,42,150,440.0,66000.0
2021062704025634,AKPL,57,42,50,440.0,22000.0
2021062704025633,AKPL,57,25,100,440.0,44000.0
2021062704025632,AKPL,57,1,300,440.0,132000.0
2021062704025631,AKPL,57,44,30,440.0,13200.0
2021062704025630,AKPL,57,13,50,440.0,22000.0
2021062704025764,API,56,41,10,396.0,3960.0
2021062704025740,API,17,41,60,396.0,23760.0
2021062704025736,API,17,45,140,396.0,55440.0
2021062704025717,API,52,45,10,396.0,3960.0
2021062704025575,API,22,20,77,396.0,30492.0
2021062704025574,API,58,20,10,396.0,3960.0
2021062704025359,API,49,7,500,396.0,198000.0
2021062704025327,API,34,14,20,397.0,7940.0
2021062704025324,API,49,34,200,396.0,79200.0
2021062704025319,API,49,56,100,396.0,39600.0
2021062704025571,API,58,5,100,396.0,39600.0
2021062704025570,API,19,5,200,396.0,79200.0
2021062704025492,API,19,1,300,396.0,118800.0
2021062704025430,API,35,1,200,396.0,79200.0
2021062704025429,API,17,1,400,396.0,158400.0
2021062704025428,API,49,1,670,396.0,265320.0
2021062704025735,BARUN,47,29,10,538.0,5380.0
2021062704025734,BARUN,34,29,135,538.0,72630.0
2021062704025699,BARUN,34,49,40,538.0,21520.0
2021062704025424,BARUN,34,26,500,538.0,269000.0
2021062704025373,BARUN,19,35,20,540.0,10800.0
2021062704025620,BARUN,41,57,35,539.0,18865.0
2021062704025606,BARUN,34,52,100,538.0,53800.0
2021062704025728,BPCL,58,16,100,524.0,52400.0
2021062704025582,BPCL,7,45,13,523.0,6799.0
2021062704025444,BPCL,39,22,50,522.0,26100.0
2021062704025443,BPCL,49,22,50,523.0,26150.0
2021062704025726,CGH,45,49,10,1561.0,15610.0
2021062704025617,CGH,45,35,210,1561.0,327810.0
2021062704025497,CGH,45,38,10,1561.0,15610.0
2021062704025461,CGH,45,22,10,1561.0,15610.0
2021062704025709,CHCL,56,35,165,673.0,111045.0
2021062704025547,CHCL,7,35,15,673.0,10095.0
2021062704025460,CHCL,48,45,176,672.0,118272.0
2021062704025459,CHCL,11,45,30,673.0,20190.0
2021062704025458,CHCL,58,45,49,674.0,33026.0
2021062704025383,CHCL,48,26,124,672.0,83328.0
2021062704025382,CHCL,17,26,100,672.0,67200.0
2021062704025381,CHCL,34,26,55,672.0,36960.0
2021062704025309,CHCL,35,26,100,673.0,67300.0
2021062704025567,CHL,56,55,200,445.0,89000.0
2021062704025434,CMF2,6,38,"2,150",12.82,27563.0
2021062704025363,CMF2,35,38,"1,700",12.83,21811.0
2021062704025708,GHL,48,26,85,300.0,25500.0
2021062704025640,GIC,32,44,10,702.0,7020.0
2021062704025512,GIC,32,38,10,702.0,7020.0
2021062704025314,GIC,49,57,10,704.0,7040.0
2021062704025703,GLH,57,6,50,378.0,18900.0
2021062704025702,GLH,26,6,70,378.0,26460.0
2021062704025701,GLH,55,6,100,378.0,37800.0
2021062704025700,GLH,57,6,43,378.0,16254.0
2021062704025622,GLH,57,7,37,378.0,13986.0
2021062704025563,GLH,51,41,10,379.0,3790.0
2021062704025302,GLH,43,42,10,379.0,3790.0
2021062704025280,GLH,43,52,10,379.0,3790.0
2021062704025425,GLH,57,19,10,378.0,3780.0
2021062704025423,GLH,29,41,150,379.0,56850.0
2021062704025371,GLH,34,41,50,379.0,18950.0
2021062704025370,GLH,43,41,15,379.0,5685.0
2021062704025353,GLH,43,38,10,379.0,3790.0
2021062704025304,GLH,51,49,10,380.0,3800.0
2021062704025712,HDHPC,49,51,30,285.0,8550.0
2021062704025636,HDHPC,42,51,50,285.0,14250.0
2021062704025624,HDHPC,45,51,100,285.0,28500.0
2021062704025565,HDHPC,36,51,100,285.0,28500.0
2021062704025511,HDHPC,49,51,20,285.0,5700.0
2021062704025484,HDHPC,38,45,100,284.0,28400.0
2021062704025362,HDHPC,38,33,"1,530",284.0,434520.0
2021062704025361,HDHPC,21,33,470,284.0,133480.0
2021062704025351,HDHPC,41,51,50,285.0,14250.0
2021062704025441,HGI,6,39,10,787.0,7870.0
2021062704025334,HGI,41,42,20,788.0,15760.0
2021062704025614,HPPL,33,34,50,411.0,20550.0
2021062704025472,HPPL,41,42,50,412.0,20600.0
2021062704025456,HPPL,59,42,40,412.0,16480.0
2021062704025433,HPPL,42,49,42,413.0,17346.0
2021062704025432,HPPL,42,47,207,412.0,85284.0
2021062704025357,HPPL,48,47,100,412.0,41200.0
2021062704025356,HPPL,29,47,100,412.0,41200.0
2021062704025355,HPPL,51,47,93,412.0,38316.0
2021062704025311,HPPL,48,17,20,413.0,8260.0
2021062704025365,HURJA,21,58,200,357.0,71400.0
2021062704025607,IGI,6,32,10,1225.0,12250.0
2021062704025466,IGI,3,19,40,1222.0,48880.0
2021062704025465,IGI,26,19,10,1222.0,12220.0
2021062704025464,IGI,45,19,50,1222.0,61100.0
2021062704025463,IGI,35,19,100,1223.0,122300.0
2021062704025585,KEF,48,44,"5,000",10.18,50900.0
2021062704025584,KEF,48,41,200,10.12,2024.0
2021062704025583,KEF,48,44,500,10.12,5060.0
2021062704025345,KEF,57,44,"4,500",10.12,45540.0
2021062704025532,LEC,34,29,35,357.0,12495.0
2021062704025531,LEC,34,57,42,357.0,14994.0
2021062704025358,LEC,52,57,10,357.0,3570.0
2021062704025283,LEC,50,34,18,356.0,6408.0
2021062704025282,LEC,22,34,482,356.0,171592.0
2021062704025692,LGIL,57,25,21,790.0,16590.0
2021062704025691,LGIL,21,25,20,790.0,15800.0
2021062704025690,LGIL,28,25,30,790.0,23700.0
2021062704025689,LGIL,59,25,150,790.0,118500.0
2021062704025688,LGIL,47,25,200,790.0,158000.0
2021062704025687,LGIL,26,25,200,790.0,158000.0
2021062704025668,LGIL,28,25,250,791.0,197750.0
2021062704025667,LGIL,10,25,50,791.0,39550.0
2021062704025666,LGIL,10,25,250,791.0,197750.0
2021062704025665,LGIL,58,25,40,792.0,31680.0
2021062704025664,LGIL,32,25,100,792.0,79200.0
2021062704025646,LGIL,52,6,18,794.0,14292.0
2021062704025674,LGIL,52,25,20,790.0,15800.0
2021062704025673,LGIL,6,25,150,790.0,118500.0
2021062704025672,LGIL,13,25,74,790.0,58460.0
2021062704025671,LGIL,44,25,200,791.0,158200.0
2021062704025670,LGIL,35,25,100,791.0,79100.0
2021062704025669,LGIL,57,25,10,791.0,7910.0
2021062704025680,LGIL,49,25,100,790.0,79000.0
2021062704025679,LGIL,17,25,100,790.0,79000.0
2021062704025678,LGIL,16,25,600,790.0,474000.0
2021062704025677,LGIL,45,25,30,790.0,23700.0
2021062704025676,LGIL,1,25,200,790.0,158000.0
2021062704025675,LGIL,41,25,200,790.0,158000.0
2021062704025686,LGIL,48,25,50,790.0,39500.0
2021062704025685,LGIL,25,25,100,790.0,79000.0
2021062704025684,LGIL,35,25,100,790.0,79000.0
2021062704025683,LGIL,53,25,25,790.0,19750.0
2021062704025682,LGIL,35,25,30,790.0,23700.0
2021062704025681,LGIL,45,25,100,790.0,79000.0
2021062704025435,LUK,46,56,"3,000",12.1,36300.0
2021062704025348,LUK,46,1,"1,000",12.09,12090.0
2021062704025697,MEN,34,37,10,858.0,8580.0
2021062704025572,MEN,34,38,10,858.0,8580.0
2021062704025568,MEN,34,44,10,858.0,8580.0
2021062704025659,MHNL,22,58,30,331.0,9930.0
2021062704025569,MHNL,52,57,10,335.0,3350.0
2021062704025733,NGPL,29,4,400,490.0,196000.0
2021062704025732,NGPL,29,54,90,490.0,44100.0
2021062704025431,NGPL,54,38,200,488.0,97600.0
2021062704025725,NHPC,34,49,978,339.0,331542.0
2021062704025724,NHPC,38,49,22,339.0,7458.0
2021062704025695,NHPC,38,21,60,339.0,20340.0
2021062704025650,NHPC,38,44,218,339.0,73902.0
2021062704025649,NHPC,49,44,82,339.0,27798.0
2021062704025648,NHPC,49,41,40,339.0,13560.0
2021062704025275,NHPC,4,10,50,339.0,16950.0
2021062704025274,NHPC,17,10,200,339.0,67800.0
2021062704025273,NHPC,49,10,99,339.0,33561.0
2021062704025272,NHPC,45,10,"3,500",339.0,1186500.0
2021062704025285,NHPC,51,22,367,339.0,124413.0
2021062704025281,NHPC,37,41,100,340.0,34000.0
2021062704025279,NHPC,51,10,633,339.0,214587.0
2021062704025278,NHPC,20,10,40,339.0,13560.0
2021062704025277,NHPC,58,10,200,339.0,67800.0
2021062704025276,NHPC,42,10,500,339.0,169500.0
2021062704025307,NHPC,29,22,"1,000",339.0,339000.0
2021062704025290,NHPC,59,22,300,339.0,101700.0
2021062704025289,NHPC,1,22,50,339.0,16950.0
2021062704025288,NHPC,51,22,25,339.0,8475.0
2021062704025287,NHPC,55,22,200,339.0,67800.0
2021062704025286,NHPC,5,22,50,339.0,16950.0
2021062704025426,NHPC,3,22,200,339.0,67800.0
2021062704025387,NHPC,44,22,"1,000",339.0,339000.0
2021062704025346,NHPC,14,22,100,339.0,33900.0
2021062704025323,NHPC,59,56,1,338.0,338.0
2021062704025322,NHPC,44,56,149,338.0,50362.0
2021062704025320,NHPC,25,22,145,339.0,49155.0
2021062704025503,NHPC,44,14,272,339.0,92208.0
2021062704025502,NHPC,44,46,500,339.0,169500.0
2021062704025501,NHPC,44,38,100,339.0,33900.0
2021062704025500,NHPC,44,58,500,339.0,169500.0
2021062704025499,NHPC,44,6,500,339.0,169500.0
2021062704025498,NHPC,44,22,128,339.0,43392.0
2021062704025647,NHPC,49,6,378,339.0,128142.0
2021062704025612,NHPC,50,6,122,339.0,41358.0
2021062704025611,NHPC,50,14,78,339.0,26442.0
2021062704025551,NHPC,41,14,500,339.0,169500.0
2021062704025549,NHPC,56,14,100,339.0,33900.0
2021062704025515,NHPC,16,14,50,339.0,16950.0
2021062704025518,NIBSF1,11,26,550,14.44,7942.0
2021062704025506,NICGF,22,45,300,14.8,4440.0
2021062704025505,NICGF,45,45,200,14.8,2960.0
2021062704025739,NICL,45,45,127,1157.0,146939.0
2021062704025738,NICL,58,45,79,1157.0,91403.0
2021062704025714,NICL,58,39,21,1157.0,24297.0
2021062704025713,NICL,38,39,50,1158.0,57900.0
2021062704025706,NICL,58,4,10,1160.0,11600.0
2021062704025696,NICL,58,4,10,1160.0,11600.0
2021062704025427,NICL,42,26,50,1157.0,57850.0
2021062704025422,NICL,58,37,10,1165.0,11650.0
2021062704025389,NICL,20,6,800,1156.0,924800.0
2021062704025388,NICL,3,6,100,1157.0,115700.0
2021062704025364,NICL,25,42,50,1157.0,57850.0
2021062704025564,NICL,38,35,50,1157.0,57850.0
2021062704025514,NICL,20,32,950,1156.0,1098200.0
2021062704025513,NICL,41,32,50,1157.0,57850.0
2021062704025474,NICL,20,37,17,1156.0,19652.0
2021062704025473,NICL,38,37,10,1158.0,11580.0
2021062704025470,NICL,58,4,10,1160.0,11600.0
2021062704025756,NIL,37,6,48,1670.0,80160.0
2021062704025755,NIL,26,6,15,1670.0,25050.0
2021062704025754,NIL,47,6,15,1670.0,25050.0
2021062704025753,NIL,46,6,500,1670.0,835000.0
2021062704025752,NIL,34,6,100,1670.0,167000.0
2021062704025751,NIL,21,6,298,1670.0,497660.0
2021062704025489,NIL,36,44,30,1673.0,50190.0
2021062704025488,NIL,34,58,100,1672.0,167200.0
2021062704025462,NIL,58,50,50,1673.0,83650.0
2021062704025392,NIL,36,45,40,1672.0,66880.0
2021062704025352,NIL,7,45,10,1672.0,16720.0
2021062704025284,NIL,57,57,100,1671.0,167100.0
2021062704025588,NIL,59,44,24,1673.0,40152.0
2021062704025586,NIL,17,58,100,1672.0,167200.0
2021062704025573,NIL,49,44,42,1673.0,70266.0
2021062704025559,NIL,51,44,26,1673.0,43498.0
2021062704025554,NIL,17,36,38,1672.0,63536.0
2021062704025553,NIL,34,36,100,1672.0,167200.0
2021062704025744,NIL,17,6,52,1672.0,86944.0
2021062704025743,NIL,7,6,10,1673.0,16730.0
2021062704025742,NIL,42,6,130,1673.0,217490.0
2021062704025741,NIL,8,6,60,1673.0,100380.0
2021062704025737,NIL,58,34,50,1674.0,83700.0
2021062704025698,NIL,8,25,40,1673.0,66920.0
2021062704025750,NIL,38,6,100,1670.0,167000.0
2021062704025749,NIL,42,6,50,1671.0,83550.0
2021062704025748,NIL,14,6,52,1671.0,86892.0
2021062704025747,NIL,42,6,100,1671.0,167100.0
2021062704025746,NIL,6,6,23,1671.0,38433.0
2021062704025745,NIL,57,6,15,1671.0,25065.0
2021062704025507,NLG,58,49,50,1323.0,66150.0
2021062704025306,NLG,19,13,30,1320.0,39600.0
2021062704025296,NLG,19,52,100,1319.0,131900.0
2021062704025469,PIC,53,41,11,1218.0,13398.0
2021062704025369,PICL,22,33,10,822.0,8220.0
2021062704025335,PICL,35,52,45,823.0,37035.0
2021062704025445,PPCL,52,34,10,352.0,3520.0
2021062704025510,PRIN,19,53,100,971.0,97100.0
2021062704025490,PRIN,19,7,100,971.0,97100.0
2021062704025761,RADHI,8,14,100,1173.0,117300.0
2021062704025715,RADHI,43,14,20,1173.0,23460.0
2021062704025660,RADHI,19,14,30,1173.0,35190.0
2021062704025658,RADHI,58,45,100,1175.0,117500.0
2021062704025625,RADHI,36,45,25,1175.0,29375.0
2021062704025616,RADHI,19,20,20,1173.0,23460.0
2021062704025316,RADHI,49,44,63,1180.0,74340.0
2021062704025315,RADHI,49,38,100,1179.0,117900.0
2021062704025360,RADHI,58,46,100,1180.0,118000.0
2021062704025333,RADHI,48,11,50,1175.0,58750.0
2021062704025332,RADHI,45,46,50,1180.0,59000.0
2021062704025325,RADHI,48,14,42,1175.0,49350.0
2021062704025318,RADHI,49,46,287,1180.0,338660.0
2021062704025317,RADHI,49,38,50,1180.0,59000.0
2021062704025398,RADHI,36,28,10,1167.0,11670.0
2021062704025397,RADHI,47,28,100,1167.0,116700.0
2021062704025396,RADHI,51,28,85,1167.0,99195.0
2021062704025395,RADHI,32,28,50,1170.0,58500.0
2021062704025394,RADHI,55,28,40,1170.0,46800.0
2021062704025393,RADHI,33,28,30,1172.0,35160.0
2021062704025404,RADHI,29,28,20,1161.0,23220.0
2021062704025403,RADHI,49,28,22,1162.0,25564.0
2021062704025402,RADHI,33,28,15,1165.0,17475.0
2021062704025401,RADHI,18,28,10,1165.0,11650.0
2021062704025400,RADHI,36,28,20,1165.0,23300.0
2021062704025399,RADHI,22,28,100,1167.0,116700.0
2021062704025581,RADHI,19,52,50,1173.0,58650.0
2021062704025496,RADHI,6,26,12,1172.0,14064.0
2021062704025408,RADHI,45,28,344,1160.0,399040.0
2021062704025407,RADHI,58,28,40,1160.0,46400.0
2021062704025406,RADHI,52,28,50,1160.0,58000.0
2021062704025405,RADHI,36,28,64,1160.0,74240.0
2021062704025548,RHPC,49,47,100,597.0,59700.0
2021062704025758,RHPL,58,36,38,467.0,17746.0
2021062704025757,RHPL,54,36,12,467.0,5604.0
2021062704025561,RHPL,54,17,40,467.0,18680.0
2021062704025560,RHPL,6,17,460,467.0,214820.0
2021062704025530,RHPL,6,17,40,467.0,18680.0
2021062704025529,RHPL,28,17,300,467.0,140100.0
2021062704025347,RHPL,8,50,40,468.0,18720.0
2021062704025330,RHPL,8,57,225,468.0,105300.0
2021062704025329,RHPL,21,57,20,468.0,9360.0
2021062704025328,RHPL,38,57,735,468.0,343980.0
2021062704025522,RHPL,52,17,50,468.0,23400.0
2021062704025521,RHPL,42,17,80,468.0,37440.0
2021062704025520,RHPL,58,17,30,468.0,14040.0
2021062704025519,RHPL,8,17,40,468.0,18720.0
2021062704025516,RHPL,8,45,80,468.0,37440.0
2021062704025384,RHPL,8,29,40,468.0,18720.0
2021062704025528,RHPL,14,17,200,467.0,93400.0
2021062704025527,RHPL,59,17,110,468.0,51480.0
2021062704025526,RHPL,21,17,100,468.0,46800.0
2021062704025525,RHPL,39,17,250,468.0,117000.0
2021062704025524,RHPL,1,17,200,468.0,93600.0
2021062704025523,RHPL,22,17,100,468.0,46800.0
2021062704025718,RRHP,35,1,10,396.0,3960.0
2021062704025639,RRHP,34,14,90,397.0,35730.0
2021062704025638,RRHP,16,14,250,397.0,99250.0
2021062704025637,RRHP,41,14,200,398.0,79600.0
2021062704025759,SGI,26,49,10,738.0,7380.0
2021062704025716,SGI,26,42,10,738.0,7380.0
2021062704025312,SGI,38,51,10,737.0,7370.0
2021062704025305,SGI,38,38,10,737.0,7370.0
2021062704025694,SHL,59,42,100,267.0,26700.0
2021062704025693,SHL,38,42,200,267.0,53400.0
2021062704025662,SHL,45,34,"1,599",268.0,428532.0
2021062704025661,SHL,45,32,"1,901",268.0,509468.0
2021062704025495,SHL,41,4,100,267.0,26700.0
2021062704025494,SHL,39,4,400,267.0,106800.0
2021062704025391,SHL,39,34,100,267.0,26700.0
2021062704025705,SHPC,13,26,535,491.0,262685.0
2021062704025704,SHPC,49,26,65,494.0,32110.0
2021062704025645,SHPC,49,40,100,494.0,49400.0
2021062704025291,SHPC,59,6,62,491.0,30442.0
2021062704025313,SHPC,48,6,"2,000",490.0,980000.0
2021062704025294,SHPC,48,6,"1,782",490.0,873180.0
2021062704025293,SHPC,1,6,56,490.0,27440.0
2021062704025292,SHPC,43,6,100,491.0,49100.0
2021062704025467,SHPC,45,33,26,492.0,12792.0
2021062704025372,SHPC,13,45,800,491.0,392800.0
2021062704025618,SHPC,48,32,"4,500",492.0,2214000.0
2021062704025493,SHPC,48,32,"1,000",492.0,492000.0
2021062704025468,SHPC,45,7,274,493.0,135082.0
2021062704025644,SHPC,49,57,500,494.0,247000.0
2021062704025643,SHPC,49,53,100,494.0,49400.0
2021062704025642,SHPC,49,25,509,494.0,251446.0
2021062704025641,SHPC,49,7,726,493.0,357918.0
2021062704025619,SHPC,48,4,"1,000",492.0,492000.0
2021062704025710,SICL,56,37,95,2017.0,191615.0
2021062704025610,SICL,38,34,22,2015.0,44330.0
2021062704025609,SICL,58,34,50,2015.0,100750.0
2021062704025608,SICL,16,34,124,2015.0,249860.0
2021062704025605,SICL,34,37,25,2017.0,50425.0
2021062704025491,SICL,34,42,25,2017.0,50425.0
2021062704025420,SICL,50,42,25,2017.0,50425.0
2021062704025731,SIL,48,14,40,1085.0,43400.0
2021062704025354,SIL,20,14,60,1085.0,65100.0
2021062704025326,SIL,56,36,50,1086.0,54300.0
2021062704025730,SJCL,38,22,100,437.0,43700.0
2021062704025566,SJCL,45,41,20,436.0,8720.0
2021062704025562,SJCL,45,29,10,436.0,4360.0
2021062704025442,SJCL,36,22,100,437.0,43700.0
2021062704025308,SLCF,18,26,"1,000",10.1,10100.0
2021062704025767,SPDL,29,21,250,411.0,102750.0
2021062704025766,SPDL,44,21,200,411.0,82200.0
2021062704025765,SPDL,58,21,50,411.0,20550.0
2021062704025727,SSHL,54,26,100,329.0,32900.0
2021062704025635,SSHL,54,26,100,329.0,32900.0
2021062704025545,SSHL,4,29,275,330.0,90750.0
2021062704025544,SSHL,22,29,100,330.0,33000.0
2021062704025543,SSHL,48,29,100,330.0,33000.0
2021062704025542,SSHL,1,29,100,330.0,33000.0
2021062704025535,SSHL,50,29,200,331.0,66200.0
2021062704025534,SSHL,50,29,150,331.0,49650.0
2021062704025533,SSHL,57,29,100,332.0,33200.0
2021062704025509,SSHL,52,58,100,332.0,33200.0
2021062704025504,SSHL,49,58,400,332.0,132800.0
2021062704025541,SSHL,28,29,50,330.0,16500.0
2021062704025540,SSHL,39,29,"2,000",331.0,662000.0
2021062704025539,SSHL,51,29,500,331.0,165500.0
2021062704025538,SSHL,38,29,200,331.0,66200.0
2021062704025537,SSHL,32,29,100,331.0,33100.0
2021062704025536,SSHL,42,29,125,331.0,41375.0
2021062704025596,TRH,50,3,25,380.0,9500.0
2021062704025595,TRH,45,3,100,380.0,38000.0
2021062704025594,TRH,36,3,250,380.0,95000.0
2021062704025593,TRH,40,3,200,380.0,76000.0
2021062704025592,TRH,25,3,500,380.0,190000.0
2021062704025377,TRH,14,3,100,381.0,38100.0
2021062704025376,TRH,51,3,50,382.0,19100.0
2021062704025375,TRH,45,3,10,382.0,3820.0
2021062704025374,TRH,57,3,183,383.0,70089.0
2021062704025475,TRH,36,3,"2,500",380.0,950000.0
2021062704025421,TRH,50,3,20,381.0,7620.0
2021062704025390,TRH,45,3,50,381.0,19050.0
2021062704025380,TRH,14,3,140,381.0,53340.0
2021062704025379,TRH,16,3,300,381.0,114300.0
2021062704025378,TRH,19,3,500,381.0,190500.0
2021062704025481,TRH,54,3,250,380.0,95000.0
2021062704025480,TRH,34,3,100,380.0,38000.0
2021062704025479,TRH,51,3,50,380.0,19000.0
2021062704025478,TRH,25,3,200,380.0,76000.0
2021062704025477,TRH,42,3,200,380.0,76000.0
2021062704025476,TRH,52,3,300,380.0,114000.0
2021062704025591,TRH,1,3,10,380.0,3800.0
2021062704025590,TRH,34,3,203,380.0,77140.0
2021062704025589,TRH,58,3,100,384.0,38400.0
2021062704025550,TRH,50,17,20,386.0,7720.0
2021062704025483,TRH,34,3,797,380.0,302860.0
2021062704025482,TRH,38,3,250,380.0,95000.0
2021062704025723,UMHL,38,44,10,369.0,3690.0
2021062704025722,UMHL,45,44,290,369.0,107010.0
2021062704025711,UMHL,45,51,10,369.0,3690.0
2021062704025349,UMHL,58,14,32,370.0,11840.0
2021062704025301,UMHL,45,41,37,369.0,13653.0
2021062704025368,UMHL,58,34,247,369.0,91143.0
2021062704025367,UMHL,38,34,100,369.0,36900.0
2021062704025366,UMHL,45,34,153,369.0,56457.0
2021062704025350,UMHL,58,51,18,370.0,6660.0
2021062704025587,UMHL,16,51,100,370.0,37000.0
2021062704025558,UMHL,35,51,500,370.0,185000.0
2021062704025471,UMHL,41,51,30,370.0,11100.0
2021062704025623,UMHL,58,51,253,369.0,93357.0
2021062704025651,UMRH,41,34,40,484.0,19360.0
2021062704025627,UMRH,45,34,130,484.0,62920.0
2021062704025626,UMRH,45,38,30,483.0,14490.0
2021062704025446,UMRH,34,44,10,478.0,4780.0
2021062704025452,UMRH,34,7,250,481.0,120250.0
2021062704025451,UMRH,34,25,100,480.0,48000.0
2021062704025450,UMRH,34,41,10,480.0,4800.0
2021062704025449,UMRH,34,25,10,480.0,4800.0
2021062704025448,UMRH,34,38,10,480.0,4800.0
2021062704025447,UMRH,34,38,50,479.0,23950.0
2021062704025508,UMRH,41,38,10,483.0,4830.0
2021062704025455,UMRH,34,21,"1,355",482.0,653110.0
2021062704025454,UMRH,34,34,125,482.0,60250.0
2021062704025453,UMRH,34,38,100,482.0,48200.0
2021062704025762,UNHPL,57,51,50,360.0,18000.0
2021062704025580,UNHPL,57,48,50,360.0,18000.0
2021062704025579,UNHPL,45,48,50,360.0,18000.0
2021062704025578,UNHPL,58,48,50,360.0,18000.0
2021062704025577,UNHPL,45,48,300,360.0,108000.0
2021062704025576,UNHPL,21,57,450,361.0,162450.0
2021062704025339,UNHPL,1,40,120,362.0,43440.0
2021062704025338,UNHPL,25,40,44,362.0,15928.0
2021062704025337,UNHPL,38,40,50,362.0,18100.0
2021062704025336,UNHPL,57,40,50,362.0,18100.0
2021062704025410,UNHPL,52,56,17,361.0,6137.0
2021062704025409,UNHPL,49,56,74,361.0,26714.0
2021062704025343,UNHPL,49,40,126,361.0,45486.0
2021062704025342,UNHPL,34,40,50,361.0,18050.0
2021062704025341,UNHPL,14,40,50,361.0,18050.0
2021062704025340,UNHPL,58,40,10,361.0,3610.0
2021062704025517,UNHPL,6,57,300,361.0,108300.0
2021062704025440,UNHPL,20,4,87,361.0,31407.0
2021062704025439,UNHPL,11,4,50,361.0,18050.0
2021062704025438,UNHPL,21,4,200,361.0,72200.0
2021062704025437,UNHPL,55,4,100,361.0,36100.0
2021062704025436,UNHPL,52,4,583,361.0,210463.0
2021062704025729,UPCL,41,41,25,301.0,7525.0
2021062704025663,UPCL,49,45,10,300.0,3000.0
2021062704025557,UPCL,49,37,29,300.0,8700.0
2021062704025556,UPCL,58,37,13,300.0,3900.0
2021062704025555,UPCL,58,37,338,300.0,101400.0
2021062704025299,UPCL,17,37,200,300.0,60000.0
2021062704025298,UPCL,56,37,200,300.0,60000.0
2021062704025297,UPCL,3,37,128,300.0,38400.0
2021062704025486,UPCL,57,41,200,301.0,60200.0
2021062704025485,UPCL,57,59,60,301.0,18060.0
2021062704025344,UPCL,14,59,200,301.0,60200.0
2021062704025300,UPCL,58,37,472,300.0,141600.0
2021062704025721,UPPER,58,46,40,819.0,32760.0
2021062704025295,UPPER,58,6,100,819.0,81900.0
2021062704025255,AHPC,53,21,350,477.0,166950.0
2021062704025254,AHPC,53,38,150,477.0,71550.0
2021062704025251,AHPC,32,6,30,476.0,14280.0
2021062704025250,AHPC,21,6,50,476.0,23800.0
2021062704025249,AHPC,34,6,250,476.0,119000.0
2021062704025248,AHPC,49,6,800,476.0,380800.0
2021062704024793,AHPC,21,28,200,479.0,95800.0
2021062704024792,AHPC,54,28,485,479.0,232315.0
2021062704024884,AHPC,38,6,100,479.0,47900.0
2021062704024883,AHPC,44,6,"1,000",479.0,479000.0
2021062704024882,AHPC,34,6,735,479.0,352065.0
2021062704024796,AHPC,34,28,"1,265",479.0,605935.0
2021062704024795,AHPC,6,28,50,479.0,23950.0
2021062704024794,AHPC,49,28,"1,000",479.0,479000.0
2021062704025002,AHPC,49,6,50,478.0,23900.0
2021062704025001,AHPC,32,6,100,478.0,47800.0
2021062704025000,AHPC,17,6,200,478.0,95600.0
2021062704024999,AHPC,16,6,500,478.0,239000.0
2021062704024998,AHPC,3,6,"2,000",478.0,956000.0
2021062704024885,AHPC,44,6,150,479.0,71850.0
2021062704025062,AHPC,49,14,30,477.0,14310.0
2021062704025061,AHPC,22,14,10,477.0,4770.0
2021062704025060,AHPC,58,14,10,477.0,4770.0
2021062704025059,AHPC,28,14,50,477.0,23850.0
2021062704025004,AHPC,13,6,150,478.0,71700.0
2021062704025003,AHPC,38,6,200,478.0,95600.0
2021062704025200,AHPC,49,6,200,476.0,95200.0
2021062704025199,AHPC,14,6,100,476.0,47600.0
2021062704025128,AHPC,49,6,500,477.0,238500.0
2021062704025127,AHPC,33,6,100,477.0,47700.0
2021062704025126,AHPC,49,6,20,477.0,9540.0
2021062704025125,AHPC,10,8,100,478.0,47800.0
2021062704025225,AIL,29,17,50,814.0,40700.0
2021062704025123,AIL,56,17,200,814.0,162800.0
2021062704025122,AIL,44,17,150,814.0,122100.0
2021062704025121,AIL,57,17,100,814.0,81400.0
2021062704025120,AIL,38,17,18,814.0,14652.0
2021062704025229,AKJCL,34,34,10,285.0,2850.0
2021062704025133,AKJCL,34,19,293,285.0,83505.0
2021062704025132,AKJCL,16,19,"1,000",285.0,285000.0
2021062704025131,AKJCL,37,19,50,285.0,14250.0
2021062704025130,AKJCL,45,19,172,285.0,49020.0
2021062704025129,AKJCL,34,19,510,285.0,145350.0
2021062704025236,AKPL,17,36,69,440.0,30360.0
2021062704024849,AKPL,49,36,500,440.0,220000.0
2021062704024848,AKPL,1,36,11,440.0,4840.0
2021062704024847,AKPL,45,36,30,441.0,13230.0
2021062704025247,API,45,14,90,397.0,35730.0
2021062704025230,API,34,14,40,397.0,15880.0
2021062704025110,API,49,51,530,396.0,209880.0
2021062704025109,API,46,51,200,396.0,79200.0
2021062704025108,API,26,51,100,396.0,39600.0
2021062704025107,API,46,51,100,396.0,39600.0
2021062704024850,API,47,13,50,397.0,19850.0
2021062704024804,API,47,34,40,397.0,15880.0
2021062704024951,API,50,1,300,397.0,119100.0
2021062704024950,API,28,1,350,397.0,138950.0
2021062704024880,API,36,32,300,398.0,119400.0
2021062704024858,API,41,32,179,398.0,71242.0
2021062704024857,API,41,32,121,398.0,48158.0
2021062704024851,API,28,13,50,397.0,19850.0
2021062704025106,API,1,51,70,396.0,27720.0
2021062704024992,API,44,14,940,397.0,373180.0
2021062704024991,API,44,1,60,397.0,23820.0
2021062704024954,API,57,1,40,397.0,15880.0
2021062704024953,API,4,1,20,397.0,7940.0
2021062704024952,API,17,1,10,397.0,3970.0
2021062704024819,BARUN,34,59,25,538.0,13450.0
2021062704024818,BARUN,47,59,25,538.0,13450.0
2021062704024787,BARUN,45,35,195,540.0,105300.0
2021062704025213,BPCL,39,57,120,522.0,62640.0
2021062704025212,BPCL,53,57,100,522.0,52200.0
2021062704025211,BPCL,28,57,100,522.0,52200.0
2021062704025210,BPCL,14,57,200,522.0,104400.0
2021062704025209,BPCL,21,57,20,522.0,10440.0
2021062704025208,BPCL,39,57,400,522.0,208800.0
2021062704025025,BPCL,40,29,200,523.0,104600.0
2021062704024989,BPCL,39,59,100,522.0,52200.0
2021062704024967,BPCL,21,29,50,523.0,26150.0
2021062704024965,BPCL,57,29,50,523.0,26150.0
2021062704025207,BPCL,58,57,20,523.0,10460.0
2021062704025206,BPCL,21,57,40,523.0,20920.0
2021062704025088,BPCL,21,51,10,523.0,5230.0
2021062704025063,BPCL,42,29,50,523.0,26150.0
2021062704025237,CGH,45,36,200,1561.0,312200.0
2021062704025232,CGH,51,38,10,1560.0,15600.0
2021062704024993,CGH,51,43,10,1560.0,15600.0
2021062704024957,CGH,51,58,10,1560.0,15600.0
2021062704025268,CHCL,43,26,20,674.0,13480.0
2021062704025198,CHCL,43,32,100,674.0,67400.0
2021062704025084,CHCL,45,26,100,673.0,67300.0
2021062704025029,CHCL,8,26,100,673.0,67300.0
2021062704024844,CHCL,1,26,100,673.0,67300.0
2021062704024817,CHCL,59,26,10,674.0,6740.0
2021062704024785,CHCL,32,26,20,673.0,13460.0
2021062704025231,CMF1,42,22,140,12.38,1733.2
2021062704025105,CMF1,48,22,300,12.38,3714.0
2021062704025104,CMF1,48,46,"10,000",12.37,123700.0
2021062704025103,CMF1,48,34,"1,000",12.35,12350.0
2021062704025102,CMF1,48,26,"1,000",12.3,12300.0
2021062704025101,CMF1,48,54,700,12.3,8610.0
2021062704025100,CMF1,48,22,"1,000",12.3,12300.0
2021062704025224,CMF2,35,38,600,12.83,7698.0
2021062704025173,CMF2,51,38,400,12.84,5136.0
2021062704025114,CMF2,51,38,300,12.84,3852.0
2021062704024825,CMF2,51,26,"1,000",12.84,12840.0
2021062704025083,DHPL,34,4,100,278.0,27800.0
2021062704025023,DHPL,22,32,30,277.0,8310.0
2021062704025022,DHPL,40,32,90,277.0,24930.0
2021062704025070,EIC,34,26,422,771.0,325362.0
2021062704024966,EIC,34,13,70,771.0,53970.0
2021062704024902,EIC,34,6,40,772.0,30880.0
2021062704024837,EIC,34,45,140,771.0,107940.0
2021062704024836,EIC,48,45,110,771.0,84810.0
2021062704024823,EIC,51,6,100,772.0,77200.0
2021062704024799,EIC,54,6,200,772.0,154400.0
2021062704024897,GHL,1,26,115,303.0,34845.0
2021062704024896,GHL,1,55,115,302.0,34730.0
2021062704025153,GIC,17,57,209,704.0,147136.0
2021062704025041,GIC,17,52,151,701.0,105851.0
2021062704025010,GIC,8,52,200,701.0,140200.0
2021062704024905,GIC,39,52,100,701.0,70100.0
2021062704024904,GIC,13,52,100,701.0,70100.0
2021062704024903,GIC,38,52,195,701.0,136695.0
2021062704024891,GIC,38,1,60,701.0,42060.0
2021062704025238,GLH,43,28,10,379.0,3790.0
2021062704025233,GLH,43,58,10,379.0,3790.0
2021062704025073,GLH,51,49,10,380.0,3800.0
2021062704024886,GLH,51,51,10,379.0,3790.0
2021062704024786,GLH,51,49,10,380.0,3800.0
2021062704025265,HDHPC,52,51,50,285.0,14250.0
2021062704025186,HDHPC,57,51,"1,500",285.0,427500.0
2021062704025171,HDHPC,21,53,30,284.0,8520.0
2021062704025170,HDHPC,46,53,50,284.0,14200.0
2021062704025169,HDHPC,49,53,50,284.0,14200.0
2021062704025168,HDHPC,10,53,250,284.0,71000.0
2021062704024921,HDHPC,58,51,175,285.0,49875.0
2021062704024840,HDHPC,28,26,311,284.0,88324.0
2021062704024839,HDHPC,7,26,500,284.0,142000.0
2021062704024838,HDHPC,44,26,20,284.0,5680.0
2021062704024790,HDHPC,38,51,50,285.0,14250.0
2021062704025167,HDHPC,25,53,200,284.0,56800.0
2021062704025166,HDHPC,35,53,150,284.0,42600.0
2021062704025165,HDHPC,13,53,392,284.0,111328.0
2021062704025159,HDHPC,13,36,161,284.0,45724.0
2021062704025158,HDHPC,28,36,639,284.0,181476.0
2021062704025055,HDHPC,28,42,50,284.0,14200.0
2021062704025190,HGI,44,42,108,788.0,85104.0
2021062704024842,HGI,6,14,250,785.0,196250.0
2021062704024841,HGI,6,29,200,785.0,157000.0
2021062704025266,HPPL,48,38,500,413.0,206500.0
2021062704025205,HPPL,51,50,10,412.0,4120.0
2021062704025188,HPPL,51,56,250,412.0,103000.0
2021062704025182,HPPL,51,8,147,412.0,60564.0
2021062704025181,HPPL,56,8,253,412.0,104236.0
2021062704025089,HURJA,21,17,20,357.0,7140.0
2021062704025015,HURJA,21,29,20,357.0,7140.0
2021062704025014,HURJA,21,11,190,357.0,67830.0
2021062704025013,HURJA,21,36,100,356.0,35600.0
2021062704024824,IGI,45,50,15,1222.0,18330.0
2021062704024822,IGI,45,22,35,1222.0,42770.0
2021062704024821,IGI,21,22,65,1222.0,79430.0
2021062704025201,JOSHI,47,25,20,287.0,5740.0
2021062704025196,JOSHI,54,36,20,288.0,5760.0
2021062704025195,JOSHI,54,39,10,288.0,2880.0
2021062704025194,JOSHI,54,6,200,288.0,57600.0
2021062704025193,JOSHI,54,38,20,288.0,5760.0
2021062704025009,JOSHI,47,17,20,287.0,5740.0
2021062704024895,KKHC,17,8,100,288.0,28800.0
2021062704025192,KPCL,33,38,10,443.0,4430.0
2021062704025124,LEC,22,47,208,356.0,74048.0
2021062704024852,LEC,22,21,170,356.0,60520.0
2021062704024826,LEC,22,37,100,356.0,35600.0
2021062704024893,LGIL,47,35,48,795.0,38160.0
2021062704024892,LGIL,47,42,152,795.0,120840.0
2021062704025227,LUK,46,52,"1,800",12.08,21744.0
2021062704025202,MEN,34,51,10,858.0,8580.0
2021062704025087,MHNL,22,34,790,331.0,261490.0
2021062704025086,MHNL,55,34,10,331.0,3310.0
2021062704025085,MHNL,14,34,200,332.0,66400.0
2021062704025058,MHNL,52,57,10,335.0,3350.0
2021062704024835,MHNL,55,50,30,331.0,9930.0
2021062704025203,NGPL,21,54,100,490.0,49000.0
2021062704025069,NGPL,42,54,10,490.0,4900.0
2021062704024941,NHDL,51,36,100,441.0,44100.0
2021062704024888,NHDL,51,36,317,441.0,139797.0
2021062704024887,NHDL,41,36,173,441.0,76293.0
2021062704025271,NHPC,58,10,123,339.0,41697.0
2021062704025270,NHPC,44,10,"4,500",339.0,1525500.0
2021062704025269,NHPC,58,10,155,339.0,52545.0
2021062704025252,NHPC,43,41,500,340.0,170000.0
2021062704025235,NHPC,58,28,17,339.0,5763.0
2021062704025234,NHPC,56,28,13,339.0,4407.0
2021062704024845,NHPC,56,58,452,339.0,153228.0
2021062704024805,NHPC,59,4,600,340.0,204000.0
2021062704024803,NHPC,14,4,200,340.0,68000.0
2021062704024801,NHPC,22,4,100,340.0,34000.0
2021062704024791,NHPC,29,4,"1,000",340.0,340000.0
2021062704024789,NHPC,56,38,50,339.0,16950.0
2021062704024899,NHPC,25,26,825,340.0,280500.0
2021062704024898,NHPC,25,4,175,340.0,59500.0
2021062704024890,NHPC,48,4,55,340.0,18700.0
2021062704024859,NHPC,56,58,40,339.0,13560.0
2021062704024854,NHPC,29,4,"1,500",340.0,510000.0
2021062704024853,NHPC,6,4,"1,000",340.0,340000.0
2021062704024925,NHPC,41,44,125,340.0,42500.0
2021062704024924,NHPC,4,44,25,340.0,8500.0
2021062704024923,NHPC,4,38,200,340.0,68000.0
2021062704024922,NHPC,4,13,275,340.0,93500.0
2021062704024915,NHPC,37,13,25,340.0,8500.0
2021062704024914,NHPC,37,26,175,340.0,59500.0
2021062704024979,NHPC,22,42,100,340.0,34000.0
2021062704024978,NHPC,22,38,175,340.0,59500.0
2021062704024977,NHPC,22,1,500,340.0,170000.0
2021062704024958,NHPC,56,47,110,339.0,37290.0
2021062704024942,NHPC,56,47,250,339.0,84750.0
2021062704024926,NHPC,41,38,25,340.0,8500.0
2021062704024985,NHPC,22,57,35,340.0,11900.0
2021062704024984,NHPC,22,17,200,340.0,68000.0
2021062704024983,NHPC,22,51,200,340.0,68000.0
2021062704024982,NHPC,22,51,40,340.0,13600.0
2021062704024981,NHPC,22,59,200,340.0,68000.0
2021062704024980,NHPC,22,54,50,340.0,17000.0
2021062704025012,NHPC,25,16,855,340.0,290700.0
2021062704025011,NHPC,36,16,145,340.0,49300.0
2021062704024997,NHPC,36,52,"3,000",340.0,1020000.0
2021062704024996,NHPC,36,16,500,340.0,170000.0
2021062704024995,NHPC,36,57,"1,765",340.0,600100.0
2021062704024994,NHPC,36,49,100,340.0,34000.0
2021062704025151,NHPC,25,55,805,340.0,273700.0
2021062704025090,NHPC,39,55,50,340.0,17000.0
2021062704025071,NHPC,11,55,145,340.0,49300.0
2021062704025034,NHPC,11,38,55,340.0,18700.0
2021062704025033,NHPC,25,38,45,340.0,15300.0
2021062704025017,NHPC,25,46,100,340.0,34000.0
2021062704025222,NHPC,21,41,100,340.0,34000.0
2021062704025183,NHPC,42,41,10,340.0,3400.0
2021062704025156,NHPC,57,41,70,340.0,23800.0
2021062704025155,NHPC,53,41,250,340.0,85000.0
2021062704025154,NHPC,53,56,450,340.0,153000.0
2021062704025152,NHPC,25,56,50,340.0,17000.0
2021062704025035,NICGF,45,13,"2,400",14.8,35520.0
2021062704025221,NICL,20,33,400,1156.0,462400.0
2021062704025220,NICL,58,33,200,1156.0,231200.0
2021062704025219,NICL,56,33,100,1156.0,115600.0
2021062704025218,NICL,49,33,100,1157.0,115700.0
2021062704025217,NICL,58,33,100,1157.0,115700.0
2021062704025216,NICL,39,33,100,1157.0,115700.0
2021062704025007,NICL,20,32,10,1166.0,11660.0
2021062704024964,NICL,49,3,500,1157.0,578500.0
2021062704024963,NICL,10,3,35,1157.0,40495.0
2021062704024913,NICL,58,32,10,1166.0,11660.0
2021062704024800,NICL,49,42,100,1157.0,115700.0
2021062704024798,NICL,58,45,50,1166.0,58300.0
2021062704025223,NIL,57,59,15,1671.0,25065.0
2021062704025180,NIL,57,46,20,1671.0,33420.0
2021062704025179,NIL,57,22,50,1671.0,83550.0
2021062704025040,NIL,17,7,10,1669.0,16690.0
2021062704025039,NIL,21,7,75,1670.0,125250.0
2021062704025038,NIL,40,7,35,1670.0,58450.0
2021062704024955,NIL,4,45,45,1670.0,75150.0
2021062704024917,NIL,50,45,200,1670.0,334000.0
2021062704024911,NIL,33,45,35,1670.0,58450.0
2021062704024910,NIL,33,13,65,1670.0,108550.0
2021062704024881,NIL,38,13,105,1670.0,175350.0
2021062704024797,NIL,13,13,80,1670.0,133600.0
2021062704024972,NIL,45,54,60,1669.0,100140.0
2021062704024971,NIL,44,54,100,1669.0,166900.0
2021062704024970,NIL,22,54,25,1669.0,41725.0
2021062704024969,NIL,57,54,90,1669.0,150210.0
2021062704024968,NIL,4,54,95,1670.0,158650.0
2021062704024956,NIL,4,44,30,1670.0,50100.0
2021062704025037,NIL,42,7,50,1670.0,83500.0
2021062704025036,NIL,44,7,30,1670.0,50100.0
2021062704024976,NIL,37,54,60,1668.0,100080.0
2021062704024975,NIL,29,54,20,1668.0,33360.0
2021062704024974,NIL,53,54,20,1668.0,33360.0
2021062704024973,NIL,38,54,30,1668.0,50040.0
2021062704024802,NLG,3,52,100,1319.0,131900.0
2021062704025056,NLG,14,1,147,1319.0,193893.0
2021062704025008,NLG,3,1,73,1319.0,96287.0
2021062704025112,NLG,36,57,147,1318.0,193746.0
2021062704025057,NLG,14,57,53,1319.0,69907.0
2021062704025185,OHL,17,38,29,554.0,16066.0
2021062704025184,OHL,17,49,44,554.0,24376.0
2021062704025267,PICL,22,7,100,822.0,82200.0
2021062704025141,PICL,22,52,50,823.0,41150.0
2021062704025140,PICL,44,52,405,823.0,333315.0
2021062704024920,PICL,44,47,95,823.0,78185.0
2021062704024919,PICL,58,47,15,824.0,12360.0
2021062704024918,PICL,29,47,50,824.0,41200.0
2021062704025136,PPCL,39,50,30,350.0,10500.0
2021062704024990,PPCL,14,51,150,350.0,52500.0
2021062704025139,PRIN,45,11,50,971.0,48550.0
2021062704025258,RADHI,16,44,437,1180.0,515660.0
2021062704025257,RADHI,16,38,100,1179.0,117900.0
2021062704025256,RADHI,16,56,78,1175.0,91650.0
2021062704025253,RADHI,38,56,10,1175.0,11750.0
2021062704025228,RADHI,58,56,100,1175.0,117500.0
2021062704025187,RADHI,34,56,12,1175.0,14100.0
2021062704024775,RADHI,32,56,50,1170.0,58500.0
2021062704024774,RADHI,36,56,100,1170.0,117000.0
2021062704024773,RADHI,57,56,60,1170.0,70200.0
2021062704024772,RADHI,19,56,23,1170.0,26910.0
2021062704024781,RADHI,44,56,10,1167.0,11670.0
2021062704024780,RADHI,13,56,100,1170.0,117000.0
2021062704024779,RADHI,29,56,210,1170.0,245700.0
2021062704024778,RADHI,58,56,20,1170.0,23400.0
2021062704024777,RADHI,58,56,20,1170.0,23400.0
2021062704024776,RADHI,45,56,36,1170.0,42120.0
2021062704024808,RADHI,16,41,100,1185.0,118500.0
2021062704024807,RADHI,16,59,254,1184.0,300736.0
2021062704024806,RADHI,16,35,42,1180.0,49560.0
2021062704024784,RADHI,42,56,26,1166.0,30316.0
2021062704024783,RADHI,45,56,50,1167.0,58350.0
2021062704024782,RADHI,8,56,50,1167.0,58350.0
2021062704024814,RADHI,16,22,250,1189.0,297250.0
2021062704024813,RADHI,16,22,20,1189.0,23780.0
2021062704024812,RADHI,16,1,55,1188.0,65340.0
2021062704024811,RADHI,16,22,22,1187.0,26114.0
2021062704024810,RADHI,16,51,120,1185.0,142200.0
2021062704024809,RADHI,16,11,109,1185.0,129165.0
2021062704024865,RADHI,19,43,20,1166.0,23320.0
2021062704024864,RADHI,14,43,20,1166.0,23320.0
2021062704024863,RADHI,42,43,74,1166.0,86284.0
2021062704024862,RADHI,45,43,10,1170.0,11700.0
2021062704024816,RADHI,16,48,17,1190.0,20230.0
2021062704024815,RADHI,16,52,11,1190.0,13090.0
2021062704024871,RADHI,19,43,40,1165.0,46600.0
2021062704024870,RADHI,42,43,50,1165.0,58250.0
2021062704024869,RADHI,58,43,250,1165.0,291250.0
2021062704024868,RADHI,19,43,25,1165.0,29125.0
2021062704024867,RADHI,58,43,100,1165.0,116500.0
2021062704024866,RADHI,14,43,28,1165.0,32620.0
2021062704024877,RADHI,55,43,300,1162.0,348600.0
2021062704024876,RADHI,25,43,32,1163.0,37216.0
2021062704024875,RADHI,36,43,23,1163.0,26749.0
2021062704024874,RADHI,28,43,50,1163.0,58150.0
2021062704024873,RADHI,45,43,300,1164.0,349200.0
2021062704024872,RADHI,35,43,20,1164.0,23280.0
2021062704024930,RADHI,32,43,50,1162.0,58100.0
2021062704024929,RADHI,57,43,60,1166.0,69960.0
2021062704024928,RADHI,36,43,30,1170.0,35100.0
2021062704024927,RADHI,45,43,10,1175.0,11750.0
2021062704024879,RADHI,36,43,147,1161.0,170667.0
2021062704024878,RADHI,14,43,11,1162.0,12782.0
2021062704024936,RADHI,58,43,50,1160.0,58000.0
2021062704024935,RADHI,40,43,10,1160.0,11600.0
2021062704024934,RADHI,52,43,50,1160.0,58000.0
2021062704024933,RADHI,52,43,10,1160.0,11600.0
2021062704024932,RADHI,54,43,30,1160.0,34800.0
2021062704024931,RADHI,36,43,689,1161.0,799929.0
2021062704025172,RADHI,55,43,10,1170.0,11700.0
2021062704025016,RADHI,52,43,10,1167.0,11670.0
2021062704024940,RADHI,36,43,336,1160.0,389760.0
2021062704024939,RADHI,38,43,25,1160.0,29000.0
2021062704024938,RADHI,45,43,50,1160.0,58000.0
2021062704024937,RADHI,41,43,100,1160.0,116000.0
2021062704025226,RBCL,51,58,10,21200.0,212000.0
2021062704025072,RHPC,42,45,37,598.0,22126.0
2021062704025174,RHPL,47,36,50,469.0,23450.0
2021062704025095,RHPL,38,56,265,468.0,124020.0
2021062704025094,RHPL,45,56,10,468.0,4680.0
2021062704025093,RHPL,34,56,50,469.0,23450.0
2021062704025092,RHPL,58,56,200,469.0,93800.0
2021062704025091,RHPL,49,56,25,469.0,11725.0
2021062704025076,RHPL,56,34,10,470.0,4700.0
2021062704025075,RHPL,56,22,83,470.0,39010.0
2021062704025005,RHPL,49,4,40,469.0,18760.0
2021062704024962,RHPL,59,22,50,470.0,23500.0
2021062704024916,RHPL,49,51,30,469.0,14070.0
2021062704025082,RHPL,56,37,67,470.0,31490.0
2021062704025081,RHPL,56,37,200,470.0,94000.0
2021062704025080,RHPL,56,57,70,470.0,32900.0
2021062704025079,RHPL,56,56,40,470.0,18800.0
2021062704025078,RHPL,56,41,20,470.0,9400.0
2021062704025077,RHPL,56,34,10,470.0,4700.0
2021062704025099,RRHP,26,57,100,400.0,40000.0
2021062704025098,RRHP,26,57,100,400.0,40000.0
2021062704025097,RRHP,26,57,100,400.0,40000.0
2021062704025096,RRHP,26,14,100,399.0,39900.0
2021062704025111,SAEF,58,26,100,16.25,1625.0
2021062704024909,SAEF,50,50,"396,030",16.24,6431527.2
2021062704024908,SAEF,50,50,"95,870",16.24,1556928.8
2021062704024907,SAEF,43,50,"3,100",16.25,50375.0
2021062704024906,SAEF,56,50,"5,000",16.25,81250.0
2021062704025197,SEF,43,26,"2,000",14.0,28000.0
2021062704025246,SGI,7,47,30,740.0,22200.0
2021062704025113,SGI,38,38,10,737.0,7370.0
2021062704025006,SGI,38,46,10,737.0,7370.0
2021062704024846,SHL,17,45,406,268.0,108808.0
2021062704025245,SHPC,48,33,17,492.0,8364.0
2021062704025244,SHPC,48,59,"1,000",492.0,492000.0
2021062704025243,SHPC,48,50,47,492.0,23124.0
2021062704025242,SHPC,48,56,168,492.0,82656.0
2021062704025241,SHPC,48,47,66,492.0,32472.0
2021062704025240,SHPC,48,47,14,492.0,6888.0
2021062704025019,SHPC,59,32,300,491.0,147300.0
2021062704024945,SHPC,59,37,338,491.0,165958.0
2021062704025239,SHPC,48,47,88,492.0,43296.0
2021062704025043,SIC,43,45,100,1580.0,158000.0
2021062704025042,SIC,53,45,100,1580.0,158000.0
2021062704025191,SICL,21,47,20,2017.0,40340.0
2021062704025068,SICL,16,34,76,2015.0,153140.0
2021062704025067,SICL,21,34,25,2016.0,50400.0
2021062704025066,SICL,22,34,50,2016.0,100800.0
2021062704025065,SICL,25,34,10,2017.0,20170.0
2021062704025064,SICL,41,34,39,2017.0,78663.0
2021062704025028,SICL,41,26,28,2017.0,56476.0
2021062704025024,SICL,41,36,44,2017.0,88748.0
2021062704024901,SICL,22,32,30,2019.0,60570.0
2021062704024900,SICL,22,10,10,2018.0,20180.0
2021062704024894,SICL,1,10,10,2018.0,20180.0
2021062704025264,SIL,20,38,30,1085.0,32550.0
2021062704025118,SIL,20,11,85,1085.0,92225.0
2021062704025117,SIL,20,47,25,1085.0,27125.0
2021062704025137,SJCL,38,22,10,437.0,4370.0
2021062704025119,SJCL,45,22,10,436.0,4360.0
2021062704025054,SJCL,45,34,20,436.0,8720.0
2021062704024988,SJCL,45,56,250,436.0,109000.0
2021062704024987,SJCL,28,56,50,436.0,21800.0
2021062704024986,SJCL,50,56,200,436.0,87200.0
2021062704024831,SJCL,45,22,50,437.0,21850.0
2021062704024830,SJCL,20,22,60,437.0,26220.0
2021062704024829,SJCL,49,22,600,437.0,262200.0
2021062704024828,SJCL,16,22,500,437.0,218500.0
2021062704024827,SJCL,16,22,130,437.0,56810.0
2021062704024944,SJCL,34,22,50,437.0,21850.0
2021062704024943,SJCL,59,22,75,437.0,32775.0
2021062704024843,SJCL,59,51,40,437.0,17480.0
2021062704024834,SJCL,59,22,55,437.0,24035.0
2021062704024833,SJCL,4,22,50,437.0,21850.0
2021062704024832,SJCL,28,22,55,437.0,24035.0
2021062704024861,SLCF,32,26,355,10.1,3585.5
2021062704024860,SLCF,32,58,145,10.1,1464.5
2021062704025116,SPDL,58,53,50,411.0,20550.0
2021062704025032,SPDL,16,26,11,410.0,4510.0
2021062704025031,SPDL,46,26,89,410.0,36490.0
2021062704025157,SSHL,52,22,20,333.0,6660.0
2021062704025074,SSHL,50,26,100,331.0,33100.0
2021062704025018,SSHL,50,1,"1,000",331.0,331000.0
2021062704025178,STC,16,21,10,9949.0,99490.0
2021062704025177,STC,16,38,25,9945.0,248625.0
2021062704025176,STC,16,52,41,9940.0,407540.0
2021062704025175,STC,16,35,20,9935.0,198700.0
2021062704025215,TRH,56,22,120,385.0,46200.0
2021062704025214,TRH,56,55,55,385.0,21175.0
2021062704025150,TRH,57,3,"2,817",383.0,1078911.0
2021062704025149,TRH,16,3,134,383.0,51322.0
2021062704025148,TRH,25,3,100,383.0,38300.0
2021062704025147,TRH,39,3,50,384.0,19200.0
2021062704025134,TRH,14,8,10,385.0,3850.0
2021062704024788,TRH,50,46,500,385.0,192500.0
2021062704025146,TRH,39,3,50,384.0,19200.0
2021062704025145,TRH,41,3,100,384.0,38400.0
2021062704025144,TRH,19,3,15,384.0,5760.0
2021062704025143,TRH,40,3,200,384.0,76800.0
2021062704025142,TRH,10,3,534,384.0,205056.0
2021062704025135,TRH,14,55,30,385.0,11550.0
2021062704025263,UIC,42,34,100,733.0,73300.0
2021062704025262,UIC,58,34,"1,000",733.0,733000.0
2021062704025261,UIC,36,34,20,734.0,14680.0
2021062704025260,UIC,36,34,80,734.0,58720.0
2021062704025259,UIC,28,34,20,735.0,14700.0
2021062704025204,UIC,45,50,50,736.0,36800.0
2021062704025115,UIC,44,50,110,736.0,80960.0
2021062704025047,UMHL,21,14,50,370.0,18500.0
2021062704025046,UMHL,58,14,122,370.0,45140.0
2021062704025045,UMHL,33,14,50,370.0,18500.0
2021062704025044,UMHL,21,14,25,370.0,9250.0
2021062704025021,UMHL,51,36,50,371.0,18550.0
2021062704025020,UMHL,53,36,40,371.0,14840.0
2021062704025053,UMHL,38,14,50,370.0,18500.0
2021062704025052,UMHL,22,14,100,370.0,37000.0
2021062704025051,UMHL,51,14,160,370.0,59200.0
2021062704025050,UMHL,53,14,70,370.0,25900.0
2021062704025049,UMHL,41,14,281,370.0,103970.0
2021062704025048,UMHL,26,14,60,370.0,22200.0
2021062704025164,UMHL,45,19,10,369.0,3690.0
2021062704025163,UMHL,58,19,100,369.0,36900.0
2021062704025162,UMHL,45,19,200,369.0,73800.0
2021062704025161,UMHL,38,19,100,369.0,36900.0
2021062704025160,UMHL,38,19,90,369.0,33210.0
2021062704025189,UMRH,41,38,10,479.0,4790.0
2021062704025027,UMRH,34,45,290,475.0,137750.0
2021062704025026,UMRH,34,7,200,474.0,94800.0
2021062704024961,UMRH,45,21,840,469.0,393960.0
2021062704024960,UMRH,49,21,20,469.0,9380.0
2021062704024959,UMRH,19,21,140,470.0,65800.0
2021062704024949,UMRH,41,45,10,475.0,4750.0
2021062704024948,UMRH,41,51,20,474.0,9480.0
2021062704024889,UMRH,19,8,10,470.0,4700.0
2021062704025138,UNHPL,48,4,50,362.0,18100.0
2021062704024947,UNHPL,51,39,60,362.0,21720.0
2021062704024946,UNHPL,36,39,350,362.0,126700.0
2021062704024912,UNHPL,36,56,50,362.0,18100.0
2021062704024856,UNHPL,36,32,100,362.0,36200.0
2021062704024855,UNHPL,54,32,20,362.0,7240.0
2021062704024820,UPCL,47,45,50,301.0,15050.0
2021062704025030,UPPER,58,46,40,819.0,32760.0
2021062704024656,AHPC,54,8,15,479.0,7185.0
2021062704024543,AHPC,54,49,500,479.0,239500.0
2021062704024434,AHPC,19,38,10,480.0,4800.0
2021062704024433,AHPC,58,38,50,480.0,24000.0
2021062704024432,AHPC,17,38,10,480.0,4800.0
2021062704024431,AHPC,46,38,250,480.0,120000.0
2021062704024293,AHPC,58,28,150,480.0,72000.0
2021062704024292,AHPC,5,28,100,480.0,48000.0
2021062704024291,AHPC,26,28,86,480.0,41280.0
2021062704024299,AHPC,33,28,500,480.0,240000.0
2021062704024298,AHPC,45,28,500,480.0,240000.0
2021062704024297,AHPC,40,28,200,480.0,96000.0
2021062704024296,AHPC,6,28,99,480.0,47520.0
2021062704024295,AHPC,58,28,200,480.0,96000.0
2021062704024294,AHPC,45,28,"1,000",480.0,480000.0
2021062704024430,AHPC,1,38,100,480.0,48000.0
2021062704024429,AHPC,53,38,25,480.0,12000.0
2021062704024303,AHPC,53,28,15,480.0,7200.0
2021062704024302,AHPC,13,28,50,480.0,24000.0
2021062704024301,AHPC,40,28,100,480.0,48000.0
2021062704024300,AHPC,1,28,100,480.0,48000.0
2021062704024717,AIL,38,25,190,814.0,154660.0
2021062704024716,AIL,45,25,100,815.0,81500.0
2021062704024715,AIL,20,25,70,815.0,57050.0
2021062704024581,AIL,20,16,10,815.0,8150.0
2021062704024566,AIL,51,58,30,816.0,24480.0
2021062704024452,AIL,20,55,20,815.0,16300.0
2021062704024304,AIL,32,5,12,815.0,9780.0
2021062704024378,AIL,41,58,100,816.0,81600.0
2021062704024338,AIL,32,11,50,815.0,40750.0
2021062704024319,AIL,38,10,10,814.0,8140.0
2021062704024307,AIL,38,5,232,814.0,188848.0
2021062704024306,AIL,36,5,100,815.0,81500.0
2021062704024305,AIL,19,5,40,815.0,32600.0
2021062704024677,AKPL,45,58,100,441.0,44100.0
2021062704024555,AKPL,1,48,80,442.0,35360.0
2021062704024474,AKPL,45,43,20,441.0,8820.0
2021062704024447,AKPL,1,58,116,440.0,51040.0
2021062704024427,AKPL,25,58,11,440.0,4840.0
2021062704024750,API,55,32,333,398.0,132534.0
2021062704024710,API,47,1,60,397.0,23820.0
2021062704024709,API,17,1,480,397.0,190560.0
2021062704024699,API,17,3,50,397.0,19850.0
2021062704024679,API,17,57,10,397.0,3970.0
2021062704024638,API,33,32,109,398.0,43382.0
2021062704024283,API,1,58,90,396.0,35640.0
2021062704024528,API,17,56,160,397.0,63520.0
2021062704024456,API,1,47,90,396.0,35640.0
2021062704024455,API,59,47,60,397.0,23820.0
2021062704024368,API,59,57,100,397.0,39700.0
2021062704024342,API,59,26,340,397.0,134980.0
2021062704024285,API,53,26,200,397.0,79400.0
2021062704024649,BARUN,51,35,90,540.0,48600.0
2021062704024564,BARUN,38,35,29,540.0,15660.0
2021062704024563,BARUN,38,26,21,540.0,11340.0
2021062704024420,BARUN,58,26,29,540.0,15660.0
2021062704024419,BARUN,58,5,11,540.0,5940.0
2021062704024418,BARUN,58,51,50,540.0,27000.0
2021062704024558,BBC,29,28,10,5690.0,56900.0
2021062704024397,BBC,10,58,10,5675.0,56750.0
2021062704024396,BBC,10,20,10,5675.0,56750.0
2021062704024708,BPCL,17,13,100,524.0,52400.0
2021062704024697,BPCL,42,34,10,525.0,5250.0
2021062704024686,BPCL,57,34,70,525.0,36750.0
2021062704024669,BPCL,49,34,10,525.0,5250.0
2021062704024384,BPCL,52,57,50,524.0,26200.0
2021062704024383,BPCL,4,57,50,524.0,26200.0
2021062704024382,BPCL,53,57,50,524.0,26200.0
2021062704024381,BPCL,59,57,200,524.0,104800.0
2021062704024346,BPCL,42,22,48,524.0,25152.0
2021062704024345,BPCL,58,22,50,524.0,26200.0
2021062704024390,BPCL,38,57,20,522.0,10440.0
2021062704024389,BPCL,50,57,40,522.0,20880.0
2021062704024388,BPCL,38,57,100,522.0,52200.0
2021062704024387,BPCL,34,57,64,522.0,33408.0
2021062704024386,BPCL,13,57,17,523.0,8891.0
2021062704024385,BPCL,53,57,81,523.0,42363.0
2021062704024505,BPCL,49,34,50,525.0,26250.0
2021062704024504,BPCL,49,34,50,524.0,26200.0
2021062704024393,BPCL,35,57,228,521.0,118788.0
2021062704024392,BPCL,45,57,50,522.0,26100.0
2021062704024391,BPCL,29,57,50,522.0,26100.0
2021062704024698,CGH,22,16,10,1560.0,15600.0
2021062704024624,CGH,16,36,50,1561.0,78050.0
2021062704024538,CGH,34,36,20,1561.0,31220.0
2021062704024272,CGH,21,21,10,1556.0,15560.0
2021062704024726,CHCL,43,26,101,674.0,68074.0
2021062704024659,CHCL,43,26,20,674.0,13480.0
2021062704024647,CHCL,43,49,129,674.0,86946.0
2021062704024428,CHCL,41,49,50,674.0,33700.0
2021062704024276,CHCL,58,49,11,674.0,7414.0
2021062704024731,CHL,49,38,50,442.0,22100.0
2021062704024730,CHL,49,14,100,442.0,44200.0
2021062704024507,CHL,58,33,2,440.0,880.0
2021062704024435,CHL,6,17,20,440.0,8800.0
2021062704024339,CHL,6,21,100,440.0,44000.0
2021062704024323,CMF2,42,38,700,12.9,9030.0
2021062704024322,CMF2,42,55,100,12.9,1290.0
2021062704024655,DHPL,40,58,210,277.0,58170.0
2021062704024654,DHPL,11,58,300,277.0,83100.0
2021062704024653,DHPL,22,58,100,277.0,27700.0
2021062704024652,DHPL,32,58,323,277.0,89471.0
2021062704024651,DHPL,39,58,10,278.0,2780.0
2021062704024650,DHPL,42,58,57,278.0,15846.0
2021062704024365,DHPL,42,50,50,278.0,13900.0
2021062704024714,EIC,17,6,26,772.0,20072.0
2021062704024492,EIC,48,26,585,771.0,451035.0
2021062704024372,EIC,54,6,300,772.0,231600.0
2021062704024687,GHL,35,42,30,299.0,8970.0
2021062704024725,GIC,38,38,10,701.0,7010.0
2021062704024395,GIC,39,57,10,704.0,7040.0
2021062704024353,GIC,38,10,10,701.0,7010.0
2021062704024707,GLH,51,58,10,379.0,3790.0
2021062704024663,GLH,51,35,10,379.0,3790.0
2021062704024626,GLH,51,49,10,380.0,3800.0
2021062704024618,GLH,58,49,10,380.0,3800.0
2021062704024617,GLH,58,22,10,380.0,3800.0
2021062704024616,GLH,58,42,10,380.0,3800.0
2021062704024609,GLH,58,34,10,380.0,3800.0
2021062704024590,GLH,51,45,10,379.0,3790.0
2021062704024548,GLH,39,59,10,380.0,3800.0
2021062704024547,GLH,39,42,10,380.0,3800.0
2021062704024546,GLH,39,52,10,380.0,3800.0
2021062704024545,GLH,39,44,60,380.0,22800.0
2021062704024615,GLH,58,33,10,380.0,3800.0
2021062704024614,GLH,58,11,10,380.0,3800.0
2021062704024613,GLH,58,51,10,380.0,3800.0
2021062704024612,GLH,58,38,10,380.0,3800.0
2021062704024611,GLH,58,57,10,380.0,3800.0
2021062704024610,GLH,58,38,10,380.0,3800.0
2021062704024668,HDHPC,44,33,80,284.0,22720.0
2021062704024667,HDHPC,10,33,200,284.0,56800.0
2021062704024666,HDHPC,22,33,200,284.0,56800.0
2021062704024665,HDHPC,52,33,20,284.0,5680.0
2021062704024605,HDHPC,52,43,19,284.0,5396.0
2021062704024604,HDHPC,58,43,81,284.0,23004.0
2021062704024508,HDHPC,8,51,40,285.0,11400.0
2021062704024425,HDHPC,35,52,320,285.0,91200.0
2021062704024424,HDHPC,35,4,50,285.0,14250.0
2021062704024341,HDHPC,35,52,10,285.0,2850.0
2021062704024318,HDHPC,35,26,490,285.0,139650.0
2021062704024317,HDHPC,41,26,60,285.0,17100.0
2021062704024364,HGI,28,25,84,783.0,65772.0
2021062704024446,HPPL,39,47,50,413.0,20650.0
2021062704024377,HPPL,14,47,60,413.0,24780.0
2021062704024376,HPPL,14,38,40,413.0,16520.0
2021062704024552,HURJA,47,11,60,357.0,21420.0
2021062704024551,HURJA,47,22,20,357.0,7140.0
2021062704024550,HURJA,47,22,20,357.0,7140.0
2021062704024705,IGI,16,50,10,1223.0,12230.0
2021062704024704,IGI,16,35,190,1223.0,232370.0
2021062704024661,IGI,33,35,100,1223.0,122300.0
2021062704024660,IGI,7,35,10,1223.0,12230.0
2021062704024457,IGI,41,50,25,1224.0,30600.0
2021062704024324,IGI,51,32,300,1225.0,367500.0
2021062704024328,IGI,20,32,200,1225.0,245000.0
2021062704024327,IGI,4,32,10,1225.0,12250.0
2021062704024326,IGI,14,32,25,1225.0,30625.0
2021062704024325,IGI,51,32,200,1225.0,245000.0
2021062704024706,JOSHI,51,25,50,285.0,14250.0
2021062704024676,JOSHI,38,3,108,286.0,30888.0
2021062704024675,JOSHI,38,57,275,286.0,78650.0
2021062704024674,JOSHI,38,44,"2,000",286.0,572000.0
2021062704024673,JOSHI,38,42,120,286.0,34320.0
2021062704024672,JOSHI,38,59,270,286.0,77220.0
2021062704024421,JOSHI,50,44,100,286.0,28600.0
2021062704024351,JOSHI,47,44,100,286.0,28600.0
2021062704024349,JOSHI,6,44,100,286.0,28600.0
2021062704024671,JOSHI,38,35,20,286.0,5720.0
2021062704024670,JOSHI,38,44,707,286.0,202202.0
2021062704024506,JOSHI,52,44,100,286.0,28600.0
2021062704024606,KEF,57,11,500,10.12,5060.0
2021062704024556,KKHC,17,57,100,288.0,28800.0
2021062704024363,KKHC,37,46,20,287.0,5740.0
2021062704024330,KKHC,37,14,96,286.0,27456.0
2021062704024278,KPCL,57,51,10,450.0,4500.0
2021062704024331,KPCL,57,48,20,450.0,9000.0
2021062704024576,LEC,22,50,40,356.0,14240.0
2021062704024422,LEC,35,26,584,355.0,207320.0
2021062704024321,LEC,58,57,25,357.0,8925.0
2021062704024648,LGIL,10,41,50,793.0,39650.0
2021062704024539,MEN,34,55,10,858.0,8580.0
2021062704024362,MEN,40,41,30,857.0,25710.0
2021062704024361,MEN,40,41,180,857.0,154260.0
2021062704024360,MEN,1,41,90,858.0,77220.0
2021062704024359,MEN,34,41,200,859.0,171800.0
2021062704024594,NHDL,41,57,317,441.0,139797.0
2021062704024764,NHPC,51,4,50,340.0,17000.0
2021062704024733,NHPC,29,4,320,340.0,108800.0
2021062704024732,NHPC,29,21,"1,180",340.0,401200.0
