Transact. No.,Symbol,Buyer,Seller,Quantity,Rate,Amount
2021062904027655,AHPC,29,42,102,442.0,45084.0
2021062904027654,AHPC,46,42,83,442.0,36686.0
2021062904027525,AHPC,46,36,367,442.0,162214.0
2021062904027524,AHPC,21,36,133,442.0,58786.0
2021062904027520,AHPC,21,14,20,442.0,8840.0
2021062904027833,AHPC,29,21,50,442.0,22100.0
2021062904027828,AHPC,22,29,250,443.0,110750.0
2021062904027745,AHPC,47,29,370,443.0,163910.0
2021062904027657,AHPC,58,29,245,443.0,108535.0
2021062904027780,AKPL,34,29,490,423.0,207270.0
2021062904027779,AKPL,5,29,500,423.0,211500.0
2021062904027778,AKPL,45,29,10,423.0,4230.0
2021062904027755,AKPL,45,32,50,424.0,21200.0
2021062904027747,AKPL,58,32,"1,000",424.0,424000.0
2021062904027727,AKPL,45,21,40,423.0,16920.0
2021062904027726,AKPL,35,32,200,424.0,84800.0
2021062904027653,AKPL,45,32,100,424.0,42400.0
2021062904027499,AKPL,35,42,"1,000",423.0,423000.0
2021062904027456,AKPL,29,32,880,423.0,372240.0
2021062904027455,AKPL,29,22,120,423.0,50760.0
2021062904027452,AKPL,41,22,50,423.0,21150.0
2021062904027832,API,29,58,100,372.0,37200.0
2021062904027751,API,33,49,817,373.0,304741.0
2021062904027750,API,33,59,68,373.0,25364.0
2021062904027749,API,33,34,115,372.0,42780.0
2021062904027746,API,34,55,17,371.0,6307.0
2021062904027711,API,42,33,16,370.0,5920.0
2021062904027436,API,34,28,100,371.0,37100.0
2021062904027435,API,43,28,200,371.0,74200.0
2021062904027639,API,34,35,100,372.0,37200.0
2021062904027638,API,34,51,150,372.0,55800.0
2021062904027532,API,34,21,40,371.0,14840.0
2021062904027503,API,34,41,50,371.0,18550.0
2021062904027501,API,51,51,60,372.0,22320.0
2021062904027495,API,57,51,200,372.0,74400.0
2021062904027704,API,36,33,200,371.0,74200.0
2021062904027703,API,49,33,200,371.0,74200.0
2021062904027702,API,34,33,30,371.0,11130.0
2021062904027701,API,34,33,482,372.0,179304.0
2021062904027682,API,34,21,"1,250",372.0,465000.0
2021062904027640,API,34,53,18,372.0,6696.0
2021062904027710,API,42,33,15,370.0,5550.0
2021062904027709,API,32,33,100,371.0,37100.0
2021062904027708,API,49,33,250,371.0,92750.0
2021062904027707,API,37,33,50,371.0,18550.0
2021062904027706,API,57,33,57,371.0,21147.0
2021062904027705,API,45,33,100,371.0,37100.0
2021062904027806,BARUN,34,34,77,513.0,39501.0
2021062904027661,BARUN,14,14,72,520.0,37440.0
2021062904027660,BARUN,14,44,50,519.0,25950.0
2021062904027659,BARUN,14,58,78,515.0,40170.0
2021062904027411,BARUN,13,58,365,515.0,187975.0
2021062904027421,BARUN,34,26,260,513.0,133380.0
2021062904027420,BARUN,4,26,30,513.0,15390.0
2021062904027415,BARUN,14,58,200,515.0,103000.0
2021062904027414,BARUN,47,58,100,515.0,51500.0
2021062904027413,BARUN,16,58,"1,172",515.0,603580.0
2021062904027412,BARUN,20,58,500,515.0,257500.0
2021062904027791,BBC,19,6,13,5512.0,71656.0
2021062904027790,BBC,59,6,10,5513.0,55130.0
2021062904027789,BBC,36,6,27,5515.0,148905.0
2021062904027859,BPCL,35,42,20,505.0,10100.0
2021062904027787,BPCL,44,40,80,506.0,40480.0
2021062904027786,BPCL,44,45,20,506.0,10120.0
2021062904027723,BPCL,35,8,50,505.0,25250.0
2021062904027544,BPCL,35,44,70,505.0,35350.0
2021062904027543,BPCL,16,44,30,505.0,15150.0
2021062904027504,CGH,55,1,10,1550.0,15500.0
2021062904027765,CHCL,29,58,50,660.0,33000.0
2021062904027764,CHCL,29,6,50,660.0,33000.0
2021062904027763,CHCL,29,51,100,660.0,66000.0
2021062904027762,CHCL,29,5,86,660.0,56760.0
2021062904027748,CHCL,28,5,100,660.0,66000.0
2021062904027510,CHCL,38,42,14,658.0,9212.0
2021062904027729,CHL,34,55,20,412.0,8240.0
2021062904027488,CHL,57,59,100,413.0,41300.0
2021062904027734,CMF1,59,45,100,12.45,1245.0
2021062904027496,GHL,5,14,10,279.0,2790.0
2021062904027768,GIC,52,56,100,694.0,69400.0
2021062904027767,GIC,13,56,100,694.0,69400.0
2021062904027766,GIC,51,56,40,694.0,27760.0
2021062904027439,GIC,51,11,50,694.0,34700.0
2021062904027438,GIC,58,11,20,694.0,13880.0
2021062904027437,GIC,32,11,10,694.0,6940.0
2021062904027805,HDHPC,45,44,50,267.0,13350.0
2021062904027769,HDHPC,50,44,225,267.0,60075.0
2021062904027586,HDHPC,50,41,275,267.0,73425.0
2021062904027542,HDHPC,26,6,200,266.0,53200.0
2021062904027541,HDHPC,33,6,100,266.0,26600.0
2021062904027454,HDHPC,52,41,50,267.0,13350.0
2021062904027434,HDHPC,46,41,80,267.0,21360.0
2021062904027389,HDHPC,33,6,500,266.0,133000.0
2021062904027774,HPPL,42,35,34,400.0,13600.0
2021062904027773,HPPL,35,35,100,400.0,40000.0
2021062904027772,HPPL,21,35,36,400.0,14400.0
2021062904027771,HPPL,34,35,100,400.0,40000.0
2021062904027644,HPPL,55,35,70,401.0,28070.0
2021062904027643,HPPL,28,35,50,401.0,20050.0
2021062904027642,HPPL,39,35,50,401.0,20050.0
2021062904027641,HPPL,57,35,30,401.0,12030.0
2021062904027432,HPPL,5,11,90,402.0,36180.0
2021062904027760,HURJA,3,32,10,346.0,3460.0
2021062904027547,HURJA,3,48,150,346.0,51900.0
2021062904027788,IGI,38,39,20,1190.0,23800.0
2021062904027407,IGI,38,39,20,1190.0,23800.0
2021062904027387,IGI,16,22,35,1189.0,41615.0
2021062904027736,JOSHI,51,57,53,268.0,14204.0
2021062904027492,JOSHI,51,47,676,268.0,181168.0
2021062904027491,JOSHI,8,47,150,268.0,40200.0
2021062904027490,JOSHI,25,47,30,268.0,8040.0
2021062904027489,JOSHI,13,47,370,268.0,99160.0
2021062904027527,KEF,29,45,900,10.06,9054.0
2021062904027526,KEF,50,45,"1,100",10.06,11066.0
2021062905000020,KLBSL,52,14,14,1603.0,22442.0
2021062905000019,KLBSL,36,14,40,1604.0,64160.0
2021062905000018,KLBSL,29,14,46,1608.0,73968.0
2021062905000017,KLBSL,29,44,54,1608.0,86832.0
2021062905000016,KLBSL,37,51,80,1625.0,130000.0
2021062905000015,KLBSL,37,34,19,1625.0,30875.0
2021062905000002,KLBSL,16,17,32,1685.0,53920.0
2021062905000001,KLBSL,52,4,10,1653.0,16530.0
2021062905000008,KLBSL,43,35,27,1641.0,44307.0
2021062905000007,KLBSL,58,3,50,1635.0,81750.0
2021062905000006,KLBSL,34,3,50,1635.0,81750.0
2021062905000005,KLBSL,29,28,100,1660.0,166000.0
2021062905000004,KLBSL,29,28,100,1660.0,166000.0
2021062905000003,KLBSL,16,4,10,1686.0,16860.0
2021062905000014,KLBSL,58,28,100,1635.0,163500.0
2021062905000013,KLBSL,58,20,50,1635.0,81750.0
2021062905000012,KLBSL,45,55,25,1660.0,41500.0
2021062905000011,KLBSL,45,41,20,1658.0,33160.0
2021062905000010,KLBSL,52,48,150,1640.0,246000.0
2021062905000009,KLBSL,59,35,100,1640.0,164000.0
2021062904027830,KPCL,41,25,20,427.0,8540.0
2021062904027824,KPCL,32,34,10,429.0,4290.0
2021062904027385,KPCL,4,25,50,427.0,21350.0
2021062904027698,LGIL,44,25,300,768.0,230400.0
2021062904027658,LGIL,58,1,10,775.0,7750.0
2021062904027601,LGIL,34,25,861,765.0,658665.0
2021062904027600,LGIL,59,25,50,765.0,38250.0
2021062904027599,LGIL,16,25,100,765.0,76500.0
2021062904027598,LGIL,32,25,50,765.0,38250.0
2021062904027591,LGIL,45,25,50,767.0,38350.0
2021062904027590,LGIL,37,25,180,767.0,138060.0
2021062904027589,LGIL,17,25,43,769.0,33067.0
2021062904027588,LGIL,1,25,50,770.0,38500.0
2021062904027587,LGIL,1,25,80,770.0,61600.0
2021062904027386,LGIL,1,34,20,770.0,15400.0
2021062904027597,LGIL,26,25,200,765.0,153000.0
2021062904027596,LGIL,41,25,66,766.0,50556.0
2021062904027595,LGIL,1,25,10,766.0,7660.0
2021062904027594,LGIL,51,25,50,766.0,38300.0
2021062904027593,LGIL,26,25,200,767.0,153400.0
2021062904027592,LGIL,14,25,10,767.0,7670.0
2021062904027388,MEN,17,38,330,843.0,278190.0
2021062904027607,MHNL,51,51,40,311.0,12440.0
2021062904027814,NGPL,8,57,40,464.0,18560.0
2021062904027782,NGPL,7,43,30,463.0,13890.0
2021062904027781,NGPL,46,43,20,463.0,9260.0
2021062904027546,NGPL,7,35,480,456.0,218880.0
2021062904027545,NGPL,46,35,20,462.0,9240.0
2021062904027533,NGPL,46,22,30,462.0,13860.0
2021062904027627,NHDL,13,41,20,423.0,8460.0
2021062904027433,NHDL,41,41,50,423.0,21150.0
2021062904027858,NHPC,40,37,90,331.0,29790.0
2021062904027857,NHPC,51,37,"2,000",331.0,662000.0
2021062904027856,NHPC,4,37,25,331.0,8275.0
2021062904027855,NHPC,47,37,200,331.0,66200.0
2021062904027854,NHPC,34,37,500,331.0,165500.0
2021062904027853,NHPC,53,37,100,331.0,33100.0
2021062904027430,NHPC,54,49,200,333.0,66600.0
2021062904027408,NHPC,42,49,10,333.0,3330.0
2021062904027383,NHPC,28,49,760,333.0,253080.0
2021062904027382,NHPC,28,46,540,333.0,179820.0
2021062904027450,NHPC,57,41,300,332.0,99600.0
2021062904027449,NHPC,33,41,200,332.0,66400.0
2021062904027448,NHPC,41,41,20,332.0,6640.0
2021062904027447,NHPC,41,41,100,332.0,33200.0
2021062904027446,NHPC,45,41,50,332.0,16600.0
2021062904027445,NHPC,48,41,88,332.0,29216.0
2021062904027555,NHPC,4,17,229,332.0,76028.0
2021062904027554,NHPC,48,17,71,332.0,23572.0
2021062904027509,NHPC,33,49,100,333.0,33300.0
2021062904027508,NHPC,46,49,500,333.0,166500.0
2021062904027506,NHPC,42,49,10,333.0,3330.0
2021062904027451,NHPC,48,41,29,332.0,9628.0
2021062904027622,NHPC,57,49,500,333.0,166500.0
2021062904027619,NHPC,42,49,50,333.0,16650.0
2021062904027616,NHPC,34,49,30,333.0,9990.0
2021062904027610,NHPC,56,21,69,332.0,22908.0
2021062904027609,NHPC,45,21,200,332.0,66400.0
2021062904027608,NHPC,4,21,171,332.0,56772.0
2021062904027720,NHPC,40,47,80,332.0,26560.0
2021062904027719,NHPC,56,47,31,332.0,10292.0
2021062904027683,NHPC,29,49,10,333.0,3330.0
2021062904027651,NHPC,34,49,300,333.0,99900.0
2021062904027650,NHPC,13,49,"2,000",333.0,666000.0
2021062904027645,NHPC,42,49,10,333.0,3330.0
2021062904027733,NHPC,41,38,30,333.0,9990.0
2021062904027732,NHPC,41,4,50,333.0,16650.0
2021062904027731,NHPC,41,57,200,333.0,66600.0
2021062904027730,NHPC,41,49,520,333.0,173160.0
2021062904027722,NHPC,44,47,389,332.0,129148.0
2021062904027721,NHPC,45,47,200,332.0,66400.0
2021062904027794,NHPC,41,49,11,332.0,3652.0
2021062904027775,NHPC,58,38,50,333.0,16650.0
2021062904027761,NHPC,58,38,100,333.0,33300.0
2021062904027740,NHPC,41,32,89,332.0,29548.0
2021062904027739,NHPC,41,32,100,332.0,33200.0
2021062904027738,NHPC,44,32,111,332.0,36852.0
2021062904027800,NHPC,56,49,70,332.0,23240.0
2021062904027799,NHPC,1,49,300,332.0,99600.0
2021062904027798,NHPC,59,49,400,332.0,132800.0
2021062904027797,NHPC,21,49,"1,000",332.0,332000.0
2021062904027796,NHPC,56,49,"1,000",332.0,332000.0
2021062904027795,NHPC,49,49,105,332.0,34860.0
2021062904027826,NHPC,28,17,100,333.0,33300.0
2021062904027825,NHPC,28,38,20,333.0,6660.0
2021062904027818,NHPC,46,49,614,332.0,203848.0
2021062904027803,NHPC,25,49,100,332.0,33200.0
2021062904027802,NHPC,21,49,300,332.0,99600.0
2021062904027801,NHPC,34,49,100,332.0,33200.0
2021062904027840,NHPC,49,37,"1,000",331.0,331000.0
2021062904027839,NHPC,38,37,100,331.0,33100.0
2021062904027838,NHPC,36,37,200,331.0,66200.0
2021062904027837,NHPC,35,37,78,331.0,25818.0
2021062904027836,NHPC,46,37,386,332.0,128152.0
2021062904027827,NHPC,28,51,203,333.0,67599.0
2021062904027846,NHPC,34,37,50,331.0,16550.0
2021062904027845,NHPC,49,37,50,331.0,16550.0
2021062904027844,NHPC,46,37,351,331.0,116181.0
2021062904027843,NHPC,38,37,"1,000",331.0,331000.0
2021062904027842,NHPC,32,37,100,331.0,33100.0
2021062904027841,NHPC,56,37,50,331.0,16550.0
2021062904027852,NHPC,49,37,"2,000",331.0,662000.0
2021062904027851,NHPC,4,37,"1,000",331.0,331000.0
2021062904027850,NHPC,58,37,400,331.0,132400.0
2021062904027849,NHPC,53,37,100,331.0,33100.0
2021062904027848,NHPC,58,37,20,331.0,6620.0
2021062904027847,NHPC,43,37,200,331.0,66200.0
2021062904027831,NICL,25,58,50,1142.0,57100.0
2021062904027614,NICL,20,8,10,1294.0,12940.0
2021062904027584,NICL,20,17,200,1294.0,258800.0
2021062904027583,NICL,20,46,10,1294.0,12940.0
2021062904027582,NICL,20,42,80,1285.0,102800.0
2021062904027581,NICL,20,56,100,1285.0,128500.0
2021062904027395,NICL,20,5,300,1236.0,370800.0
2021062904027394,NICL,20,11,54,1236.0,66744.0
2021062904027393,NICL,20,54,13,1236.0,16068.0
2021062904027392,NICL,20,13,100,1236.0,123600.0
2021062904027391,NICL,20,57,23,1235.0,28405.0
2021062904027401,NICL,20,17,"1,000",1260.0,1260000.0
2021062904027400,NICL,20,56,"4,000",1260.0,5040000.0
2021062904027399,NICL,20,38,"2,435",1260.0,3068100.0
2021062904027398,NICL,20,49,435,1260.0,548100.0
2021062904027397,NICL,20,21,100,1250.0,125000.0
2021062904027396,NICL,20,53,100,1236.0,123600.0
2021062904027464,NICL,20,10,100,1236.0,123600.0
2021062904027463,NICL,20,52,300,1235.0,370500.0
2021062904027462,NICL,20,38,200,1235.0,247000.0
2021062904027404,NICL,20,28,40,1260.0,50400.0
2021062904027403,NICL,20,37,400,1260.0,504000.0
2021062904027402,NICL,20,32,"1,000",1260.0,1260000.0
2021062904027470,NICL,20,37,"1,000",1250.0,1250000.0
2021062904027469,NICL,20,19,30,1250.0,37500.0
2021062904027468,NICL,20,56,240,1236.0,296640.0
2021062904027467,NICL,20,57,200,1236.0,247200.0
2021062904027466,NICL,20,56,100,1236.0,123600.0
2021062904027465,NICL,20,52,100,1236.0,123600.0
2021062904027476,NICL,20,48,200,1260.0,252000.0
2021062904027475,NICL,20,29,60,1260.0,75600.0
2021062904027474,NICL,20,6,128,1260.0,161280.0
2021062904027473,NICL,20,47,"1,000",1260.0,1260000.0
2021062904027472,NICL,20,28,360,1260.0,453600.0
2021062904027471,NICL,20,44,"2,000",1259.0,2518000.0
2021062904027482,NICL,20,51,100,1260.0,126000.0
2021062904027481,NICL,20,33,100,1260.0,126000.0
2021062904027480,NICL,20,6,50,1260.0,63000.0
2021062904027479,NICL,20,34,400,1260.0,504000.0
2021062904027478,NICL,20,17,100,1260.0,126000.0
2021062904027477,NICL,20,38,400,1260.0,504000.0
2021062904027562,NICL,20,49,160,1260.0,201600.0
2021062904027561,NICL,20,51,400,1260.0,504000.0
2021062904027560,NICL,20,6,100,1260.0,126000.0
2021062904027485,NICL,20,52,100,1285.0,128500.0
2021062904027484,NICL,20,46,400,1285.0,514000.0
2021062904027483,NICL,20,46,10,1284.0,12840.0
2021062904027568,NICL,20,34,200,1260.0,252000.0
2021062904027567,NICL,20,46,34,1260.0,42840.0
2021062904027566,NICL,20,16,200,1260.0,252000.0
2021062904027565,NICL,20,41,50,1260.0,63000.0
2021062904027564,NICL,20,10,300,1260.0,378000.0
2021062904027563,NICL,20,34,300,1260.0,378000.0
2021062904027574,NICL,20,53,30,1285.0,38550.0
2021062904027573,NICL,20,25,50,1280.0,64000.0
2021062904027572,NICL,20,58,300,1280.0,384000.0
2021062904027571,NICL,20,56,180,1280.0,230400.0
2021062904027570,NICL,20,10,300,1275.0,382500.0
2021062904027569,NICL,20,45,100,1270.0,127000.0
2021062904027580,NICL,20,32,500,1285.0,642500.0
2021062904027579,NICL,20,32,500,1285.0,642500.0
2021062904027578,NICL,20,17,"1,000",1285.0,1285000.0
2021062904027577,NICL,20,49,500,1285.0,642500.0
2021062904027576,NICL,20,51,100,1285.0,128500.0
2021062904027575,NICL,20,25,"1,000",1285.0,1285000.0
2021062904027821,NIL,55,40,50,1648.0,82400.0
2021062904027777,NIL,19,57,50,1646.0,82300.0
2021062904027649,NIL,19,21,100,1648.0,164800.0
2021062904027648,NIL,19,4,43,1648.0,70864.0
2021062904027514,NIL,19,4,10,1648.0,16480.0
2021062904027513,NIL,42,4,85,1648.0,140080.0
2021062904027512,NIL,5,4,162,1648.0,266976.0
2021062904027493,NIL,20,57,15,1649.0,24735.0
2021062904027417,NIL,58,52,8,1649.0,13192.0
2021062904027416,NIL,6,52,32,1649.0,52768.0
2021062904027829,NLG,25,56,34,1276.0,43384.0
2021062904027785,NLG,49,56,114,1276.0,145464.0
2021062904027784,NLG,57,56,50,1276.0,63800.0
2021062904027487,NLG,48,44,100,1276.0,127600.0
2021062904027429,NLG,21,56,30,1278.0,38340.0
2021062904027381,NLG,49,52,41,1275.0,52275.0
2021062904027605,NLG,57,32,50,1276.0,63800.0
2021062904027511,NLG,58,56,10,1278.0,12780.0
2021062904027494,NLG,53,44,100,1276.0,127600.0
2021062904027515,OHL,48,16,10,606.0,6060.0
2021062904027502,OHL,51,22,100,605.0,60500.0
2021062904027498,OHL,20,22,400,605.0,242000.0
2021062904027497,OHL,20,58,100,605.0,60500.0
2021062904027453,OHL,44,22,100,604.0,60400.0
2021062904027529,PIC,14,56,10,1200.0,12000.0
2021062904027528,PIC,13,56,10,1201.0,12010.0
2021062904027819,PICL,4,40,52,810.0,42120.0
2021062904027548,PICL,4,21,200,810.0,162000.0
2021062904027505,PMHPL,34,48,100,280.0,28000.0
2021062904027834,RADHI,54,1,50,790.0,39500.0
2021062904027811,RADHI,47,1,10,790.0,7900.0
2021062904027793,RADHI,16,42,20,789.0,15780.0
2021062904027792,RADHI,6,42,80,789.0,63120.0
2021062904027783,RADHI,6,45,50,789.0,39450.0
2021062904027728,RADHI,57,1,10,790.0,7900.0
2021062904027617,RADHI,6,49,200,789.0,157800.0
2021062904027521,RADHI,49,57,34,783.0,26622.0
2021062904027390,RADHI,38,49,300,790.0,237000.0
2021062904027700,RADHI,45,1,75,790.0,59250.0
2021062904027699,RADHI,45,42,25,790.0,19750.0
2021062904027656,RADHI,28,42,15,790.0,11850.0
2021062904027635,RADHI,6,33,20,789.0,15780.0
2021062904027633,RADHI,6,38,50,789.0,39450.0
2021062904027618,RADHI,6,55,100,789.0,78900.0
2021062904027860,RHPC,33,14,100,535.0,53500.0
2021062904027776,RHPC,21,14,200,535.0,107000.0
2021062904027770,RHPC,59,14,100,535.0,53500.0
2021062904027724,RHPC,40,14,200,530.0,106000.0
2021062904027632,RHPC,56,14,10,535.0,5350.0
2021062904027807,RHPL,50,43,465,445.0,206925.0
2021062904027741,RHPL,11,43,100,445.0,44500.0
2021062904027810,RRHP,55,48,100,367.0,36700.0
2021062904027809,RRHP,57,48,155,367.0,56885.0
2021062904027558,RRHP,57,59,60,367.0,22020.0
2021062904027557,RRHP,59,59,100,369.0,36900.0
2021062904027556,RRHP,10,59,40,369.0,14760.0
2021062904027384,RRHP,36,56,10,370.0,3700.0
2021062904027460,SAEF,28,34,"1,000",16.35,16350.0
2021062904027820,SGI,55,19,50,728.0,36400.0
2021062904027735,SGI,58,19,40,728.0,29120.0
2021062904027634,SGI,48,19,50,728.0,36400.0
2021062904027604,SGI,36,21,10,727.0,7270.0
2021062904027500,SGI,37,19,255,728.0,185640.0
2021062904027459,SGI,37,55,100,728.0,72800.0
2021062904027458,SGI,37,25,30,728.0,21840.0
2021062904027457,SGI,37,44,115,728.0,83720.0
2021062904027615,SHL,19,32,100,265.0,26500.0
2021062904027523,SHL,47,44,100,264.0,26400.0
2021062904027516,SHL,47,50,425,264.0,112200.0
2021062904027757,SIC,34,38,92,1545.0,142140.0
2021062904027756,SIC,47,50,50,1544.0,77200.0
2021062904027697,SIC,44,37,60,1539.0,92340.0
2021062904027696,SIC,58,37,50,1539.0,76950.0
2021062904027695,SIC,55,37,100,1540.0,154000.0
2021062904027694,SIC,43,37,10,1540.0,15400.0
2021062904027427,SIC,47,38,35,1545.0,54075.0
2021062904027426,SIC,37,38,50,1545.0,77250.0
2021062904027425,SIC,25,38,35,1545.0,54075.0
2021062904027424,SIC,34,38,50,1546.0,77300.0
2021062904027423,SIC,57,38,20,1549.0,30980.0
2021062904027422,SIC,38,38,10,1549.0,15490.0
2021062904027687,SIC,42,37,100,1541.0,154100.0
2021062904027686,SIC,52,37,35,1543.0,54005.0
2021062904027685,SIC,44,37,250,1543.0,385750.0
2021062904027684,SIC,32,37,100,1544.0,154400.0
2021062904027585,SIC,6,38,50,1545.0,77250.0
2021062904027551,SIC,47,38,20,1545.0,30900.0
2021062904027693,SIC,34,37,50,1540.0,77000.0
2021062904027692,SIC,54,37,100,1540.0,154000.0
2021062904027691,SIC,13,37,10,1540.0,15400.0
2021062904027690,SIC,17,37,20,1540.0,30800.0
2021062904027689,SIC,21,37,50,1540.0,77000.0
2021062904027688,SIC,45,37,10,1541.0,15410.0
2021062904027712,SICL,56,35,10,2004.0,20040.0
2021062904027652,SICL,35,14,10,2004.0,20040.0
2021062904027636,SICL,49,14,30,2004.0,60120.0
2021062904027603,SICL,58,14,30,2004.0,60120.0
2021062904027552,SICL,38,14,50,2004.0,100200.0
2021062904027419,SICL,22,14,100,2004.0,200400.0
2021062904027725,SIGS2,16,18,"2,000",13.76,27520.0
2021062904027406,SIGS2,19,43,"25,000",13.8,345000.0
2021062904027405,SIGS2,10,43,"5,000",13.81,69050.0
2021062904027835,SJCL,19,45,11,419.0,4609.0
2021062904027637,SJCL,25,45,50,419.0,20950.0
2021062904027808,SPDL,46,7,10,394.0,3940.0
2021062904027758,SPDL,34,7,30,394.0,11820.0
2021062904027713,SPDL,57,7,10,394.0,3940.0
2021062904027631,SPDL,34,38,30,393.0,11790.0
2021062904027531,SPDL,8,38,470,393.0,184710.0
2021062904027530,SPDL,8,29,40,393.0,15720.0
2021062904027817,SSHL,32,21,67,310.0,20770.0
2021062904027816,SSHL,57,21,50,310.0,15500.0
2021062904027815,SSHL,58,21,71,310.0,22010.0
2021062904027759,SSHL,56,5,100,311.0,31100.0
2021062904027743,SSHL,59,5,100,311.0,31100.0
2021062904027742,SSHL,59,50,200,311.0,62200.0
2021062904027621,SSHL,58,17,10,310.0,3100.0
2021062904027620,SSHL,34,17,10,310.0,3100.0
2021062904027428,SSHL,57,26,100,310.0,31000.0
2021062904027626,STC,5,44,15,9765.0,146475.0
2021062904027804,TRH,49,45,10,399.0,3990.0
2021062904027744,TRH,49,58,200,399.0,79800.0
2021062904027717,TRH,57,54,110,401.0,44110.0
2021062904027716,TRH,57,52,50,400.0,20000.0
2021062904027715,TRH,57,45,100,400.0,40000.0
2021062904027714,TRH,57,49,350,400.0,140000.0
2021062904027623,TRH,51,49,100,400.0,40000.0
2021062904027606,TRH,49,32,100,399.0,39900.0
2021062904027559,UIC,39,1,10,711.0,7110.0
2021062904027410,UIC,58,1,175,711.0,124425.0
2021062904027409,UIC,58,28,25,711.0,17775.0
2021062904027647,UMHL,57,26,474,344.0,163056.0
2021062904027630,UMHL,36,26,100,344.0,34400.0
2021062904027629,UMHL,57,26,300,344.0,103200.0
2021062904027628,UMHL,32,26,126,344.0,43344.0
2021062904027625,UMHL,46,45,385,346.0,133210.0
2021062904027624,UMHL,46,25,15,345.0,5175.0
2021062904027444,UMHL,32,21,374,344.0,128656.0
2021062904027443,UMHL,44,21,100,344.0,34400.0
2021062904027442,UMHL,34,21,50,344.0,17200.0
2021062904027441,UMHL,51,21,100,345.0,34500.0
2021062904027440,UMHL,51,21,376,345.0,129720.0
2021062904027431,UMHL,28,45,10,346.0,3460.0
2021062904027507,UMRH,34,42,40,460.0,18400.0
2021062904027486,UMRH,34,14,10,460.0,4600.0
2021062904027823,UNHPL,6,44,70,327.0,22890.0
2021062904027822,UNHPL,38,44,30,328.0,9840.0
2021062904027522,UNHPL,49,44,200,329.0,65800.0
2021062904027519,UNHPL,6,51,170,327.0,55590.0
2021062904027518,UNHPL,55,51,100,328.0,32800.0
2021062904027517,UNHPL,58,51,30,328.0,9840.0
2021062904027681,UPCL,48,8,109,290.0,31610.0
2021062904027680,UPCL,48,19,200,290.0,58000.0
2021062904027679,UPCL,48,51,400,290.0,116000.0
2021062904027418,UPCL,39,51,200,285.0,57000.0
2021062904027666,UPCL,48,51,50,289.0,14450.0
2021062904027665,UPCL,48,40,490,289.0,141610.0
2021062904027664,UPCL,48,32,50,288.0,14400.0
2021062904027663,UPCL,48,3,10,288.0,2880.0
2021062904027662,UPCL,48,51,683,287.0,196021.0
2021062904027553,UPCL,39,33,300,285.0,85500.0
2021062904027672,UPCL,48,54,50,290.0,14500.0
2021062904027671,UPCL,48,54,50,290.0,14500.0
2021062904027670,UPCL,48,22,50,290.0,14500.0
2021062904027669,UPCL,48,50,500,290.0,145000.0
2021062904027668,UPCL,48,44,50,290.0,14500.0
2021062904027667,UPCL,48,46,50,289.0,14450.0
2021062904027678,UPCL,48,32,100,290.0,29000.0
2021062904027677,UPCL,48,57,40,290.0,11600.0
2021062904027676,UPCL,48,38,50,290.0,14500.0
2021062904027675,UPCL,48,34,10,290.0,2900.0
2021062904027674,UPCL,48,54,50,290.0,14500.0
2021062904027673,UPCL,48,54,110,290.0,31900.0
2021062904027813,UPPER,3,47,18,768.0,13824.0
2021062904027812,UPPER,49,47,185,768.0,142080.0
2021062904027754,UPPER,49,16,815,768.0,625920.0
2021062904027461,UPPER,49,29,125,768.0,96000.0
2021062904027539,UPPER,58,39,110,768.0,84480.0
2021062904027538,UPPER,34,39,50,768.0,38400.0
2021062904027537,UPPER,14,39,50,768.0,38400.0
2021062904027536,UPPER,42,39,110,768.0,84480.0
2021062904027535,UPPER,39,39,100,768.0,76800.0
2021062904027534,UPPER,44,39,200,768.0,153600.0
2021062904027612,UPPER,42,53,10,768.0,7680.0
2021062904027611,UPPER,38,53,70,768.0,53760.0
2021062904027602,UPPER,41,42,100,769.0,76900.0
2021062904027550,UPPER,38,54,30,768.0,23040.0
2021062904027549,UPPER,42,54,20,768.0,15360.0
2021062904027540,UPPER,42,39,80,768.0,61440.0
2021062904027753,UPPER,36,16,200,768.0,153600.0
2021062904027752,UPPER,7,16,30,768.0,23040.0
2021062904027737,UPPER,5,42,"1,000",769.0,769000.0
2021062904027718,UPPER,46,42,10,769.0,7690.0
2021062904027646,UPPER,57,42,20,769.0,15380.0
2021062904027613,UPPER,7,53,20,768.0,15360.0
2021062904027361,AHPC,21,55,50,442.0,22100.0
2021062904027357,AHPC,21,57,80,442.0,35360.0
2021062904027219,AHPC,21,21,105,442.0,46410.0
2021062904027218,AHPC,21,33,75,442.0,33150.0
2021062904027086,AHPC,55,29,200,443.0,88600.0
2021062904026998,AHPC,57,29,500,443.0,221500.0
2021062904026997,AHPC,45,29,200,443.0,88600.0
2021062904026996,AHPC,29,29,30,443.0,13290.0
2021062904026995,AHPC,39,29,"1,000",443.0,443000.0
2021062904026994,AHPC,7,29,100,443.0,44300.0
2021062904026993,AHPC,21,29,"1,000",443.0,443000.0
2021062904026992,AHPC,21,29,480,443.0,212640.0
2021062904027221,AIL,22,34,10,815.0,8150.0
2021062904026941,AIL,45,8,51,814.0,41514.0
2021062904026940,AIL,45,58,30,814.0,24420.0
2021062904026939,AIL,45,48,84,814.0,68376.0
2021062904027167,AKPL,58,22,20,423.0,8460.0
2021062904027166,AKPL,58,21,230,422.0,97060.0
2021062904027160,AKPL,39,21,10,422.0,4220.0
2021062904027159,AKPL,28,32,290,421.0,122090.0
2021062904027158,AKPL,44,32,400,421.0,168400.0
2021062904027157,AKPL,44,32,500,421.0,210500.0
2021062904026936,AKPL,58,21,200,422.0,84400.0
2021062904026916,AKPL,46,21,200,422.0,84400.0
2021062904027156,AKPL,6,32,300,421.0,126300.0
2021062904027155,AKPL,6,32,300,421.0,126300.0
2021062904027154,AKPL,51,32,210,421.0,88410.0
2021062904027057,AKPL,51,45,90,421.0,37890.0
2021062904027005,AKPL,53,21,100,422.0,42200.0
2021062904026960,AKPL,41,21,50,422.0,21100.0
2021062904027284,API,43,33,200,371.0,74200.0
2021062904027267,API,48,33,200,371.0,74200.0
2021062904027205,API,17,51,138,372.0,51336.0
2021062904027204,API,17,13,50,372.0,18600.0
2021062904027203,API,17,45,312,372.0,116064.0
2021062904027190,API,42,34,360,370.0,133200.0
2021062904026943,API,19,52,25,371.0,9275.0
2021062904026942,API,44,52,62,371.0,23002.0
2021062904026921,API,57,45,188,372.0,69936.0
2021062904026949,API,57,52,100,370.0,37000.0
2021062904026948,API,32,52,20,370.0,7400.0
2021062904026947,API,48,52,300,370.0,111000.0
2021062904026946,API,43,52,92,370.0,34040.0
2021062904026945,API,55,52,50,371.0,18550.0
2021062904026944,API,19,52,100,371.0,37100.0
2021062904026955,API,34,52,500,370.0,185000.0
2021062904026954,API,1,52,100,370.0,37000.0
2021062904026953,API,36,52,100,370.0,37000.0
2021062904026952,API,25,52,10,370.0,3700.0
2021062904026951,API,6,52,50,370.0,18500.0
2021062904026950,API,34,52,50,370.0,18500.0
2021062904027189,API,56,34,100,370.0,37000.0
2021062904027188,API,28,34,200,370.0,74000.0
2021062904027187,API,54,34,140,370.0,51800.0
2021062904027186,API,48,34,200,371.0,74200.0
2021062904026957,API,54,52,10,370.0,3700.0
2021062904026956,API,49,52,131,370.0,48470.0
2021062904027223,BARUN,13,32,31,515.0,15965.0
2021062904027087,BARUN,51,14,500,516.0,258000.0
2021062904027161,BPCL,39,8,100,505.0,50500.0
2021062904027032,BPCL,52,8,100,505.0,50500.0
2021062904026988,BPCL,21,8,50,504.0,25200.0
2021062904026972,BPCL,21,49,30,504.0,15120.0
2021062904026971,BPCL,57,49,70,504.0,35280.0
2021062904027350,BPCL,16,8,450,505.0,227250.0
2021062904027241,BPCL,16,8,100,505.0,50500.0
2021062904027222,BPCL,22,8,800,505.0,404000.0
2021062904027220,BPCL,57,8,100,505.0,50500.0
2021062904027352,BPCL,16,36,20,505.0,10100.0
2021062904027351,BPCL,16,34,500,505.0,252500.0
2021062904027342,CHCL,33,49,30,659.0,19770.0
2021062904027301,CHL,58,59,50,413.0,20650.0
2021062904026963,CHL,34,25,200,412.0,82400.0
2021062904026962,CHL,34,55,200,412.0,82400.0
2021062904026961,CHL,34,21,80,411.0,32880.0
2021062904027303,DHPL,49,39,58,262.0,15196.0
2021062904027127,DHPL,58,47,100,261.0,26100.0
2021062904027083,DHPL,38,39,20,262.0,5240.0
2021062904027021,DHPL,38,45,100,262.0,26200.0
2021062904027020,DHPL,38,26,241,262.0,63142.0
2021062904027011,DHPL,52,26,20,262.0,5240.0
2021062904027007,DHPL,48,41,100,261.0,26100.0
2021062904027006,DHPL,3,41,298,261.0,77778.0
2021062904026973,DHPL,3,21,33,261.0,8613.0
2021062904027264,EIC,34,52,83,742.0,61586.0
2021062904027263,EIC,45,52,70,742.0,51940.0
2021062904027262,EIC,49,52,100,742.0,74200.0
2021062904027261,EIC,34,52,100,743.0,74300.0
2021062904027260,EIC,1,52,100,743.0,74300.0
2021062904027259,EIC,44,52,100,743.0,74300.0
2021062904027252,EIC,46,52,100,745.0,74500.0
2021062904027251,EIC,46,52,10,745.0,7450.0
2021062904027250,EIC,45,52,704,745.0,524480.0
2021062904027249,EIC,41,52,100,746.0,74600.0
2021062904026908,EIC,45,57,270,745.0,201150.0
2021062904026907,EIC,45,57,30,746.0,22380.0
2021062904027258,EIC,34,52,50,743.0,37150.0
2021062904027257,EIC,34,52,50,743.0,37150.0
2021062904027256,EIC,34,52,100,743.0,74300.0
2021062904027255,EIC,44,52,150,743.0,111450.0
2021062904027254,EIC,34,52,20,743.0,14860.0
2021062904027253,EIC,51,52,173,744.0,128712.0
2021062904027211,GIC,19,17,200,695.0,139000.0
2021062904027165,GIC,32,49,10,694.0,6940.0
2021062904027164,GIC,49,49,10,694.0,6940.0
2021062904027163,GIC,35,49,30,694.0,20820.0
2021062904027302,GIC,21,57,10,695.0,6950.0
2021062904027307,HDHPC,33,53,400,266.0,106400.0
2021062904027199,HDHPC,41,41,450,267.0,120150.0
2021062904027039,HDHPC,16,41,100,267.0,26700.0
2021062904027038,HDHPC,17,41,45,267.0,12015.0
2021062904027207,HGI,34,48,50,759.0,37950.0
2021062904027206,HGI,34,25,50,759.0,37950.0
2021062904027125,HGI,38,25,100,759.0,75900.0
2021062904027010,HGI,10,25,50,759.0,37950.0
2021062904026968,HGI,48,20,90,758.0,68220.0
2021062904026967,HGI,26,20,100,758.0,75800.0
2021062904026966,HGI,3,20,10,758.0,7580.0
2021062904026965,HGI,45,20,300,758.0,227400.0
2021062904026964,HGI,58,20,100,758.0,75800.0
2021062904027170,HPPL,5,57,10,402.0,4020.0
2021062904027035,HPPL,57,11,398,401.0,159598.0
2021062904027034,HPPL,11,11,102,402.0,41004.0
2021062904027015,HPPL,11,8,148,402.0,59496.0
2021062904027014,HPPL,55,8,380,402.0,152760.0
2021062904026959,HPPL,55,35,20,402.0,8040.0
2021062904027339,IGI,4,32,100,1189.0,118900.0
2021062904027338,IGI,59,32,100,1189.0,118900.0
2021062904027297,IGI,35,13,195,1189.0,231855.0
2021062904027008,IGI,22,39,10,1190.0,11900.0
2021062904027004,IGI,44,39,20,1190.0,23800.0
2021062904026912,IGI,45,57,50,1190.0,59500.0
2021062904027130,IGI,49,39,50,1190.0,59500.0
2021062904027023,IGI,28,39,10,1190.0,11900.0
2021062904027174,IGI,32,38,35,1189.0,41615.0
2021062904027296,IGI,32,13,15,1189.0,17835.0
2021062904027198,JOSHI,17,47,20,269.0,5380.0
2021062904027031,JOSHI,3,47,100,269.0,26900.0
2021062904027030,JOSHI,14,47,20,270.0,5400.0
2021062904027029,JOSHI,49,47,20,270.0,5400.0
2021062904027028,JOSHI,28,47,500,270.0,135000.0
2021062904027027,JOSHI,35,47,50,271.0,13550.0
2021062904027026,JOSHI,16,47,60,271.0,16260.0
2021062904027013,KKHC,51,52,24,269.0,6456.0
2021062904027012,KKHC,51,26,50,269.0,13450.0
2021062904027176,LGIL,21,1,45,775.0,34875.0
2021062904026909,LGIL,17,54,57,769.0,43833.0
2021062904027341,MEN,26,38,30,843.0,25290.0
2021062904027265,MEN,57,38,130,843.0,109590.0
2021062904027209,NGPL,7,35,450,456.0,205200.0
2021062904027208,NGPL,22,35,50,456.0,22800.0
2021062904027075,NGPL,7,22,50,462.0,23100.0
2021062904027369,NHPC,35,46,200,333.0,66600.0
2021062904027358,NHPC,45,46,"1,000",333.0,333000.0
2021062904027340,NHPC,48,6,50,332.0,16600.0
2021062904027298,NHPC,34,46,10,333.0,3330.0
2021062904027289,NHPC,28,46,"1,300",333.0,432900.0
2021062904027285,NHPC,48,56,53,332.0,17596.0
2021062904027044,NHPC,35,49,500,333.0,166500.0
2021062904026999,NHPC,19,49,100,333.0,33300.0
2021062904026991,NHPC,49,49,50,333.0,16650.0
2021062904026931,NHPC,14,49,200,333.0,66600.0
2021062904027134,NHPC,6,22,646,332.0,214472.0
2021062904027121,NHPC,28,49,"1,300",333.0,432900.0
2021062904027118,NHPC,42,49,100,333.0,33300.0
2021062904027117,NHPC,57,49,200,333.0,66600.0
2021062904027079,NHPC,6,34,354,332.0,117528.0
2021062904027078,NHPC,32,34,146,332.0,48472.0
2021062904027140,NHPC,38,22,200,332.0,66400.0
2021062904027139,NHPC,38,22,200,332.0,66400.0
2021062904027138,NHPC,38,22,200,332.0,66400.0
2021062904027137,NHPC,45,22,100,332.0,33200.0
2021062904027136,NHPC,57,22,"1,000",332.0,332000.0
2021062904027135,NHPC,44,22,130,332.0,43160.0
2021062904027146,NHPC,48,22,"3,809",332.0,1264588.0
2021062904027145,NHPC,25,22,100,332.0,33200.0
2021062904027144,NHPC,57,22,100,332.0,33200.0
2021062904027143,NHPC,18,22,"1,000",332.0,332000.0
2021062904027142,NHPC,45,22,250,332.0,83000.0
2021062904027141,NHPC,45,22,20,332.0,6640.0
2021062904027216,NHPC,32,46,"1,000",333.0,333000.0
2021062904027215,NHPC,22,46,450,333.0,149850.0
2021062904027201,NHPC,28,46,"1,000",333.0,333000.0
2021062904027200,NHPC,28,49,300,333.0,99900.0
2021062904027197,NHPC,48,56,"1,000",332.0,332000.0
2021062904027195,NHPC,42,49,100,333.0,33300.0
2021062904027336,NICL,20,49,65,1260.0,81900.0
2021062904027335,NICL,20,28,50,1260.0,63000.0
2021062904027334,NICL,20,46,10,1260.0,12600.0
2021062904027333,NICL,20,48,200,1255.0,251000.0
2021062904027332,NICL,20,28,250,1236.0,309000.0
2021062904027331,NICL,20,52,200,1236.0,247200.0
2021062904027064,NICL,25,39,20,1144.0,22880.0
2021062904027063,NICL,29,39,10,1145.0,11450.0
2021062904027062,NICL,34,39,100,1151.0,115100.0
2021062904027061,NICL,44,39,10,1160.0,11600.0
2021062904027040,NICL,34,39,500,1166.0,583000.0
2021062904026934,NICL,34,26,500,1166.0,583000.0
2021062904027092,NICL,20,20,500,1170.0,585000.0
2021062904027091,NICL,20,39,500,1166.0,583000.0
2021062904027068,NICL,25,39,100,1142.0,114200.0
2021062904027067,NICL,1,39,30,1142.0,34260.0
2021062904027066,NICL,48,39,200,1142.0,228400.0
2021062904027065,NICL,38,39,30,1144.0,34320.0
2021062904027098,NICL,20,56,20,1188.0,23760.0
2021062904027097,NICL,20,34,200,1183.0,236600.0
2021062904027096,NICL,20,42,500,1173.0,586500.0
2021062904027095,NICL,20,34,56,1173.0,65688.0
2021062904027094,NICL,20,38,100,1173.0,117300.0
2021062904027093,NICL,20,44,"1,000",1172.0,1172000.0
2021062904027104,NICL,20,32,"2,000",1189.0,2378000.0
2021062904027103,NICL,20,34,30,1189.0,35670.0
2021062904027102,NICL,20,49,"1,000",1189.0,1189000.0
2021062904027101,NICL,20,59,100,1189.0,118900.0
2021062904027100,NICL,20,38,100,1189.0,118900.0
2021062904027099,NICL,20,49,"1,000",1189.0,1189000.0
2021062904027180,NICL,20,28,400,1189.0,475600.0
2021062904027179,NICL,20,57,500,1189.0,594500.0
2021062904027108,NICL,20,17,100,1212.0,121200.0
2021062904027107,NICL,20,22,200,1212.0,242400.0
2021062904027106,NICL,20,49,28,1212.0,33936.0
2021062904027105,NICL,20,52,500,1189.0,594500.0
2021062904027243,NICL,20,34,100,1235.0,123500.0
2021062904027185,NICL,20,48,385,1236.0,475860.0
2021062904027184,NICL,20,46,10,1236.0,12360.0
2021062904027183,NICL,20,49,500,1210.0,605000.0
2021062904027182,NICL,20,33,100,1210.0,121000.0
2021062904027181,NICL,20,13,105,1189.0,124845.0
2021062904027306,NICL,20,44,10,1235.0,12350.0
2021062904027248,NICL,20,17,335,1236.0,414060.0
2021062904027247,NICL,20,5,750,1236.0,927000.0
2021062904027246,NICL,20,49,500,1236.0,618000.0
2021062904027245,NICL,20,20,300,1236.0,370800.0
2021062904027244,NICL,20,48,15,1236.0,18540.0
2021062904027324,NICL,20,41,500,1236.0,618000.0
2021062904027323,NICL,20,34,50,1236.0,61800.0
2021062904027322,NICL,20,13,100,1236.0,123600.0
2021062904027321,NICL,20,17,965,1236.0,1192740.0
2021062904027320,NICL,20,28,400,1235.0,494000.0
2021062904027319,NICL,20,44,990,1235.0,1222650.0
2021062904027330,NICL,20,59,100,1236.0,123600.0
2021062904027329,NICL,20,34,50,1236.0,61800.0
2021062904027328,NICL,20,28,500,1236.0,618000.0
2021062904027327,NICL,20,54,20,1236.0,24720.0
2021062904027326,NICL,20,28,250,1236.0,309000.0
2021062904027325,NICL,20,17,300,1236.0,370800.0
2021062904027362,NIL,43,52,60,1649.0,98940.0
2021062904027360,NIL,36,36,100,1649.0,164900.0
2021062904027162,NIL,36,44,100,1649.0,164900.0
2021062904027084,NIL,35,34,50,1649.0,82450.0
2021062904027060,NIL,35,14,10,1649.0,16490.0
2021062904027000,NIL,19,14,50,1649.0,82450.0
2021062904026930,NIL,5,10,88,1648.0,145024.0
2021062904026929,NIL,5,10,12,1648.0,19776.0
2021062904026920,NIL,1,14,25,1649.0,41225.0
2021062904027380,NLG,13,52,"1,000",1275.0,1275000.0
2021062904027379,NLG,34,52,100,1275.0,127500.0
2021062904027378,NLG,45,52,20,1275.0,25500.0
2021062904027377,NLG,17,52,100,1275.0,127500.0
2021062904027376,NLG,13,52,10,1275.0,12750.0
2021062904027375,NLG,53,52,80,1275.0,102000.0
2021062904026969,NLG,57,4,100,1276.0,127600.0
2021062904026910,NLG,36,14,20,1276.0,25520.0
2021062904026970,NLG,13,4,200,1276.0,255200.0
2021062904027242,NLG,13,56,100,1278.0,127800.0
2021062904027210,NLG,1,51,140,1279.0,179060.0
2021062904027374,NLG,40,52,300,1275.0,382500.0
2021062904027373,NLG,10,52,200,1275.0,255000.0
2021062904027372,NLG,21,52,100,1276.0,127600.0
2021062904027371,NLG,13,52,50,1276.0,63800.0
2021062904027337,OHL,44,14,40,604.0,24160.0
2021062904027286,OHL,20,14,300,604.0,181200.0
2021062904027126,OHL,20,14,200,604.0,120800.0
2021062904027120,OHL,47,14,210,605.0,127050.0
2021062904027059,OHL,47,57,206,605.0,124630.0
2021062904027047,OHL,20,56,525,604.0,317100.0
2021062904026978,OHL,20,52,100,605.0,60500.0
2021062904026984,OHL,20,51,100,605.0,60500.0
2021062904026983,OHL,20,51,50,605.0,30250.0
2021062904026982,OHL,20,51,109,605.0,65945.0
2021062904026981,OHL,20,51,32,605.0,19360.0
2021062904026980,OHL,20,53,10,605.0,6050.0
2021062904026979,OHL,20,33,30,605.0,18150.0
2021062904027025,OHL,21,57,10,605.0,6050.0
2021062904027002,OHL,21,57,184,605.0,111320.0
2021062904027001,OHL,21,42,16,605.0,9680.0
2021062904026987,OHL,20,22,90,605.0,54450.0
2021062904026986,OHL,20,42,20,605.0,12100.0
2021062904026985,OHL,20,50,250,605.0,151250.0
2021062904027363,PIC,13,13,30,1201.0,36030.0
2021062904027318,PIC,45,13,10,1201.0,12010.0
2021062904027194,PIC,45,13,30,1201.0,36030.0
2021062904027193,PIC,45,13,30,1201.0,36030.0
2021062904027192,PIC,56,13,15,1201.0,18015.0
2021062904027191,PIC,45,13,15,1201.0,18015.0
2021062904027082,PIC,17,54,10,1202.0,12020.0
2021062904026915,PIC,45,35,35,1201.0,42035.0
2021062904026914,PIC,26,35,20,1202.0,24040.0
2021062904026913,PIC,45,35,25,1202.0,30050.0
2021062904027228,PMHPL,55,42,100,276.0,27600.0
2021062904027119,PPCL,20,26,10,339.0,3390.0
2021062904027313,PRIN,59,41,20,961.0,19220.0
2021062904027312,PRIN,59,38,80,951.0,76080.0
2021062904027311,PRIN,59,34,30,949.0,28470.0
2021062904027129,PRIN,58,34,100,949.0,94900.0
2021062904027056,PRIN,43,34,300,949.0,284700.0
2021062904027055,PRIN,34,34,20,949.0,18980.0
2021062904027054,PRIN,59,34,20,950.0,19000.0
2021062904027053,PRIN,34,34,100,950.0,95000.0
2021062904027052,PRIN,38,34,300,950.0,285000.0
2021062904027051,PRIN,38,34,100,951.0,95100.0
2021062904027370,RADHI,29,49,100,790.0,79000.0
2021062904027317,RADHI,21,49,16,790.0,12640.0
2021062904027316,RADHI,21,55,50,790.0,39500.0
2021062904027315,RADHI,21,37,100,790.0,79000.0
2021062904027314,RADHI,21,7,34,790.0,26860.0
2021062904027295,RADHI,43,7,20,790.0,15800.0
2021062904026885,RADHI,20,28,200,785.0,157000.0
2021062904026884,RADHI,20,59,100,784.0,78400.0
2021062904026883,RADHI,20,50,50,784.0,39200.0
2021062904026882,RADHI,20,19,50,783.0,39150.0
2021062904026881,RADHI,20,34,40,783.0,31320.0
2021062904026891,RADHI,20,45,100,785.0,78500.0
2021062904026890,RADHI,20,57,100,785.0,78500.0
2021062904026889,RADHI,20,43,100,785.0,78500.0
2021062904026888,RADHI,20,57,20,785.0,15700.0
2021062904026887,RADHI,20,41,100,785.0,78500.0
2021062904026886,RADHI,20,51,20,785.0,15700.0
2021062904026933,RADHI,48,34,50,780.0,39000.0
2021062904026917,RADHI,38,34,15,780.0,11700.0
2021062904026895,RADHI,20,45,15,790.0,11850.0
2021062904026894,RADHI,20,29,100,790.0,79000.0
2021062904026893,RADHI,20,34,25,785.0,19625.0
2021062904026892,RADHI,20,40,40,785.0,31400.0
2021062904027046,RADHI,6,21,80,781.0,62480.0
2021062904027045,RADHI,29,17,30,782.0,23460.0
2021062904027024,RADHI,42,17,90,785.0,70650.0
2021062904027022,RADHI,42,41,10,785.0,7850.0
2021062904026938,RADHI,6,57,51,781.0,39831.0
2021062904026935,RADHI,51,34,35,780.0,27300.0
2021062904027227,RADHI,51,7,146,790.0,115340.0
2021062904027226,RADHI,51,25,39,784.0,30576.0
2021062904027175,RADHI,38,25,50,785.0,39250.0
2021062904027050,RADHI,20,58,185,790.0,146150.0
2021062904027049,RADHI,20,45,235,790.0,185650.0
2021062904027048,RADHI,20,17,80,782.0,62560.0
2021062904027356,RBCL,36,34,10,20775.0,207750.0
2021062904027268,RHPC,40,55,30,529.0,15870.0
2021062904027229,RHPL,45,43,100,445.0,44500.0
2021062904027202,RHPL,41,43,60,445.0,26700.0
2021062904027041,RHPL,41,21,90,445.0,40050.0
2021062904026977,RRHP,57,35,785,367.0,288095.0
2021062904026976,RRHP,45,35,570,367.0,209190.0
2021062904026975,RRHP,57,35,100,368.0,36800.0
2021062904026974,RRHP,58,35,55,368.0,20240.0
2021062904027368,SGI,36,57,10,727.0,7270.0
2021062904027133,SGI,1,44,25,728.0,18200.0
2021062904027151,SHL,47,14,470,264.0,124080.0
2021062904027150,SHL,41,14,550,264.0,145200.0
2021062904027149,SHL,21,14,100,264.0,26400.0
2021062904027148,SHL,26,14,200,264.0,52800.0
2021062904027147,SHL,35,44,100,265.0,26500.0
2021062904027090,SHL,45,44,100,265.0,26500.0
2021062904027365,SHPC,13,6,"1,000",476.0,476000.0
2021062904027364,SHPC,17,1,200,477.0,95400.0
2021062904027018,SHPC,58,39,50,475.0,23750.0
2021062904027017,SHPC,13,39,167,475.0,79325.0
2021062904026918,SHPC,13,50,95,475.0,45125.0
2021062904027128,SHPC,13,45,"1,000",476.0,476000.0
2021062904027124,SHPC,56,40,508,475.0,241300.0
2021062904027123,SHPC,16,40,93,475.0,44175.0
2021062904027036,SHPC,32,37,100,476.0,47600.0
2021062904027019,SHPC,16,39,207,475.0,98325.0
2021062904027305,SIC,38,42,50,1546.0,77300.0
2021062904027115,SIC,25,37,165,1545.0,254925.0
2021062904027114,SIC,43,37,10,1545.0,15450.0
2021062904027113,SIC,16,37,110,1545.0,169950.0
2021062904027112,SIC,50,37,50,1545.0,77250.0
2021062904027111,SIC,41,37,33,1545.0,50985.0
2021062904026896,SIC,48,29,61,1552.0,94672.0
2021062904026902,SIC,21,29,50,1550.0,77500.0
2021062904026901,SIC,37,29,200,1550.0,310000.0
2021062904026900,SIC,3,29,100,1550.0,155000.0
2021062904026899,SIC,22,29,26,1550.0,40300.0
2021062904026898,SIC,43,29,185,1551.0,286935.0
2021062904026897,SIC,8,29,12,1552.0,18624.0
2021062904026924,SIC,47,37,20,1549.0,30980.0
2021062904026923,SIC,8,37,13,1550.0,20150.0
2021062904026906,SIC,8,29,87,1550.0,134850.0
2021062904026905,SIC,37,29,100,1550.0,155000.0
2021062904026904,SIC,25,29,10,1550.0,15500.0
2021062904026903,SIC,54,29,20,1550.0,31000.0
2021062904027110,SIC,53,37,100,1545.0,154500.0
2021062904027109,SIC,52,37,35,1546.0,54110.0
2021062904026928,SIC,42,37,100,1549.0,154900.0
2021062904026927,SIC,47,37,150,1549.0,232350.0
2021062904026926,SIC,29,37,100,1549.0,154900.0
2021062904026925,SIC,14,37,85,1549.0,131665.0
2021062904027290,SICL,49,14,14,2004.0,28056.0
2021062904027266,SICL,55,51,18,2003.0,36054.0
2021062904027172,SICL,55,34,20,2003.0,40060.0
2021062904027132,SICL,55,5,59,2003.0,118177.0
2021062904027116,SICL,58,5,20,2003.0,40060.0
2021062904027009,SICL,29,39,20,2002.0,40040.0
2021062904026990,SICL,58,5,10,2003.0,20030.0
2021062904026989,SICL,1,5,11,2003.0,22033.0
2021062904027231,SIGS2,39,43,"5,000",13.82,69100.0
2021062904027230,SIGS2,57,43,"4,900",13.82,67718.0
2021062904027355,SIL,17,58,200,1053.0,210600.0
2021062904026922,SIL,49,7,50,1055.0,52750.0
2021062904027214,SJCL,32,45,500,418.0,209000.0
2021062904027196,SJCL,49,22,25,419.0,10475.0
2021062904027171,SJCL,58,22,30,419.0,12570.0
2021062904027080,SJCL,19,22,100,419.0,41900.0
2021062904027043,SJCL,3,22,43,419.0,18017.0
2021062904027042,SJCL,3,50,37,419.0,15503.0
2021062904026958,SJCL,32,34,20,418.0,8360.0
2021062904026911,SJCL,50,50,100,419.0,41900.0
2021062904027153,SPDL,34,6,100,391.0,39100.0
2021062904027308,SSHL,34,54,50,310.0,15500.0
2021062904027304,SSHL,4,54,100,310.0,31000.0
2021062904027169,SSHL,17,52,500,309.0,154500.0
2021062904027168,SSHL,58,52,50,309.0,15450.0
2021062904027152,SSHL,3,54,300,310.0,93000.0
2021062904027085,SSHL,50,54,50,310.0,15500.0
2021062904027367,STC,45,44,10,9765.0,97650.0
2021062904027299,STC,33,52,10,9775.0,97750.0
2021062904027077,STC,22,52,20,9775.0,195500.0
2021062904027076,STC,29,52,10,9775.0,97750.0
2021062904027058,STC,45,44,10,9780.0,97800.0
2021062904027234,TRH,54,3,70,398.0,27860.0
2021062904027233,TRH,25,3,100,398.0,39800.0
2021062904027232,TRH,6,3,160,398.0,63680.0
2021062904027122,TRH,48,3,200,399.0,79800.0
2021062904027074,TRH,33,3,200,399.0,79800.0
2021062904027073,TRH,54,3,200,399.0,79800.0
2021062904027072,TRH,56,3,100,399.0,39900.0
2021062904027071,TRH,58,3,100,399.0,39900.0
2021062904027070,TRH,42,3,100,399.0,39900.0
2021062904027069,TRH,41,3,20,399.0,7980.0
2021062904026937,TRH,41,36,80,399.0,31920.0
2021062904026919,TRH,58,49,50,400.0,20000.0
2021062904027366,UIC,38,28,100,711.0,71100.0
2021062904027354,UIC,58,28,25,711.0,17775.0
2021062904027353,UIC,58,22,275,711.0,195525.0
2021062904027283,UIC,36,59,125,710.0,88750.0
2021062904027282,UIC,34,59,100,710.0,71000.0
2021062904027281,UIC,36,59,20,710.0,14200.0
2021062904027173,UIC,41,22,25,711.0,17775.0
2021062904027016,UIC,34,4,40,710.0,28400.0
2021062904027274,UIC,16,59,200,710.0,142000.0
2021062904027273,UIC,35,59,50,710.0,35500.0
2021062904027272,UIC,34,59,10,710.0,7100.0
2021062904027271,UIC,45,59,50,710.0,35500.0
2021062904027270,UIC,34,59,50,710.0,35500.0
2021062904027269,UIC,34,59,10,710.0,7100.0
2021062904027280,UIC,35,59,75,710.0,53250.0
2021062904027279,UIC,28,59,50,710.0,35500.0
2021062904027278,UIC,43,59,100,710.0,71000.0
2021062904027277,UIC,7,59,10,710.0,7100.0
2021062904027276,UIC,45,59,50,710.0,35500.0
2021062904027275,UIC,38,59,100,710.0,71000.0
2021062904027300,UMHL,51,4,40,345.0,13800.0
2021062904027288,UMHL,51,57,84,345.0,28980.0
2021062904027287,UMHL,34,57,16,345.0,5520.0
2021062904027213,UMHL,14,46,375,346.0,129750.0
2021062904027212,UMHL,14,14,120,346.0,41520.0
2021062904027037,UNHPL,21,48,100,330.0,33000.0
2021062904027003,UNHPL,38,44,70,328.0,22960.0
2021062904027349,UPCL,45,11,175,283.0,49525.0
2021062904027348,UPCL,48,11,200,284.0,56800.0
2021062904027347,UPCL,25,11,100,284.0,28400.0
2021062904027346,UPCL,26,11,100,284.0,28400.0
2021062904027345,UPCL,57,11,200,285.0,57000.0
2021062904027344,UPCL,51,11,100,285.0,28500.0
2021062904027236,UPCL,28,42,200,286.0,57200.0
2021062904027235,UPCL,28,19,40,286.0,11440.0
2021062904027343,UPCL,41,11,125,285.0,35625.0
2021062904027240,UPCL,28,51,270,287.0,77490.0
2021062904027239,UPCL,28,59,40,287.0,11480.0
2021062904027238,UPCL,28,45,200,286.0,57200.0
2021062904027237,UPCL,28,28,250,286.0,71500.0
2021062904027359,UPPER,49,29,40,768.0,30720.0
2021062904027310,UPPER,49,52,50,768.0,38400.0
2021062904027309,UPPER,49,29,200,768.0,153600.0
2021062904026932,UPPER,51,21,95,767.0,72865.0
2021062904027089,UPPER,51,45,30,767.0,23010.0
2021062904027088,UPPER,36,6,100,768.0,76800.0
2021062904027081,UPPER,51,19,100,767.0,76700.0
2021062904027033,UPPER,50,6,50,768.0,38400.0
2021062904027224,UPPER,35,1,20,768.0,15360.0
2021062904027217,UPPER,34,1,10,768.0,7680.0
2021062904027178,UPPER,17,1,20,768.0,15360.0
2021062904027177,UPPER,17,6,30,768.0,23040.0
2021062904027131,UPPER,21,6,100,768.0,76800.0
2021062904027294,UPPER,49,45,300,768.0,230400.0
2021062904027293,UPPER,49,35,100,768.0,76800.0
2021062904027292,UPPER,49,57,50,768.0,38400.0
2021062904027291,UPPER,49,37,135,768.0,103680.0
2021062904027225,UPPER,35,37,80,768.0,61440.0
2021062904026814,AHPC,7,25,100,444.0,44400.0
2021062904026776,AHPC,21,6,320,443.0,141760.0
2021062904026746,AHPC,50,25,75,444.0,33300.0
2021062904026733,AHPC,50,20,125,444.0,55500.0
2021062904026702,AHPC,21,40,200,443.0,88600.0
2021062904026701,AHPC,21,40,800,443.0,354400.0
2021062904026662,AHPC,6,34,96,444.0,42624.0
2021062904026634,AHPC,6,34,250,444.0,111000.0
2021062904026862,AIL,26,48,100,814.0,81400.0
2021062904026816,AIL,17,48,100,814.0,81400.0
2021062904026773,AIL,45,34,10,813.0,8130.0
2021062904026873,AKPL,38,21,50,422.0,21100.0
2021062904026872,AKPL,17,21,50,422.0,21100.0
2021062904026871,AKPL,52,21,10,422.0,4220.0
2021062904026866,AKPL,49,44,59,422.0,24898.0
2021062904026865,AKPL,45,44,100,422.0,42200.0
2021062904026864,AKPL,38,44,200,422.0,84400.0
2021062904026769,AKPL,45,4,30,422.0,12660.0
2021062904026768,AKPL,39,4,10,422.0,4220.0
2021062904026767,AKPL,38,4,115,422.0,48530.0
2021062904026596,AKPL,19,22,100,423.0,42300.0
2021062904026795,AKPL,13,50,225,422.0,94950.0
2021062904026794,AKPL,45,50,20,422.0,8440.0
2021062904026793,AKPL,57,50,455,422.0,192010.0
2021062904026772,AKPL,57,4,545,422.0,229990.0
2021062904026771,AKPL,25,4,50,422.0,21100.0
2021062904026770,AKPL,25,4,50,422.0,21100.0
2021062904026863,AKPL,19,44,641,422.0,270502.0
2021062904026841,AKPL,19,19,359,422.0,151498.0
2021062904026840,AKPL,58,19,50,422.0,21100.0
2021062904026839,AKPL,13,19,241,422.0,101702.0
2021062904026831,AKPL,13,49,34,422.0,14348.0
2021062904026815,AKPL,39,22,10,423.0,4230.0
2021062904026874,API,57,3,12,372.0,4464.0
2021062904026867,API,44,3,288,372.0,107136.0
2021062904026852,API,44,28,100,372.0,37200.0
2021062904026844,API,44,4,612,372.0,227664.0
2021062904026843,API,55,4,88,372.0,32736.0
2021062904026842,API,56,4,300,372.0,111600.0
2021062904026598,API,39,56,28,372.0,10416.0
2021062904026590,API,52,56,200,372.0,74400.0
2021062904026552,API,32,28,50,371.0,18550.0
2021062904026551,API,36,28,100,371.0,37100.0
2021062904026550,API,3,28,100,371.0,37100.0
2021062904026549,API,32,28,150,371.0,55650.0
2021062904026832,API,6,59,20,373.0,7460.0
2021062904026751,API,56,33,100,372.0,37200.0
2021062904026712,API,21,28,100,372.0,37200.0
2021062904026622,API,44,33,38,371.0,14098.0
2021062904026621,API,32,33,290,371.0,107590.0
2021062904026620,API,39,33,172,372.0,63984.0
2021062904026777,BARUN,34,32,500,518.0,259000.0
2021062904026575,BARUN,20,32,469,518.0,242942.0
2021062904026745,BPCL,8,8,100,505.0,50500.0
2021062904026743,BPCL,57,58,100,504.0,50400.0
2021062904026742,BPCL,57,16,130,504.0,65520.0
2021062904026639,BPCL,46,16,80,504.0,40320.0
2021062904026635,BPCL,29,8,100,505.0,50500.0
2021062904026548,BPCL,46,57,100,504.0,50400.0
2021062904026741,BPCL,34,16,10,504.0,5040.0
2021062904026710,BPCL,58,16,400,504.0,201600.0
2021062904026643,BPCL,4,16,100,504.0,50400.0
2021062904026642,BPCL,39,16,10,504.0,5040.0
2021062904026641,BPCL,41,16,200,504.0,100800.0
2021062904026640,BPCL,51,16,70,504.0,35280.0
2021062904026656,CHCL,58,54,25,659.0,16475.0
2021062904026781,DHPL,49,26,84,262.0,22008.0
2021062904026780,DHPL,44,26,100,262.0,26200.0
2021062904026779,DHPL,45,26,355,262.0,93010.0
2021062904026753,DHPL,42,28,10,263.0,2630.0
2021062904026830,EIC,45,36,30,746.0,22380.0
2021062904026813,EIC,45,34,65,745.0,48425.0
2021062904026792,EIC,34,36,30,746.0,22380.0
2021062904026761,EIC,45,46,72,745.0,53640.0
2021062904026760,EIC,25,46,28,745.0,20860.0
2021062904026700,EIC,45,34,30,746.0,22380.0
2021062904026553,EIC,45,21,60,747.0,44820.0
2021062904026775,GHL,49,14,20,279.0,5580.0
2021062904026765,GLH,26,56,10,365.0,3650.0
2021062904026735,GLH,26,58,27,365.0,9855.0
2021062904026734,GLH,58,58,50,365.0,18250.0
2021062904026602,GLH,50,6,10,365.0,3650.0
2021062904026739,HDHPC,49,6,"1,000",266.0,266000.0
2021062904026699,HDHPC,32,49,523,268.0,140164.0
2021062904026698,HDHPC,32,14,50,267.0,13350.0
2021062904026697,HDHPC,32,1,300,267.0,80100.0
2021062904026696,HDHPC,32,22,127,267.0,33909.0
2021062904026660,HDHPC,54,38,140,266.0,37240.0
2021062904026807,HPPL,57,57,72,401.0,28872.0
2021062904026806,HPPL,52,57,50,401.0,20050.0
2021062904026805,HPPL,25,57,78,402.0,31356.0
2021062904026657,HPPL,25,14,101,402.0,40602.0
2021062904026531,HPPL,25,57,21,402.0,8442.0
2021062904026530,HPPL,33,57,200,402.0,80400.0
2021062904026614,IGI,42,57,100,1190.0,119000.0
2021062904026613,IGI,42,57,10,1190.0,11900.0
2021062904026612,IGI,6,57,85,1190.0,101150.0
2021062904026611,IGI,45,57,50,1191.0,59550.0
2021062904026619,IGI,42,57,20,1190.0,23800.0
2021062904026618,IGI,26,57,100,1190.0,119000.0
2021062904026617,IGI,51,57,10,1190.0,11900.0
2021062904026616,IGI,36,57,100,1190.0,119000.0
2021062904026615,IGI,54,57,25,1190.0,29750.0
2021062904026661,IGI,25,57,200,1190.0,238000.0
2021062904026694,JOSHI,5,57,37,272.0,10064.0
2021062904026592,KKHC,44,56,25,266.0,6650.0
2021062904026861,LGIL,34,54,50,769.0,38450.0
2021062904026713,LGIL,37,34,20,767.0,15340.0
2021062904026599,LGIL,20,54,18,772.0,13896.0
2021062904026576,LGIL,20,25,32,768.0,24576.0
2021062904026562,LGIL,48,25,100,768.0,76800.0
2021062904026561,LGIL,53,25,80,768.0,61440.0
2021062904026560,LGIL,41,25,200,768.0,153600.0
2021062904026559,LGIL,38,25,"1,000",768.0,768000.0
2021062904026558,LGIL,16,25,50,768.0,38400.0
2021062904026557,LGIL,26,25,299,768.0,229632.0
2021062904026556,LGIL,34,25,100,769.0,76900.0
2021062904026555,LGIL,58,25,39,769.0,29991.0
2021062904026766,MEN,57,38,10,843.0,8430.0
2021062904026674,MEN,57,26,10,843.0,8430.0
2021062904026609,NEF,22,47,100,14.4,1440.0
2021062904026791,NGPL,7,22,20,462.0,9240.0
2021062904026790,NGPL,7,34,30,460.0,13800.0
2021062904026591,NGPL,49,57,10,460.0,4600.0
2021062904026589,NGPL,7,57,18,460.0,8280.0
2021062904026588,NGPL,7,57,20,460.0,9200.0
2021062904026587,NGPL,7,42,12,460.0,5520.0
2021062904026834,NHDL,34,41,45,423.0,19035.0
2021062904026875,NHPC,54,49,20,333.0,6660.0
2021062904026846,NHPC,7,49,30,333.0,9990.0
2021062904026845,NHPC,21,49,100,333.0,33300.0
2021062904026833,NHPC,48,49,"2,000",333.0,666000.0
2021062904026801,NHPC,32,40,"1,354",332.0,449528.0
2021062904026800,NHPC,25,40,100,332.0,33200.0
2021062904026584,NHPC,50,57,185,333.0,61605.0
2021062904026547,NHPC,13,57,15,333.0,4995.0
2021062904026532,NHPC,10,41,495,333.0,164835.0
2021062904026648,NHPC,58,49,100,333.0,33300.0
2021062904026647,NHPC,57,49,300,333.0,99900.0
2021062904026646,NHPC,45,49,"1,000",333.0,333000.0
2021062904026645,NHPC,50,49,215,333.0,71595.0
2021062904026637,NHPC,57,38,100,334.0,33400.0
2021062904026595,NHPC,29,38,10,334.0,3340.0
2021062904026711,NHPC,58,49,100,333.0,33300.0
2021062904026679,NHPC,48,49,"1,000",333.0,333000.0
2021062904026676,NHPC,43,49,400,333.0,133200.0
2021062904026659,NHPC,52,41,5,334.0,1670.0
2021062904026658,NHPC,42,49,100,333.0,33300.0
2021062904026653,NHPC,41,49,200,333.0,66600.0
2021062904026755,NHPC,58,49,190,333.0,63270.0
2021062904026752,NHPC,49,49,30,333.0,9990.0
2021062904026744,NHPC,6,49,100,333.0,33300.0
2021062904026738,NHPC,58,49,300,333.0,99900.0
2021062904026737,NHPC,45,49,100,333.0,33300.0
2021062904026723,NHPC,49,49,100,333.0,33300.0
2021062904026799,NHPC,16,40,261,332.0,86652.0
2021062904026798,NHPC,22,40,285,333.0,94905.0
2021062904026797,NHPC,22,55,150,333.0,49950.0
2021062904026782,NHPC,22,49,565,333.0,188145.0
2021062904026778,NHPC,26,49,100,333.0,33300.0
2021062904026764,NHPC,55,49,100,333.0,33300.0
2021062904026804,NICL,34,38,100,1166.0,116600.0
2021062904026703,NICL,41,34,100,1150.0,115000.0
2021062904026695,NICL,28,22,150,1160.0,174000.0
2021062904026533,NICL,25,20,10,1144.0,11440.0
2021062904026529,NICL,20,49,22,1212.0,26664.0
2021062904026528,NICL,20,25,25,1212.0,30300.0
2021062904026383,NICL,20,5,20,1166.0,23320.0
2021062904026382,NICL,20,57,500,1165.0,582500.0
2021062904026381,NICL,20,57,200,1165.0,233000.0
2021062904026389,NICL,20,45,100,1167.0,116700.0
2021062904026388,NICL,20,40,132,1167.0,154044.0
2021062904026387,NICL,20,32,"2,200",1166.0,2565200.0
2021062904026386,NICL,20,32,"1,000",1166.0,1166000.0
2021062904026385,NICL,20,49,13,1166.0,15158.0
2021062904026384,NICL,20,22,100,1166.0,116600.0
2021062904026395,NICL,20,58,100,1170.0,117000.0
2021062904026394,NICL,20,38,365,1170.0,427050.0
2021062904026393,NICL,20,13,116,1170.0,135720.0
2021062904026392,NICL,20,22,54,1170.0,63180.0
2021062904026391,NICL,20,57,32,1170.0,37440.0
2021062904026390,NICL,20,49,500,1169.0,584500.0
2021062904026401,NICL,20,35,50,1173.0,58650.0
2021062904026400,NICL,20,38,40,1173.0,46920.0
2021062904026399,NICL,20,45,90,1173.0,105570.0
2021062904026398,NICL,20,45,50,1171.0,58550.0
2021062904026397,NICL,20,42,50,1170.0,58500.0
2021062904026396,NICL,20,26,"1,000",1170.0,1170000.0
2021062904026407,NICL,20,34,100,1173.0,117300.0
2021062904026406,NICL,20,38,500,1173.0,586500.0
2021062904026405,NICL,20,34,200,1173.0,234600.0
2021062904026404,NICL,20,52,800,1173.0,938400.0
2021062904026403,NICL,20,56,175,1173.0,205275.0
2021062904026402,NICL,20,49,500,1173.0,586500.0
2021062904026413,NICL,20,34,50,1175.0,58750.0
2021062904026412,NICL,20,4,100,1174.0,117400.0
2021062904026411,NICL,20,58,100,1174.0,117400.0
2021062904026410,NICL,20,58,"2,160",1173.0,2533680.0
2021062904026409,NICL,20,41,50,1173.0,58650.0
2021062904026408,NICL,20,34,200,1173.0,234600.0
2021062904026419,NICL,20,17,23,1178.0,27094.0
2021062904026418,NICL,20,34,100,1177.0,117700.0
2021062904026417,NICL,20,43,100,1176.0,117600.0
2021062904026416,NICL,20,56,404,1175.0,474700.0
2021062904026415,NICL,20,56,500,1175.0,587500.0
2021062904026414,NICL,20,17,900,1175.0,1057500.0
2021062904026425,NICL,20,39,50,1180.0,59000.0
2021062904026424,NICL,20,3,200,1180.0,236000.0
2021062904026423,NICL,20,25,80,1180.0,94400.0
2021062904026422,NICL,20,34,200,1178.0,235600.0
2021062904026421,NICL,20,34,500,1178.0,589000.0
2021062904026420,NICL,20,35,100,1178.0,117800.0
2021062904026431,NICL,20,34,100,1183.0,118300.0
2021062904026430,NICL,20,43,100,1182.0,118200.0
2021062904026429,NICL,20,58,16,1182.0,18912.0
2021062904026428,NICL,20,49,160,1182.0,189120.0
2021062904026427,NICL,20,1,150,1180.0,177000.0
2021062904026426,NICL,20,11,100,1180.0,118000.0
2021062904026437,NICL,20,40,120,1190.0,142800.0
2021062904026436,NICL,20,49,108,1188.0,128304.0
2021062904026435,NICL,20,43,100,1188.0,118800.0
2021062904026434,NICL,20,45,100,1187.0,118700.0
2021062904026433,NICL,20,38,50,1185.0,59250.0
2021062904026432,NICL,20,39,200,1185.0,237000.0
2021062904026443,NICL,20,14,100,1193.0,119300.0
2021062904026442,NICL,20,34,200,1193.0,238600.0
2021062904026441,NICL,20,18,"1,028",1191.0,1224348.0
2021062904026440,NICL,20,16,100,1190.0,119000.0
2021062904026439,NICL,20,58,"3,390",1190.0,4034100.0
2021062904026438,NICL,20,44,432,1190.0,514080.0
2021062904026449,NICL,20,1,"1,000",1193.0,1193000.0
2021062904026448,NICL,20,25,300,1193.0,357900.0
2021062904026447,NICL,20,40,"1,000",1193.0,1193000.0
2021062904026446,NICL,20,59,500,1193.0,596500.0
2021062904026445,NICL,20,47,100,1193.0,119300.0
2021062904026444,NICL,20,20,300,1193.0,357900.0
2021062904026455,NICL,20,37,"1,500",1198.0,1797000.0
2021062904026454,NICL,20,34,200,1194.0,238800.0
2021062904026453,NICL,20,45,500,1194.0,597000.0
2021062904026452,NICL,20,21,21,1193.0,25053.0
2021062904026451,NICL,20,46,12,1193.0,14316.0
2021062904026450,NICL,20,28,"6,000",1193.0,7158000.0
2021062904026461,NICL,20,43,200,1199.0,239800.0
2021062904026460,NICL,20,20,100,1199.0,119900.0
2021062904026459,NICL,20,43,190,1199.0,227810.0
2021062904026458,NICL,20,42,45,1198.0,53910.0
2021062904026457,NICL,20,22,10,1198.0,11980.0
2021062904026456,NICL,20,1,200,1198.0,239600.0
2021062904026467,NICL,20,45,10,1200.0,12000.0
2021062904026466,NICL,20,38,40,1199.0,47960.0
2021062904026465,NICL,20,10,80,1199.0,95920.0
2021062904026464,NICL,20,6,500,1199.0,599500.0
2021062904026463,NICL,20,25,100,1199.0,119900.0
2021062904026462,NICL,20,28,100,1199.0,119900.0
2021062904026473,NICL,20,21,200,1200.0,240000.0
2021062904026472,NICL,20,42,300,1200.0,360000.0
2021062904026471,NICL,20,6,50,1200.0,60000.0
2021062904026470,NICL,20,32,116,1200.0,139200.0
2021062904026469,NICL,20,32,500,1200.0,600000.0
2021062904026468,NICL,20,45,50,1200.0,60000.0
2021062904026479,NICL,20,38,10,1200.0,12000.0
2021062904026478,NICL,20,21,20,1200.0,24000.0
2021062904026477,NICL,20,57,80,1200.0,96000.0
2021062904026476,NICL,20,34,200,1200.0,240000.0
2021062904026475,NICL,20,55,300,1200.0,360000.0
2021062904026474,NICL,20,57,200,1200.0,240000.0
2021062904026485,NICL,20,51,45,1200.0,54000.0
2021062904026484,NICL,20,57,210,1200.0,252000.0
2021062904026483,NICL,20,17,20,1200.0,24000.0
2021062904026482,NICL,20,22,48,1200.0,57600.0
2021062904026481,NICL,20,45,200,1200.0,240000.0
2021062904026480,NICL,20,34,100,1200.0,120000.0
2021062904026491,NICL,20,35,17,1200.0,20400.0
2021062904026490,NICL,20,34,50,1200.0,60000.0
2021062904026489,NICL,20,41,400,1200.0,480000.0
2021062904026488,NICL,20,29,50,1200.0,60000.0
2021062904026487,NICL,20,34,304,1200.0,364800.0
2021062904026486,NICL,20,41,200,1200.0,240000.0
2021062904026497,NICL,20,8,"1,144",1201.0,1373944.0
2021062904026496,NICL,20,1,150,1201.0,180150.0
2021062904026495,NICL,20,34,10,1200.0,12000.0
2021062904026494,NICL,20,16,100,1200.0,120000.0
2021062904026493,NICL,20,20,"1,000",1200.0,1200000.0
2021062904026492,NICL,20,46,200,1200.0,240000.0
2021062904026503,NICL,20,45,100,1201.0,120100.0
2021062904026502,NICL,20,52,12,1201.0,14412.0
2021062904026501,NICL,20,53,500,1201.0,600500.0
2021062904026500,NICL,20,51,10,1201.0,12010.0
2021062904026499,NICL,20,59,79,1201.0,94879.0
2021062904026498,NICL,20,45,100,1201.0,120100.0
2021062904026509,NICL,20,5,30,1203.0,36090.0
2021062904026508,NICL,20,7,27,1203.0,32481.0
2021062904026507,NICL,20,45,40,1203.0,48120.0
2021062904026506,NICL,20,37,500,1203.0,601500.0
2021062904026505,NICL,20,44,40,1202.0,48080.0
2021062904026504,NICL,20,26,30,1201.0,36030.0
2021062904026515,NICL,20,28,100,1207.0,120700.0
2021062904026514,NICL,20,59,32,1205.0,38560.0
2021062904026513,NICL,20,19,200,1205.0,241000.0
2021062904026512,NICL,20,20,50,1204.0,60200.0
2021062904026511,NICL,20,45,60,1204.0,72240.0
2021062904026510,NICL,20,36,300,1203.0,360900.0
2021062904026521,NICL,20,59,400,1210.0,484000.0
2021062904026520,NICL,20,19,196,1210.0,237160.0
2021062904026519,NICL,20,45,10,1208.0,12080.0
2021062904026518,NICL,20,22,30,1208.0,36240.0
2021062904026517,NICL,20,5,100,1208.0,120800.0
2021062904026516,NICL,20,50,100,1207.0,120700.0
2021062904026527,NICL,20,52,100,1212.0,121200.0
2021062904026526,NICL,20,26,420,1212.0,509040.0
2021062904026525,NICL,20,17,300,1212.0,363600.0
2021062904026524,NICL,20,34,54,1212.0,65448.0
2021062904026523,NICL,20,38,50,1211.0,60550.0
2021062904026522,NICL,20,16,145,1210.0,175450.0
2021062904026858,NIL,19,14,15,1649.0,24735.0
2021062904026693,NIL,19,44,15,1649.0,24735.0
2021062904026692,NIL,38,44,20,1649.0,32980.0
2021062904026691,NIL,22,44,100,1649.0,164900.0
2021062904026690,NIL,25,44,65,1649.0,107185.0
2021062904026851,NLG,36,58,30,1276.0,38280.0
2021062904026850,NLG,59,58,50,1276.0,63800.0
2021062904026849,NLG,1,58,140,1278.0,178920.0
2021062904026578,NLG,10,51,100,1279.0,127900.0
2021062904026577,NLG,44,51,50,1279.0,63950.0
2021062904026836,OHL,20,58,400,604.0,241600.0
2021062904026835,OHL,20,25,75,604.0,45300.0
2021062904026722,OHL,20,25,"1,925",604.0,1162700.0
2021062904026721,OHL,20,57,100,604.0,60400.0
2021062904026720,OHL,20,58,200,604.0,120800.0
2021062904026719,OHL,20,26,50,604.0,30200.0
2021062904026539,OHL,48,17,500,602.0,301000.0
2021062904026538,OHL,48,57,20,602.0,12040.0
2021062904026537,OHL,48,39,200,602.0,120400.0
2021062904026536,OHL,48,42,100,602.0,60200.0
2021062904026535,OHL,48,8,"1,000",602.0,602000.0
2021062904026534,OHL,48,58,142,602.0,85484.0
2021062904026628,OHL,20,4,500,603.0,301500.0
2021062904026627,OHL,20,55,44,603.0,26532.0
2021062904026626,OHL,20,45,100,603.0,60300.0
2021062904026625,OHL,20,14,962,603.0,580086.0
2021062904026605,OHL,20,26,50,601.0,30050.0
2021062904026540,OHL,48,14,38,603.0,22914.0
2021062904026718,OHL,20,47,500,604.0,302000.0
2021062904026717,OHL,20,1,30,604.0,18120.0
2021062904026716,OHL,20,42,145,604.0,87580.0
2021062904026715,OHL,20,48,50,604.0,30200.0
2021062904026682,OHL,20,45,15,603.0,9045.0
2021062904026629,OHL,20,51,50,603.0,30150.0
2021062904026860,PIC,4,33,300,1203.0,360900.0
2021062904026859,PIC,4,45,50,1203.0,60150.0
2021062904026822,PICL,49,32,15,814.0,12210.0
2021062904026821,PICL,49,1,200,814.0,162800.0
2021062904026812,PICL,4,28,114,810.0,92340.0
2021062904026811,PICL,51,28,10,810.0,8100.0
2021062904026810,PICL,34,28,10,811.0,8110.0
2021062904026809,PICL,10,28,50,811.0,40550.0
2021062904026808,PICL,32,28,86,811.0,69746.0
2021062904026597,PICL,48,32,10,814.0,8140.0
2021062904026603,PPCL,14,45,100,335.0,33500.0
2021062904026750,PRIN,38,52,200,950.0,190000.0
2021062904026749,PRIN,17,52,20,950.0,19000.0
2021062904026748,PRIN,34,52,50,950.0,47500.0
2021062904026880,RADHI,20,36,100,782.0,78200.0
2021062904026879,RADHI,20,38,100,782.0,78200.0
2021062904026878,RADHI,20,29,140,782.0,109480.0
2021062904026877,RADHI,20,57,50,780.0,39000.0
2021062904026876,RADHI,20,45,50,780.0,39000.0
2021062904026855,RADHI,21,45,10,780.0,7800.0
2021062904026824,RADHI,20,33,123,779.0,95817.0
2021062904026823,RADHI,6,33,20,779.0,15580.0
2021062904026818,RADHI,6,34,100,779.0,77900.0
2021062904026774,RADHI,6,55,50,779.0,38950.0
2021062904026675,RADHI,58,58,15,779.0,11685.0
2021062904026546,RADHI,42,58,20,779.0,15580.0
2021062904026673,RBCL,39,37,20,20775.0,415500.0
2021062904026709,RHPL,59,16,64,440.0,28160.0
2021062904026708,RHPL,49,16,990,440.0,435600.0
2021062904026707,RHPL,52,16,200,442.0,88400.0
2021062904026706,RHPL,43,16,"1,000",442.0,442000.0
2021062904026705,RHPL,51,16,60,442.0,26520.0
2021062904026704,RHPL,25,16,10,444.0,4440.0
2021062904026655,RHPL,50,38,10,447.0,4470.0
2021062904026654,RHPL,50,21,10,447.0,4470.0
2021062904026633,RHPL,25,20,40,444.0,17760.0
2021062904026796,RRHP,49,48,30,371.0,11130.0
2021062904026594,SAEF,58,58,"12,400",16.3,202120.0
2021062904026820,SGI,36,26,10,727.0,7270.0
2021062904026644,SGI,36,52,200,727.0,145400.0
2021062904026829,SHPC,13,43,393,475.0,186675.0
2021062904026672,SHPC,13,49,50,475.0,23750.0
2021062904026579,SHPC,13,19,450,475.0,213750.0
2021062904026870,SICL,1,49,139,2003.0,278417.0
2021062904026869,SICL,1,6,50,2003.0,100150.0
2021062904026868,SICL,1,38,43,2003.0,86129.0
2021062904026854,SICL,29,32,40,2002.0,80080.0
2021062904026853,SICL,41,32,10,2002.0,20020.0
2021062904026803,SICL,57,38,12,2003.0,24036.0
2021062904026789,SICL,36,38,20,2003.0,40060.0
2021062904026683,SICL,48,38,25,2003.0,50075.0
2021062904026580,SICL,47,38,100,2003.0,200300.0
2021062904026848,SIL,49,7,15,1055.0,15825.0
2021062904026671,SIL,42,49,200,1055.0,211000.0
2021062904026670,SIL,55,49,400,1055.0,422000.0
2021062904026669,SIL,50,49,10,1055.0,10550.0
2021062904026668,SIL,45,49,25,1056.0,26400.0
2021062904026667,SIL,46,49,10,1056.0,10560.0
2021062904026666,SIL,34,49,200,1056.0,211200.0
2021062904026665,SIL,53,49,100,1057.0,105700.0
2021062904026664,SIL,4,49,50,1058.0,52900.0
2021062904026736,SJCL,19,50,60,419.0,25140.0
2021062904026714,SJCL,32,20,20,418.0,8360.0
2021062904026636,SJCL,32,53,250,418.0,104500.0
2021062904026604,SJCL,32,13,40,418.0,16720.0
2021062904026541,SJCL,32,13,40,418.0,16720.0
2021062904026762,SPDL,38,38,50,387.0,19350.0
2021062904026731,SPDL,45,21,167,385.0,64295.0
2021062904026730,SPDL,14,21,100,385.0,38500.0
2021062904026729,SPDL,28,21,10,385.0,3850.0
2021062904026728,SPDL,58,21,15,385.0,5775.0
2021062904026727,SPDL,41,21,100,386.0,38600.0
2021062904026726,SPDL,45,21,200,386.0,77200.0
2021062904026725,SPDL,16,21,200,387.0,77400.0
2021062904026724,SPDL,21,21,208,387.0,80496.0
2021062904026651,SPDL,21,6,30,387.0,11610.0
2021062904026650,SPDL,21,34,62,387.0,23994.0
2021062904026623,SPDL,52,34,100,387.0,38700.0
2021062904026759,SSHL,45,52,70,309.0,21630.0
2021062904026758,SSHL,56,52,20,309.0,6180.0
2021062904026757,SSHL,37,52,60,309.0,18540.0
2021062904026756,SSHL,54,52,315,309.0,97335.0
2021062904026601,SSHL,54,46,185,309.0,57165.0
2021062904026600,SSHL,6,46,115,309.0,35535.0
2021062904026649,STC,39,44,50,9761.0,488050.0
2021062904026582,TRH,41,10,150,399.0,59850.0
2021062904026581,TRH,54,10,150,399.0,59850.0
2021062904026554,TRH,54,8,20,399.0,7980.0
2021062904026763,UIC,17,22,150,711.0,106650.0
2021062904026732,UIC,5,22,100,711.0,71100.0
2021062904026689,UIC,46,22,250,711.0,177750.0
2021062904026688,UIC,38,22,200,711.0,142200.0
2021062904026687,UIC,1,22,100,711.0,71100.0
2021062904026686,UIC,38,22,300,711.0,213300.0
2021062904026685,UIC,51,22,500,711.0,355500.0
2021062904026684,UIC,37,22,100,711.0,71100.0
2021062904026817,UMHL,34,58,384,345.0,132480.0
2021062904026747,UMHL,14,58,280,345.0,96600.0
2021062904026681,UMHL,45,58,336,345.0,115920.0
2021062904026680,UMHL,45,45,164,345.0,56580.0
2021062904026563,UMHL,41,25,154,344.0,52976.0
2021062904026545,UMHL,41,32,68,344.0,23392.0
2021062904026569,UMHL,59,25,315,344.0,108360.0
2021062904026568,UMHL,46,25,500,344.0,172000.0
2021062904026567,UMHL,37,25,100,344.0,34400.0
2021062904026566,UMHL,53,25,100,344.0,34400.0
2021062904026565,UMHL,49,25,100,344.0,34400.0
2021062904026564,UMHL,34,25,300,344.0,103200.0
2021062904026574,UMHL,38,25,300,344.0,103200.0
2021062904026573,UMHL,6,25,500,344.0,172000.0
2021062904026572,UMHL,14,25,500,344.0,172000.0
2021062904026571,UMHL,3,25,100,344.0,34400.0
2021062904026570,UMHL,55,25,25,344.0,8600.0
2021062904026638,UMHL,51,45,250,345.0,86250.0
2021062904026632,UMHL,28,45,86,345.0,29670.0
2021062904026631,UMHL,28,33,250,345.0,86250.0
2021062904026630,UMHL,28,34,164,344.0,56416.0
2021062904026586,UMHL,17,34,50,344.0,17200.0
2021062904026585,UMHL,58,34,300,344.0,103200.0
2021062904026663,UMRH,45,39,10,461.0,4610.0
2021062904026819,UNHPL,41,48,50,330.0,16500.0
2021062904026802,UNHPL,49,44,100,330.0,33000.0
2021062904026678,UPCL,41,34,75,285.0,21375.0
2021062904026677,UPCL,58,34,125,285.0,35625.0
2021062904026624,UPCL,58,14,100,285.0,28500.0
2021062904026606,UPCL,58,13,125,285.0,35625.0
2021062904026544,UPCL,28,13,375,285.0,106875.0
2021062904026543,UPCL,28,7,100,285.0,28500.0
2021062904026542,UPCL,28,29,25,285.0,7125.0
2021062904026857,UPPER,38,6,60,768.0,46080.0
2021062904026856,UPPER,52,6,50,768.0,38400.0
2021062904026847,UPPER,42,6,10,768.0,7680.0
2021062904026838,UPPER,14,42,70,769.0,53830.0
2021062904026837,UPPER,14,37,430,768.0,330240.0
2021062904026828,UPPER,39,42,512,769.0,393728.0
2021062904026607,UPPER,47,6,40,768.0,30720.0
2021062904026593,UPPER,26,6,50,768.0,38400.0
2021062904026583,UPPER,50,6,10,768.0,7680.0
2021062904026610,UPPER,18,6,50,768.0,38400.0
2021062904026608,UPPER,49,6,10,768.0,7680.0
2021062904026652,UPPER,22,34,50,769.0,38450.0
2021062904026785,UPPER,58,45,50,768.0,38400.0
2021062904026784,UPPER,1,45,100,768.0,76800.0
2021062904026783,UPPER,18,45,360,768.0,276480.0
2021062904026754,UPPER,18,17,90,768.0,69120.0
2021062904026740,UPPER,13,34,150,769.0,115350.0
2021062904026827,UPPER,39,58,40,769.0,30760.0
2021062904026826,UPPER,39,34,48,769.0,36912.0
2021062904026825,UPPER,42,34,100,769.0,76900.0
2021062904026788,UPPER,32,45,40,768.0,30720.0
2021062904026787,UPPER,46,45,200,768.0,153600.0
2021062904026786,UPPER,34,45,250,768.0,192000.0
2021062904026365,AHPC,38,34,50,444.0,22200.0
2021062904026275,AHPC,21,53,200,443.0,88600.0
2021062904026258,AHPC,21,57,991,443.0,439013.0
2021062904026257,AHPC,21,57,633,443.0,280419.0
2021062904026088,AHPC,21,4,367,443.0,162581.0
2021062904026087,AHPC,17,4,133,443.0,58919.0
2021062904025881,AHPC,17,4,100,443.0,44300.0
2021062904026295,AIL,46,52,180,811.0,145980.0
2021062904026053,AKJCL,45,37,40,270.0,10800.0
2021062904026052,AKJCL,45,45,10,270.0,2700.0
2021062904025970,AKJCL,32,34,10,267.0,2670.0
2021062904026268,AKPL,38,22,300,422.0,126600.0
2021062904026089,AKPL,38,57,85,422.0,35870.0
2021062904026002,AKPL,26,32,500,422.0,211000.0
2021062904026001,AKPL,55,32,13,422.0,5486.0
2021062904026000,AKPL,14,32,"1,000",422.0,422000.0
2021062904025999,AKPL,46,32,20,422.0,8440.0
2021062904025975,AKPL,44,32,20,423.0,8460.0
2021062904025891,AKPL,42,32,100,423.0,42300.0
2021062904025998,AKPL,57,32,150,422.0,63300.0
2021062904025997,AKPL,28,32,500,422.0,211000.0
2021062904025996,AKPL,54,32,10,422.0,4220.0
2021062904025995,AKPL,29,32,200,422.0,84400.0
2021062904025994,AKPL,17,32,75,422.0,31650.0
2021062904025993,AKPL,36,32,53,422.0,22366.0
2021062904026364,API,38,56,100,372.0,37200.0
2021062904026300,API,32,19,50,371.0,18550.0
2021062904026299,API,39,19,360,371.0,133560.0
2021062904026298,API,4,19,90,372.0,33480.0
2021062904026285,API,4,53,310,372.0,115320.0
2021062904026280,API,39,19,90,371.0,33390.0
2021062904026032,API,32,38,90,371.0,33390.0
2021062904025915,API,34,59,200,373.0,74600.0
2021062904026279,API,32,19,110,371.0,40810.0
2021062904026222,API,48,33,140,372.0,52080.0
2021062904026221,API,4,33,160,372.0,59520.0
2021062904026198,API,4,14,140,372.0,52080.0
2021062904026177,API,54,14,100,372.0,37200.0
2021062904026150,API,6,14,10,372.0,3720.0
2021062904026332,BARUN,52,26,10,519.0,5190.0
2021062904026313,BARUN,20,43,50,518.0,25900.0
2021062904026351,BPCL,34,8,100,505.0,50500.0
2021062904026286,BPCL,46,42,20,504.0,10080.0
2021062904026281,BPCL,52,8,200,505.0,101000.0
2021062904026278,BPCL,46,57,300,504.0,151200.0
2021062904026267,BPCL,58,8,100,505.0,50500.0
2021062904026262,BPCL,50,8,200,505.0,101000.0
2021062904026005,BPCL,21,42,15,505.0,7575.0
2021062904026004,BPCL,59,42,30,505.0,15150.0
2021062904026003,BPCL,53,42,110,505.0,55550.0
2021062904026084,BPCL,58,8,40,505.0,20200.0
2021062904026050,BPCL,57,8,100,505.0,50500.0
2021062904026049,BPCL,57,8,365,505.0,184325.0
2021062904026048,BPCL,21,8,35,505.0,17675.0
2021062904026357,CGH,42,50,30,1541.0,46230.0
2021062904026356,CGH,17,50,10,1542.0,15420.0
2021062904026355,CGH,44,50,10,1545.0,15450.0
2021062904026188,CMF2,51,18,"7,000",12.95,90650.0
2021062904026340,DHPL,45,6,145,262.0,37990.0
2021062904026339,DHPL,3,18,500,261.0,130500.0
2021062904026064,DHPL,13,21,110,262.0,28820.0
2021062904026272,EIC,25,13,22,745.0,16390.0
2021062904026271,EIC,52,13,50,745.0,37250.0
2021062904026270,EIC,44,13,10,745.0,7450.0
2021062904026269,EIC,49,13,68,745.0,50660.0
2021062904026171,GIC,35,49,10,694.0,6940.0
2021062904026160,GIC,35,55,10,694.0,6940.0
2021062904026274,GLH,50,45,10,365.0,3650.0
2021062904026199,GLH,50,21,10,365.0,3650.0
2021062904026159,GLH,58,58,23,366.0,8418.0
2021062904026158,GLH,58,26,10,366.0,3660.0
2021062904026157,GLH,58,22,10,366.0,3660.0
2021062904026156,GLH,58,58,10,366.0,3660.0
2021062904026155,GLH,58,38,47,366.0,17202.0
2021062904026112,GLH,48,38,10,366.0,3660.0
2021062904026289,HDHPC,54,47,"1,000",266.0,266000.0
2021062904026284,HDHPC,54,57,100,266.0,26600.0
2021062904026228,HDHPC,57,22,23,267.0,6141.0
2021062904026227,HDHPC,57,56,177,267.0,47259.0
2021062904026175,HDHPC,54,13,760,266.0,202160.0
2021062904026174,HDHPC,17,13,240,266.0,63840.0
2021062904026034,HDHPC,21,56,"1,185",267.0,316395.0
2021062904026006,HDHPC,14,22,10,268.0,2680.0
2021062904025906,HDHPC,34,22,50,268.0,13400.0
2021062904026040,HDHPC,42,56,200,267.0,53400.0
2021062904026039,HDHPC,21,56,"1,800",267.0,480600.0
2021062904026038,HDHPC,21,56,100,267.0,26700.0
2021062904026037,HDHPC,1,56,250,267.0,66750.0
2021062904026036,HDHPC,22,56,200,267.0,53400.0
2021062904026035,HDHPC,5,56,10,267.0,2670.0
2021062904026105,HDHPC,55,34,200,266.0,53200.0
2021062904026104,HDHPC,11,34,50,266.0,13300.0
2021062904026103,HDHPC,21,34,200,266.0,53200.0
2021062904026102,HDHPC,58,34,"1,000",266.0,266000.0
2021062904026101,HDHPC,39,34,310,266.0,82460.0
2021062904026080,HDHPC,41,56,78,267.0,20826.0
2021062904026111,HDHPC,17,34,260,266.0,69160.0
2021062904026110,HDHPC,46,34,80,266.0,21280.0
2021062904026109,HDHPC,58,34,100,266.0,26600.0
2021062904026108,HDHPC,34,34,"1,100",266.0,292600.0
2021062904026107,HDHPC,6,34,500,266.0,133000.0
2021062904026106,HDHPC,19,34,200,266.0,53200.0
2021062904026226,HPPL,58,45,20,403.0,8060.0
2021062904026225,HPPL,55,45,480,403.0,193440.0
2021062904025940,HPPL,55,48,20,403.0,8060.0
2021062904025974,IGI,6,44,45,1190.0,53550.0
2021062904025973,IGI,57,44,205,1190.0,243950.0
2021062904026132,IGI,6,45,70,1190.0,83300.0
2021062904026338,IGI,45,36,150,1191.0,178650.0
2021062904026260,JOSHI,44,49,80,273.0,21840.0
2021062904026259,JOSHI,44,17,20,273.0,5460.0
2021062904026072,JOSHI,5,45,23,272.0,6256.0
2021062904026180,KKHC,44,47,50,266.0,13300.0
2021062904026242,LEC,26,50,30,340.0,10200.0
2021062904025967,LEC,26,38,20,340.0,6800.0
2021062904026341,LGIL,37,54,50,771.0,38550.0
2021062904026283,LGIL,34,10,100,776.0,77600.0
2021062904026216,LGIL,58,25,461,769.0,354509.0
2021062904026215,LGIL,5,25,50,769.0,38450.0
2021062904026214,LGIL,32,25,30,769.0,23070.0
2021062904026213,LGIL,45,25,20,769.0,15380.0
2021062904026017,LGIL,54,54,55,770.0,42350.0
2021062904026016,LGIL,7,54,100,770.0,77000.0
2021062904026015,LGIL,41,54,60,770.0,46200.0
2021062904026014,LGIL,45,54,45,771.0,34695.0
2021062904026013,LGIL,43,54,300,771.0,231300.0
2021062904026012,LGIL,35,54,25,772.0,19300.0
2021062904026169,LGIL,59,34,50,771.0,38550.0
2021062904026022,LGIL,35,54,21,770.0,16170.0
2021062904026021,LGIL,57,54,100,770.0,77000.0
2021062904026020,LGIL,35,54,400,770.0,308000.0
2021062904026019,LGIL,53,54,80,770.0,61600.0
2021062904026018,LGIL,19,54,44,770.0,33880.0
2021062904026212,LGIL,35,25,200,769.0,153800.0
2021062904026211,LGIL,6,25,30,769.0,23070.0
2021062904026210,LGIL,49,25,30,770.0,23100.0
2021062904026209,LGIL,34,25,50,770.0,38500.0
2021062904026208,LGIL,35,25,279,770.0,214830.0
2021062904026207,LGIL,59,25,50,771.0,38550.0
2021062904026163,LUK,50,4,"4,020",12.09,48601.8
2021062904026162,LUK,1,4,"3,900",12.09,47151.0
2021062904026350,MEN,57,5,50,843.0,42150.0
2021062904026349,MEN,26,5,450,843.0,379350.0
2021062904026189,MEN,26,26,10,843.0,8430.0
2021062904025920,MEN,26,55,10,843.0,8430.0
2021062904026363,NHPC,10,46,30,333.0,9990.0
2021062904026314,NHPC,29,38,10,334.0,3340.0
2021062904026261,NHPC,10,28,775,333.0,258075.0
2021062904026197,NHPC,16,29,839,332.0,278548.0
2021062904026196,NHPC,58,29,200,332.0,66400.0
2021062904026195,NHPC,47,29,50,332.0,16600.0
2021062904026068,NHPC,51,53,200,333.0,66600.0
2021062904026067,NHPC,18,53,"1,000",333.0,333000.0
2021062904026066,NHPC,33,53,"1,500",333.0,499500.0
2021062904026065,NHPC,50,53,200,333.0,66600.0
2021062904026055,NHPC,50,54,300,333.0,99900.0
2021062904026033,NHPC,37,38,10,334.0,3340.0
2021062904026093,NHPC,10,28,"1,500",333.0,499500.0
2021062904026090,NHPC,10,53,"1,500",333.0,499500.0
2021062904026079,NHPC,45,53,100,333.0,33300.0
2021062904026071,NHPC,55,53,100,333.0,33300.0
2021062904026070,NHPC,19,53,300,333.0,99900.0
2021062904026069,NHPC,56,53,100,333.0,33300.0
2021062904026194,NHPC,35,29,20,332.0,6640.0
2021062904026193,NHPC,16,29,896,332.0,297472.0
2021062904026183,NHPC,56,28,35,333.0,11655.0
2021062904026164,NHPC,42,28,390,333.0,129870.0
2021062904026133,NHPC,51,28,100,333.0,33300.0
2021062904026115,NHPC,42,28,200,333.0,66600.0
2021062904026224,NIBSF1,28,26,"4,500",14.4,64800.0
2021062904026029,NIBSF1,28,25,"5,500",14.4,79200.0
2021062904026028,NIBSF1,41,25,"1,000",14.41,14410.0
2021062904025941,NIBSF1,42,25,"1,500",14.41,21615.0
2021062904026380,NICL,20,49,100,1165.0,116500.0
2021062904026379,NICL,20,6,20,1165.0,23300.0
2021062904026378,NICL,20,35,100,1165.0,116500.0
2021062904026377,NICL,20,44,"2,000",1161.0,2322000.0
2021062904026376,NICL,20,53,33,1161.0,38313.0
2021062904026375,NICL,20,41,20,1160.0,23200.0
2021062904026237,NICL,29,43,40,1146.0,45840.0
2021062904026203,NICL,17,58,100,1146.0,114600.0
2021062904026202,NICL,28,58,300,1146.0,343800.0
2021062904025887,NICL,25,20,10,1144.0,11440.0
2021062904026368,NICL,20,16,200,1150.0,230000.0
2021062904026367,NICL,20,7,15,1150.0,17250.0
2021062904026347,NICL,18,7,85,1150.0,97750.0
2021062904026240,NICL,25,43,100,1144.0,114400.0
2021062904026239,NICL,20,43,"5,000",1145.0,5725000.0
2021062904026238,NICL,38,43,300,1146.0,343800.0
2021062904026374,NICL,20,13,200,1160.0,232000.0
2021062904026373,NICL,20,41,100,1160.0,116000.0
2021062904026372,NICL,20,1,10,1159.0,11590.0
2021062904026371,NICL,20,56,50,1159.0,57950.0
2021062904026370,NICL,20,26,200,1155.0,231000.0
2021062904026369,NICL,20,16,150,1150.0,172500.0
2021062904026223,NIL,28,44,50,1649.0,82450.0
2021062904026092,NIL,28,44,70,1649.0,115430.0
2021062904026051,NIL,5,49,90,1648.0,148320.0
2021062904026027,NIL,5,13,128,1648.0,210944.0
2021062904026026,NIL,5,32,20,1647.0,32940.0
2021062904026025,NIL,4,14,27,1645.0,44415.0
2021062904025953,NIL,45,13,200,1646.0,329200.0
2021062904025952,NIL,19,13,20,1646.0,32920.0
2021062904025951,NIL,57,13,100,1646.0,164600.0
2021062904025950,NIL,4,13,102,1646.0,167892.0
2021062904025945,NIL,58,13,52,1648.0,85696.0
2021062904025907,NIL,11,55,36,1647.0,59292.0
2021062904025959,NIL,48,13,20,1645.0,32900.0
2021062904025958,NIL,46,13,40,1645.0,65800.0
2021062904025957,NIL,28,13,100,1645.0,164500.0
2021062904025956,NIL,48,13,100,1645.0,164500.0
2021062904025955,NIL,26,13,50,1645.0,82250.0
2021062904025954,NIL,19,13,100,1646.0,164600.0
2021062904026024,NIL,54,14,20,1645.0,32900.0
2021062904026023,NIL,38,14,53,1645.0,87185.0
2021062904025976,NIL,4,32,30,1647.0,49410.0
2021062904025962,NIL,38,13,47,1645.0,77315.0
2021062904025961,NIL,49,13,50,1645.0,82250.0
2021062904025960,NIL,34,13,71,1645.0,116795.0
2021062904025979,NLG,29,56,100,1280.0,128000.0
2021062904025978,NLG,36,56,20,1280.0,25600.0
2021062904025977,NLG,44,56,100,1281.0,128100.0
2021062904025912,NLG,36,36,10,1280.0,12800.0
2021062904025911,NLG,43,36,90,1282.0,115380.0
2021062904025985,NLG,22,56,100,1280.0,128000.0
2021062904025984,NLG,34,56,100,1280.0,128000.0
2021062904025983,NLG,48,56,100,1280.0,128000.0
2021062904025982,NLG,8,56,200,1280.0,256000.0
2021062904025981,NLG,1,56,30,1280.0,38400.0
2021062904025980,NLG,38,56,200,1280.0,256000.0
2021062904025992,NLG,57,59,100,1280.0,128000.0
2021062904025990,NLG,21,59,100,1280.0,128000.0
2021062904025986,NLG,36,56,50,1280.0,64000.0
2021062904026113,NLG,44,7,150,1279.0,191850.0
2021062904026047,NLG,36,59,50,1280.0,64000.0
2021062904026329,NMBHF1,28,42,832,13.2,10982.4
2021062904026307,OHL,20,25,200,601.0,120200.0
2021062904026306,OHL,20,33,500,601.0,300500.0
2021062904026243,OHL,56,21,400,600.0,240000.0
2021062904026232,OHL,56,51,50,600.0,30000.0
2021062904026231,OHL,56,49,100,600.0,60000.0
2021062904026230,OHL,56,52,84,600.0,50400.0
2021062904026125,OHL,20,22,100,600.0,60000.0
2021062904026124,OHL,20,52,50,600.0,30000.0
2021062904026123,OHL,20,56,"1,000",600.0,600000.0
2021062904026122,OHL,20,45,400,600.0,240000.0
2021062904025918,OHL,19,45,100,600.0,60000.0
2021062904026131,OHL,20,52,116,600.0,69600.0
2021062904026130,OHL,20,57,254,600.0,152400.0
2021062904026129,OHL,20,48,80,600.0,48000.0
2021062904026128,OHL,20,26,100,600.0,60000.0
2021062904026127,OHL,20,22,500,600.0,300000.0
2021062904026126,OHL,20,52,400,600.0,240000.0
2021062904026205,PICL,32,4,14,811.0,11354.0
2021062904026204,PICL,10,4,56,811.0,45416.0
2021062904025908,PMHPL,55,34,50,276.0,13800.0
2021062904026091,PPCL,14,50,610,338.0,206180.0
2021062904026046,PPCL,14,21,345,335.0,115575.0
2021062904026045,PPCL,17,21,325,335.0,108875.0
2021062904025987,PPCL,52,53,40,336.0,13440.0
2021062904026346,PRIN,34,8,50,950.0,47500.0
2021062904026345,PRIN,57,8,10,950.0,9500.0
2021062904026247,PRIN,46,42,11,951.0,10461.0
2021062904026246,PRIN,53,42,50,951.0,47550.0
2021062904026245,PRIN,33,42,79,951.0,75129.0
2021062904026244,PRIN,55,42,10,951.0,9510.0
2021062904025927,PRIN,33,42,"1,000",953.0,953000.0
2021062904026264,RADHI,6,36,10,778.0,7780.0
2021062904026263,RADHI,39,29,100,780.0,78000.0
2021062904026206,RADHI,44,29,40,782.0,31280.0
2021062904026201,RADHI,32,29,100,782.0,78200.0
2021062904026168,RADHI,21,22,15,778.0,11670.0
2021062904026167,RADHI,45,22,25,779.0,19475.0
2021062904026058,RADHI,14,55,70,780.0,54600.0
2021062904026057,RADHI,14,33,20,780.0,15600.0
2021062904026056,RADHI,14,42,100,780.0,78000.0
2021062904025895,RADHI,21,45,100,778.0,77800.0
2021062904026083,RADHI,58,22,100,780.0,78000.0
2021062904026063,RADHI,14,29,20,782.0,15640.0
2021062904026062,RADHI,14,1,50,782.0,39100.0
2021062904026061,RADHI,14,29,100,782.0,78200.0
2021062904026060,RADHI,14,33,40,782.0,31280.0
2021062904026059,RADHI,14,22,100,780.0,78000.0
2021062904026166,RADHI,57,22,100,779.0,77900.0
2021062904026165,RADHI,25,22,40,779.0,31160.0
2021062904026100,RADHI,25,34,60,779.0,46740.0
2021062904026099,RADHI,22,34,10,779.0,7790.0
2021062904026098,RADHI,57,34,10,780.0,7800.0
2021062904026097,RADHI,58,34,10,780.0,7800.0
2021062904026325,RHPC,28,14,14,520.0,7280.0
2021062904026324,RHPC,52,14,50,520.0,26000.0
2021062904026323,RHPC,49,14,500,520.0,260000.0
2021062904026322,RHPC,34,14,500,520.0,260000.0
2021062904026321,RHPC,52,14,80,520.0,41600.0
2021062904026320,RHPC,58,14,500,520.0,260000.0
2021062904026220,RHPC,41,42,12,530.0,6360.0
2021062904026253,RHPC,14,42,200,526.0,105200.0
2021062904026252,RHPC,51,42,500,528.0,264000.0
2021062904026251,RHPC,58,42,100,529.0,52900.0
2021062904026250,RHPC,17,42,100,529.0,52900.0
2021062904026249,RHPC,50,42,50,529.0,26450.0
2021062904026248,RHPC,41,42,356,530.0,188680.0
2021062904026319,RHPC,4,14,200,521.0,104200.0
2021062904026318,RHPC,33,14,100,521.0,52100.0
2021062904026317,RHPC,58,14,56,524.0,29344.0
2021062904026256,RHPC,58,42,44,524.0,23056.0
2021062904026255,RHPC,38,42,100,525.0,52500.0
2021062904026254,RHPC,14,42,50,526.0,26300.0
2021062904026282,RHPL,50,42,40,442.0,17680.0
2021062904026265,RHPL,25,42,20,442.0,8840.0
2021062904026176,RHPL,45,42,30,442.0,13260.0
2021062904026172,RHPL,21,42,10,443.0,4430.0
2021062904026044,RHPL,21,5,30,443.0,13290.0
2021062904026042,RHPL,49,17,10,440.0,4400.0
2021062904025989,RHPL,3,5,470,443.0,208210.0
2021062904025988,RHPL,3,43,30,441.0,13230.0
2021062904025946,RHPL,21,43,10,441.0,4410.0
2021062904025921,RHPL,21,57,20,441.0,8820.0
2021062904025905,RHPL,51,4,20,440.0,8800.0
2021062904026086,SAEF,58,58,"5,000",16.3,81500.0
2021062904026085,SAEF,35,58,"2,600",16.3,42380.0
2021062904025885,SEF,56,56,"144,000",13.56,1952640.0
2021062904025884,SEF,16,56,"2,000",13.56,27120.0
2021062904025883,SEF,10,56,"4,000",13.56,54240.0
2021062904026362,SGI,36,55,10,727.0,7270.0
2021062904026287,SGI,36,26,10,727.0,7270.0
2021062904026185,SGI,36,53,30,727.0,21810.0
2021062904026184,SGI,45,53,20,727.0,14540.0
2021062904025971,SGI,49,4,10,727.0,7270.0
2021062904026337,SHL,33,44,200,265.0,53000.0
2021062904026266,SHL,8,6,113,263.0,29719.0
2021062904026181,SHL,8,14,180,265.0,47700.0
2021062904026041,SHL,8,14,"1,500",265.0,397500.0
2021062904025896,SHL,8,48,136,263.0,35768.0
2021062904026366,SHPC,32,43,13,476.0,6188.0
2021062904025942,SHPC,13,33,200,475.0,95000.0
2021062904025928,SHPC,13,8,"1,000",475.0,475000.0
2021062904026241,SHPC,33,43,100,476.0,47600.0
2021062904026200,SHPC,13,26,100,475.0,47500.0
2021062904026192,SHPC,50,43,100,476.0,47600.0
2021062904026010,SHPC,33,43,100,476.0,47600.0
2021062904026290,SHPC,45,43,164,476.0,78064.0
2021062904026273,SHPC,37,43,130,476.0,61880.0
2021062904026293,SIC,43,17,15,1551.0,23265.0
2021062904026292,SIC,52,17,35,1551.0,54285.0
2021062904025904,SIC,22,16,34,1550.0,52700.0
2021062904025903,SIC,44,16,100,1550.0,155000.0
2021062904025902,SIC,41,16,26,1550.0,40300.0
2021062904025901,SIC,35,16,20,1550.0,31000.0
2021062904025900,SIC,4,16,270,1550.0,418500.0
2021062904026328,SICL,57,50,16,2002.0,32032.0
2021062904026327,SICL,56,50,24,2002.0,48048.0
2021062904025963,SICL,56,49,26,2002.0,52052.0
2021062904025917,SICL,17,13,48,2001.0,96048.0
2021062904025916,SICL,6,13,14,2001.0,28014.0
2021062904025910,SICL,22,49,72,2002.0,144144.0
2021062904025909,SICL,22,34,128,2001.0,256128.0
2021062904026149,SIL,8,44,500,1059.0,529500.0
2021062904026148,SIL,16,44,300,1059.0,317700.0
2021062904026147,SIL,57,44,100,1059.0,105900.0
2021062904026146,SIL,43,44,29,1060.0,30740.0
2021062904026145,SIL,51,44,20,1060.0,21200.0
2021062904026144,SIL,45,44,136,1060.0,144160.0
2021062904026137,SIL,55,44,50,1061.0,53050.0
2021062904026136,SIL,10,44,76,1061.0,80636.0
2021062904026135,SIL,28,44,300,1061.0,318300.0
2021062904026114,SIL,42,19,50,1062.0,53100.0
2021062904026143,SIL,17,44,100,1060.0,106000.0
2021062904026142,SIL,45,44,10,1060.0,10600.0
2021062904026141,SIL,49,44,50,1060.0,53000.0
2021062904026140,SIL,1,44,100,1060.0,106000.0
2021062904026139,SIL,49,44,20,1060.0,21200.0
2021062904026138,SIL,1,44,500,1060.0,530000.0
2021062904026361,SJCL,32,13,20,418.0,8360.0
2021062904026352,SJCL,3,13,40,417.0,16680.0
2021062904026326,SJCL,3,57,10,417.0,4170.0
2021062904026316,SJCL,3,13,20,417.0,8340.0
2021062904026297,SJCL,3,14,20,417.0,8340.0
2021062904026229,SJCL,3,13,20,417.0,8340.0
2021062904026187,SJCL,3,13,20,417.0,8340.0
2021062904026182,SJCL,3,17,199,417.0,82983.0
2021062904026151,SJCL,3,17,10,417.0,4170.0
2021062904026134,SJCL,59,50,500,419.0,209500.0
2021062904025949,SLCF,57,32,800,10.01,8008.0
2021062904025948,SLCF,13,32,"1,000",10.01,10010.0
2021062904025947,SLCF,52,32,600,10.01,6006.0
2021062904026304,SPDL,57,34,100,387.0,38700.0
2021062904026303,SPDL,42,34,18,387.0,6966.0
2021062904026302,SPDL,34,34,70,387.0,27090.0
2021062904026301,SPDL,6,34,150,388.0,58200.0
2021062904026291,SPDL,6,21,100,388.0,38800.0
2021062904026078,SPDL,58,37,125,385.0,48125.0
2021062904025923,SPDL,42,22,100,386.0,38600.0
2021062904025922,SPDL,43,22,100,387.0,38700.0
2021062904025882,SPDL,4,48,500,390.0,195000.0
2021062904026077,SPDL,56,37,100,385.0,38500.0
2021062904026076,SPDL,3,37,200,385.0,77000.0
2021062904026075,SPDL,41,37,50,385.0,19250.0
2021062904026074,SPDL,59,37,30,386.0,11580.0
2021062904026073,SPDL,42,37,495,386.0,191070.0
2021062904026054,SPDL,58,56,70,387.0,27090.0
2021062904026294,SSHL,6,56,810,309.0,250290.0
2021062904026219,SSHL,6,56,75,309.0,23175.0
2021062904026218,SSHL,56,56,175,309.0,54075.0
2021062904025939,SSHL,56,39,25,309.0,7725.0
2021062904025938,SSHL,42,39,160,309.0,49440.0
2021062904025937,SSHL,54,39,10,309.0,3090.0
2021062904025930,SSHL,53,39,300,310.0,93000.0
2021062904025929,SSHL,59,39,185,310.0,57350.0
2021062904025936,SSHL,13,39,100,309.0,30900.0
2021062904025935,SSHL,43,39,100,309.0,30900.0
2021062904025934,SSHL,45,39,310,309.0,95790.0
2021062904025933,SSHL,58,39,10,309.0,3090.0
2021062904025932,SSHL,57,39,700,309.0,216300.0
2021062904025931,SSHL,54,39,100,310.0,31000.0
2021062904026011,STC,45,38,10,9775.0,97750.0
2021062904025913,STC,55,26,10,9790.0,97900.0
2021062904026288,TRH,54,10,30,399.0,11970.0
2021062904026179,TRH,17,10,200,400.0,80000.0
2021062904026178,TRH,17,16,100,400.0,40000.0
2021062904025991,TRH,41,45,100,400.0,40000.0
2021062904025969,TRH,41,52,50,400.0,20000.0
2021062904025968,TRH,41,16,100,400.0,40000.0
2021062904025926,TRH,13,55,100,398.0,39800.0
2021062904025925,TRH,49,55,200,398.0,79600.0
2021062904025889,TRH,45,55,200,399.0,79800.0
2021062904026336,UIC,49,16,50,712.0,35600.0
2021062904026335,UIC,35,16,40,712.0,28480.0
2021062904026334,UIC,34,16,35,712.0,24920.0
2021062904026315,UIC,4,22,50,713.0,35650.0
2021062904026154,UIC,34,1,65,712.0,46280.0
2021062904026153,UIC,26,1,35,712.0,24920.0
2021062904025899,UIC,26,58,40,712.0,28480.0
2021062904025898,UIC,32,58,100,712.0,71200.0
2021062904025897,UIC,32,58,60,712.0,42720.0
2021062904025894,UIC,32,13,40,712.0,28480.0
2021062904025893,UIC,21,13,50,712.0,35600.0
2021062904025892,UIC,1,13,100,712.0,71200.0
2021062904026354,UMHL,10,33,150,345.0,51750.0
2021062904026353,UMHL,10,41,50,345.0,17250.0
2021062904026348,UMHL,41,14,60,344.0,20640.0
2021062904026312,UMHL,41,32,218,344.0,74992.0
2021062904026311,UMHL,39,32,383,344.0,131752.0
2021062904025972,UMHL,22,14,200,345.0,69000.0
2021062904025919,UMHL,34,58,100,345.0,34500.0
2021062904025914,UMHL,34,33,100,345.0,34500.0
2021062904025890,UMHL,34,25,200,345.0,69000.0
2021062904026186,UMHL,44,14,101,344.0,34744.0
2021062904026161,UMHL,52,41,100,345.0,34500.0
2021062904026310,UMHL,57,32,100,344.0,34400.0
2021062904026309,UMHL,28,32,500,344.0,172000.0
2021062904026308,UMHL,44,32,599,344.0,206056.0
2021062904026305,UMHL,33,41,50,345.0,17250.0
2021062904026296,UMRH,34,48,10,460.0,4600.0
2021062904026331,UNHPL,49,21,100,331.0,33100.0
2021062904026330,UNHPL,49,57,10,331.0,3310.0
2021062904026096,UNHPL,6,47,30,326.0,9780.0
2021062904026095,UNHPL,20,47,70,326.0,22820.0
2021062904026094,UNHPL,6,47,100,327.0,32700.0
2021062904026333,UPCL,44,29,100,285.0,28500.0
2021062904025924,UPCL,26,57,200,284.0,56800.0
2021062904025888,UPCL,53,57,500,284.0,142000.0
2021062904026360,UPPER,45,6,30,768.0,23040.0
2021062904026359,UPPER,32,6,100,768.0,76800.0
2021062904026358,UPPER,58,6,10,768.0,7680.0
2021062904026344,UPPER,50,34,252,769.0,193788.0
2021062904026343,UPPER,50,11,50,769.0,38450.0
2021062904026342,UPPER,50,19,49,769.0,37681.0
2021062904025966,UPPER,29,37,26,768.0,19968.0
2021062904025965,UPPER,47,37,100,768.0,76800.0
2021062904025964,UPPER,4,37,69,768.0,52992.0
2021062904025944,UPPER,4,53,36,768.0,27648.0
2021062904025943,UPPER,34,53,24,768.0,18432.0
2021062904025886,UPPER,34,6,45,768.0,34560.0
2021062904026030,UPPER,17,50,70,769.0,53830.0
2021062904026009,UPPER,11,50,10,769.0,7690.0
2021062904026008,UPPER,49,50,20,769.0,15380.0
2021062904026007,UPPER,49,45,80,769.0,61520.0
2021062904026117,UPPER,7,18,13,768.0,9984.0
2021062904026116,UPPER,29,18,30,769.0,23070.0
2021062904026082,UPPER,29,39,100,769.0,76900.0
2021062904026081,UPPER,29,58,470,769.0,361430.0
2021062904026043,UPPER,45,58,100,769.0,76900.0
2021062904026031,UPPER,17,58,30,769.0,23070.0
2021062904026152,UPPER,17,18,100,768.0,76800.0
2021062904026121,UPPER,51,18,100,768.0,76800.0
2021062904026120,UPPER,18,18,500,768.0,384000.0
2021062904026119,UPPER,17,18,100,768.0,76800.0
2021062904026118,UPPER,49,18,40,768.0,30720.0
2021062904026233,UPPER,53,45,39,768.0,29952.0
2021062904026217,UPPER,48,45,50,768.0,38400.0
2021062904026191,UPPER,25,45,61,768.0,46848.0
2021062904026190,UPPER,25,18,39,768.0,29952.0
2021062904026173,UPPER,49,18,20,768.0,15360.0
2021062904026170,UPPER,29,18,50,768.0,38400.0
2021062904026277,UPPER,21,19,25,769.0,19225.0
2021062904026276,UPPER,21,42,175,769.0,134575.0
2021062904026236,UPPER,53,19,26,769.0,19994.0
2021062904026235,UPPER,53,44,35,769.0,26915.0
2021062904026234,UPPER,53,28,100,768.0,76800.0
2021062904025880,AHPC,17,54,167,443.0,73981.0
2021062904025857,AHPC,44,54,50,443.0,22150.0
2021062904025734,AHPC,42,54,200,443.0,88600.0
2021062904025733,AHPC,21,54,83,443.0,36769.0
2021062904025683,AHPC,21,57,13,443.0,5759.0
2021062904025682,AHPC,21,56,400,443.0,177200.0
2021062904025419,AHPC,21,32,500,442.0,221000.0
2021062904025418,AHPC,21,42,30,442.0,13260.0
2021062904025436,AKJCL,32,52,185,267.0,49395.0
2021062904025435,AKJCL,13,52,115,267.0,30705.0
2021062904025809,AKPL,58,6,200,423.0,84600.0
2021062904025738,AKPL,39,34,20,423.0,8460.0
2021062904025717,AKPL,22,34,177,423.0,74871.0
2021062904025638,AKPL,22,38,36,423.0,15228.0
2021062904025637,AKPL,40,38,37,423.0,15651.0
2021062904025526,AKPL,40,26,400,423.0,169200.0
2021062904025434,AKPL,40,32,13,423.0,5499.0
2021062904025431,AKPL,44,32,100,423.0,42300.0
2021062904025422,AKPL,56,32,100,423.0,42300.0
2021062904025877,API,7,59,150,373.0,55950.0
2021062904025876,API,57,59,62,373.0,23126.0
2021062904025816,API,57,34,138,373.0,51474.0
2021062904025815,API,37,34,162,373.0,60426.0
2021062904025588,API,3,33,500,374.0,187000.0
2021062904025541,API,37,34,500,373.0,186500.0
2021062904025440,API,37,45,100,373.0,37300.0
2021062904025407,API,58,10,365,375.0,136875.0
2021062904025763,BARUN,20,14,10,520.0,5200.0
2021062904025716,BARUN,20,53,20,518.0,10360.0
2021062904025476,BARUN,20,53,50,518.0,25900.0
2021062904025397,BBC,36,45,20,5515.0,110300.0
2021062904025396,BBC,55,45,10,5515.0,55150.0
2021062904025860,BPCL,53,53,90,505.0,45450.0
2021062904025859,BPCL,34,53,20,505.0,10100.0
2021062904025858,BPCL,14,53,40,505.0,20200.0
2021062904025513,BPCL,51,40,70,506.0,35420.0
2021062904025490,BPCL,35,58,50,506.0,25300.0
2021062904025524,BPCL,26,40,100,506.0,50600.0
2021062904025712,BPCL,14,44,50,505.0,25250.0
2021062904025759,CGH,42,13,10,1541.0,15410.0
2021062904025559,CGH,16,17,10,1542.0,15420.0
2021062904025466,CGH,16,26,90,1542.0,138780.0
2021062904025465,CGH,17,26,10,1545.0,15450.0
2021062904025691,CHCL,38,26,10,656.0,6560.0
2021062904025711,CHL,57,32,26,407.0,10582.0
2021062904025710,CHL,55,32,100,407.0,40700.0
2021062904025709,CHL,49,32,30,407.0,12210.0
2021062904025708,CHL,44,32,400,407.0,162800.0
2021062904025707,CHL,55,32,100,407.0,40700.0
2021062904025706,CHL,26,32,500,407.0,203500.0
2021062904025699,CHL,51,32,89,408.0,36312.0
2021062904025698,CHL,28,32,45,408.0,18360.0
2021062904025697,CHL,45,32,100,409.0,40900.0
2021062904025515,CHL,56,21,20,412.0,8240.0
2021062904025705,CHL,55,32,200,407.0,81400.0
2021062904025704,CHL,41,32,150,408.0,61200.0
2021062904025703,CHL,43,32,200,408.0,81600.0
2021062904025702,CHL,32,32,10,408.0,4080.0
2021062904025701,CHL,45,32,50,408.0,20400.0
2021062904025700,CHL,56,32,500,408.0,204000.0
2021062904025731,DHPL,13,53,300,262.0,78600.0
2021062904025842,EIC,49,39,150,745.0,111750.0
2021062904025841,EIC,49,1,680,745.0,506600.0
2021062904025671,EIC,49,49,102,745.0,75990.0
2021062904025670,EIC,28,49,500,745.0,372500.0
2021062904025669,EIC,32,49,50,745.0,37250.0
2021062904025668,EIC,57,49,"1,000",745.0,745000.0
2021062904025643,EIC,33,49,80,749.0,59920.0
2021062904025642,EIC,29,49,50,749.0,37450.0
2021062904025641,EIC,16,49,100,749.0,74900.0
2021062904025640,EIC,45,49,358,749.0,268142.0
2021062904025439,EIC,45,55,90,749.0,67410.0
2021062904025649,EIC,38,49,30,748.0,22440.0
2021062904025648,EIC,34,49,10,748.0,7480.0
2021062904025647,EIC,49,49,200,748.0,149600.0
2021062904025646,EIC,13,49,30,748.0,22440.0
2021062904025645,EIC,49,49,100,748.0,74800.0
2021062904025644,EIC,34,49,10,749.0,7490.0
2021062904025655,EIC,13,49,70,747.0,52290.0
2021062904025654,EIC,28,49,50,747.0,37350.0
2021062904025653,EIC,21,49,150,748.0,112200.0
2021062904025652,EIC,13,49,50,748.0,37400.0
2021062904025651,EIC,7,49,10,748.0,7480.0
2021062904025650,EIC,34,49,10,748.0,7480.0
2021062904025661,EIC,34,49,200,745.0,149000.0
2021062904025660,EIC,25,49,100,745.0,74500.0
2021062904025659,EIC,1,49,50,745.0,37250.0
2021062904025658,EIC,7,49,50,745.0,37250.0
2021062904025657,EIC,45,49,180,746.0,134280.0
2021062904025656,EIC,34,49,50,746.0,37300.0
2021062904025667,EIC,55,49,100,745.0,74500.0
2021062904025666,EIC,11,49,50,745.0,37250.0
2021062904025665,EIC,22,49,50,745.0,37250.0
2021062904025664,EIC,7,49,10,745.0,7450.0
2021062904025663,EIC,34,49,100,745.0,74500.0
2021062904025662,EIC,45,49,100,745.0,74500.0
2021062904025398,GHL,13,45,200,280.0,56000.0
2021062904025602,GIC,35,58,50,694.0,34700.0
2021062904025395,GIC,37,45,100,699.0,69900.0
2021062904025852,GLH,50,32,10,365.0,3650.0
2021062904025807,GLH,50,7,10,365.0,3650.0
2021062904025806,GLH,50,59,10,365.0,3650.0
2021062904025805,GLH,50,45,10,365.0,3650.0
2021062904025775,GLH,5,26,10,364.0,3640.0
2021062904025445,GLH,5,16,10,364.0,3640.0
2021062904025404,GLH,5,56,10,364.0,3640.0
2021062904025865,HDHPC,38,45,30,269.0,8070.0
2021062904025864,HDHPC,38,28,270,269.0,72630.0
2021062904025839,HDHPC,21,17,315,267.0,84105.0
2021062904025838,HDHPC,38,17,100,267.0,26700.0
2021062904025837,HDHPC,55,17,50,267.0,13350.0
2021062904025836,HDHPC,42,17,15,267.0,4005.0
2021062904025568,HDHPC,41,36,80,268.0,21440.0
2021062904025498,HDHPC,26,28,100,269.0,26900.0
2021062904025744,HDHPC,48,58,40,268.0,10720.0
2021062904025743,HDHPC,17,58,20,268.0,5360.0
2021062904025742,HDHPC,41,58,40,268.0,10720.0
2021062904025607,HDHPC,41,14,40,268.0,10720.0
2021062904025570,HDHPC,41,36,20,268.0,5360.0
2021062904025569,HDHPC,58,36,50,268.0,13400.0
2021062904025835,HDHPC,42,17,200,268.0,53600.0
2021062904025834,HDHPC,48,17,20,268.0,5360.0
2021062904025830,HDHPC,38,28,130,269.0,34970.0
2021062904025829,HDHPC,38,28,870,269.0,234030.0
2021062904025821,HDHPC,48,41,40,268.0,10720.0
2021062904025814,HDHPC,39,28,30,269.0,8070.0
2021062904025745,HGI,34,1,50,758.0,37900.0
2021062904025558,HGI,22,34,290,757.0,219530.0
2021062904025429,HPPL,40,45,250,403.0,100750.0
2021062904025428,HPPL,51,45,200,403.0,80600.0
2021062904025427,HPPL,36,45,969,403.0,390507.0
2021062904025555,HURJA,3,42,200,346.0,69200.0
2021062904025752,IGI,41,21,100,1192.0,119200.0
2021062904025751,IGI,46,21,10,1192.0,11920.0
2021062904025750,IGI,49,21,100,1192.0,119200.0
2021062904025749,IGI,59,21,100,1192.0,119200.0
2021062904025748,IGI,58,21,140,1192.0,166880.0
2021062904025758,IGI,57,21,45,1190.0,53550.0
2021062904025757,IGI,50,21,25,1190.0,29750.0
2021062904025756,IGI,38,21,10,1190.0,11900.0
2021062904025755,IGI,17,21,70,1190.0,83300.0
2021062904025754,IGI,34,21,100,1191.0,119100.0
2021062904025753,IGI,43,21,100,1192.0,119200.0
2021062904025868,JOSHI,16,18,20,271.0,5420.0
2021062904025487,KKHC,13,45,20,261.0,5220.0
2021062904025471,KPCL,3,45,100,429.0,42900.0
2021062904025470,KPCL,3,34,90,429.0,38610.0
2021062904025469,KPCL,3,41,110,428.0,47080.0
2021062904025473,KPCL,3,58,100,429.0,42900.0
2021062904025472,KPCL,3,34,250,429.0,107250.0
2021062904025783,LEC,57,17,10,337.0,3370.0
2021062904025636,LEC,26,56,20,340.0,6800.0
2021062904025601,LEC,6,53,168,336.0,56448.0
2021062904025600,LEC,53,53,100,336.0,33600.0
2021062904025599,LEC,11,53,100,336.0,33600.0
2021062904025598,LEC,26,53,100,336.0,33600.0
2021062904025591,LEC,51,53,50,337.0,16850.0
2021062904025590,LEC,29,53,942,337.0,317454.0
2021062904025494,LEC,26,57,20,338.0,6760.0
2021062904025597,LEC,6,53,200,336.0,67200.0
2021062904025596,LEC,5,53,100,336.0,33600.0
2021062904025595,LEC,40,53,30,337.0,10110.0
2021062904025594,LEC,33,53,100,337.0,33700.0
2021062904025593,LEC,59,53,100,337.0,33700.0
2021062904025592,LEC,48,53,10,337.0,3370.0
2021062904025772,LGIL,35,43,75,772.0,57900.0
2021062904025771,LGIL,45,43,100,772.0,77200.0
2021062904025770,LGIL,57,43,10,773.0,7730.0
2021062904025769,LGIL,43,43,15,773.0,11595.0
2021062904025589,LGIL,43,32,35,773.0,27055.0
2021062904025549,LGIL,13,14,192,775.0,148800.0
2021062904025500,LGIL,43,25,200,773.0,154600.0
2021062904025499,LGIL,48,25,200,773.0,154600.0
2021062904025432,LGIL,45,14,58,775.0,44950.0
2021062904025400,LGIL,11,48,95,773.0,73435.0
2021062904025833,MEN,26,26,10,843.0,8430.0
2021062904025605,MEN,26,45,10,843.0,8430.0
2021062904025388,MHNL,51,49,30,312.0,9360.0
2021062904025393,NBF2,45,42,"1,500",13.9,20850.0
2021062904025447,NEF,17,42,290,14.36,4164.4
