Transact. No.,Symbol,Buyer,Seller,Quantity,Rate,Amount
2021062304033910,AHPC,47,49,55,488.0,26840.0
2021062304033808,AHPC,54,45,50,486.0,24300.0
2021062304033800,AHPC,11,49,70,488.0,34160.0
2021062304033799,AHPC,11,28,30,487.0,14610.0
2021062304034131,AHPC,6,54,100,490.0,49000.0
2021062304034130,AHPC,6,34,22,490.0,10780.0
2021062304034013,AHPC,6,34,978,490.0,479220.0
2021062304034012,AHPC,6,49,147,490.0,72030.0
2021062304034011,AHPC,6,53,500,489.0,244500.0
2021062304034010,AHPC,6,49,375,488.0,183000.0
2021062304034157,AHPC,6,6,500,496.0,248000.0
2021062304034136,AHPC,6,6,300,496.0,148800.0
2021062304034135,AHPC,6,26,51,495.0,25245.0
2021062304034134,AHPC,6,48,100,495.0,49500.0
2021062304034133,AHPC,6,48,20,495.0,9900.0
2021062304034132,AHPC,6,28,30,490.0,14700.0
2021062304033883,AKJCL,34,57,10,296.0,2960.0
2021062304033993,AKPL,54,58,50,437.0,21850.0
2021062304033970,AKPL,32,58,250,437.0,109250.0
2021062304033957,AKPL,6,58,516,437.0,225492.0
2021062304033935,AKPL,17,58,100,437.0,43700.0
2021062304033932,AKPL,46,58,84,437.0,36708.0
2021062304033931,AKPL,46,45,416,437.0,181792.0
2021062304033839,AKPL,51,45,"1,000",437.0,437000.0
2021062304033838,AKPL,50,45,160,437.0,69920.0
2021062304033837,AKPL,53,45,40,437.0,17480.0
2021062304033836,AKPL,16,45,50,437.0,21850.0
2021062304033929,AKPL,45,45,100,437.0,43700.0
2021062304033866,AKPL,36,45,300,437.0,131100.0
2021062304033847,AKPL,25,45,250,437.0,109250.0
2021062304033842,AKPL,41,45,30,437.0,13110.0
2021062304033841,AKPL,56,45,100,437.0,43700.0
2021062304033840,AKPL,56,45,100,437.0,43700.0
2021062304034214,API,58,34,85,409.0,34765.0
2021062304034173,API,36,34,50,409.0,20450.0
2021062304034125,API,42,34,10,409.0,4090.0
2021062304034124,API,42,20,190,409.0,77710.0
2021062304034113,API,57,20,10,409.0,4090.0
2021062304034088,API,57,34,302,408.0,123216.0
2021062304033944,API,41,5,300,407.0,122100.0
2021062304033943,API,6,5,200,407.0,81400.0
2021062304033942,API,50,5,45,407.0,18315.0
2021062304033849,API,36,38,50,407.0,20350.0
2021062304033843,API,58,38,100,407.0,40700.0
2021062304033830,API,58,38,500,407.0,203500.0
2021062304033960,API,39,19,150,408.0,61200.0
2021062304033949,API,39,5,648,406.0,263088.0
2021062304033948,API,1,5,200,406.0,81200.0
2021062304033947,API,49,5,200,406.0,81200.0
2021062304033946,API,45,5,100,406.0,40600.0
2021062304033945,API,57,5,500,406.0,203000.0
2021062304034039,API,49,25,360,407.0,146520.0
2021062304034038,API,45,25,50,408.0,20400.0
2021062304034037,API,39,25,90,408.0,36720.0
2021062304034018,API,39,25,60,408.0,24480.0
2021062304033985,API,39,56,50,408.0,20400.0
2021062304033961,API,39,29,150,408.0,61200.0
2021062304034242,BARUN,48,14,10,554.0,5540.0
2021062304034081,BARUN,6,28,40,539.0,21560.0
2021062304034080,BARUN,49,28,50,539.0,26950.0
2021062304034079,BARUN,45,28,50,540.0,27000.0
2021062304034078,BARUN,29,28,10,540.0,5400.0
2021062304033785,BARUN,20,14,10,554.0,5540.0
2021062304033784,BARUN,20,47,200,554.0,110800.0
2021062304034077,BARUN,14,28,10,540.0,5400.0
2021062304034076,BARUN,14,28,10,541.0,5410.0
2021062304034075,BARUN,58,28,20,543.0,10860.0
2021062304034074,BARUN,38,28,10,553.0,5530.0
2021062304033941,BBC,45,49,20,5895.0,117900.0
2021062304033940,BBC,29,49,10,5900.0,59000.0
2021062304033906,CGH,34,42,10,1560.0,15600.0
2021062304033905,CGH,49,42,10,1565.0,15650.0
2021062304033934,CHCL,33,45,100,677.0,67700.0
2021062304034208,CHL,59,49,123,455.0,55965.0
2021062304034171,CHL,59,36,100,455.0,45500.0
2021062304034119,CHL,59,43,100,455.0,45500.0
2021062304034109,CHL,44,17,200,456.0,91200.0
2021062304034108,CHL,44,47,"1,000",456.0,456000.0
2021062304033867,CHL,44,16,205,452.0,92660.0
2021062304034033,CMF1,59,22,100,12.49,1249.0
2021062304033772,CMF2,48,10,100,12.98,1298.0
2021062304034217,DHPL,25,41,200,282.0,56400.0
2021062304033937,DHPL,36,22,144,281.0,40464.0
2021062304034149,EIC,17,16,24,778.0,18672.0
2021062304033886,EIC,21,16,150,778.0,116700.0
2021062304033770,EIC,22,16,50,778.0,38900.0
2021062304034148,GHL,5,21,55,317.0,17435.0
2021062304034147,GHL,5,6,10,317.0,3170.0
2021062304034146,GHL,5,26,30,317.0,9510.0
2021062304034145,GHL,5,43,200,316.0,63200.0
2021062304034144,GHL,5,20,515,316.0,162740.0
2021062304034143,GHL,5,32,30,316.0,9480.0
2021062304033904,GHL,45,43,25,315.0,7875.0
2021062304033903,GHL,45,42,30,315.0,9450.0
2021062304033902,GHL,45,38,145,315.0,45675.0
2021062304033802,GHL,38,57,100,313.0,31300.0
2021062304033801,GHL,50,57,900,313.0,281700.0
2021062304034142,GHL,5,39,10,316.0,3160.0
2021062304034141,GHL,5,25,20,316.0,6320.0
2021062304034140,GHL,5,41,80,315.0,25200.0
2021062304034139,GHL,5,5,50,315.0,15750.0
2021062304034043,GIC,34,11,10,712.0,7120.0
2021062304034094,GLH,16,26,120,378.0,45360.0
2021062304034093,GLH,34,26,50,378.0,18900.0
2021062304034092,GLH,44,26,50,380.0,19000.0
2021062304034091,GLH,8,26,500,380.0,190000.0
2021062304034090,GLH,49,26,20,380.0,7600.0
2021062304034089,GLH,58,26,260,381.0,99060.0
2021062304034099,HDHPC,42,21,252,285.0,71820.0
2021062304034098,HDHPC,43,21,190,286.0,54340.0
2021062304034097,HDHPC,19,21,58,286.0,16588.0
2021062304034051,HDHPC,19,49,"1,797",286.0,513942.0
2021062304034050,HDHPC,19,58,145,286.0,41470.0
2021062304034006,HDHPC,50,58,10,286.0,2860.0
2021062304033788,HDHPC,42,49,125,285.0,35625.0
2021062304033787,HDHPC,18,49,100,285.0,28500.0
2021062304033786,HDHPC,58,49,100,285.0,28500.0
2021062304033982,HDHPC,45,58,300,286.0,85800.0
2021062304033962,HDHPC,34,58,200,286.0,57200.0
2021062304033834,HDHPC,57,58,70,286.0,20020.0
2021062304033815,HDHPC,42,26,150,285.0,42750.0
2021062304033814,HDHPC,53,58,100,286.0,28600.0
2021062304033804,HDHPC,29,58,500,286.0,143000.0
2021062304033973,HGI,39,57,50,798.0,39900.0
2021062304033972,HGI,35,57,450,800.0,360000.0
2021062304033928,HGI,35,8,50,800.0,40000.0
2021062304034161,HPPL,5,42,10,412.0,4120.0
2021062304033980,HPPL,5,32,10,410.0,4100.0
2021062304033783,HPPL,57,45,187,403.0,75361.0
2021062304033782,HPPL,57,45,11,403.0,4433.0
2021062304033781,HPPL,4,45,100,403.0,40300.0
2021062304033780,HPPL,47,45,10,403.0,4030.0
2021062304033779,HPPL,25,45,10,404.0,4040.0
2021062304033778,HPPL,59,45,482,404.0,194728.0
2021062304033777,HPPL,48,45,200,405.0,81000.0
2021062304033984,IGI,58,34,60,1265.0,75900.0
2021062304033938,IGI,58,10,48,1264.0,60672.0
2021062304034117,JOSHI,39,3,100,296.0,29600.0
2021062304034084,JOSHI,34,3,500,296.0,148000.0
2021062304034083,JOSHI,21,3,50,296.0,14800.0
2021062304034082,JOSHI,34,3,350,297.0,103950.0
2021062304034009,JOSHI,34,57,150,297.0,44550.0
2021062305000024,KLBSL,59,57,50,1586.0,79300.0
2021062305000023,KLBSL,48,57,150,1586.0,237900.0
2021062305000022,KLBSL,11,57,90,1590.0,143100.0
2021062305000021,KLBSL,33,57,10,1602.0,16020.0
2021062305000020,KLBSL,53,16,60,1590.0,95400.0
2021062305000019,KLBSL,20,16,40,1590.0,63600.0
2021062305000006,KLBSL,57,16,100,1600.0,160000.0
2021062305000005,KLBSL,37,16,20,1600.0,32000.0
2021062305000004,KLBSL,37,16,20,1600.0,32000.0
2021062305000003,KLBSL,40,16,50,1601.0,80050.0
2021062305000002,KLBSL,56,16,10,1602.0,16020.0
2021062305000001,KLBSL,40,45,50,1603.0,80150.0
2021062305000012,KLBSL,56,56,1,1575.0,1575.0
2021062305000011,KLBSL,35,35,20,1602.0,32040.0
2021062305000010,KLBSL,53,33,20,1605.0,32100.0
2021062305000009,KLBSL,10,16,20,1603.0,32060.0
2021062305000008,KLBSL,47,16,50,1596.0,79800.0
2021062305000007,KLBSL,52,16,100,1596.0,159600.0
2021062305000018,KLBSL,54,16,100,1591.0,159100.0
2021062305000017,KLBSL,11,16,110,1592.0,175120.0
2021062305000016,KLBSL,38,16,50,1593.0,79650.0
2021062305000015,KLBSL,37,16,80,1595.0,127600.0
2021062305000014,KLBSL,37,25,20,1595.0,31900.0
2021062305000013,KLBSL,40,25,30,1596.0,47880.0
2021062304034063,KPCL,54,49,143,438.0,62634.0
2021062304033826,KPCL,33,42,143,440.0,62920.0
2021062304033829,KPCL,54,42,57,438.0,24966.0
2021062304033828,KPCL,45,42,50,440.0,22000.0
2021062304033827,KPCL,42,42,50,440.0,22000.0
2021062304034035,LEC,45,46,10,360.0,3600.0
2021062304033958,LEC,57,49,10,357.0,3570.0
2021062304033884,LEC,19,46,50,360.0,18000.0
2021062304033954,LEMF,6,21,300,13.42,4026.0
2021062304034168,LGIL,25,38,356,816.0,290496.0
2021062304034167,LGIL,25,56,100,815.0,81500.0
2021062304034166,LGIL,25,7,100,815.0,81500.0
2021062304034165,LGIL,25,26,214,814.0,174196.0
2021062304034164,LGIL,25,16,100,813.0,81300.0
2021062304034163,LGIL,25,1,30,812.0,24360.0
2021062304034162,LGIL,25,33,100,811.0,81100.0
2021062304033990,MHNL,49,41,100,339.0,33900.0
2021062304033791,NEF,48,29,"5,000",14.29,71450.0
2021062304034235,NGPL,58,52,92,528.0,48576.0
2021062304034234,NGPL,58,49,200,528.0,105600.0
2021062304034233,NGPL,58,11,500,518.0,259000.0
2021062304034232,NGPL,58,16,50,518.0,25900.0
2021062304034231,NGPL,58,21,179,518.0,92722.0
2021062304034230,NGPL,58,58,550,518.0,284900.0
2021062304034015,NGPL,35,45,450,517.0,232650.0
2021062304034014,NGPL,35,35,457,510.0,233070.0
2021062304033813,NGPL,58,1,290,518.0,150220.0
2021062304033812,NGPL,58,41,10,518.0,5180.0
2021062304034229,NGPL,58,8,117,518.0,60606.0
2021062304034228,NGPL,58,22,100,517.0,51700.0
2021062304034227,NGPL,58,57,212,516.0,109392.0
2021062304034226,NGPL,58,35,500,515.0,257500.0
2021062304034017,NGPL,35,8,83,518.0,42994.0
2021062304034016,NGPL,35,1,10,518.0,5180.0
2021062304034213,NHPC,42,38,500,323.0,161500.0
2021062304034205,NHPC,22,38,30,323.0,9690.0
2021062304034170,NHPC,53,38,200,323.0,64600.0
2021062304034169,NHPC,56,38,260,323.0,83980.0
2021062304034129,NHPC,56,38,"1,740",323.0,562020.0
2021062304034128,NHPC,21,38,500,323.0,161500.0
2021062304033806,NHPC,58,7,500,324.0,162000.0
2021062304033789,NHPC,3,7,200,324.0,64800.0
2021062304033771,NHPC,50,7,200,324.0,64800.0
2021062304033885,NHPC,36,7,"1,000",324.0,324000.0
2021062304033882,NHPC,34,3,250,323.0,80750.0
2021062304033850,NHPC,50,7,50,324.0,16200.0
2021062304033833,NHPC,34,50,150,323.0,48450.0
2021062304033809,NHPC,41,7,100,324.0,32400.0
2021062304033807,NHPC,58,7,"1,200",324.0,388800.0
2021062304033901,NHPC,35,45,30,323.0,9690.0
2021062304033900,NHPC,59,45,100,323.0,32300.0
2021062304033899,NHPC,38,45,100,323.0,32300.0
2021062304033898,NHPC,35,45,20,323.0,6460.0
2021062304033897,NHPC,56,45,250,323.0,80750.0
2021062304033887,NHPC,34,44,25,323.0,8075.0
2021062304033977,NHPC,35,49,500,323.0,161500.0
2021062304033976,NHPC,8,49,10,323.0,3230.0
2021062304033975,NHPC,35,49,70,323.0,22610.0
2021062304033922,NHPC,45,38,90,324.0,29160.0
2021062304033921,NHPC,45,7,"1,910",324.0,618840.0
2021062304033909,NHPC,35,7,"1,000",324.0,324000.0
2021062304034040,NHPC,29,50,10,323.0,3230.0
2021062304034036,NHPC,29,6,500,323.0,161500.0
2021062304034024,NHPC,38,38,195,324.0,63180.0
2021062304034007,NHPC,58,38,15,324.0,4860.0
2021062304033979,NHPC,29,49,120,323.0,38760.0
2021062304033978,NHPC,38,49,300,323.0,96900.0
2021062304034057,NHPC,44,10,20,323.0,6460.0
2021062304034049,NHPC,44,51,80,323.0,25840.0
2021062304034048,NHPC,42,51,300,323.0,96900.0
2021062304034047,NHPC,45,51,50,323.0,16150.0
2021062304034046,NHPC,29,51,70,323.0,22610.0
2021062304034042,NHPC,29,28,300,323.0,96900.0
2021062304034127,NHPC,42,38,760,323.0,245480.0
2021062304034123,NHPC,42,50,10,323.0,3230.0
2021062304034122,NHPC,50,38,200,324.0,64800.0
2021062304034096,NHPC,42,48,25,323.0,8075.0
2021062304034095,NHPC,4,38,100,324.0,32400.0
2021062304034058,NHPC,42,10,730,323.0,235790.0
2021062304033825,NICGF,17,5,200,14.47,2894.0
2021062304034241,NICL,57,34,10,1241.0,12410.0
2021062304034224,NICL,42,34,40,1241.0,49640.0
2021062304034203,NICL,57,49,125,1252.0,156500.0
2021062304034202,NICL,57,47,25,1250.0,31250.0
2021062304034197,NICL,58,47,75,1250.0,93750.0
2021062304034196,NICL,58,21,175,1250.0,218750.0
2021062304033854,NICL,20,52,50,1245.0,62250.0
2021062304033853,NICL,20,17,100,1245.0,124500.0
2021062304033852,NICL,20,57,100,1245.0,124500.0
2021062304033851,NICL,20,49,400,1242.0,496800.0
2021062304033824,NICL,20,57,50,1241.0,62050.0
2021062304033823,NICL,16,57,50,1241.0,62050.0
2021062304033860,NICL,20,16,478,1254.0,599412.0
2021062304033859,NICL,20,46,"1,000",1253.0,1253000.0
2021062304033858,NICL,20,1,50,1253.0,62650.0
2021062304033857,NICL,20,6,272,1252.0,340544.0
2021062304033856,NICL,20,59,100,1250.0,125000.0
2021062304033855,NICL,20,41,450,1247.0,561150.0
2021062304033995,NICL,45,16,52,1241.0,64532.0
2021062304033991,NICL,45,51,57,1241.0,70737.0
2021062304033971,NICL,35,56,50,1241.0,62050.0
2021062304033896,NICL,33,6,200,1241.0,248200.0
2021062304033881,NICL,33,6,200,1241.0,248200.0
2021062304033876,NICL,33,28,100,1241.0,124100.0
2021062304034069,NICL,16,20,200,1241.0,248200.0
2021062304034064,NICL,20,25,50,1240.0,62000.0
2021062304034041,NICL,45,20,637,1241.0,790517.0
2021062304034021,NICL,45,45,170,1241.0,210970.0
2021062304034005,NICL,17,49,10,1244.0,12440.0
2021062304033997,NICL,45,34,84,1241.0,104244.0
2021062304034111,NICL,4,20,10,1241.0,12410.0
2021062304034104,NICL,20,6,200,1240.0,248000.0
2021062304034103,NICL,58,20,"2,000",1241.0,2482000.0
2021062304034102,NICL,1,20,100,1241.0,124100.0
2021062304034072,NICL,52,20,57,1241.0,70737.0
2021062304034070,NICL,20,25,15,1240.0,18600.0
2021062304034177,NICL,58,22,250,1241.0,310250.0
2021062304034176,NICL,58,50,200,1241.0,248200.0
2021062304034175,NICL,58,20,435,1241.0,539835.0
2021062304034172,NICL,20,36,20,1240.0,24800.0
2021062304034126,NICL,13,20,200,1241.0,248200.0
2021062304034118,NICL,6,20,20,1241.0,24820.0
2021062304034183,NICL,58,13,"1,190",1244.0,1480360.0
2021062304034182,NICL,58,49,190,1244.0,236360.0
2021062304034181,NICL,58,57,50,1241.0,62050.0
2021062304034180,NICL,58,51,400,1241.0,496400.0
2021062304034179,NICL,58,20,250,1241.0,310250.0
2021062304034178,NICL,58,57,50,1241.0,62050.0
2021062304034189,NICL,58,6,80,1250.0,100000.0
2021062304034188,NICL,58,32,300,1249.0,374700.0
2021062304034187,NICL,58,34,30,1245.0,37350.0
2021062304034186,NICL,58,11,70,1245.0,87150.0
2021062304034185,NICL,58,56,100,1245.0,124500.0
2021062304034184,NICL,58,47,20,1245.0,24900.0
2021062304034195,NICL,58,38,500,1250.0,625000.0
2021062304034194,NICL,58,44,100,1250.0,125000.0
2021062304034193,NICL,58,39,25,1250.0,31250.0
2021062304034192,NICL,58,52,50,1250.0,62500.0
2021062304034191,NICL,58,13,210,1250.0,262500.0
2021062304034190,NICL,58,48,250,1250.0,312500.0
2021062304034198,NIL,48,5,20,1619.0,32380.0
2021062304033964,NIL,47,19,100,1616.0,161600.0
2021062304033891,NIL,17,45,414,1617.0,669438.0
2021062304033890,NIL,17,32,86,1616.0,138976.0
2021062304033767,NIL,8,45,100,1615.0,161500.0
2021062304033989,NLG,48,58,250,1320.0,330000.0
2021062304033988,NLG,48,48,60,1320.0,79200.0
2021062304033987,NLG,48,33,300,1320.0,396000.0
2021062304033986,NLG,48,50,80,1320.0,105600.0
2021062304033872,NLG,29,34,75,1318.0,98850.0
2021062304033805,NLG,29,19,500,1318.0,659000.0
2021062304034160,OHL,48,6,109,549.0,59841.0
2021062304034159,OHL,38,6,191,549.0,104859.0
2021062304034158,OHL,32,6,200,550.0,110000.0
2021062304033920,OHL,38,6,309,549.0,169641.0
2021062304033919,OHL,20,6,50,550.0,27500.0
2021062304033918,OHL,58,6,10,550.0,5500.0
2021062304033911,OHL,59,6,100,552.0,55200.0
2021062304033776,OHL,59,32,100,552.0,55200.0
2021062304033917,OHL,38,6,500,550.0,275000.0
2021062304033916,OHL,59,6,150,550.0,82500.0
2021062304033915,OHL,53,6,200,550.0,110000.0
2021062304033914,OHL,19,6,500,550.0,275000.0
2021062304033913,OHL,46,6,50,550.0,27500.0
2021062304033912,OHL,38,6,131,550.0,72050.0
2021062304033790,PIC,58,52,100,1221.0,122100.0
2021062304034212,PICL,51,45,15,840.0,12600.0
2021062304034211,PICL,51,46,25,840.0,21000.0
2021062304033969,PICL,21,40,35,832.0,29120.0
2021062304033968,PICL,57,40,15,832.0,12480.0
2021062304033967,PICL,38,40,50,833.0,41650.0
2021062304033832,PICL,45,46,75,840.0,63000.0
2021062304033831,PICL,45,45,25,840.0,21000.0
2021062304034029,PPCL,22,45,45,363.0,16335.0
2021062304034028,PPCL,38,45,50,363.0,18150.0
2021062304034027,PPCL,32,45,105,363.0,38115.0
2021062304033963,PPCL,32,3,70,363.0,25410.0
2021062304033875,PPCL,14,19,10,364.0,3640.0
2021062304033871,PPCL,45,19,200,364.0,72800.0
2021062304033773,PPCL,56,19,76,364.0,27664.0
2021062304034059,PRIN,16,48,10,995.0,9950.0
2021062304034223,RADHI,45,48,17,1220.0,20740.0
2021062304034222,RADHI,45,42,50,1220.0,61000.0
2021062304034221,RADHI,45,19,15,1220.0,18300.0
2021062304034220,RADHI,45,32,118,1220.0,143960.0
2021062304034107,RADHI,26,32,82,1220.0,100040.0
2021062304034106,RADHI,26,43,100,1220.0,122000.0
2021062304033816,RADHI,14,44,21,1219.0,25599.0
2021062304033822,RADHI,36,44,14,1203.0,16842.0
2021062304033821,RADHI,4,44,100,1205.0,120500.0
2021062304033820,RADHI,57,44,11,1218.0,13398.0
2021062304033819,RADHI,58,44,25,1218.0,30450.0
2021062304033818,RADHI,32,44,50,1218.0,60900.0
2021062304033817,RADHI,58,44,50,1219.0,60950.0
2021062304033878,RADHI,58,1,71,1220.0,86620.0
2021062304033863,RADHI,45,1,29,1220.0,35380.0
2021062304033862,RADHI,45,56,11,1220.0,13420.0
2021062304033861,RADHI,45,19,60,1220.0,73200.0
2021062304033845,RADHI,28,19,50,1220.0,61000.0
2021062304033844,RADHI,41,19,90,1220.0,109800.0
2021062304033992,RADHI,32,52,50,1219.0,60950.0
2021062304033983,RADHI,45,52,10,1220.0,12200.0
2021062304033965,RADHI,32,57,50,1219.0,60950.0
2021062304033923,RADHI,45,52,50,1220.0,61000.0
2021062304033892,RADHI,10,52,100,1220.0,122000.0
2021062304033879,RADHI,58,52,39,1220.0,47580.0
2021062304034105,RADHI,26,52,18,1220.0,21960.0
2021062304034085,RADHI,58,52,15,1220.0,18300.0
2021062304034034,RADHI,45,52,16,1220.0,19520.0
2021062304034020,RADHI,45,52,52,1220.0,63440.0
2021062304034019,RADHI,45,52,50,1219.0,60950.0
2021062304033996,RADHI,43,52,100,1219.0,121900.0
2021062304034065,RBCL,33,58,10,21565.0,215650.0
2021062304033811,RBCL,49,58,10,21518.0,215180.0
2021062304033880,RHPC,11,36,30,547.0,16410.0
2021062304033874,RHPC,14,36,50,547.0,27350.0
2021062304033873,RHPC,14,38,50,545.0,27250.0
2021062304034201,RHPL,50,57,37,457.0,16909.0
2021062304034200,RHPL,16,57,13,457.0,5941.0
2021062304034199,RHPL,34,57,50,458.0,22900.0
2021062304034068,RHPL,16,52,87,457.0,39759.0
2021062304034067,RHPL,46,52,63,457.0,28791.0
2021062304034066,RHPL,13,52,350,458.0,160300.0
2021062304034008,RHPL,13,10,650,458.0,297700.0
2021062304033950,RHPL,22,10,150,458.0,68700.0
2021062304034204,RRHP,34,39,350,394.0,137900.0
2021062304033793,RRHP,44,35,100,400.0,40000.0
2021062304034026,SGI,48,45,126,757.0,95382.0
2021062304033907,SGI,48,37,10,757.0,7570.0
2021062304033895,SGI,21,21,80,758.0,60640.0
2021062304033894,SGI,21,3,10,758.0,7580.0
2021062304033893,SGI,21,59,10,758.0,7580.0
2021062304033848,SGI,19,59,30,758.0,22740.0
2021062304034060,SHL,19,57,200,268.0,53600.0
2021062304034056,SHL,47,57,200,268.0,53600.0
2021062304034055,SHL,17,57,100,268.0,26800.0
2021062304034054,SHL,57,57,300,268.0,80400.0
2021062304034053,SHL,58,59,500,269.0,134500.0
2021062304034031,SHL,33,59,498,269.0,133962.0
2021062304034030,SHL,33,29,102,269.0,27438.0
2021062304033908,SHL,7,29,100,269.0,26900.0
2021062304033865,SHL,22,29,148,269.0,39812.0
2021062304033864,SHL,22,56,352,269.0,94688.0
2021062304034156,SHPC,36,28,490,495.0,242550.0
2021062304034155,SHPC,36,4,10,494.0,4940.0
2021062304033981,SHPC,5,28,10,495.0,4950.0
2021062304034116,SIC,26,57,65,1597.0,103805.0
2021062304034115,SIC,19,57,15,1597.0,23955.0
2021062304034114,SIC,58,57,20,1598.0,31960.0
2021062304033956,SIC,51,53,50,1599.0,79950.0
2021062304033889,SIC,17,6,10,1598.0,15980.0
2021062304033888,SIC,17,14,30,1598.0,47940.0
2021062304033870,SIC,19,22,15,1597.0,23955.0
2021062304033869,SIC,58,22,15,1597.0,23955.0
2021062304034225,SICL,43,35,40,2040.0,81600.0
2021062304034219,SICL,49,59,170,2038.0,346460.0
2021062304034121,SICL,18,35,561,2040.0,1144440.0
2021062304034110,SIL,53,52,10,1114.0,11140.0
2021062304034087,SJCL,14,52,20,430.0,8600.0
2021062304033798,SJCL,55,52,50,430.0,21500.0
2021062304034239,SPDL,13,34,500,421.0,210500.0
2021062304034238,SPDL,13,56,100,421.0,42100.0
2021062304034237,SPDL,13,6,350,421.0,147350.0
2021062304034236,SPDL,13,34,395,420.0,165900.0
2021062304034138,SPDL,58,34,90,420.0,37800.0
2021062304034137,SPDL,47,34,15,420.0,6300.0
2021062304034052,SPDL,58,6,50,421.0,21050.0
2021062304033974,SPDL,17,6,500,421.0,210500.0
2021062304033939,SPDL,14,6,47,421.0,19787.0
2021062304033803,SPDL,35,6,53,421.0,22313.0
2021062304033769,SPDL,19,16,187,422.0,78914.0
2021062304033768,SPDL,19,14,73,422.0,30806.0
2021062304034154,SSHL,1,38,415,337.0,139855.0
2021062304034153,SSHL,51,38,300,338.0,101400.0
2021062304034152,SSHL,40,38,100,338.0,33800.0
2021062304034151,SSHL,57,38,185,338.0,62530.0
2021062304034002,SSHL,1,21,105,340.0,35700.0
2021062304034001,SSHL,1,34,200,340.0,68000.0
2021062304033792,SSHL,21,50,10,338.0,3380.0
2021062304034000,SSHL,1,52,100,340.0,34000.0
2021062304033999,SSHL,1,57,200,339.0,67800.0
2021062304033998,SSHL,1,48,195,339.0,66105.0
2021062304033952,SSHL,57,48,115,338.0,38870.0
2021062304033951,SSHL,21,48,885,338.0,299130.0
2021062304033846,SSHL,19,48,105,339.0,35595.0
2021062304033959,STC,38,45,20,9830.0,196600.0
2021062304033775,TRH,17,1,15,394.0,5910.0
2021062304034120,TRH,7,41,50,395.0,19750.0
2021062304033966,TRH,58,41,10,395.0,3950.0
2021062304034216,UMHL,37,20,225,376.0,84600.0
2021062304034215,UMHL,37,20,35,376.0,13160.0
2021062304034210,UMHL,44,33,350,375.0,131250.0
2021062304034209,UMHL,29,33,150,375.0,56250.0
2021062304034174,UMHL,58,20,500,376.0,188000.0
2021062304033877,UMHL,34,34,100,375.0,37500.0
2021062304033868,UMHL,28,34,100,375.0,37500.0
2021062304033835,UMHL,57,58,200,374.0,74800.0
2021062304033936,UMHL,49,20,20,376.0,7520.0
2021062304033930,UMHL,26,20,200,376.0,75200.0
2021062304033927,UMHL,59,20,45,376.0,16920.0
2021062304033926,UMHL,59,35,30,375.0,11250.0
2021062304033925,UMHL,59,34,"1,025",375.0,384375.0
2021062304033924,UMHL,58,34,25,375.0,9375.0
2021062304034150,UMHL,29,41,300,375.0,112500.0
2021062304034025,UMHL,29,25,50,375.0,18750.0
2021062304033955,UMHL,20,34,500,375.0,187500.0
2021062304033953,UMHL,17,20,200,376.0,75200.0
2021062304034240,UMRH,41,26,10,459.0,4590.0
2021062304033810,UMRH,48,34,50,450.0,22500.0
2021062304034073,UMRH,41,26,110,459.0,50490.0
2021062304033994,UMRH,57,34,95,450.0,42750.0
2021062304034218,UPCL,14,25,60,308.0,18480.0
2021062304034086,UPCL,14,21,90,308.0,27720.0
2021062304034071,UPCL,22,21,20,308.0,6160.0
2021062304034062,UPCL,21,57,300,307.0,92100.0
2021062304034061,UPCL,33,57,200,307.0,61400.0
2021062304034045,UPCL,33,22,500,307.0,153500.0
2021062304033933,UPCL,57,5,100,308.0,30800.0
2021062304033797,UPCL,39,5,10,308.0,3080.0
2021062304033796,UPCL,39,43,290,308.0,89320.0
2021062304033774,UPCL,7,43,25,308.0,7700.0
2021062304034044,UPCL,22,21,50,308.0,15400.0
2021062304034023,UPCL,41,21,10,308.0,3080.0
2021062304034022,UPCL,41,57,190,308.0,58520.0
2021062304034004,UPCL,49,57,810,308.0,249480.0
2021062304034003,UPCL,49,5,390,308.0,120120.0
2021062304034207,UPPER,56,14,100,678.0,67800.0
2021062304034206,UPPER,25,14,100,678.0,67800.0
2021062304034112,UPPER,57,51,10,678.0,6780.0
2021062304034101,UPPER,57,57,290,678.0,196620.0
2021062304034100,UPPER,57,21,200,678.0,135600.0
2021062304033795,UPPER,13,59,932,670.0,624440.0
2021062304033794,UPPER,5,59,68,670.0,45560.0
2021062304034032,UPPER,5,57,10,678.0,6780.0
2021062304033661,AHPC,54,49,53,490.0,25970.0
2021062304033660,AHPC,54,44,"2,000",490.0,980000.0
2021062304033659,AHPC,54,35,"3,538",490.0,1733620.0
2021062304033658,AHPC,54,28,250,489.0,122250.0
2021062304033657,AHPC,54,14,"1,643",489.0,803427.0
2021062304033656,AHPC,54,53,501,488.0,244488.0
2021062304033270,AHPC,54,49,"1,000",487.0,487000.0
2021062304033449,AHPC,54,17,120,487.0,58440.0
2021062304033431,AHPC,48,17,300,487.0,146100.0
2021062304033430,AHPC,38,17,80,487.0,38960.0
2021062304033317,AHPC,54,32,285,486.0,138510.0
2021062304033316,AHPC,50,32,100,487.0,48700.0
2021062304033315,AHPC,54,32,115,487.0,56005.0
2021062304033655,AHPC,54,52,15,487.0,7305.0
2021062304033609,AHPC,17,52,205,487.0,99835.0
2021062304033564,AHPC,54,22,"1,000",486.0,486000.0
2021062304033557,AHPC,54,52,280,487.0,136360.0
2021062304033537,AHPC,48,53,200,488.0,97600.0
2021062304033527,AHPC,54,10,600,487.0,292200.0
2021062304033627,AIL,19,1,39,825.0,32175.0
2021062304033626,AIL,55,1,76,825.0,62700.0
2021062304033562,AIL,55,1,24,825.0,19800.0
2021062304033561,AIL,1,1,50,825.0,41250.0
2021062304033560,AIL,34,1,40,825.0,33000.0
2021062304033559,AIL,25,1,126,825.0,103950.0
2021062304033766,AKPL,16,52,50,437.0,21850.0
2021062304033765,AKPL,43,52,50,437.0,21850.0
2021062304033764,AKPL,19,52,200,437.0,87400.0
2021062304033763,AKPL,22,52,180,437.0,78660.0
2021062304033762,AKPL,13,52,20,437.0,8740.0
2021062304033690,AKPL,34,42,30,438.0,13140.0
2021062304033326,AKPL,45,38,100,440.0,44000.0
2021062304033325,AKPL,45,36,35,440.0,15400.0
2021062304033324,AKPL,45,33,101,440.0,44440.0
2021062304033318,AKPL,42,33,100,440.0,44000.0
2021062304033269,AKPL,44,33,100,440.0,44000.0
2021062304033369,AKPL,14,45,100,440.0,44000.0
2021062304033357,AKPL,52,45,164,440.0,72160.0
2021062304033356,AKPL,52,1,200,440.0,88000.0
2021062304033355,AKPL,52,58,100,440.0,44000.0
2021062304033354,AKPL,52,51,36,440.0,15840.0
2021062304033327,AKPL,45,51,64,440.0,28160.0
2021062304033571,AKPL,57,42,100,438.0,43800.0
2021062304033570,AKPL,48,42,300,438.0,131400.0
2021062304033569,AKPL,57,42,40,439.0,17560.0
2021062304033568,AKPL,3,42,227,439.0,99653.0
2021062304033567,AKPL,38,42,50,439.0,21950.0
2021062304033549,AKPL,41,45,190,440.0,83600.0
2021062304033577,AKPL,49,42,30,438.0,13140.0
2021062304033576,AKPL,55,42,10,438.0,4380.0
2021062304033575,AKPL,21,42,200,438.0,87600.0
2021062304033574,AKPL,58,42,50,438.0,21900.0
2021062304033573,AKPL,18,42,280,438.0,122640.0
2021062304033572,AKPL,42,42,50,438.0,21900.0
2021062304033628,AKPL,41,42,20,438.0,8760.0
2021062304033623,AKPL,38,42,10,438.0,4380.0
2021062304033581,AKPL,42,42,300,438.0,131400.0
2021062304033580,AKPL,45,42,100,438.0,43800.0
2021062304033579,AKPL,38,42,100,438.0,43800.0
2021062304033578,AKPL,41,42,100,438.0,43800.0
2021062304033601,API,11,26,100,408.0,40800.0
2021062304033597,API,29,36,300,406.0,121800.0
2021062304033490,API,29,22,50,406.0,20300.0
2021062304033453,API,29,41,100,406.0,40600.0
2021062304033452,API,29,40,200,406.0,81200.0
2021062304033451,API,29,6,130,406.0,52780.0
2021062304033450,API,29,59,218,406.0,88508.0
2021062304033353,API,53,59,100,406.0,40600.0
2021062304033352,API,13,59,25,406.0,10150.0
2021062304033336,API,21,59,30,406.0,12180.0
2021062304033268,API,36,34,30,405.0,12150.0
2021062304033624,BARUN,34,20,220,546.0,120120.0
2021062304033400,BARUN,32,20,100,546.0,54600.0
2021062304033399,BARUN,39,20,130,546.0,70980.0
2021062304033398,BARUN,48,20,20,547.0,10940.0
2021062304033683,BPCL,36,6,70,504.0,35280.0
2021062304033682,BPCL,36,26,30,504.0,15120.0
2021062304033645,BPCL,21,58,113,500.0,56500.0
2021062304033644,BPCL,39,58,100,500.0,50000.0
2021062304033329,BPCL,57,52,200,502.0,100400.0
2021062304033319,BPCL,34,26,10,504.0,5040.0
2021062304033429,BPCL,33,41,10,502.0,5020.0
2021062304033428,BPCL,16,41,40,502.0,20080.0
2021062304033332,BPCL,35,52,50,502.0,25100.0
2021062304033331,BPCL,3,52,50,502.0,25100.0
2021062304033330,BPCL,44,52,50,502.0,25100.0
2021062304033637,BPCL,47,58,10,501.0,5010.0
2021062304033636,BPCL,43,58,125,501.0,62625.0
2021062304033635,BPCL,58,58,25,501.0,12525.0
2021062304033634,BPCL,58,58,30,502.0,15060.0
2021062304033633,BPCL,33,58,90,502.0,45180.0
2021062304033643,BPCL,8,58,36,500.0,18000.0
2021062304033642,BPCL,29,58,100,501.0,50100.0
2021062304033641,BPCL,47,58,10,501.0,5010.0
2021062304033640,BPCL,47,58,10,501.0,5010.0
2021062304033639,BPCL,13,58,641,501.0,321141.0
2021062304033638,BPCL,47,58,10,501.0,5010.0
2021062304033755,CHCL,33,26,200,677.0,135400.0
2021062304033754,CHCL,33,26,500,677.0,338500.0
2021062304033372,CHL,1,16,90,452.0,40680.0
2021062304033371,CHL,1,45,100,450.0,45000.0
2021062304033370,CHL,1,43,310,450.0,139500.0
2021062304033599,CMF1,59,4,100,12.39,1239.0
2021062304033632,DHPL,36,21,150,281.0,42150.0
2021062304033536,EIC,43,53,10,777.0,7770.0
2021062304033279,EIC,38,14,50,777.0,38850.0
2021062304033759,GHL,50,58,30,313.0,9390.0
2021062304033563,GHL,1,38,15,315.0,4725.0
2021062304033589,GIC,29,29,10,711.0,7110.0
2021062304033558,GIC,29,37,10,711.0,7110.0
2021062304033608,GLH,49,29,10,380.0,3800.0
2021062304033387,GLH,59,26,10,378.0,3780.0
2021062304033386,GLH,57,26,100,378.0,37800.0
2021062304033385,GLH,51,26,80,378.0,30240.0
2021062304033384,GLH,29,26,50,378.0,18900.0
2021062304033383,GLH,45,26,260,378.0,98280.0
2021062304033382,GLH,25,26,200,378.0,75600.0
2021062304033381,GLH,48,26,10,378.0,3780.0
2021062304033380,GLH,41,26,50,379.0,18950.0
2021062304033379,GLH,16,26,200,379.0,75800.0
2021062304033378,GLH,20,26,40,379.0,15160.0
2021062304033756,HDHPC,49,58,345,286.0,98670.0
2021062304033630,HDHPC,51,58,100,286.0,28600.0
2021062304033521,HDHPC,26,58,200,286.0,57200.0
2021062304033489,HDHPC,25,58,200,286.0,57200.0
2021062304033488,HDHPC,25,58,200,286.0,57200.0
2021062304033487,HDHPC,57,58,250,286.0,71500.0
2021062304033360,HDHPC,7,49,43,288.0,12384.0
2021062304033359,HDHPC,34,49,150,289.0,43350.0
2021062304033474,HDHPC,21,58,10,287.0,2870.0
2021062304033473,HDHPC,20,58,"1,100",287.0,315700.0
2021062304033472,HDHPC,1,58,50,287.0,14350.0
2021062304033471,HDHPC,56,58,150,287.0,43050.0
2021062304033470,HDHPC,34,58,410,287.0,117670.0
2021062304033397,HDHPC,49,49,10,288.0,2880.0
2021062304033480,HDHPC,42,58,"2,000",286.0,572000.0
2021062304033479,HDHPC,47,58,50,286.0,14300.0
2021062304033478,HDHPC,33,58,300,287.0,86100.0
2021062304033477,HDHPC,36,58,100,287.0,28700.0
2021062304033476,HDHPC,41,58,250,287.0,71750.0
2021062304033475,HDHPC,17,58,500,287.0,143500.0
2021062304033486,HDHPC,56,58,300,286.0,85800.0
2021062304033485,HDHPC,48,58,500,286.0,143000.0
2021062304033484,HDHPC,17,58,10,286.0,2860.0
2021062304033483,HDHPC,14,58,"1,000",286.0,286000.0
2021062304033482,HDHPC,8,58,50,286.0,14300.0
2021062304033481,HDHPC,34,58,600,286.0,171600.0
2021062304033758,HGI,39,20,550,798.0,438900.0
2021062304033757,HGI,49,20,50,801.0,40050.0
2021062304033328,HGI,49,20,200,800.0,160000.0
2021062304033280,HGI,39,20,400,800.0,320000.0
2021062304033679,HPPL,59,45,18,404.0,7272.0
2021062304033678,HPPL,50,45,100,404.0,40400.0
2021062304033677,HPPL,48,45,50,404.0,20200.0
2021062304033676,HPPL,44,45,30,405.0,12150.0
2021062304033675,HPPL,45,45,100,405.0,40500.0
2021062304033674,HPPL,55,45,100,405.0,40500.0
2021062304033552,HPPL,4,45,400,406.0,162400.0
2021062304033551,HPPL,5,45,92,406.0,37352.0
2021062304033437,HPPL,5,34,120,406.0,48720.0
2021062304033283,HPPL,5,52,288,406.0,116928.0
2021062304033282,HPPL,57,52,11,407.0,4477.0
2021062304033281,HPPL,45,52,201,407.0,81807.0
2021062304033673,HPPL,55,45,522,405.0,211410.0
2021062304033672,HPPL,13,45,80,407.0,32560.0
2021062304033556,HPPL,55,45,388,405.0,157140.0
2021062304033555,HPPL,21,45,10,405.0,4050.0
2021062304033554,HPPL,21,45,10,406.0,4060.0
2021062304033553,HPPL,42,45,100,406.0,40600.0
2021062304033320,HURJA,19,28,100,350.0,35000.0
2021062304033313,IGI,58,35,100,1265.0,126500.0
2021062304033565,JOSHI,38,44,30,298.0,8940.0
2021062304033520,KEF,48,52,800,10.4,8320.0
2021062304033367,KKHC,37,34,224,289.0,64736.0
2021062304033462,KPCL,33,36,10,440.0,4400.0
2021062304033686,LEC,57,36,30,357.0,10710.0
2021062304033622,LEC,44,46,850,360.0,306000.0
2021062304033304,LGIL,35,40,800,807.0,645600.0
2021062304033750,NBF2,43,49,"72,561",13.8,1001341.8
2021062304033737,NGPL,58,6,100,518.0,51800.0
2021062304033736,NGPL,58,39,300,517.0,155100.0
2021062304033735,NGPL,58,1,200,511.0,102200.0
2021062304033734,NGPL,58,39,200,511.0,102200.0
2021062304033733,NGPL,58,21,250,511.0,127750.0
2021062304033732,NGPL,58,40,300,510.0,153000.0
2021062304033308,NGPL,35,48,100,489.0,48900.0
2021062304033307,NGPL,35,43,16,489.0,7824.0
2021062304033306,NGPL,35,35,150,487.0,73050.0
2021062304033695,NGPL,58,39,263,492.0,129396.0
2021062304033694,NGPL,58,29,10,491.0,4910.0
2021062304033312,NGPL,35,39,82,492.0,40344.0
2021062304033311,NGPL,35,36,12,490.0,5880.0
2021062304033310,NGPL,35,32,100,490.0,49000.0
2021062304033309,NGPL,35,42,40,489.0,19560.0
2021062304033701,NGPL,58,39,500,494.0,247000.0
2021062304033700,NGPL,58,48,390,494.0,192660.0
2021062304033699,NGPL,58,26,132,493.0,65076.0
2021062304033698,NGPL,58,25,700,493.0,345100.0
2021062304033697,NGPL,58,35,100,493.0,49300.0
2021062304033696,NGPL,58,49,190,493.0,93670.0
2021062304033707,NGPL,58,28,500,499.0,249500.0
2021062304033706,NGPL,58,42,"1,000",498.0,498000.0
2021062304033705,NGPL,58,42,16,498.0,7968.0
2021062304033704,NGPL,58,28,20,496.0,9920.0
2021062304033703,NGPL,58,32,12,495.0,5940.0
2021062304033702,NGPL,58,35,20,495.0,9900.0
2021062304033713,NGPL,58,22,120,500.0,60000.0
2021062304033712,NGPL,58,53,60,500.0,30000.0
2021062304033711,NGPL,58,42,50,500.0,25000.0
2021062304033710,NGPL,58,45,100,500.0,50000.0
2021062304033709,NGPL,58,48,200,499.0,99800.0
2021062304033708,NGPL,58,6,250,499.0,124750.0
2021062304033719,NGPL,58,33,500,502.0,251000.0
2021062304033718,NGPL,58,55,12,502.0,6024.0
2021062304033717,NGPL,58,1,14,502.0,7028.0
2021062304033716,NGPL,58,26,50,501.0,25050.0
2021062304033715,NGPL,58,8,500,501.0,250500.0
2021062304033714,NGPL,58,35,200,501.0,100200.0
2021062304033725,NGPL,58,13,27,504.0,13608.0
2021062304033724,NGPL,58,33,17,504.0,8568.0
2021062304033723,NGPL,58,1,200,504.0,100800.0
2021062304033722,NGPL,58,42,50,503.0,25150.0
2021062304033721,NGPL,58,58,30,502.0,15060.0
2021062304033720,NGPL,58,32,40,502.0,20080.0
2021062304033731,NGPL,58,43,100,508.0,50800.0
2021062304033730,NGPL,58,52,50,508.0,25400.0
2021062304033729,NGPL,58,57,14,506.0,7084.0
2021062304033728,NGPL,58,55,100,505.0,50500.0
2021062304033727,NGPL,58,39,100,505.0,50500.0
2021062304033726,NGPL,58,41,10,505.0,5050.0
2021062304033761,NHPC,34,41,75,323.0,24225.0
2021062304033760,NHPC,55,41,395,323.0,127585.0
2021062304033753,NHPC,55,19,150,323.0,48450.0
2021062304033749,NHPC,42,7,60,324.0,19440.0
2021062304033688,NHPC,45,7,200,324.0,64800.0
2021062304033604,NHPC,45,7,930,324.0,301320.0
2021062304033293,NHPC,45,7,500,324.0,162000.0
2021062304033292,NHPC,45,22,115,324.0,37260.0
2021062304033278,NHPC,45,38,100,323.0,32300.0
2021062304033272,NHPC,58,22,185,324.0,59940.0
2021062304033271,NHPC,58,34,15,324.0,4860.0
2021062304033447,NHPC,59,1,960,323.0,310080.0
2021062304033391,NHPC,59,32,40,323.0,12920.0
2021062304033390,NHPC,45,32,60,323.0,19380.0
2021062304033377,NHPC,45,59,100,323.0,32300.0
2021062304033358,NHPC,52,48,100,324.0,32400.0
2021062304033294,NHPC,45,48,385,324.0,124740.0
2021062304033538,NHPC,55,22,90,323.0,29070.0
2021062304033468,NHPC,52,48,78,324.0,25272.0
2021062304033464,NHPC,55,58,40,323.0,12920.0
2021062304033463,NHPC,44,58,460,323.0,148580.0
2021062304033454,NHPC,13,48,300,324.0,97200.0
2021062304033448,NHPC,44,1,540,323.0,174420.0
2021062304033588,NHPC,42,32,50,324.0,16200.0
2021062304033587,NHPC,42,51,100,324.0,32400.0
2021062304033586,NHPC,42,48,50,324.0,16200.0
2021062304033584,NHPC,55,37,455,323.0,146965.0
2021062304033583,NHPC,55,37,45,323.0,14535.0
2021062304033546,NHPC,55,6,75,323.0,24225.0
2021062304033603,NHPC,45,53,10,324.0,3240.0
2021062304033602,NHPC,45,57,60,324.0,19440.0
2021062304033600,NHPC,7,57,50,324.0,16200.0
2021062304033595,NHPC,42,57,50,324.0,16200.0
2021062304033593,NHPC,50,57,40,324.0,12960.0
2021062304033592,NHPC,50,32,50,324.0,16200.0
2021062304033550,NIBSF1,26,4,"1,000",14.35,14350.0
2021062304033741,NICBF,38,28,"1,500",13.2,19800.0
2021062304033277,NICGF,17,49,"1,500",14.47,21705.0
2021062304033748,NICL,58,6,228,1252.0,285456.0
2021062304033747,NICL,58,48,100,1252.0,125200.0
2021062304033746,NICL,58,6,100,1251.0,125100.0
2021062304033745,NICL,58,44,142,1251.0,177642.0
2021062304033744,NICL,58,49,"1,350",1249.0,1686150.0
2021062304033743,NICL,58,10,30,1245.0,37350.0
2021062304033288,NICL,29,34,200,1242.0,248400.0
2021062304033406,NICL,20,5,100,1241.0,124100.0
2021062304033405,NICL,20,6,400,1241.0,496400.0
2021062304033342,NICL,17,6,100,1241.0,124100.0
2021062304033303,NICL,20,38,100,1240.0,124000.0
2021062304033290,NICL,6,34,50,1241.0,62050.0
2021062304033289,NICL,57,34,150,1241.0,186150.0
2021062304033412,NICL,20,49,400,1245.0,498000.0
2021062304033411,NICL,20,28,"1,000",1245.0,1245000.0
2021062304033410,NICL,20,47,200,1244.0,248800.0
2021062304033409,NICL,20,49,200,1242.0,248400.0
2021062304033408,NICL,20,3,50,1241.0,62050.0
2021062304033407,NICL,20,53,100,1241.0,124100.0
2021062304033418,NICL,20,57,100,1246.0,124600.0
2021062304033417,NICL,20,49,175,1246.0,218050.0
2021062304033416,NICL,20,29,12,1246.0,14952.0
2021062304033415,NICL,20,34,100,1245.0,124500.0
2021062304033414,NICL,20,49,"1,000",1245.0,1245000.0
2021062304033413,NICL,20,4,40,1245.0,49800.0
2021062304033424,NICL,20,44,200,1249.0,249800.0
2021062304033423,NICL,20,1,100,1249.0,124900.0
2021062304033422,NICL,20,41,10,1248.0,12480.0
2021062304033421,NICL,20,32,10,1248.0,12480.0
2021062304033420,NICL,20,45,100,1248.0,124800.0
2021062304033419,NICL,20,36,500,1247.0,623500.0
2021062304033491,NICL,20,45,500,1240.0,620000.0
2021062304033466,NICL,20,44,"3,000",1240.0,3720000.0
2021062304033461,NICL,20,49,150,1240.0,186000.0
2021062304033456,NICL,33,47,200,1241.0,248200.0
2021062304033436,NICL,33,20,500,1241.0,620500.0
2021062304033425,NICL,20,34,203,1249.0,253547.0
2021062304033497,NICL,20,45,150,1249.0,187350.0
2021062304033496,NICL,20,34,47,1249.0,58703.0
2021062304033495,NICL,20,14,200,1248.0,249600.0
2021062304033494,NICL,20,21,30,1245.0,37350.0
2021062304033493,NICL,20,45,30,1245.0,37350.0
2021062304033492,NICL,20,57,200,1244.0,248800.0
2021062304033503,NICL,20,55,50,1250.0,62500.0
2021062304033502,NICL,20,10,200,1250.0,250000.0
2021062304033501,NICL,20,49,150,1250.0,187500.0
2021062304033500,NICL,20,44,200,1250.0,250000.0
2021062304033499,NICL,20,58,100,1250.0,125000.0
2021062304033498,NICL,20,56,90,1250.0,112500.0
2021062304033509,NICL,20,32,50,1250.0,62500.0
2021062304033508,NICL,20,22,100,1250.0,125000.0
2021062304033507,NICL,20,4,25,1250.0,31250.0
2021062304033506,NICL,20,48,25,1250.0,31250.0
2021062304033505,NICL,20,45,25,1250.0,31250.0
2021062304033504,NICL,20,1,50,1250.0,62500.0
2021062304033515,NICL,20,59,100,1250.0,125000.0
2021062304033514,NICL,20,26,300,1250.0,375000.0
2021062304033513,NICL,20,58,30,1250.0,37500.0
2021062304033512,NICL,20,38,100,1250.0,125000.0
2021062304033511,NICL,20,59,100,1250.0,125000.0
2021062304033510,NICL,20,34,20,1250.0,25000.0
2021062304033539,NICL,58,11,150,1245.0,186750.0
2021062304033525,NICL,58,14,50,1245.0,62250.0
2021062304033519,NICL,20,3,58,1250.0,72500.0
2021062304033518,NICL,20,53,20,1250.0,25000.0
2021062304033517,NICL,20,57,500,1250.0,625000.0
2021062304033516,NICL,20,51,50,1250.0,62500.0
2021062304033615,NICL,58,41,30,1243.0,37290.0
2021062304033614,NICL,58,57,20,1241.0,24820.0
2021062304033613,NICL,58,11,100,1241.0,124100.0
2021062304033607,NICL,20,29,200,1240.0,248000.0
2021062304033547,NICL,20,57,200,1240.0,248000.0
2021062304033540,NICL,20,11,50,1240.0,62000.0
2021062304033742,NICL,58,10,50,1244.0,62200.0
2021062304033620,NICL,58,44,58,1251.0,72558.0
2021062304033619,NICL,58,42,750,1250.0,937500.0
2021062304033618,NICL,58,26,500,1250.0,625000.0
2021062304033617,NICL,58,3,242,1250.0,302500.0
2021062304033616,NICL,58,7,300,1248.0,374400.0
2021062304033685,NIL,59,32,64,1616.0,103424.0
2021062304033684,NIL,59,48,36,1616.0,58176.0
2021062304033680,NIL,57,48,20,1616.0,32320.0
2021062304033652,NIL,8,32,30,1615.0,48450.0
2021062304033651,NIL,36,32,200,1615.0,323000.0
2021062304033650,NIL,41,32,30,1615.0,48450.0
2021062304033374,NIL,57,50,50,1615.0,80750.0
2021062304033273,NIL,34,48,216,1616.0,349056.0
2021062304033566,NIL,14,48,10,1616.0,16160.0
2021062304033533,NIL,59,48,18,1616.0,29088.0
2021062304033435,NIL,7,48,100,1616.0,161600.0
2021062304033403,NIL,19,48,100,1616.0,161600.0
2021062304033376,NIL,41,50,30,1615.0,48450.0
2021062304033375,NIL,58,50,20,1615.0,32300.0
2021062304033649,NIL,36,32,50,1615.0,80750.0
2021062304033648,NIL,17,32,30,1615.0,48450.0
2021062304033647,NIL,47,32,43,1615.0,69445.0
2021062304033646,NIL,13,32,30,1615.0,48450.0
2021062304033606,NIL,13,59,10,1615.0,16150.0
2021062304033605,NIL,41,59,20,1615.0,32300.0
2021062304033692,NLG,48,4,500,1319.0,659500.0
2021062304033691,NLG,48,22,300,1319.0,395700.0
2021062304033373,NLG,7,22,50,1319.0,65950.0
2021062304033545,NLG,29,22,798,1318.0,1051764.0
2021062304033535,PICL,57,34,185,832.0,153920.0
2021062304033534,PICL,33,34,200,832.0,166400.0
2021062304033389,PICL,34,34,50,833.0,41650.0
2021062304033388,PICL,21,34,55,833.0,45815.0
2021062304033341,PICL,21,49,45,833.0,37485.0
2021062304033340,PICL,51,49,50,833.0,41650.0
2021062304033339,PICL,36,49,50,833.0,41650.0
2021062304033338,PICL,57,49,100,833.0,83300.0
2021062304033337,PICL,16,49,55,833.0,45815.0
2021062304033302,PICL,16,56,45,833.0,37485.0
2021062304033301,PICL,1,56,55,833.0,45815.0
2021062304033433,PMHPL,52,35,40,295.0,11800.0
2021062304033432,PMHPL,7,35,50,295.0,14750.0
2021062304033522,PRIN,59,22,40,988.0,39520.0
2021062304033625,RADHI,48,45,15,1220.0,18300.0
2021062304033621,RADHI,22,45,20,1220.0,24400.0
2021062304033598,RADHI,34,45,100,1220.0,122000.0
2021062304033594,RADHI,42,45,15,1220.0,18300.0
2021062304033544,RADHI,14,22,17,1219.0,20723.0
2021062304033543,RADHI,51,22,83,1219.0,101177.0
2021062304033275,RADHI,34,45,50,1220.0,61000.0
2021062304033274,RADHI,34,29,50,1220.0,61000.0
2021062304033346,RADHI,22,52,22,1218.0,26796.0
2021062304033345,RADHI,55,52,10,1218.0,12180.0
2021062304033344,RADHI,39,52,150,1218.0,182700.0
2021062304033343,RADHI,32,52,20,1218.0,24360.0
2021062304033287,RADHI,34,14,50,1219.0,60950.0
2021062304033276,RADHI,39,59,200,1219.0,243800.0
2021062304033364,RADHI,43,52,68,1205.0,81940.0
2021062304033351,RADHI,3,52,50,1205.0,60250.0
2021062304033350,RADHI,58,52,50,1210.0,60500.0
2021062304033349,RADHI,45,52,10,1210.0,12100.0
2021062304033348,RADHI,4,52,100,1216.0,121600.0
2021062304033347,RADHI,34,52,20,1218.0,24360.0
2021062304033541,RADHI,51,45,100,1219.0,121900.0
2021062304033528,RADHI,51,44,217,1219.0,264523.0
2021062304033469,RADHI,43,34,32,1218.0,38976.0
2021062304033446,RADHI,58,14,42,1219.0,51198.0
2021062304033426,RADHI,38,14,50,1219.0,60950.0
2021062304033368,RADHI,41,14,58,1219.0,70702.0
2021062304033693,RHPC,20,45,500,542.0,271000.0
2021062304033467,RHPL,57,10,60,458.0,27480.0
2021062304033445,RHPL,41,10,100,458.0,45800.0
2021062304033444,RHPL,42,10,40,458.0,18320.0
2021062304033654,RRHP,51,35,50,400.0,20000.0
2021062304033612,SAEF,17,5,100,16.44,1644.0
2021062304033687,SGI,48,26,50,757.0,37850.0
2021062304033314,SGI,48,8,10,757.0,7570.0
2021062304033335,SHPC,57,59,45,491.0,22095.0
2021062304033323,SHPC,14,59,100,491.0,49100.0
2021062304033321,SHPC,5,59,10,491.0,4910.0
2021062304033591,SHPC,56,39,100,492.0,49200.0
2021062304033590,SHPC,57,39,25,492.0,12300.0
2021062304033611,SHPC,14,6,"1,945",494.0,960830.0
2021062304033681,SIC,16,14,30,1598.0,47940.0
2021062304033738,SICL,49,19,30,2038.0,61140.0
2021062304033402,SICL,58,35,23,2036.0,46828.0
2021062304033401,SICL,17,35,27,2037.0,54999.0
2021062304033285,SICL,17,35,50,2040.0,102000.0
2021062304033284,SICL,17,1,50,2039.0,101950.0
2021062304033740,SIL,53,55,50,1110.0,55500.0
2021062304033459,SIL,53,36,590,1110.0,654900.0
2021062304033458,SIL,4,36,80,1111.0,88880.0
2021062304033457,SIL,57,36,30,1113.0,33390.0
2021062304033267,SIL,57,52,20,1113.0,22260.0
2021062304033365,SJCL,44,51,40,429.0,17160.0
2021062304033362,SPDL,35,54,932,421.0,392372.0
2021062304033361,SPDL,35,36,15,420.0,6300.0
2021062304033752,SSHL,51,48,100,339.0,33900.0
2021062304033751,SSHL,1,48,100,339.0,33900.0
2021062304033465,SSHL,1,57,300,339.0,101700.0
2021062304033460,SSHL,42,57,100,339.0,33900.0
2021062304033427,SSHL,21,21,20,338.0,6760.0
2021062304033404,TRH,17,7,510,394.0,200940.0
2021062304033334,TRH,57,38,"1,400",396.0,554400.0
2021062304033629,UIC,5,29,10,760.0,7600.0
2021062304033300,UIC,21,35,360,751.0,270360.0
2021062304033299,UIC,42,35,10,751.0,7510.0
2021062304033298,UIC,16,35,10,751.0,7510.0
2021062304033297,UIC,4,35,100,752.0,75200.0
2021062304033296,UIC,16,35,10,752.0,7520.0
2021062304033295,UIC,39,35,10,754.0,7540.0
2021062304033739,UMHL,34,34,50,375.0,18750.0
2021062304033671,UMHL,57,58,275,374.0,102850.0
2021062304033670,UMHL,1,58,675,374.0,252450.0
2021062304033669,UMHL,34,58,300,375.0,112500.0
2021062304033668,UMHL,32,58,200,375.0,75000.0
2021062304033667,UMHL,45,58,20,375.0,7500.0
2021062304033524,UMHL,6,6,170,376.0,63920.0
2021062304033291,UMHL,29,57,200,377.0,75400.0
2021062304033596,UMHL,36,57,76,377.0,28652.0
2021062304033548,UMHL,57,20,300,376.0,112800.0
2021062304033542,UMHL,39,20,100,376.0,37600.0
2021062304033526,UMHL,34,20,100,376.0,37600.0
2021062304033666,UMHL,57,58,500,375.0,187500.0
2021062304033665,UMHL,46,58,100,375.0,37500.0
2021062304033664,UMHL,57,58,500,375.0,187500.0
2021062304033663,UMHL,5,58,130,376.0,48880.0
2021062304033662,UMHL,57,58,200,376.0,75200.0
2021062304033443,UMRH,21,34,20,450.0,9000.0
2021062304033442,UMRH,6,34,200,450.0,90000.0
2021062304033441,UMRH,8,34,50,451.0,22550.0
2021062304033440,UMRH,49,34,50,451.0,22550.0
2021062304033439,UMRH,21,34,10,452.0,4520.0
2021062304033438,UMRH,6,34,25,452.0,11300.0
2021062304033689,UNHPL,17,45,50,380.0,19000.0
2021062304033631,UNHPL,54,6,43,378.0,16254.0
2021062304033610,UNHPL,54,3,210,378.0,79380.0
2021062304033523,UNHPL,54,34,50,378.0,18900.0
2021062304033396,UNHPL,54,45,170,378.0,64260.0
2021062304033395,UNHPL,59,45,160,378.0,60480.0
2021062304033394,UNHPL,6,45,100,378.0,37800.0
2021062304033393,UNHPL,51,45,150,378.0,56700.0
2021062304033392,UNHPL,57,45,20,379.0,7580.0
2021062304033322,UNHPL,51,45,50,380.0,19000.0
2021062304033585,UPCL,22,43,50,308.0,15400.0
2021062304033434,UPCL,52,43,20,308.0,6160.0
2021062304033366,UPCL,22,43,100,308.0,30800.0
2021062304033363,UPCL,35,57,500,309.0,154500.0
2021062304033653,UPPER,5,7,10,679.0,6790.0
2021062304033582,UPPER,26,7,100,679.0,67900.0
2021062304033532,UPPER,5,41,82,670.0,54940.0
2021062304033531,UPPER,58,41,15,670.0,10050.0
2021062304033530,UPPER,5,41,13,670.0,8710.0
2021062304033529,UPPER,44,41,30,670.0,20100.0
2021062304033455,UPPER,47,45,10,680.0,6800.0
2021062304033333,UPPER,1,56,80,670.0,53600.0
2021062304033305,UPPER,58,56,40,670.0,26800.0
2021062304033286,UPPER,44,56,10,670.0,6700.0
2021062304033239,AHPC,26,53,50,488.0,24400.0
2021062304033190,AHPC,44,32,100,488.0,48800.0
2021062304033098,AHPC,54,22,885,487.0,430995.0
2021062304033097,AHPC,26,22,100,487.0,48700.0
2021062304033096,AHPC,56,22,100,487.0,48700.0
2021062304033095,AHPC,6,22,915,487.0,445605.0
2021062304032869,AHPC,45,32,740,488.0,361120.0
2021062304032868,AHPC,58,32,355,488.0,173240.0
2021062304032855,AHPC,58,53,520,488.0,253760.0
2021062304033018,AIL,32,57,50,826.0,41300.0
2021062304032799,AKJCL,38,53,84,291.0,24444.0
2021062304032798,AKJCL,7,53,50,291.0,14550.0
2021062304032797,AKJCL,22,53,100,291.0,29100.0
2021062304032796,AKJCL,17,53,270,291.0,78570.0
2021062304033168,AKPL,29,33,10,440.0,4400.0
2021062304033088,AKPL,7,33,67,440.0,29480.0
2021062304033087,AKPL,7,56,33,439.0,14487.0
2021062304033061,AKPL,58,56,100,439.0,43900.0
2021062304033017,AKPL,3,42,573,438.0,250974.0
2021062304033016,AKPL,3,42,200,438.0,87600.0
2021062304032859,AKPL,42,56,867,439.0,380613.0
2021062304032858,AKPL,42,51,133,439.0,58387.0
2021062304032815,AKPL,56,21,50,438.0,21900.0
2021062304032814,AKPL,4,51,52,439.0,22828.0
2021062304033015,AKPL,59,42,130,438.0,56940.0
2021062304032940,AKPL,59,45,20,438.0,8760.0
2021062304032939,AKPL,58,45,40,438.0,17520.0
2021062304032938,AKPL,44,45,"1,590",438.0,696420.0
2021062304032937,AKPL,39,45,300,438.0,131400.0
2021062304032936,AKPL,56,45,50,438.0,21900.0
2021062304033206,API,36,28,27,405.0,10935.0
2021062304033113,API,36,40,100,405.0,40500.0
2021062304033110,API,36,14,205,405.0,83025.0
2021062304033058,API,49,14,15,405.0,6075.0
2021062304032982,API,34,34,66,403.0,26598.0
2021062304032981,API,25,34,50,403.0,20150.0
2021062304032774,API,49,53,275,403.0,110825.0
2021062304032770,API,26,35,10,404.0,4040.0
2021062304032767,API,34,35,100,404.0,40400.0
2021062304032819,API,6,37,50,404.0,20200.0
2021062304032818,API,50,37,200,404.0,80800.0
2021062304032817,API,32,37,559,404.0,225836.0
2021062304032795,API,32,35,"1,141",404.0,460964.0
2021062304032776,API,16,53,225,403.0,90675.0
2021062304032775,API,44,53,500,403.0,201500.0
2021062304032864,API,37,14,100,405.0,40500.0
2021062304032832,API,32,14,180,405.0,72900.0
2021062304032831,API,32,6,50,405.0,20250.0
2021062304032830,API,32,40,770,405.0,311850.0
2021062304032829,API,32,35,"1,000",404.0,404000.0
2021062304032820,API,16,37,191,403.0,76973.0
2021062304032980,API,25,34,50,403.0,20150.0
2021062304032979,API,47,34,200,403.0,80600.0
2021062304032978,API,16,34,84,403.0,33852.0
2021062304032977,API,42,34,50,404.0,20200.0
2021062304032966,API,53,14,"1,000",405.0,405000.0
2021062304032959,API,33,14,200,405.0,81000.0
2021062304032988,BARUN,38,20,10,550.0,5500.0
2021062304032987,BARUN,38,20,10,550.0,5500.0
2021062304032986,BARUN,14,20,10,552.0,5520.0
2021062304032821,BARUN,52,49,10,554.0,5540.0
2021062304032876,BARUN,48,57,84,555.0,46620.0
2021062304032875,BARUN,48,56,100,555.0,55500.0
2021062304032874,BARUN,48,43,11,555.0,6105.0
2021062304032873,BARUN,48,16,395,555.0,219225.0
2021062304032872,BARUN,48,49,140,554.0,77560.0
2021062304032822,BARUN,51,49,50,554.0,27700.0
2021062304033204,BBC,45,26,30,5895.0,176850.0
2021062304033203,BBC,47,26,10,5895.0,58950.0
2021062304033208,BPCL,34,26,10,504.0,5040.0
2021062304032923,BPCL,13,41,200,502.0,100400.0
2021062304032922,BPCL,13,38,255,502.0,128010.0
2021062304032921,BPCL,13,46,811,502.0,407122.0
2021062304032812,BPCL,21,14,100,501.0,50100.0
2021062304032811,BPCL,21,36,180,501.0,90180.0
2021062304032961,BPCL,13,34,60,502.0,30120.0
2021062304032927,BPCL,13,57,200,502.0,100400.0
2021062304032926,BPCL,13,39,300,502.0,150600.0
2021062304032925,BPCL,13,29,13,502.0,6526.0
2021062304032924,BPCL,13,8,20,502.0,10040.0
2021062304033173,CGH,49,26,40,1565.0,62600.0
2021062304033101,CGH,1,46,44,1558.0,68552.0
2021062304033100,CGH,42,46,36,1560.0,56160.0
2021062304033094,CGH,35,26,10,1565.0,15650.0
2021062304033090,CGH,42,37,10,1560.0,15600.0
2021062304033089,CGH,42,56,14,1559.0,21826.0
2021062304032930,CGH,29,56,30,1559.0,46770.0
2021062304032929,CGH,49,56,10,1559.0,15590.0
2021062304032784,CGH,22,8,10,1560.0,15600.0
2021062304032974,CHCL,13,14,30,672.0,20160.0
2021062304032973,CHCL,34,14,200,672.0,134400.0
2021062304032972,CHCL,8,14,200,672.0,134400.0
2021062304032971,CHCL,41,14,20,673.0,13460.0
2021062304032970,CHCL,21,14,500,673.0,336500.0
2021062304032969,CHCL,25,14,50,674.0,33700.0
2021062304032845,CHCL,20,32,85,675.0,57375.0
2021062304032851,CHCL,41,32,115,675.0,77625.0
2021062304032850,CHCL,32,32,30,675.0,20250.0
2021062304032849,CHCL,58,32,20,675.0,13500.0
2021062304032848,CHCL,22,32,10,675.0,6750.0
2021062304032847,CHCL,38,32,50,675.0,33750.0
2021062304032846,CHCL,48,32,25,675.0,16875.0
2021062304032964,CHCL,34,53,862,678.0,584436.0
2021062304032963,CHCL,34,48,178,676.0,120328.0
2021062304032962,CHCL,34,32,60,675.0,40500.0
2021062304032854,CHCL,13,32,75,675.0,50625.0
2021062304032853,CHCL,57,32,100,675.0,67500.0
2021062304032852,CHCL,44,32,30,675.0,20250.0
2021062304033262,CHL,51,43,190,450.0,85500.0
2021062304033255,CHL,51,42,10,450.0,4500.0
2021062304033197,CHL,58,42,30,450.0,13500.0
2021062304033059,CHL,42,42,60,450.0,27000.0
2021062304032958,CHL,42,13,80,450.0,36000.0
2021062304032957,CHL,45,13,20,450.0,9000.0
2021062304033252,DHPL,36,41,206,281.0,57886.0
2021062304033251,DHPL,58,41,40,281.0,11240.0
2021062304033250,DHPL,38,41,100,281.0,28100.0
2021062304033249,DHPL,8,41,40,281.0,11240.0
2021062304033248,DHPL,41,41,74,281.0,20794.0
2021062304033202,DHPL,38,41,200,282.0,56400.0
2021062304033132,DHPL,41,57,155,281.0,43555.0
2021062304033057,DHPL,50,41,70,282.0,19740.0
2021062304033265,EIC,29,16,60,778.0,46680.0
2021062304033112,GHL,33,38,100,315.0,31500.0
2021062304032989,GHL,50,45,30,313.0,9390.0
2021062304033133,GIC,49,8,10,710.0,7100.0
2021062304032804,GIC,58,19,75,712.0,53400.0
2021062304032956,GIC,49,57,10,714.0,7140.0
2021062304032968,GIC,49,42,10,712.0,7120.0
2021062304033107,GIMES1,4,5,"1,000",20.28,20280.0
2021062304033241,GLH,49,28,130,380.0,49400.0
2021062304033240,GLH,56,28,20,380.0,7600.0
2021062304033171,GLH,56,49,10,380.0,3800.0
2021062304033043,GLH,56,49,10,380.0,3800.0
2021062304032984,GLH,56,26,10,380.0,3800.0
2021062304032975,GLH,16,26,390,380.0,148200.0
2021062304033187,HDHPC,7,49,957,288.0,275616.0
2021062304033186,HDHPC,50,49,100,288.0,28800.0
2021062304033185,HDHPC,45,49,150,288.0,43200.0
2021062304033184,HDHPC,57,49,200,288.0,57600.0
2021062304033183,HDHPC,54,49,50,288.0,14400.0
2021062304033182,HDHPC,43,49,100,288.0,28800.0
2021062304032806,HDHPC,57,36,220,289.0,63580.0
2021062304033181,HDHPC,14,49,100,288.0,28800.0
2021062304033180,HDHPC,1,49,50,288.0,14400.0
2021062304033179,HDHPC,34,49,238,288.0,68544.0
2021062304033178,HDHPC,51,49,55,289.0,15895.0
2021062304032840,HDHPC,21,35,200,290.0,58000.0
2021062304032807,HDHPC,57,35,30,290.0,8700.0
2021062304033144,HGI,39,20,215,807.0,173505.0
2021062304033143,HGI,39,45,101,805.0,81305.0
2021062304033142,HGI,39,37,187,805.0,150535.0
2021062304033141,HGI,39,34,69,805.0,55545.0
2021062304033140,HGI,39,39,100,805.0,80500.0
2021062304033139,HGI,39,41,100,803.0,80300.0
2021062304033138,HGI,39,39,128,802.0,102656.0
2021062304033137,HGI,39,59,100,801.0,80100.0
2021062304033211,HPPL,45,4,20,407.0,8140.0
2021062304033011,HPPL,45,45,79,407.0,32153.0
2021062304033010,HPPL,11,45,103,407.0,41921.0
2021062304033009,HPPL,54,45,400,407.0,162800.0
2021062304033008,HPPL,6,45,250,407.0,101750.0
2021062304033007,HPPL,42,45,500,407.0,203500.0
2021062304032994,HPPL,58,45,30,410.0,12300.0
2021062304032993,HPPL,58,45,21,410.0,8610.0
2021062304033000,HPPL,47,45,500,409.0,204500.0
2021062304032999,HPPL,55,45,"1,000",409.0,409000.0
2021062304032998,HPPL,35,45,200,410.0,82000.0
2021062304032997,HPPL,37,45,100,410.0,41000.0
2021062304032996,HPPL,35,45,100,410.0,41000.0
2021062304032995,HPPL,22,45,100,410.0,41000.0
2021062304033006,HPPL,38,45,500,408.0,204000.0
2021062304033005,HPPL,48,45,50,408.0,20400.0
2021062304033004,HPPL,36,45,400,408.0,163200.0
2021062304033003,HPPL,58,45,500,408.0,204000.0
2021062304033002,HPPL,57,45,25,408.0,10200.0
2021062304033001,HPPL,5,45,142,408.0,57936.0
2021062304032870,HURJA,19,45,50,351.0,17550.0
2021062304032805,IGI,58,57,50,1252.0,62600.0
2021062304032990,IGI,39,57,91,1267.0,115297.0
2021062304033093,IGI,58,37,"2,000",1267.0,2534000.0
2021062304033114,JOSHI,41,44,160,298.0,47680.0
2021062304033091,JOSHI,51,44,50,298.0,14900.0
2021062304033162,KKHC,17,39,350,286.0,100100.0
2021062304033161,KKHC,53,39,150,287.0,43050.0
2021062304032794,KPCL,16,19,16,441.0,7056.0
2021062304033260,LEC,52,46,70,360.0,25200.0
2021062304032778,LEC,52,3,10,360.0,3600.0
2021062304033245,LGIL,28,46,200,806.0,161200.0
2021062304033156,LGIL,57,40,12,807.0,9684.0
2021062304032947,LGIL,57,20,58,807.0,46806.0
2021062304032946,LGIL,57,34,30,807.0,24210.0
2021062304032842,LGIL,56,36,25,806.0,20150.0
2021062304032783,MEN,40,16,25,860.0,21500.0
2021062304032948,NBF2,3,49,100,13.8,1380.0
2021062304033033,NGPL,35,43,484,489.0,236676.0
2021062304033032,NGPL,35,26,50,489.0,24450.0
2021062304033031,NGPL,35,21,24,489.0,11736.0
2021062304033030,NGPL,35,35,100,488.0,48800.0
2021062304033029,NGPL,35,22,200,487.0,97400.0
2021062304033028,NGPL,35,22,127,487.0,61849.0
2021062304033021,NGPL,35,47,12,484.0,5808.0
2021062304033020,NGPL,35,10,500,484.0,242000.0
2021062304033019,NGPL,35,21,208,484.0,100672.0
2021062304033027,NGPL,35,41,100,486.0,48600.0
2021062304033026,NGPL,35,25,10,486.0,4860.0
2021062304033025,NGPL,35,28,12,485.0,5820.0
2021062304033024,NGPL,35,7,12,485.0,5820.0
2021062304033023,NGPL,35,55,50,484.0,24200.0
2021062304033022,NGPL,35,49,111,484.0,53724.0
2021062304033244,NHDL,28,49,10,430.0,4300.0
2021062304032976,NHDL,45,49,100,432.0,43200.0
2021062304033247,NHPC,6,34,50,324.0,16200.0
2021062304033216,NHPC,45,48,50,323.0,16150.0
2021062304033215,NHPC,45,51,190,323.0,61370.0
2021062304033214,NHPC,59,51,200,323.0,64600.0
2021062304033213,NHPC,35,51,100,323.0,32300.0
2021062304033212,NHPC,38,51,110,323.0,35530.0
2021062304032773,NHPC,38,57,190,323.0,61370.0
2021062304032772,NHPC,22,57,100,323.0,32300.0
2021062304032771,NHPC,45,57,90,323.0,29070.0
2021062304033134,NHPC,41,39,100,324.0,32400.0
2021062304033099,NHPC,50,39,245,324.0,79380.0
2021062304033062,NHPC,59,39,500,324.0,162000.0
2021062304033034,NHPC,50,39,100,324.0,32400.0
2021062304032991,NHPC,57,39,200,324.0,64800.0
2021062304032928,NHPC,58,39,30,324.0,9720.0
2021062304033191,NHPC,51,34,20,324.0,6480.0
2021062304033175,NHPC,38,14,400,323.0,129200.0
2021062304033147,NHPC,45,34,65,324.0,21060.0
2021062304033146,NHPC,45,6,100,324.0,32400.0
2021062304033145,NHPC,45,39,835,324.0,270540.0
2021062304033135,NHPC,47,39,500,324.0,162000.0
2021062304033242,NIBLPF,17,14,"4,091",14.35,58705.85
2021062304033264,NICL,57,13,100,1241.0,124100.0
2021062304033238,NICL,57,58,50,1241.0,62050.0
2021062304033233,NICL,46,28,900,1248.0,1123200.0
2021062304033232,NICL,46,48,500,1247.0,623500.0
2021062304033231,NICL,46,17,50,1247.0,62350.0
2021062304033230,NICL,46,21,30,1247.0,37410.0
2021062304032790,NICL,5,54,100,1242.0,124200.0
2021062304032789,NICL,5,45,22,1242.0,27324.0
2021062304032788,NICL,5,26,150,1241.0,186150.0
2021062304032787,NICL,5,58,40,1241.0,49640.0
2021062304032782,NICL,20,13,30,1240.0,37200.0
2021062304032769,NICL,50,58,20,1241.0,24820.0
2021062304032867,NICL,20,44,10,1240.0,12400.0
2021062304032866,NICL,20,58,100,1240.0,124000.0
2021062304032857,NICL,55,50,100,1241.0,124100.0
2021062304032793,NICL,5,57,68,1245.0,84660.0
2021062304032792,NICL,5,17,100,1245.0,124500.0
2021062304032791,NICL,5,33,20,1245.0,24900.0
2021062304032953,NICL,49,52,100,1242.0,124200.0
2021062304032920,NICL,20,10,70,1240.0,86800.0
2021062304032883,NICL,20,6,70,1240.0,86800.0
2021062304032882,NICL,5,6,430,1241.0,533630.0
2021062304032878,NICL,5,11,50,1241.0,62050.0
2021062304032877,NICL,5,50,20,1241.0,24820.0
2021062304033106,NICL,5,55,200,1242.0,248400.0
2021062304033042,NICL,5,57,100,1242.0,124200.0
2021062304033041,NICL,5,32,50,1242.0,62100.0
2021062304032960,NICL,20,20,300,1240.0,372000.0
2021062304032955,NICL,49,32,50,1242.0,62100.0
2021062304032954,NICL,49,58,50,1242.0,62100.0
2021062304033118,NICL,14,45,20,1241.0,24820.0
2021062304033117,NICL,16,45,10,1242.0,12420.0
2021062304033116,NICL,29,45,50,1242.0,62100.0
2021062304033115,NICL,5,45,50,1242.0,62100.0
2021062304033109,NICL,5,3,100,1242.0,124200.0
2021062304033108,NICL,46,49,10,1244.0,12440.0
2021062304033149,NICL,46,3,100,1241.0,124100.0
2021062304033148,NICL,46,10,50,1241.0,62050.0
2021062304033130,NICL,20,56,30,1240.0,37200.0
2021062304033124,NICL,20,51,50,1240.0,62000.0
2021062304033120,NICL,20,45,50,1240.0,62000.0
2021062304033119,NICL,50,45,20,1241.0,24820.0
2021062304033155,NICL,46,38,44,1245.0,54780.0
2021062304033154,NICL,46,41,500,1245.0,622500.0
2021062304033153,NICL,46,57,32,1245.0,39840.0
2021062304033152,NICL,46,45,200,1244.0,248800.0
2021062304033151,NICL,46,49,40,1244.0,49760.0
2021062304033150,NICL,46,40,34,1243.0,42262.0
2021062304033198,NICL,49,29,50,1245.0,62250.0
2021062304033196,NICL,49,5,100,1245.0,124500.0
2021062304033194,NICL,49,39,40,1245.0,49800.0
2021062304033193,NICL,49,58,45,1242.0,55890.0
2021062304033192,NICL,53,29,45,1241.0,55845.0
2021062304033169,NICL,20,57,100,1240.0,124000.0
2021062304033229,NICL,46,54,350,1247.0,436450.0
2021062304033228,NICL,46,26,100,1245.0,124500.0
2021062304033227,NICL,46,41,10,1245.0,12450.0
2021062304033226,NICL,46,58,51,1242.0,63342.0
2021062304033201,NICL,20,36,335,1240.0,415400.0
2021062304033200,NICL,49,36,65,1245.0,80925.0
2021062304033195,NIL,49,45,100,1617.0,161700.0
2021062304033172,NIL,44,45,242,1617.0,391314.0
2021062304033129,NIL,57,45,20,1617.0,32340.0
2021062304032935,NIL,19,45,50,1617.0,80850.0
2021062304032934,NIL,18,45,50,1617.0,80850.0
2021062304032933,NIL,17,45,43,1617.0,69531.0
2021062304032838,NIL,17,13,50,1618.0,80900.0
2021062304033259,NLG,7,6,50,1319.0,65950.0
2021062304033217,NLG,4,50,30,1320.0,39600.0
2021062304033177,NLG,22,50,50,1320.0,66000.0
2021062304033176,NLG,35,50,40,1320.0,52800.0
2021062304033136,NLG,35,36,60,1320.0,79200.0
2021062304032931,NLG,35,54,100,1320.0,132000.0
2021062304032871,PICL,33,34,10,834.0,8340.0
2021062304033167,PMHPL,42,46,26,295.0,7670.0
2021062304033166,PMHPL,34,46,200,296.0,59200.0
2021062304033165,PMHPL,35,46,700,296.0,207200.0
2021062304033164,PMHPL,58,46,34,296.0,10064.0
2021062304033163,PMHPL,47,46,40,297.0,11880.0
2021062304033157,PMHPL,47,6,100,297.0,29700.0
2021062304033014,PMHPL,47,6,60,297.0,17820.0
2021062304032865,PPCL,56,33,24,364.0,8736.0
2021062304033219,RADHI,34,29,150,1220.0,183000.0
2021062304033205,RADHI,39,32,25,1219.0,30475.0
2021062304033189,RADHI,39,42,170,1219.0,207230.0
2021062304033188,RADHI,38,42,40,1219.0,48760.0
2021062304033092,RADHI,4,29,100,1220.0,122000.0
2021062304033067,RADHI,38,42,200,1219.0,243800.0
2021062304032880,RADHI,10,33,30,1218.0,36540.0
2021062304032879,RADHI,10,41,60,1218.0,73080.0
2021062304032828,RADHI,22,41,10,1218.0,12180.0
2021062304032768,RADHI,36,41,30,1218.0,36540.0
2021062304033066,RADHI,38,52,100,1219.0,121900.0
2021062304033065,RADHI,38,45,100,1219.0,121900.0
2021062304033064,RADHI,38,54,40,1219.0,48760.0
2021062304033063,RADHI,38,28,70,1218.0,85260.0
2021062304033060,RADHI,42,57,100,1218.0,121800.0
2021062304032881,RADHI,10,54,10,1219.0,12190.0
2021062304033160,RHPC,20,33,880,542.0,476960.0
2021062304033159,RHPC,43,33,100,543.0,54300.0
2021062304033158,RHPC,25,33,20,543.0,10860.0
2021062304032844,RHPC,14,56,10,548.0,5480.0
2021062304032952,RHPL,46,47,37,457.0,16909.0
2021062304032951,RHPL,40,47,210,457.0,95970.0
2021062304032884,RHPL,40,43,30,457.0,13710.0
2021062304033086,RRHP,36,35,10,400.0,4000.0
2021062304032843,RRHP,10,26,30,395.0,11850.0
2021062304032985,SGI,19,36,10,757.0,7570.0
2021062304032945,SGI,25,50,75,756.0,56700.0
2021062304032944,SGI,21,50,25,756.0,18900.0
2021062304032863,SGI,21,19,15,756.0,11340.0
2021062304032862,SGI,8,19,10,757.0,7570.0
2021062304032861,SGI,49,19,50,757.0,37850.0
2021062304033131,SHL,11,56,300,269.0,80700.0
2021062304033261,SHPC,35,59,145,491.0,71195.0
2021062304033246,SHPC,53,51,100,492.0,49200.0
2021062304033170,SHPC,35,58,250,491.0,122750.0
2021062304032825,SHPC,6,39,660,488.0,322080.0
2021062304032824,SHPC,11,39,100,488.0,48800.0
2021062304032823,SHPC,16,39,300,488.0,146400.0
2021062304032950,SHPC,35,16,300,491.0,147300.0
2021062304032949,SHPC,35,49,105,490.0,51450.0
2021062304032841,SHPC,6,49,180,488.0,87840.0
2021062304032839,SHPC,6,28,154,488.0,75152.0
2021062304033218,SIC,29,14,50,1598.0,79900.0
2021062304033207,SICL,56,35,36,2040.0,73440.0
2021062304033056,SICL,14,32,50,2037.0,101850.0
2021062304033054,SICL,11,16,50,2035.0,101750.0
2021062304033053,SICL,37,16,100,2035.0,203500.0
2021062304033052,SICL,42,16,66,2035.0,134310.0
2021062304033051,SICL,6,16,10,2035.0,20350.0
2021062304033044,SICL,32,16,15,2035.0,30525.0
2021062304032801,SICL,7,35,20,2040.0,40800.0
2021062304032800,SICL,7,16,30,2037.0,61110.0
2021062304033050,SICL,49,16,10,2035.0,20350.0
2021062304033049,SICL,49,16,54,2035.0,109890.0
2021062304033048,SICL,22,16,100,2035.0,203500.0
2021062304033047,SICL,45,16,50,2035.0,101750.0
2021062304033046,SICL,52,16,10,2035.0,20350.0
2021062304033045,SICL,26,16,40,2035.0,81400.0
2021062304033266,SIL,11,52,10,1113.0,11130.0
2021062304033257,SJCL,44,57,100,429.0,42900.0
2021062304032816,SJCL,45,26,100,428.0,42800.0
2021062304033237,SPDL,42,54,68,421.0,28628.0
2021062304033236,SPDL,42,22,50,421.0,21050.0
2021062304033105,SPDL,19,32,240,418.0,100320.0
2021062304033104,SPDL,34,32,20,419.0,8380.0
2021062304033103,SPDL,28,32,100,419.0,41900.0
2021062304033102,SPDL,45,32,40,420.0,16800.0
2021062304033013,SPDL,28,22,30,421.0,12630.0
2021062304033012,SPDL,28,34,20,421.0,8420.0
2021062304033263,SSHL,46,57,100,339.0,33900.0
2021062304033210,SSHL,21,45,85,338.0,28730.0
2021062304033209,SSHL,50,45,15,338.0,5070.0
2021062304033199,SSHL,50,57,100,338.0,33800.0
2021062304032827,SSHL,50,1,36,338.0,12168.0
2021062304032813,SSHL,58,1,10,338.0,3380.0
2021062304033121,STC,38,45,14,9830.0,137620.0
2021062304032856,STC,58,38,10,9850.0,98500.0
2021062304033243,TRH,29,55,10,395.0,3950.0
2021062304033127,UIC,4,45,70,752.0,52640.0
2021062304033126,UIC,38,45,29,752.0,21808.0
2021062304033125,UIC,50,45,100,753.0,75300.0
2021062304032826,UIC,5,45,19,756.0,14364.0
2021062304032781,UIC,38,57,71,752.0,53392.0
2021062304032780,UIC,5,57,379,752.0,285008.0
2021062304032779,UIC,41,57,50,753.0,37650.0
2021062304033258,UMHL,21,57,60,377.0,22620.0
2021062304033235,UMHL,6,34,830,376.0,312080.0
2021062304033234,UMHL,32,34,170,376.0,63920.0
2021062304032786,UMHL,38,57,200,377.0,75400.0
2021062304032810,UMHL,36,34,30,375.0,11250.0
2021062304032809,UMHL,32,34,330,375.0,123750.0
2021062304032808,UMHL,34,34,140,375.0,52500.0
2021062304032992,UMHL,21,57,50,377.0,18850.0
2021062304032983,UMHL,36,36,14,375.0,5250.0
2021062304032943,UMRH,6,34,75,452.0,33900.0
2021062304032942,UMRH,8,34,30,452.0,13560.0
2021062304032941,UMRH,58,34,30,452.0,13560.0
2021062304033224,UNHPL,21,45,20,380.0,7600.0
2021062304033223,UNHPL,25,45,50,380.0,19000.0
2021062304033222,UNHPL,45,45,10,380.0,3800.0
2021062304033221,UNHPL,44,45,550,380.0,209000.0
2021062304033220,UNHPL,38,45,880,380.0,334400.0
2021062304033055,UNHPL,58,6,157,381.0,59817.0
2021062304032886,UNHPL,6,45,150,381.0,57150.0
2021062304032885,UNHPL,22,45,135,381.0,51435.0
2021062304033256,UPCL,35,50,15,308.0,4620.0
2021062304033225,UPCL,35,39,140,308.0,43120.0
2021062304033040,UPCL,17,28,64,306.0,19584.0
2021062304033039,UPCL,36,28,260,307.0,79820.0
2021062304033038,UPCL,28,28,40,307.0,12280.0
2021062304032785,UPCL,4,43,45,308.0,13860.0
2021062304032837,UPCL,38,43,"1,200",307.0,368400.0
2021062304032836,UPCL,59,43,100,307.0,30700.0
2021062304032835,UPCL,34,43,400,307.0,122800.0
2021062304032834,UPCL,57,43,100,307.0,30700.0
2021062304032833,UPCL,57,43,200,307.0,61400.0
2021062304033037,UPCL,57,28,50,307.0,15350.0
2021062304033036,UPCL,47,28,200,307.0,61400.0
2021062304033035,UPCL,38,28,800,307.0,245600.0
2021062304032967,UPCL,6,43,100,308.0,30800.0
2021062304032965,UPCL,58,43,890,308.0,274120.0
2021062304033254,UPPER,48,56,220,670.0,147400.0
2021062304033253,UPPER,49,56,50,675.0,33750.0
2021062304033174,UPPER,48,42,80,670.0,53600.0
2021062304033128,UPPER,45,42,10,670.0,6700.0
2021062304033123,UPPER,49,42,20,670.0,13400.0
2021062304033122,UPPER,55,42,90,671.0,60390.0
2021062304032777,UPPER,45,49,10,672.0,6720.0
2021062304032887,UPPER,26,47,44,670.0,29480.0
2021062304032860,UPPER,44,57,10,671.0,6710.0
2021062304032803,UPPER,26,49,21,670.0,14070.0
2021062304032802,UPPER,49,49,29,670.0,19430.0
2021062304032893,UPPER,34,47,20,670.0,13400.0
2021062304032892,UPPER,45,47,10,670.0,6700.0
2021062304032891,UPPER,45,47,100,670.0,67000.0
2021062304032890,UPPER,45,47,100,670.0,67000.0
2021062304032889,UPPER,57,47,300,670.0,201000.0
2021062304032888,UPPER,52,47,70,670.0,46900.0
2021062304032899,UPPER,59,47,200,670.0,134000.0
2021062304032898,UPPER,49,47,50,670.0,33500.0
2021062304032897,UPPER,29,47,100,670.0,67000.0
2021062304032896,UPPER,32,47,50,670.0,33500.0
2021062304032895,UPPER,51,47,100,670.0,67000.0
2021062304032894,UPPER,53,47,50,670.0,33500.0
2021062304032905,UPPER,13,47,500,669.0,334500.0
2021062304032904,UPPER,45,47,30,669.0,20070.0
2021062304032903,UPPER,3,47,500,669.0,334500.0
2021062304032902,UPPER,28,47,500,669.0,334500.0
2021062304032901,UPPER,41,47,100,670.0,67000.0
2021062304032900,UPPER,16,47,10,670.0,6700.0
2021062304032911,UPPER,33,47,200,669.0,133800.0
2021062304032910,UPPER,47,47,100,669.0,66900.0
2021062304032909,UPPER,37,47,200,669.0,133800.0
2021062304032908,UPPER,41,47,100,669.0,66900.0
2021062304032907,UPPER,45,47,10,669.0,6690.0
2021062304032906,UPPER,34,47,"1,000",669.0,669000.0
2021062304032917,UPPER,57,47,18,668.0,12024.0
2021062304032916,UPPER,21,47,100,668.0,66800.0
2021062304032915,UPPER,32,47,30,668.0,20040.0
2021062304032914,UPPER,49,47,50,668.0,33400.0
2021062304032913,UPPER,8,47,200,668.0,133600.0
2021062304032912,UPPER,45,47,15,669.0,10035.0
2021062304033069,UPPER,55,57,200,671.0,134200.0
2021062304033068,UPPER,55,57,450,671.0,301950.0
2021062304032932,UPPER,35,57,40,671.0,26840.0
2021062304032919,UPPER,44,47,43,668.0,28724.0
2021062304032918,UPPER,34,47,100,668.0,66800.0
2021062304033075,UPPER,47,28,40,675.0,27000.0
2021062304033074,UPPER,47,47,150,675.0,101250.0
2021062304033073,UPPER,47,25,575,674.0,387550.0
2021062304033072,UPPER,47,17,"1,640",674.0,1105360.0
2021062304033071,UPPER,47,49,"1,330",672.0,893760.0
2021062304033070,UPPER,55,21,40,671.0,26840.0
2021062304033081,UPPER,47,28,50,678.0,33900.0
2021062304033080,UPPER,47,45,40,676.0,27040.0
2021062304033079,UPPER,47,45,40,676.0,27040.0
2021062304033078,UPPER,47,57,611,676.0,413036.0
2021062304033077,UPPER,47,29,100,675.0,67500.0
2021062304033076,UPPER,47,3,50,675.0,33750.0
2021062304033111,UPPER,55,49,220,671.0,147620.0
2021062304033085,UPPER,47,45,104,680.0,70720.0
2021062304033084,UPPER,47,45,50,680.0,34000.0
2021062304033083,UPPER,47,6,20,680.0,13600.0
2021062304033082,UPPER,47,50,200,678.0,135600.0
2021062304032641,AHPC,49,53,204,489.0,99756.0
2021062304032626,AHPC,58,49,125,488.0,61000.0
2021062304032625,AHPC,48,49,100,488.0,48800.0
2021062304032624,AHPC,52,49,275,488.0,134200.0
2021062304032491,AHPC,51,53,15,489.0,7335.0
2021062304032437,AHPC,6,53,30,489.0,14670.0
2021062304032365,AHPC,6,19,40,489.0,19560.0
2021062304032348,AHPC,6,59,30,489.0,14670.0
2021062304032333,AHPC,52,48,25,488.0,12200.0
2021062304032332,AHPC,5,48,100,488.0,48800.0
2021062304032331,AHPC,45,48,375,489.0,183375.0
2021062304032764,AIL,43,42,10,828.0,8280.0
2021062304032741,AIL,32,57,50,826.0,41300.0
2021062304032740,AIL,52,57,50,826.0,41300.0
2021062304032492,AIL,16,1,10,830.0,8300.0
2021062304032730,AKJCL,26,53,200,292.0,58400.0
2021062304032729,AKJCL,57,53,50,292.0,14600.0
2021062304032728,AKJCL,55,53,100,292.0,29200.0
2021062304032727,AKJCL,38,53,101,292.0,29492.0
2021062304032726,AKJCL,6,53,100,292.0,29200.0
2021062304032725,AKJCL,28,53,50,292.0,14600.0
2021062304032475,AKJCL,28,53,"1,000",295.0,295000.0
2021062304032474,AKJCL,28,53,160,295.0,47200.0
2021062304032473,AKJCL,25,53,13,296.0,3848.0
2021062304032472,AKJCL,19,53,100,296.0,29600.0
2021062304032471,AKJCL,57,53,90,296.0,26640.0
2021062304032429,AKJCL,49,33,20,298.0,5960.0
2021062304032718,AKJCL,43,53,10,294.0,2940.0
2021062304032717,AKJCL,48,53,50,294.0,14700.0
2021062304032479,AKJCL,42,53,150,295.0,44250.0
2021062304032478,AKJCL,44,53,100,295.0,29500.0
2021062304032477,AKJCL,58,53,10,295.0,2950.0
2021062304032476,AKJCL,45,53,10,295.0,2950.0
2021062304032724,AKJCL,35,53,50,293.0,14650.0
2021062304032723,AKJCL,29,53,200,293.0,58600.0
2021062304032722,AKJCL,58,53,25,293.0,7325.0
2021062304032721,AKJCL,21,53,30,293.0,8790.0
2021062304032720,AKJCL,40,53,500,294.0,147000.0
2021062304032719,AKJCL,21,53,30,294.0,8820.0
2021062304032694,AKPL,49,51,15,439.0,6585.0
2021062304032456,AKPL,36,6,198,438.0,86724.0
2021062304032455,AKPL,11,6,50,438.0,21900.0
2021062304032454,AKPL,3,6,100,438.0,43800.0
2021062304032453,AKPL,33,6,50,438.0,21900.0
2021062304032452,AKPL,36,6,40,438.0,17520.0
2021062304032445,AKPL,32,6,100,439.0,43900.0
2021062304032444,AKPL,10,6,209,439.0,91751.0
2021062304032364,AKPL,10,13,41,439.0,17999.0
2021062304032363,AKPL,58,13,20,439.0,8780.0
2021062304032343,AKPL,57,33,300,440.0,132000.0
2021062304032451,AKPL,45,6,20,438.0,8760.0
2021062304032450,AKPL,42,6,40,438.0,17520.0
2021062304032449,AKPL,4,6,50,438.0,21900.0
2021062304032448,AKPL,39,6,20,438.0,8760.0
2021062304032447,AKPL,56,6,73,438.0,31974.0
2021062304032446,AKPL,56,6,50,439.0,21950.0
2021062304032759,API,56,35,20,404.0,8080.0
2021062304032703,API,45,35,44,404.0,17776.0
2021062304032702,API,45,35,300,404.0,121200.0
2021062304032701,API,49,35,185,404.0,74740.0
2021062304032659,API,49,17,15,404.0,6060.0
2021062304032658,API,55,17,50,404.0,20200.0
2021062304032341,API,4,38,44,404.0,17776.0
2021062304032289,API,21,38,100,404.0,40400.0
2021062304032380,API,10,53,100,403.0,40300.0
2021062304032379,API,43,53,500,403.0,201500.0
2021062304032378,API,17,53,20,403.0,8060.0
2021062304032377,API,57,53,10,404.0,4040.0
2021062304032376,API,4,53,"1,100",404.0,444400.0
2021062304032370,API,57,40,100,405.0,40500.0
2021062304032423,API,47,40,500,405.0,202500.0
2021062304032385,API,49,53,225,403.0,90675.0
2021062304032384,API,59,53,500,403.0,201500.0
2021062304032383,API,54,53,25,403.0,10075.0
2021062304032382,API,6,53,500,403.0,201500.0
2021062304032381,API,17,53,20,403.0,8060.0
2021062304032598,API,57,40,30,405.0,12150.0
2021062304032538,API,26,16,100,404.0,40400.0
2021062304032535,API,19,40,100,405.0,40500.0
2021062304032523,API,58,40,50,405.0,20250.0
2021062304032507,API,45,40,200,405.0,81000.0
2021062304032428,API,53,40,250,405.0,101250.0
2021062304032482,BARUN,48,32,980,547.0,536060.0
2021062304032481,BARUN,41,32,10,550.0,5500.0
2021062304032480,BARUN,14,32,10,551.0,5510.0
2021062304032415,BARUN,14,32,10,550.0,5500.0
2021062304032647,BPCL,17,36,20,501.0,10020.0
2021062304032412,BPCL,1,46,110,501.0,55110.0
2021062304032411,BPCL,22,46,890,501.0,445890.0
2021062304032410,BPCL,22,49,110,501.0,55110.0
2021062304032409,BPCL,40,49,190,501.0,95190.0
2021062304032327,BPCL,17,46,30,502.0,15060.0
2021062304032499,BPCL,43,52,200,501.0,100200.0
2021062304032498,BPCL,1,52,390,501.0,195390.0
2021062304032461,CGH,59,34,52,1565.0,81380.0
2021062304032747,CHCL,20,49,915,675.0,617625.0
2021062304032746,CHCL,52,49,50,675.0,33750.0
2021062304032745,CHCL,41,49,25,675.0,16875.0
2021062304032744,CHCL,42,49,10,675.0,6750.0
2021062304032657,CHCL,19,48,30,676.0,20280.0
2021062304032656,CHCL,41,48,30,676.0,20280.0
2021062304032655,CHCL,7,48,20,677.0,13540.0
2021062304032644,CHCL,7,17,80,677.0,54160.0
2021062304032467,CHCL,41,53,100,678.0,67800.0
2021062304032421,CHCL,7,53,378,678.0,256284.0
2021062304032405,CHCL,51,45,100,677.0,67700.0
2021062304032404,CHCL,55,45,115,677.0,77855.0
2021062304032766,CHL,45,48,11,450.0,4950.0
2021062304032765,CHL,45,44,14,450.0,6300.0
2021062304032355,DHPL,45,41,20,282.0,5640.0
2021062304032597,EIC,48,16,100,778.0,77800.0
2021062304032596,EIC,48,14,100,777.0,77700.0
2021062304032470,EIC,14,41,10,775.0,7750.0
2021062304032469,EIC,22,41,30,775.0,23250.0
2021062304032468,EIC,3,41,10,775.0,7750.0
2021062304032299,EIC,58,16,26,778.0,20228.0
2021062304032488,GHL,51,25,10,316.0,3160.0
2021062304032440,GHL,44,45,100,315.0,31500.0
2021062304032347,GHL,45,45,100,315.0,31500.0
2021062304032695,GIC,49,57,80,713.0,57040.0
2021062304032621,GIC,58,13,10,712.0,7120.0
2021062304032620,GIC,58,8,10,711.0,7110.0
2021062304032460,GLH,16,21,10,380.0,3800.0
2021062304032583,HDHPC,22,36,500,289.0,144500.0
2021062304032503,HDHPC,50,35,300,290.0,87000.0
2021062304032502,HDHPC,50,5,200,290.0,58000.0
2021062304032434,HDHPC,58,41,10,290.0,2900.0
2021062304032397,HDHPC,34,41,56,290.0,16240.0
2021062304032396,HDHPC,34,33,74,290.0,21460.0
2021062304032340,HDHPC,29,33,500,290.0,145000.0
2021062304032305,HDHPC,29,33,500,290.0,145000.0
2021062304032525,HPPL,45,58,100,411.0,41100.0
2021062304032427,HPPL,29,45,100,411.0,41100.0
2021062304032761,HURJA,45,45,200,351.0,70200.0
2021062304032760,HURJA,50,45,230,353.0,81190.0
2021062304032306,HURJA,50,49,120,353.0,42360.0
2021062304032295,HURJA,50,56,100,353.0,35300.0
2021062304032585,JOSHI,47,44,200,298.0,59600.0
2021062304032389,JOSHI,42,44,"1,000",298.0,298000.0
2021062304032388,JOSHI,49,44,100,298.0,29800.0
2021062304032387,JOSHI,36,44,100,298.0,29800.0
2021062304032386,JOSHI,50,44,97,298.0,28906.0
2021062304032393,KEF,48,35,100,10.4,1040.0
2021062304032739,KKHC,59,34,50,289.0,14450.0
2021062304032581,KKHC,37,34,25,289.0,7225.0
2021062304032485,LEC,45,3,40,360.0,14400.0
2021062304032484,LEC,45,22,20,360.0,7200.0
2021062304032483,LEC,45,5,40,360.0,14400.0
2021062304032369,LEMF,43,47,"3,200",13.3,42560.0
2021062304032368,LEMF,6,47,"1,800",13.31,23958.0
2021062304032301,LGIL,33,34,20,807.0,16140.0
2021062304032403,LUK,21,38,100,11.9,1190.0
2021062304032487,MEN,40,49,10,860.0,8600.0
2021062304032402,MEN,45,16,25,861.0,21525.0
2021062304032464,MHNL,11,42,100,336.0,33600.0
2021062304032511,NGPL,8,21,10,484.0,4840.0
2021062304032510,NGPL,8,32,100,483.0,48300.0
2021062304032486,NGPL,58,35,"2,000",477.0,954000.0
2021062304032349,NGPL,58,39,"1,354",477.0,645858.0
2021062304032756,NHPC,49,39,50,324.0,16200.0
2021062304032748,NHPC,45,49,100,323.0,32300.0
2021062304032708,NHPC,56,39,110,324.0,35640.0
2021062304032697,NHPC,6,39,50,324.0,16200.0
2021062304032664,NHPC,45,6,100,323.0,32300.0
2021062304032466,NHPC,45,38,10,323.0,3230.0
2021062304032316,NHPC,41,39,500,324.0,162000.0
2021062304032315,NHPC,55,39,"1,000",324.0,324000.0
2021062304032314,NHPC,42,39,200,324.0,64800.0
2021062304032313,NHPC,6,39,90,324.0,29160.0
2021062304032312,NHPC,53,39,330,324.0,106920.0
2021062304032300,NHPC,41,14,150,325.0,48750.0
2021062304032322,NHPC,7,39,90,324.0,29160.0
2021062304032321,NHPC,19,39,100,324.0,32400.0
2021062304032320,NHPC,37,39,200,324.0,64800.0
2021062304032319,NHPC,48,39,300,324.0,97200.0
2021062304032318,NHPC,4,39,50,324.0,16200.0
2021062304032317,NHPC,38,39,100,324.0,32400.0
2021062304032416,NHPC,22,39,100,324.0,32400.0
2021062304032360,NHPC,45,1,200,323.0,64600.0
2021062304032359,NHPC,28,1,200,323.0,64600.0
2021062304032358,NHPC,49,1,100,323.0,32300.0
2021062304032324,NHPC,41,39,10,324.0,3240.0
2021062304032323,NHPC,14,39,"1,000",324.0,324000.0
2021062304032763,NICL,58,58,10,1241.0,12410.0
2021062304032757,NICL,42,45,25,1242.0,31050.0
2021062304032753,NICL,45,45,110,1242.0,136620.0
2021062304032752,NICL,45,37,90,1241.0,111690.0
2021062304032742,NICL,46,37,10,1241.0,12410.0
2021062304032710,NICL,45,45,36,1242.0,44712.0
2021062304032325,NICL,5,26,100,1245.0,124500.0
2021062304032296,NICL,58,56,10,1250.0,12500.0
2021062304032362,NICL,38,20,30,1242.0,37260.0
2021062304032361,NICL,41,20,70,1242.0,86940.0
2021062304032354,NICL,13,33,100,1247.0,124700.0
2021062304032336,NICL,41,16,30,1242.0,37260.0
2021062304032335,NICL,52,16,20,1242.0,24840.0
2021062304032326,NICL,5,56,400,1250.0,500000.0
2021062304032419,NICL,36,33,350,1245.0,435750.0
2021062304032418,NICL,36,10,50,1242.0,62100.0
2021062304032408,NICL,36,39,30,1241.0,37230.0
2021062304032407,NICL,5,39,100,1242.0,124200.0
2021062304032406,NICL,38,39,370,1242.0,459540.0
2021062304032375,NICL,50,33,20,1245.0,24900.0
2021062304032638,NICL,14,6,20,1241.0,24820.0
2021062304032530,NICL,58,58,10,1242.0,12420.0
2021062304032520,NICL,36,20,200,1242.0,248400.0
2021062304032509,NICL,6,43,70,1241.0,86870.0
2021062304032508,NICL,36,43,30,1241.0,37230.0
2021062304032435,NICL,58,33,10,1245.0,12450.0
2021062304032663,NICL,20,50,540,1240.0,669600.0
2021062304032662,NICL,36,58,40,1242.0,49680.0
2021062304032661,NICL,20,4,"3,150",1240.0,3906000.0
2021062304032660,NICL,59,4,120,1241.0,148920.0
2021062304032640,NICL,59,6,80,1241.0,99280.0
2021062304032639,NICL,58,6,300,1241.0,372300.0
2021062304032758,NIL,6,48,246,1617.0,397782.0
2021062304032654,NIL,6,32,100,1617.0,161700.0
2021062304032653,NIL,4,5,100,1619.0,161900.0
2021062304032652,NIL,4,40,100,1618.0,161800.0
2021062304032438,NIL,6,36,55,1617.0,88935.0
2021062304032367,NIL,6,34,20,1617.0,32340.0
2021062304032366,NIL,6,16,72,1617.0,116424.0
2021062304032346,NIL,34,49,34,1616.0,54944.0
2021062304032345,NIL,45,49,16,1616.0,25856.0
2021062304032304,NIL,45,36,14,1616.0,22624.0
2021062304032287,NIL,1,16,200,1617.0,323400.0
2021062304032731,NLG,47,36,40,1321.0,52840.0
2021062304032709,NLG,10,36,100,1321.0,132100.0
2021062304032646,NLG,42,6,200,1324.0,264800.0
2021062304032515,NLG,10,4,40,1321.0,52840.0
2021062304032514,NLG,56,6,340,1324.0,450160.0
2021062304032513,NLG,56,22,60,1324.0,79440.0
2021062304032512,NLG,56,50,100,1323.0,132300.0
2021062304032439,NLG,10,44,10,1321.0,13210.0
2021062304032422,NLG,10,26,50,1321.0,66050.0
2021062304032635,OHL,48,48,440,550.0,242000.0
2021062304032634,OHL,36,48,200,551.0,110200.0
2021062304032633,OHL,46,48,50,551.0,27550.0
2021062304032632,OHL,4,48,200,551.0,110200.0
2021062304032631,OHL,38,48,100,552.0,55200.0
2021062304032630,OHL,45,48,10,552.0,5520.0
2021062304032529,PIC,44,16,100,1220.0,122000.0
2021062304032516,PIC,44,49,20,1220.0,24400.0
2021062304032307,PIC,1,25,10,1228.0,12280.0
2021062304032443,PICL,33,40,90,834.0,75060.0
2021062304032442,PICL,3,40,200,834.0,166800.0
2021062304032441,PICL,48,40,10,834.0,8340.0
2021062304032420,PMHPL,38,51,13,296.0,3848.0
2021062304032755,PPCL,32,49,50,363.0,18150.0
2021062304032533,PPCL,32,43,20,363.0,7260.0
2021062304032531,PPCL,32,26,10,363.0,3630.0
2021062304032637,PRIN,26,49,200,1000.0,200000.0
2021062304032350,PRIN,44,49,50,1000.0,50000.0
2021062304032751,RADHI,36,42,170,1218.0,207060.0
2021062304032750,RADHI,49,42,10,1218.0,12180.0
2021062304032749,RADHI,49,42,20,1218.0,24360.0
2021062304032743,RADHI,11,54,100,1219.0,121900.0
2021062304032698,RADHI,49,51,25,1218.0,30450.0
2021062304032696,RADHI,49,47,40,1218.0,48720.0
2021062304032298,RADHI,38,32,12,1219.0,14628.0
2021062304032297,RADHI,38,57,38,1217.0,46246.0
2021062304032497,RADHI,56,21,30,1217.0,36510.0
2021062304032496,RADHI,57,21,10,1218.0,12180.0
2021062304032373,RADHI,58,54,50,1219.0,60950.0
2021062304032330,RADHI,33,34,3,1219.0,3657.0
2021062304032329,RADHI,45,34,12,1219.0,14628.0
2021062304032328,RADHI,45,32,88,1219.0,107272.0
2021062304032543,RADHI,33,20,500,1211.0,605500.0
2021062304032542,RADHI,33,20,200,1215.0,243000.0
2021062304032541,RADHI,57,20,80,1217.0,97360.0
2021062304032540,RADHI,56,20,26,1217.0,31642.0
2021062304032539,RADHI,39,20,150,1220.0,183000.0
2021062304032532,RADHI,41,45,10,1218.0,12180.0
2021062304032549,RADHI,22,20,20,1201.0,24020.0
2021062304032548,RADHI,51,20,50,1202.0,60100.0
2021062304032547,RADHI,22,20,10,1203.0,12030.0
2021062304032546,RADHI,47,20,300,1205.0,361500.0
2021062304032545,RADHI,58,20,10,1205.0,12050.0
2021062304032544,RADHI,14,20,18,1206.0,21708.0
2021062304032555,RADHI,45,20,50,1200.0,60000.0
2021062304032554,RADHI,57,20,40,1200.0,48000.0
2021062304032553,RADHI,32,20,100,1200.0,120000.0
2021062304032552,RADHI,51,20,10,1200.0,12000.0
2021062304032551,RADHI,57,20,57,1200.0,68400.0
2021062304032550,RADHI,58,20,16,1201.0,19216.0
2021062304032561,RADHI,16,20,400,1200.0,480000.0
2021062304032560,RADHI,45,20,100,1200.0,120000.0
2021062304032559,RADHI,41,20,50,1200.0,60000.0
2021062304032558,RADHI,55,20,10,1200.0,12000.0
2021062304032557,RADHI,34,20,50,1200.0,60000.0
2021062304032556,RADHI,6,20,16,1200.0,19200.0
2021062304032567,RADHI,52,20,20,1200.0,24000.0
2021062304032566,RADHI,33,20,10,1200.0,12000.0
2021062304032565,RADHI,56,20,30,1200.0,36000.0
2021062304032564,RADHI,45,20,"1,000",1200.0,1200000.0
2021062304032563,RADHI,21,20,200,1200.0,240000.0
2021062304032562,RADHI,57,20,100,1200.0,120000.0
2021062304032573,RADHI,4,20,150,1200.0,180000.0
2021062304032572,RADHI,58,20,50,1200.0,60000.0
2021062304032571,RADHI,38,20,10,1200.0,12000.0
2021062304032570,RADHI,58,20,10,1200.0,12000.0
2021062304032569,RADHI,35,20,50,1200.0,60000.0
2021062304032568,RADHI,35,20,20,1200.0,24000.0
2021062304032623,RADHI,49,45,75,1218.0,91350.0
2021062304032622,RADHI,6,45,30,1218.0,36540.0
2021062304032580,RADHI,22,45,85,1218.0,103530.0
2021062304032576,RADHI,49,20,27,1200.0,32400.0
2021062304032575,RADHI,48,20,50,1200.0,60000.0
2021062304032574,RADHI,22,20,10,1200.0,12000.0
2021062304032648,RHPL,45,47,60,458.0,27480.0
2021062304032645,RHPL,40,57,70,457.0,31990.0
2021062304032617,RHPL,22,47,500,458.0,229000.0
2021062304032616,RHPL,17,47,100,458.0,45800.0
2021062304032615,RHPL,33,47,93,458.0,42594.0
2021062304032584,RHPL,33,49,10,458.0,4580.0
2021062304032519,RHPL,33,7,97,458.0,44426.0
2021062304032394,RHPL,26,7,20,458.0,9160.0
2021062304032352,RHPL,26,3,40,458.0,18320.0
2021062304032344,RHPL,40,53,570,457.0,260490.0
2021062304032334,RRHP,46,56,10,393.0,3930.0
2021062304032465,SAEF,43,43,"6,700",16.43,110081.0
2021062304032391,SFMF,48,43,940,15.1,14194.0
2021062304032390,SFMF,32,43,"2,000",15.1,30200.0
2021062304032501,SGI,21,42,10,756.0,7560.0
2021062304032490,SHL,14,38,100,268.0,26800.0
2021062304032736,SHPC,11,49,100,489.0,48900.0
2021062304032735,SHPC,3,49,50,489.0,24450.0
2021062304032734,SHPC,14,49,"1,400",489.0,684600.0
2021062304032733,SHPC,13,49,20,489.0,9780.0
2021062304032704,SHPC,56,28,50,490.0,24500.0
2021062304032338,SHPC,39,41,90,493.0,44370.0
2021062304032337,SHPC,39,52,410,492.0,201720.0
2021062304032433,SHPC,14,49,50,492.0,24600.0
2021062304032432,SHPC,56,49,50,492.0,24600.0
2021062304032431,SHPC,39,49,400,492.0,196800.0
2021062304032430,SHPC,43,49,500,492.0,246000.0
2021062304032417,SHPC,39,41,100,493.0,49300.0
2021062304032527,SHPC,57,49,200,492.0,98400.0
2021062304032526,SHPC,14,49,50,492.0,24600.0
2021062304032489,SHPC,22,41,10,493.0,4930.0
2021062304032579,SHPC,33,39,240,491.0,117840.0
2021062304032578,SHPC,38,39,200,491.0,98200.0
2021062304032577,SHPC,42,39,500,491.0,245500.0
2021062304032687,SHPC,42,28,50,490.0,24500.0
2021062304032686,SHPC,57,28,100,490.0,49000.0
2021062304032685,SHPC,51,28,66,490.0,32340.0
2021062304032684,SHPC,51,41,189,490.0,92610.0
2021062304032683,SHPC,49,41,50,490.0,24500.0
2021062304032682,SHPC,11,41,61,490.0,29890.0
2021062304032693,SHPC,57,28,60,490.0,29400.0
2021062304032692,SHPC,33,28,100,490.0,49000.0
2021062304032691,SHPC,49,28,70,490.0,34300.0
2021062304032690,SHPC,45,28,50,490.0,24500.0
2021062304032689,SHPC,34,28,500,490.0,245000.0
2021062304032688,SHPC,52,28,200,490.0,98000.0
2021062304032754,SIC,17,58,50,1598.0,79900.0
2021062304032716,SICL,32,38,35,2035.0,71225.0
2021062304032715,SICL,56,38,50,2035.0,101750.0
2021062304032714,SICL,44,38,25,2036.0,50900.0
2021062304032713,SICL,38,38,50,2037.0,101850.0
2021062304032712,SICL,14,38,20,2037.0,40740.0
2021062304032711,SICL,11,38,20,2039.0,40780.0
2021062304032294,SICL,13,10,20,2037.0,40740.0
2021062304032293,SICL,59,10,100,2037.0,203700.0
2021062304032292,SICL,34,10,25,2037.0,50925.0
2021062304032291,SICL,14,10,27,2037.0,54999.0
2021062304032290,SICL,56,10,15,2038.0,30570.0
2021062304032619,SICL,39,35,65,2040.0,132600.0
2021062304032618,SICL,39,26,135,2040.0,275400.0
2021062304032518,SICL,52,38,11,2037.0,22407.0
2021062304032517,SICL,6,38,11,2038.0,22418.0
2021062304032392,SICL,6,10,13,2037.0,26481.0
2021062304032339,SICL,44,37,175,2036.0,356300.0
2021062304032372,SIGS2,45,42,"3,000",13.86,41580.0
2021062304032371,SIGS2,22,42,"2,000",13.86,27720.0
2021062304032629,SJCL,45,49,10,428.0,4280.0
2021062304032614,SJCL,45,53,35,428.0,14980.0
2021062304032613,SJCL,7,53,500,428.0,214000.0
2021062304032612,SJCL,57,53,60,428.0,25680.0
2021062304032611,SJCL,19,53,50,428.0,21400.0
2021062304032610,SJCL,1,53,100,428.0,42800.0
2021062304032342,SJCL,37,52,50,430.0,21500.0
2021062304032603,SJCL,19,53,200,429.0,85800.0
2021062304032602,SJCL,45,53,15,429.0,6435.0
2021062304032601,SJCL,14,53,50,429.0,21450.0
2021062304032600,SJCL,42,53,30,429.0,12870.0
2021062304032599,SJCL,57,53,100,429.0,42900.0
2021062304032587,SJCL,21,52,40,430.0,17200.0
2021062304032609,SJCL,49,53,50,428.0,21400.0
2021062304032608,SJCL,45,53,50,428.0,21400.0
2021062304032607,SJCL,5,53,500,428.0,214000.0
2021062304032606,SJCL,4,53,50,428.0,21400.0
2021062304032605,SJCL,36,53,200,429.0,85800.0
2021062304032604,SJCL,39,53,10,429.0,4290.0
2021062304032595,SLCF,48,33,"9,100",10.2,92820.0
2021062304032594,SLCF,48,22,"1,000",10.2,10200.0
2021062304032593,SLCF,48,45,"3,660",10.2,37332.0
2021062304032592,SLCF,48,32,100,10.2,1020.0
2021062304032591,SLCF,48,13,"1,000",10.18,10180.0
2021062304032590,SLCF,48,57,100,10.1,1010.0
2021062304032589,SLCF,48,35,"1,750",10.1,17675.0
2021062304032738,SSHL,42,1,59,338.0,19942.0
2021062304032707,SSHL,51,1,100,338.0,33800.0
2021062304032705,SSHL,49,1,140,338.0,47320.0
2021062304032651,SSHL,52,58,100,338.0,33800.0
2021062304032528,SSHL,19,32,395,337.0,133115.0
2021062304032353,SSHL,33,32,105,337.0,35385.0
2021062304032636,TRH,49,14,33,392.0,12936.0
2021062304032459,TRH,49,34,67,392.0,26264.0
2021062304032458,TRH,45,34,100,392.0,39200.0
2021062304032457,TRH,51,34,13,392.0,5096.0
2021062304032737,UIC,5,42,50,752.0,37600.0
2021062304032500,UIC,51,8,100,755.0,75500.0
2021062304032426,UIC,5,33,71,752.0,53392.0
2021062304032425,UIC,32,33,744,752.0,559488.0
2021062304032424,UIC,51,33,185,755.0,139675.0
2021062304032398,UIC,51,40,15,755.0,11325.0
2021062304032310,UIC,50,40,100,755.0,75500.0
2021062304032309,UIC,29,40,52,755.0,39260.0
2021062304032308,UIC,59,40,33,755.0,24915.0
2021062304032288,UIC,59,40,100,755.0,75500.0
2021062304032732,UMHL,28,3,372,376.0,139872.0
2021062304032414,UMHL,38,3,100,376.0,37600.0
2021062304032436,UMHL,51,34,100,375.0,37500.0
2021062304032536,UMHL,21,34,20,375.0,7500.0
2021062304032524,UMHL,1,40,50,374.0,18700.0
2021062304032506,UMHL,21,34,20,375.0,7500.0
2021062304032628,UMHL,34,40,70,375.0,26250.0
2021062304032627,UMHL,34,56,290,375.0,108750.0
2021062304032537,UMHL,21,40,30,375.0,11250.0
2021062304032762,UMRH,58,49,10,452.0,4520.0
2021062304032401,UMRH,47,26,35,460.0,16100.0
2021062304032700,UNHPL,22,51,30,381.0,11430.0
2021062304032699,UNHPL,44,51,120,381.0,45720.0
2021062304032643,UNHPL,44,32,950,381.0,361950.0
2021062304032642,UNHPL,38,32,50,382.0,19100.0
2021062304032395,UNHPL,44,58,"1,500",381.0,571500.0
2021062304032303,UNHPL,34,20,190,383.0,72770.0
2021062304032302,UNHPL,34,28,310,382.0,118420.0
2021062304032706,UPCL,38,43,100,308.0,30800.0
2021062304032650,UPCL,55,43,200,308.0,61600.0
2021062304032649,UPCL,51,43,50,308.0,15400.0
2021062304032374,UPCL,54,36,50,308.0,15400.0
2021062304032351,UPCL,8,36,503,308.0,154924.0
2021062304032505,UPCL,50,46,600,308.0,184800.0
2021062304032463,UPCL,50,58,200,308.0,61600.0
2021062304032462,UPCL,50,36,447,308.0,137676.0
2021062304032413,UPCL,58,1,800,307.0,245600.0
2021062304032400,UPCL,58,38,84,307.0,25788.0
2021062304032399,UPCL,20,38,16,307.0,4912.0
2021062304032681,UPPER,49,45,21,670.0,14070.0
2021062304032680,UPPER,38,45,65,670.0,43550.0
2021062304032679,UPPER,42,45,10,670.0,6700.0
2021062304032678,UPPER,19,45,50,670.0,33500.0
2021062304032677,UPPER,50,45,10,670.0,6700.0
2021062304032676,UPPER,28,45,100,670.0,67000.0
2021062304032268,UPPER,48,17,200,670.0,134000.0
2021062304032267,UPPER,45,17,10,670.0,6700.0
2021062304032274,UPPER,36,17,100,670.0,67000.0
2021062304032273,UPPER,57,17,50,670.0,33500.0
2021062304032272,UPPER,59,17,100,670.0,67000.0
2021062304032271,UPPER,48,17,100,670.0,67000.0
2021062304032270,UPPER,42,17,158,670.0,105860.0
2021062304032269,UPPER,41,17,100,670.0,67000.0
2021062304032280,UPPER,14,17,50,670.0,33500.0
2021062304032279,UPPER,42,17,500,670.0,335000.0
2021062304032278,UPPER,29,17,50,670.0,33500.0
2021062304032277,UPPER,49,17,50,670.0,33500.0
2021062304032276,UPPER,36,17,100,670.0,67000.0
2021062304032275,UPPER,42,17,500,670.0,335000.0
2021062304032286,UPPER,25,17,165,670.0,110550.0
2021062304032285,UPPER,1,17,240,670.0,160800.0
2021062304032284,UPPER,32,17,30,670.0,20100.0
2021062304032283,UPPER,45,17,50,670.0,33500.0
2021062304032282,UPPER,49,17,10,670.0,6700.0
2021062304032281,UPPER,52,17,30,670.0,20100.0
2021062304032495,UPPER,25,42,216,670.0,144720.0
2021062304032494,UPPER,38,42,50,672.0,33600.0
2021062304032493,UPPER,6,42,56,672.0,37632.0
2021062304032357,UPPER,6,14,25,672.0,16800.0
2021062304032356,UPPER,6,49,19,672.0,12768.0
2021062304032311,UPPER,58,49,90,672.0,60480.0
2021062304032586,UPPER,33,49,100,672.0,67200.0
2021062304032582,UPPER,26,49,10,672.0,6720.0
2021062304032534,UPPER,42,49,10,672.0,6720.0
2021062304032522,UPPER,25,3,700,670.0,469000.0
2021062304032521,UPPER,46,3,50,671.0,33550.0
2021062304032504,UPPER,55,17,160,674.0,107840.0
2021062304032669,UPPER,45,45,500,670.0,335000.0
2021062304032668,UPPER,35,45,25,670.0,16750.0
2021062304032667,UPPER,20,45,200,670.0,134000.0
2021062304032666,UPPER,25,45,119,670.0,79730.0
2021062304032665,UPPER,34,45,40,671.0,26840.0
2021062304032588,UPPER,22,49,40,672.0,26880.0
2021062304032675,UPPER,34,45,"1,000",670.0,670000.0
2021062304032674,UPPER,22,45,100,670.0,67000.0
2021062304032673,UPPER,11,45,10,670.0,6700.0
2021062304032672,UPPER,22,45,100,670.0,67000.0
2021062304032671,UPPER,25,45,100,670.0,67000.0
2021062304032670,UPPER,26,45,10,670.0,6700.0
2021062304032189,AHPC,45,42,125,489.0,61125.0
2021062304032007,AHPC,50,35,100,490.0,49000.0
2021062304031898,AHPC,26,35,35,490.0,17150.0
2021062304031791,AHPC,58,35,30,490.0,14700.0
2021062304031777,AHPC,17,35,10,490.0,4900.0
2021062304032071,AIL,44,1,50,830.0,41500.0
2021062304032070,AIL,38,1,15,830.0,12450.0
2021062304032237,AKJCL,34,33,40,298.0,11920.0
2021062304032236,AKJCL,28,33,10,298.0,2980.0
2021062304032173,AKJCL,28,49,20,298.0,5960.0
2021062304032127,AKJCL,28,41,10,298.0,2980.0
2021062304032146,AKPL,29,33,10,440.0,4400.0
2021062304032067,AKPL,58,33,100,440.0,44000.0
2021062304032044,AKPL,56,6,27,438.0,11826.0
2021062304032043,AKPL,57,6,20,438.0,8760.0
2021062304032042,AKPL,44,6,118,438.0,51684.0
2021062304032041,AKPL,29,6,10,439.0,4390.0
2021062304031868,AKPL,34,21,225,440.0,99000.0
2021062304031788,AKPL,29,21,25,440.0,11000.0
2021062304031949,AKPL,1,22,25,439.0,10975.0
2021062304031935,AKPL,22,57,300,440.0,132000.0
2021062304031916,AKPL,11,57,450,440.0,198000.0
2021062304031914,AKPL,58,57,100,440.0,44000.0
2021062304031870,AKPL,34,57,75,440.0,33000.0
2021062304031869,AKPL,34,25,200,440.0,88000.0
2021062304032040,AKPL,13,6,75,439.0,32925.0
2021062304032013,AKPL,47,33,113,440.0,49720.0
2021062304031991,AKPL,13,33,299,440.0,131560.0
2021062304031990,AKPL,13,57,75,440.0,33000.0
2021062304031989,AKPL,13,13,125,439.0,54875.0
2021062304031950,AKPL,13,22,25,439.0,10975.0
2021062304032257,API,18,38,"1,000",404.0,404000.0
2021062304032225,API,57,38,10,404.0,4040.0
2021062304032222,API,38,38,150,404.0,60600.0
2021062304032207,API,22,38,100,404.0,40400.0
2021062304032175,API,45,38,40,404.0,16160.0
2021062304032170,API,44,38,50,404.0,20200.0
2021062304031768,API,10,35,100,405.0,40500.0
2021062304031767,API,51,35,300,405.0,121500.0
2021062304031774,API,59,35,300,404.0,121200.0
2021062304031773,API,43,35,100,404.0,40400.0
2021062304031772,API,35,35,500,404.0,202000.0
2021062304031771,API,28,35,100,404.0,40400.0
2021062304031770,API,43,35,92,404.0,37168.0
2021062304031769,API,19,35,30,405.0,12150.0
2021062304031879,API,51,59,137,409.0,56033.0
2021062304031878,API,51,56,163,409.0,66667.0
2021062304031871,API,29,56,47,409.0,19223.0
2021062304031853,API,6,51,10,408.0,4080.0
2021062304031776,API,54,35,"1,189",404.0,480356.0
2021062304031775,API,51,35,"1,000",404.0,404000.0
2021062304032157,API,56,38,100,406.0,40600.0
2021062304032156,API,45,38,100,406.0,40600.0
2021062304032155,API,34,38,50,406.0,20300.0
2021062304031925,API,34,26,50,406.0,20300.0
2021062304031924,API,58,26,150,406.0,60900.0
2021062304031917,API,36,26,40,408.0,16320.0
2021062304032163,API,16,38,200,405.0,81000.0
2021062304032162,API,8,38,15,405.0,6075.0
2021062304032161,API,45,38,250,406.0,101500.0
2021062304032160,API,49,38,20,406.0,8120.0
2021062304032159,API,34,38,300,406.0,121800.0
2021062304032158,API,38,38,200,406.0,81200.0
2021062304032169,API,44,38,"1,000",404.0,404000.0
2021062304032168,API,58,38,10,404.0,4040.0
2021062304032167,API,38,38,500,404.0,202000.0
2021062304032166,API,54,38,"3,811",404.0,1539644.0
2021062304032165,API,32,38,500,405.0,202500.0
2021062304032164,API,49,38,450,405.0,182250.0
2021062304031866,BARUN,39,38,10,546.0,5460.0
2021062304031798,BARUN,1,16,105,555.0,58275.0
2021062304031797,BARUN,1,40,95,555.0,52725.0
2021062304032238,BPCL,40,47,10,501.0,5010.0
2021062304032006,BPCL,14,46,90,502.0,45180.0
2021062304031996,BPCL,8,38,48,500.0,24000.0
2021062304031995,BPCL,52,38,20,501.0,10020.0
2021062304031783,BPCL,56,46,150,502.0,75300.0
2021062304031994,BPCL,19,38,25,501.0,12525.0
2021062304031993,BPCL,39,38,10,501.0,5010.0
2021062304031992,BPCL,43,38,197,501.0,98697.0
2021062304031896,BPCL,56,46,200,502.0,100400.0
2021062304031876,BPCL,41,46,10,502.0,5020.0
2021062304031858,BPCL,43,19,13,501.0,6513.0
2021062304032145,CGH,49,34,50,1565.0,78250.0
2021062304032144,CGH,49,44,50,1560.0,78000.0
2021062304032115,CGH,39,33,20,1559.0,31180.0
2021062304031972,CGH,39,58,10,1559.0,15590.0
2021062304032096,CHCL,55,34,85,676.0,57460.0
2021062304032054,CHCL,55,34,200,676.0,135200.0
2021062304032053,CHCL,20,34,10,676.0,6760.0
2021062304032052,CHCL,45,34,195,676.0,131820.0
2021062304032051,CHCL,45,34,10,677.0,6770.0
2021062304032003,CHL,49,57,40,447.0,17880.0
2021062304031899,CHL,58,57,860,447.0,384420.0
2021062304031920,DHPL,41,43,71,281.0,19951.0
2021062304031872,DHPL,34,43,229,282.0,64578.0
2021062304032076,EIC,58,26,29,776.0,22504.0
2021062304032075,EIC,46,26,800,776.0,620800.0
2021062304032069,GHL,55,44,20,315.0,6300.0
2021062304032122,GIMES1,4,5,"20,500",19.89,407745.0
2021062304032121,GIMES1,4,8,"30,000",19.58,587400.0
2021062304032100,GIMES1,45,29,"5,000",19.96,99800.0
2021062304032099,GIMES1,45,21,"5,000",19.96,99800.0
2021062304032098,GIMES1,45,58,500,19.95,9975.0
2021062304032097,GIMES1,45,5,"1,400",19.56,27384.0
2021062304031864,GIMES1,4,5,"8,600",19.56,168216.0
2021062304031863,GIMES1,4,34,"4,000",19.54,78160.0
2021062304031862,GIMES1,4,7,"50,000",19.54,977000.0
2021062304031861,GIMES1,4,34,"15,000",19.5,292500.0
2021062304031860,GIMES1,4,49,"2,400",19.5,46800.0
2021062304031859,GIMES1,4,5,"20,000",19.49,389800.0
2021062304032174,GLH,20,21,10,379.0,3790.0
2021062304032113,GLH,20,21,10,379.0,3790.0
2021062304032112,GLH,16,32,200,380.0,76000.0
2021062304031946,GLH,58,32,10,380.0,3800.0
2021062304031945,GLH,49,32,20,380.0,7600.0
2021062304031944,GLH,14,32,55,380.0,20900.0
2021062304031778,GLH,58,40,10,381.0,3810.0
2021062304031943,GLH,57,32,100,380.0,38000.0
2021062304031942,GLH,57,32,20,380.0,7600.0
2021062304031941,GLH,58,32,50,380.0,19000.0
2021062304031940,GLH,39,32,30,380.0,11400.0
2021062304031939,GLH,25,32,10,380.0,3800.0
2021062304031938,GLH,26,32,90,380.0,34200.0
2021062304032126,HDHPC,46,33,600,290.0,174000.0
2021062304032111,HDHPC,57,33,326,290.0,94540.0
2021062304032110,HDHPC,57,35,174,290.0,50460.0
2021062304032088,HDHPC,34,49,162,288.0,46656.0
2021062304032087,HDHPC,34,49,150,288.0,43200.0
2021062304032086,HDHPC,22,49,400,288.0,115200.0
2021062304032085,HDHPC,42,49,135,288.0,38880.0
2021062304032084,HDHPC,57,49,153,288.0,44064.0
2021062304031980,HDHPC,14,35,196,290.0,56840.0
2021062304032081,HGI,39,59,300,804.0,241200.0
2021062304031842,HGI,50,39,50,802.0,40100.0
2021062304032259,HPPL,42,51,50,411.0,20550.0
2021062304032258,HURJA,53,13,409,354.0,144786.0
2021062304031957,HURJA,50,48,20,353.0,7060.0
2021062304031937,HURJA,50,43,20,353.0,7060.0
2021062304031909,IGI,58,38,100,1249.0,124900.0
2021062304031908,IGI,6,38,50,1249.0,62450.0
2021062304032180,JOSHI,50,47,403,298.0,120094.0
2021062304032179,JOSHI,11,47,200,298.0,59600.0
2021062304032178,JOSHI,38,47,100,298.0,29800.0
2021062304032177,JOSHI,46,47,14,298.0,4172.0
2021062304032066,JOSHI,58,43,20,298.0,5960.0
2021062304031847,JOSHI,51,47,20,299.0,5980.0
2021062304031846,JOSHI,42,47,63,299.0,18837.0
2021062304031845,JOSHI,6,47,100,299.0,29900.0
2021062304031844,JOSHI,38,47,100,299.0,29900.0
2021062304032039,KEF,48,58,200,10.4,2080.0
2021062304032038,KEF,48,44,"1,500",10.4,15600.0
2021062304032037,KEF,48,58,200,10.4,2080.0
2021062304032036,KEF,48,5,500,10.4,5200.0
2021062304032035,KEF,48,8,"10,000",10.4,104000.0
2021062304032034,KEF,48,50,100,10.4,1040.0
2021062304032033,KEF,48,49,100,10.4,1040.0
2021062304032032,KEF,48,58,500,10.4,5200.0
2021062304032031,KEF,48,45,"1,000",10.35,10350.0
2021062304032030,KEF,48,57,"5,000",10.35,51750.0
2021062304032234,KPCL,45,19,90,450.0,40500.0
2021062304032223,KPCL,45,43,10,450.0,4500.0
2021062304032082,LEC,16,57,40,356.0,14240.0
2021062304031882,LEC,16,34,30,356.0,10680.0
2021062304031881,LEC,16,51,10,356.0,3560.0
2021062304031960,LGIL,55,34,100,807.0,80700.0
2021062304031959,LGIL,28,34,50,807.0,40350.0
2021062304031921,LGIL,28,38,50,807.0,40350.0
2021062304031793,MEN,47,3,10,858.0,8580.0
2021062304032235,NBF2,43,49,"27,339",13.8,377278.2
2021062304032107,NGPL,58,52,37,480.0,17760.0
2021062304031948,NGPL,58,21,490,480.0,235200.0
2021062304031947,NGPL,58,21,10,480.0,4800.0
2021062304031968,NHDL,41,49,30,435.0,13050.0
2021062304031967,NHDL,6,49,50,435.0,21750.0
2021062304031966,NHDL,42,49,100,435.0,43500.0
2021062304031965,NHDL,8,49,20,435.0,8700.0
2021062304031964,NHDL,17,49,100,435.0,43500.0
2021062304031963,NHDL,28,49,40,435.0,17400.0
2021062304032229,NHPC,53,3,200,324.0,64800.0
