Transact. No.,Symbol,Buyer,Seller,Quantity,Rate,Amount
2021062804030308,AHPC,57,21,200,460.0,92000.0
2021062804030307,AHPC,57,21,258,460.0,118680.0
2021062804030253,AHPC,1,56,60,461.0,27660.0
2021062804030219,AHPC,57,37,10,460.0,4600.0
2021062804030617,AHPC,42,53,10,459.0,4590.0
2021062804030532,AHPC,39,58,8,460.0,3680.0
2021062804030531,AHPC,39,41,42,460.0,19320.0
2021062804030475,AHPC,34,41,100,460.0,46000.0
2021062804030418,AHPC,3,41,58,460.0,26680.0
2021062804030309,AHPC,3,21,42,460.0,19320.0
2021062804030650,AHPC,58,17,15,460.0,6900.0
2021062804030649,AHPC,58,42,10,460.0,4600.0
2021062804030618,AHPC,26,53,40,459.0,18360.0
2021062804030396,AIL,49,51,10,819.0,8190.0
2021062804030395,AIL,49,58,10,819.0,8190.0
2021062804030266,AIL,49,34,10,817.0,8170.0
2021062804030380,AKJCL,38,26,50,279.0,13950.0
2021062804030610,AKPL,6,8,500,434.0,217000.0
2021062804030486,AKPL,10,8,100,434.0,43400.0
2021062804030389,AKPL,39,46,41,433.0,17753.0
2021062804030388,AKPL,56,46,100,433.0,43300.0
2021062804030387,AKPL,53,46,100,433.0,43300.0
2021062804030386,AKPL,36,46,100,433.0,43300.0
2021062804030261,AKPL,33,8,"1,000",434.0,434000.0
2021062804030234,AKPL,26,8,10,434.0,4340.0
2021062804030385,AKPL,51,46,100,433.0,43300.0
2021062804030384,AKPL,46,46,500,433.0,216500.0
2021062804030383,AKPL,38,46,559,433.0,242047.0
2021062804030310,AKPL,38,21,253,433.0,109549.0
2021062804030282,AKPL,38,36,188,433.0,81404.0
2021062804030281,AKPL,38,36,312,433.0,135096.0
2021062804030658,API,48,26,70,387.0,27090.0
2021062804030656,API,28,6,10,388.0,3880.0
2021062804030615,API,50,6,50,388.0,19400.0
2021062804030437,API,48,58,500,387.0,193500.0
2021062804030404,API,48,42,70,387.0,27090.0
2021062804030403,API,48,6,800,387.0,309600.0
2021062804030342,API,45,6,"1,000",387.0,387000.0
2021062804030326,API,35,56,300,386.0,115800.0
2021062804030325,API,35,6,200,387.0,77400.0
2021062804030324,API,35,25,300,387.0,116100.0
2021062804030235,API,35,45,18,386.0,6948.0
2021062804030666,BARUN,48,38,10,528.0,5280.0
2021062804030651,BARUN,49,14,10,510.0,5100.0
2021062804030529,BARUN,20,19,50,538.0,26900.0
2021062804030528,BARUN,20,22,100,535.0,53500.0
2021062804030399,BARUN,20,45,390,535.0,208650.0
2021062804030398,BARUN,20,6,100,526.0,52600.0
2021062804030397,BARUN,20,38,10,525.0,5250.0
2021062804030346,BARUN,20,45,110,535.0,58850.0
2021062804030345,BARUN,20,38,990,530.0,524700.0
2021062804030344,BARUN,20,22,100,529.0,52900.0
2021062804030343,BARUN,20,45,300,526.0,157800.0
2021062804030663,BPCL,45,48,100,514.0,51400.0
2021062804030616,BPCL,43,48,100,514.0,51400.0
2021062804030612,BPCL,58,48,10,514.0,5140.0
2021062804030578,BPCL,21,48,100,514.0,51400.0
2021062804030257,BPCL,17,48,500,514.0,257000.0
2021062804030222,BPCL,11,39,100,513.0,51300.0
2021062804030564,BPCL,7,45,58,513.0,29754.0
2021062804030520,BPCL,21,48,10,514.0,5140.0
2021062804030487,BPCL,17,48,100,514.0,51400.0
2021062804030440,BPCL,4,48,50,514.0,25700.0
2021062804030450,CGH,17,1,65,1570.0,102050.0
2021062804030449,CGH,57,1,50,1570.0,78500.0
2021062804030448,CGH,7,1,347,1570.0,544790.0
2021062804030446,CGH,3,34,10,1574.0,15740.0
2021062804030362,CGH,7,38,10,1570.0,15700.0
2021062804030365,CHCL,6,45,20,671.0,13420.0
2021062804030298,CHCL,6,45,30,671.0,20130.0
2021062804030510,CHL,42,28,10,429.0,4290.0
2021062804030424,CHL,42,57,30,429.0,12870.0
2021062804030273,CHL,5,57,10,429.0,4290.0
2021062804030540,DHPL,25,48,10,274.0,2740.0
2021062804030294,DHPL,52,4,65,273.0,17745.0
2021062804030293,DHPL,10,4,35,274.0,9590.0
2021062804030280,DHPL,10,21,65,274.0,17810.0
2021062804030620,EIC,21,57,11,764.0,8404.0
2021062804030538,EIC,4,57,70,764.0,53480.0
2021062804030405,EIC,48,57,100,764.0,76400.0
2021062804030554,GHL,5,21,70,294.0,20580.0
2021062804030492,GHL,4,21,20,294.0,5880.0
2021062804030284,GHL,58,21,10,295.0,2950.0
2021062804030599,GIC,35,17,10,707.0,7070.0
2021062804030598,GIC,35,42,10,707.0,7070.0
2021062804030597,GIC,35,51,10,707.0,7070.0
2021062804030558,GIC,38,58,10,707.0,7070.0
2021062804030557,GIC,38,53,10,707.0,7070.0
2021062804030556,GIC,38,36,30,707.0,21210.0
2021062804030376,GIMES1,4,4,100,19.28,1928.0
2021062804030509,GLH,17,37,10,373.0,3730.0
2021062804030453,GLH,17,6,10,373.0,3730.0
2021062804030660,HDHPC,42,14,10,278.0,2780.0
2021062804030537,HDHPC,42,41,30,278.0,8340.0
2021062804030516,HDHPC,39,10,374,277.0,103598.0
2021062804030515,HDHPC,35,10,100,277.0,27700.0
2021062804030514,HDHPC,49,10,76,277.0,21052.0
2021062804030513,HDHPC,44,10,30,277.0,8310.0
2021062804030512,HDHPC,21,10,420,277.0,116340.0
2021062804030501,HDHPC,22,41,200,278.0,55600.0
2021062804030470,HDHPC,42,41,25,278.0,6950.0
2021062804030333,HDHPC,57,41,100,278.0,27800.0
2021062804030270,HDHPC,57,41,30,278.0,8340.0
2021062804030370,HGI,5,21,10,780.0,7800.0
2021062804030312,HGI,57,21,170,780.0,132600.0
2021062804030311,HGI,57,26,30,780.0,23400.0
2021062804030250,HGI,5,7,45,778.0,35010.0
2021062804030249,HGI,10,7,100,779.0,77900.0
2021062804030611,HPPL,58,49,10,412.0,4120.0
2021062804030279,HPPL,42,49,120,411.0,49320.0
2021062804030278,HPPL,42,49,260,411.0,106860.0
2021062804030277,HPPL,42,49,50,411.0,20550.0
2021062804030276,HPPL,42,49,50,411.0,20550.0
2021062804030275,HPPL,33,49,295,411.0,121245.0
2021062804030274,HPPL,48,49,425,412.0,175100.0
2021062804030262,HPPL,48,50,275,412.0,113300.0
2021062804030256,HPPL,55,50,725,412.0,298700.0
2021062804030255,HPPL,55,14,210,412.0,86520.0
2021062804030254,HPPL,55,49,65,412.0,26780.0
2021062804030355,JOSHI,58,6,50,280.0,14000.0
2021062804030354,JOSHI,58,16,100,280.0,28000.0
2021062804030292,KEF,52,10,800,10.16,8128.0
2021062804030473,KKHC,6,49,30,276.0,8280.0
2021062804030472,KKHC,34,49,30,276.0,8280.0
2021062804030460,KKHC,34,8,20,276.0,5520.0
2021062804030459,KKHC,58,8,80,276.0,22080.0
2021062805000039,KLBSL,52,55,50,1621.0,81050.0
2021062805000038,KLBSL,49,16,100,1625.0,162500.0
2021062805000037,KLBSL,36,56,10,1628.0,16280.0
2021062805000036,KLBSL,49,56,34,1628.0,55352.0
2021062805000035,KLBSL,35,56,10,1630.0,16300.0
2021062805000034,KLBSL,52,19,10,1630.0,16300.0
2021062805000003,KLBSL,39,4,10,1592.0,15920.0
2021062805000002,KLBSL,56,57,50,1561.0,78050.0
2021062805000001,KLBSL,56,59,10,1561.0,15610.0
2021062805000009,KLBSL,26,6,30,1660.0,49800.0
2021062805000008,KLBSL,26,50,40,1659.0,66360.0
2021062805000007,KLBSL,26,42,26,1658.0,43108.0
2021062805000006,KLBSL,26,52,10,1632.0,16320.0
2021062805000005,KLBSL,39,16,50,1600.0,80000.0
2021062805000004,KLBSL,39,42,200,1600.0,320000.0
2021062805000015,KLBSL,29,43,14,1625.0,22750.0
2021062805000014,KLBSL,29,50,20,1624.0,32480.0
2021062805000013,KLBSL,29,22,20,1624.0,32480.0
2021062805000012,KLBSL,51,22,30,1624.0,48720.0
2021062805000011,KLBSL,29,35,10,1626.0,16260.0
2021062805000010,KLBSL,55,29,40,1659.0,66360.0
2021062805000021,KLBSL,29,42,200,1644.0,328800.0
2021062805000020,KLBSL,29,3,10,1643.0,16430.0
2021062805000019,KLBSL,29,17,50,1640.0,82000.0
2021062805000018,KLBSL,29,14,100,1640.0,164000.0
2021062805000017,KLBSL,29,1,100,1639.0,163900.0
2021062805000016,KLBSL,29,16,40,1635.0,65400.0
2021062805000027,KLBSL,29,17,50,1650.0,82500.0
2021062805000026,KLBSL,29,29,100,1650.0,165000.0
2021062805000025,KLBSL,29,43,56,1649.0,92344.0
2021062805000024,KLBSL,29,38,100,1648.0,164800.0
2021062805000023,KLBSL,29,10,30,1648.0,49440.0
2021062805000022,KLBSL,29,17,50,1645.0,82250.0
2021062805000033,KLBSL,49,41,10,1642.0,16420.0
2021062805000032,KLBSL,49,34,16,1628.0,26048.0
2021062805000031,KLBSL,32,45,98,1643.0,161014.0
2021062805000030,KLBSL,36,45,52,1644.0,85488.0
2021062805000029,KLBSL,39,57,100,1654.0,165400.0
2021062805000028,KLBSL,39,38,20,1653.0,33060.0
2021062804030669,KPCL,55,25,50,430.0,21500.0
2021062804030648,LEC,35,49,164,351.0,57564.0
2021062804030647,LEC,36,49,36,351.0,12636.0
2021062804030581,LEC,13,48,10,354.0,3540.0
2021062804030455,LEC,45,48,10,354.0,3540.0
2021062804030625,LGIL,21,41,181,784.0,141904.0
2021062804030624,LGIL,25,41,85,785.0,66725.0
2021062804030623,LGIL,14,41,10,785.0,7850.0
2021062804030622,LGIL,19,41,44,785.0,34540.0
2021062804030621,LGIL,10,41,30,785.0,23550.0
2021062804030606,LGIL,58,54,10,790.0,7900.0
2021062804030579,LGIL,36,54,10,790.0,7900.0
2021062804030319,LGIL,10,38,20,785.0,15700.0
2021062804030318,LGIL,26,38,200,785.0,157000.0
2021062804030317,LGIL,22,38,100,785.0,78500.0
2021062804030316,LGIL,44,38,160,785.0,125600.0
2021062804030580,LUK,46,58,"1,800",12.25,22050.0
2021062804030605,NEF,47,53,483,14.45,6979.35
2021062804030393,NEF,47,53,483,14.45,6979.35
2021062804030508,NGPL,8,1,10,485.0,4850.0
2021062804030507,NGPL,8,42,17,483.0,8211.0
2021062804030506,NGPL,8,22,100,480.0,48000.0
2021062804030505,NGPL,8,43,12,480.0,5760.0
2021062804030504,NGPL,8,50,100,479.0,47900.0
2021062804030503,NGPL,8,36,10,478.0,4780.0
2021062804030502,NGPL,8,22,70,478.0,33460.0
2021062804030289,NHDL,57,45,10,440.0,4400.0
2021062804030659,NHPC,14,35,10,332.0,3320.0
2021062804030654,NHPC,59,35,10,332.0,3320.0
2021062804030596,NHPC,25,35,116,332.0,38512.0
2021062804030595,NHPC,25,22,20,332.0,6640.0
2021062804030594,NHPC,25,21,38,332.0,12616.0
2021062804030593,NHPC,25,26,41,332.0,13612.0
2021062804030224,NHPC,38,40,500,332.0,166000.0
2021062804030469,NHPC,42,5,446,332.0,148072.0
2021062804030468,NHPC,42,40,54,332.0,17928.0
2021062804030442,NHPC,34,40,400,332.0,132800.0
2021062804030439,NHPC,22,40,160,332.0,53120.0
2021062804030427,NHPC,52,40,500,332.0,166000.0
2021062804030381,NHPC,55,40,500,332.0,166000.0
2021062804030518,NHPC,16,44,150,332.0,49800.0
2021062804030517,NHPC,16,49,44,332.0,14608.0
2021062804030489,NHPC,38,49,456,332.0,151392.0
2021062804030488,NHPC,38,5,44,332.0,14608.0
2021062804030477,NHPC,7,21,30,331.0,9930.0
2021062804030474,NHPC,34,5,10,332.0,3320.0
2021062804030559,NHPC,51,6,100,331.0,33100.0
2021062804030542,NHPC,5,6,100,331.0,33100.0
2021062804030541,NHPC,1,6,50,331.0,16550.0
2021062804030539,NHPC,52,6,470,331.0,155570.0
2021062804030522,NHPC,52,36,30,331.0,9930.0
2021062804030521,NHPC,7,36,970,331.0,321070.0
2021062804030592,NHPC,25,36,100,332.0,33200.0
2021062804030591,NHPC,25,8,200,332.0,66400.0
2021062804030590,NHPC,25,49,125,332.0,41500.0
2021062804030589,NHPC,25,38,"1,000",332.0,332000.0
2021062804030588,NHPC,25,45,360,332.0,119520.0
2021062804030565,NHPC,52,6,780,331.0,258180.0
2021062804030485,NIBLPF,59,26,595,14.79,8800.05
2021062804030484,NIBLPF,59,40,405,14.79,5989.95
2021062804030357,NIBLPF,59,36,"50,000",14.78,739000.0
2021062804030356,NIBLPF,59,36,"50,000",14.9,745000.0
2021062804030519,NIBSF1,26,16,"1,000",14.41,14410.0
2021062804030271,NIBSF1,26,16,"3,000",14.41,43230.0
2021062804030633,NICL,28,46,100,1177.0,117700.0
2021062804030631,NICL,6,46,200,1177.0,235400.0
2021062804030630,NICL,47,46,100,1177.0,117700.0
2021062804030629,NICL,6,46,100,1177.0,117700.0
2021062804030628,NICL,40,46,100,1177.0,117700.0
2021062804030627,NICL,35,46,232,1177.0,273064.0
2021062804030330,NICL,28,57,100,1181.0,118100.0
2021062804030329,NICL,28,35,50,1181.0,59050.0
2021062804030328,NICL,28,22,50,1180.0,59000.0
2021062804030327,NICL,28,56,100,1180.0,118000.0
2021062804030411,NICL,53,32,88,1179.0,103752.0
2021062804030373,NICL,38,32,30,1179.0,35370.0
2021062804030367,NICL,38,32,15,1179.0,17685.0
2021062804030366,NICL,53,32,100,1179.0,117900.0
2021062804030332,NICL,28,35,40,1183.0,47320.0
2021062804030331,NICL,28,52,160,1183.0,189280.0
2021062804030479,NICL,33,32,100,1178.0,117800.0
2021062804030478,NICL,56,32,100,1178.0,117800.0
2021062804030435,NICL,56,48,400,1178.0,471200.0
2021062804030434,NICL,28,48,100,1178.0,117800.0
2021062804030429,NICL,6,32,23,1179.0,27117.0
2021062804030425,NICL,19,32,50,1179.0,58950.0
2021062804030569,NICL,56,32,150,1178.0,176700.0
2021062804030562,NICL,32,32,10,1178.0,11780.0
2021062804030483,NICL,6,32,30,1178.0,35340.0
2021062804030482,NICL,49,32,300,1178.0,353400.0
2021062804030481,NICL,29,32,100,1178.0,117800.0
2021062804030480,NICL,19,32,30,1178.0,35340.0
2021062804030546,NIL,39,4,100,1658.0,165800.0
2021062804030463,NIL,19,42,50,1656.0,82800.0
2021062804030443,NIL,35,4,100,1658.0,165800.0
2021062804030338,NIL,19,14,46,1656.0,76176.0
2021062804030337,NIL,40,14,100,1656.0,165600.0
2021062804030336,NIL,57,14,50,1656.0,82800.0
2021062804030335,NIL,8,14,100,1657.0,165700.0
2021062804030334,NIL,50,14,188,1657.0,311516.0
2021062804030300,NIL,50,48,12,1657.0,19884.0
2021062804030252,NIL,57,45,50,1656.0,82800.0
2021062804030251,NIL,44,45,50,1656.0,82800.0
2021062804030602,NLG,13,33,10,1313.0,13130.0
2021062804030601,NLG,13,57,20,1311.0,26220.0
2021062804030368,NLG,43,32,10,1310.0,13100.0
2021062804030456,NLG,29,45,"1,000",1306.0,1306000.0
2021062804030369,NLG,43,57,40,1311.0,52440.0
2021062804030511,OHL,6,49,10,573.0,5730.0
2021062804030609,PPCL,14,3,10,353.0,3530.0
2021062804030608,PPCL,14,39,10,351.0,3510.0
2021062804030607,PPCL,14,26,10,349.0,3490.0
2021062804030533,PPCL,5,43,98,347.0,34006.0
2021062804030410,PPCL,14,43,100,347.0,34700.0
2021062804030603,PRIN,41,35,50,972.0,48600.0
2021062804030490,PRIN,45,38,150,970.0,145500.0
2021062804030673,RADHI,20,41,10,1120.0,11200.0
2021062804030668,RADHI,20,21,320,1120.0,358400.0
2021062804030653,RADHI,20,35,30,1120.0,33600.0
2021062804030652,RADHI,58,35,10,1120.0,11200.0
2021062804030619,RADHI,58,38,90,1120.0,100800.0
2021062804030587,RADHI,42,21,10,1117.0,11170.0
2021062804030245,RADHI,38,4,10,1117.0,11170.0
2021062804030244,RADHI,8,36,50,1115.0,55750.0
2021062804030233,RADHI,17,4,20,1117.0,22340.0
2021062804030223,RADHI,7,4,10,1117.0,11170.0
2021062804030220,RADHI,29,4,20,1117.0,22340.0
2021062804030217,RADHI,42,4,175,1117.0,195475.0
2021062804030283,RADHI,25,34,20,1110.0,22200.0
2021062804030272,RADHI,36,4,20,1117.0,22340.0
2021062804030263,RADHI,22,4,20,1117.0,22340.0
2021062804030260,RADHI,25,42,10,1110.0,11100.0
2021062804030259,RADHI,34,42,30,1110.0,33300.0
2021062804030258,RADHI,8,42,50,1115.0,55750.0
2021062804030304,RADHI,47,53,20,1115.0,22300.0
2021062804030301,RADHI,58,4,100,1117.0,111700.0
2021062804030299,RADHI,13,4,25,1117.0,27925.0
2021062804030295,RADHI,37,4,58,1117.0,64786.0
2021062804030291,RADHI,49,4,10,1117.0,11170.0
2021062804030290,RADHI,25,41,70,1110.0,77700.0
2021062804030340,RADHI,43,49,3,1117.0,3351.0
2021062804030323,RADHI,44,4,147,1117.0,164199.0
2021062804030322,RADHI,44,53,180,1114.0,200520.0
2021062804030315,RADHI,57,16,47,1110.0,52170.0
2021062804030314,RADHI,34,16,33,1110.0,36630.0
2021062804030313,RADHI,51,16,20,1112.0,22240.0
2021062804030402,RADHI,32,58,100,1117.0,111700.0
2021062804030401,RADHI,21,58,20,1117.0,22340.0
2021062804030394,RADHI,49,58,50,1117.0,55850.0
2021062804030391,RADHI,56,58,25,1117.0,27925.0
2021062804030390,RADHI,44,45,40,1117.0,44680.0
2021062804030382,RADHI,44,58,10,1117.0,11170.0
2021062804030431,RADHI,43,26,148,1120.0,165760.0
2021062804030430,RADHI,43,50,23,1120.0,25760.0
2021062804030428,RADHI,42,45,30,1117.0,33510.0
2021062804030417,RADHI,34,50,27,1120.0,30240.0
2021062804030416,RADHI,34,45,30,1119.0,33570.0
2021062804030415,RADHI,34,58,43,1117.0,48031.0
2021062804030493,RADHI,34,45,12,1118.0,13416.0
2021062804030464,RADHI,8,26,20,1120.0,22400.0
2021062804030454,RADHI,32,26,100,1120.0,112000.0
2021062804030451,RADHI,45,26,20,1120.0,22400.0
2021062804030438,RADHI,42,58,20,1117.0,22340.0
2021062804030432,RADHI,43,26,29,1120.0,32480.0
2021062804030499,RADHI,4,41,50,1120.0,56000.0
2021062804030498,RADHI,4,47,50,1120.0,56000.0
2021062804030497,RADHI,4,38,12,1120.0,13440.0
2021062804030496,RADHI,4,46,250,1120.0,280000.0
2021062804030495,RADHI,4,41,100,1120.0,112000.0
2021062804030494,RADHI,4,26,31,1120.0,34720.0
2021062804030566,RADHI,7,35,20,1119.0,22380.0
2021062804030555,RADHI,22,46,40,1120.0,44800.0
2021062804030543,RADHI,46,46,50,1120.0,56000.0
2021062804030536,RADHI,42,5,22,1117.0,24574.0
2021062804030535,RADHI,14,5,10,1118.0,11180.0
2021062804030534,RADHI,34,5,18,1118.0,20124.0
2021062804030586,RADHI,29,45,119,1121.0,133399.0
2021062804030585,RADHI,29,34,101,1121.0,113221.0
2021062804030584,RADHI,29,57,200,1120.0,224000.0
2021062804030583,RADHI,29,22,80,1120.0,89600.0
2021062804030568,RADHI,7,22,70,1120.0,78400.0
2021062804030567,RADHI,7,46,110,1120.0,123200.0
2021062804030667,RBCL,32,22,20,21200.0,424000.0
2021062804030553,RHPC,33,34,24,569.0,13656.0
2021062804030552,RHPC,56,34,20,569.0,11380.0
2021062804030551,RHPC,58,34,60,570.0,34200.0
2021062804030550,RHPC,25,34,996,570.0,567720.0
2021062804030549,RHPC,36,34,100,570.0,57000.0
2021062804030426,RHPC,36,3,200,570.0,114000.0
2021062804030433,RHPL,21,33,60,463.0,27780.0
2021062804030243,RHPL,38,51,10,462.0,4620.0
2021062804030242,RHPL,19,51,100,462.0,46200.0
2021062804030241,RHPL,46,51,390,463.0,180570.0
2021062804030637,RRHP,34,51,10,388.0,3880.0
2021062804030409,RRHP,33,6,10,382.0,3820.0
2021062804030341,RRHP,33,38,120,382.0,45840.0
2021062804030571,SFMF,13,47,500,15.64,7820.0
2021062804030570,SFMF,13,25,"1,000",15.63,15630.0
2021062804030604,SGI,57,42,10,738.0,7380.0
2021062804030577,SGI,57,51,20,738.0,14760.0
2021062804030576,SGI,57,34,10,738.0,7380.0
2021062804030575,SGI,57,17,10,738.0,7380.0
2021062804030574,SGI,57,7,10,738.0,7380.0
2021062804030573,SGI,57,45,80,738.0,59040.0
2021062804030547,SGI,43,17,10,736.0,7360.0
2021062804030379,SGI,6,45,40,738.0,29520.0
2021062804030378,SGI,6,47,100,737.0,73700.0
2021062804030377,SGI,6,34,10,737.0,7370.0
2021062804030413,SHL,47,43,50,267.0,13350.0
2021062804030412,SHL,45,43,100,267.0,26700.0
2021062804030636,SHPC,16,6,878,481.0,422318.0
2021062804030635,SHPC,14,6,122,481.0,58682.0
2021062804030634,SHPC,56,6,"1,000",482.0,482000.0
2021062804030545,SHPC,14,6,28,481.0,13468.0
2021062804030544,SHPC,1,6,24,482.0,11568.0
2021062804030237,SHPC,22,6,210,484.0,101640.0
2021062804030236,SHPC,16,6,196,484.0,94864.0
2021062804030240,SHPC,42,6,50,483.0,24150.0
2021062804030239,SHPC,55,6,120,483.0,57960.0
2021062804030238,SHPC,56,6,"1,000",483.0,483000.0
2021062804030524,SHPC,32,39,76,483.0,36708.0
2021062804030523,SHPC,32,6,24,483.0,11592.0
2021062804030441,SHPC,14,38,50,481.0,24050.0
2021062804030371,SHPC,41,6,400,483.0,193200.0
2021062804030288,SIC,58,1,1,1568.0,1568.0
2021062804030287,SIC,32,1,74,1568.0,116032.0
2021062804030286,SIC,32,38,26,1567.0,40742.0
2021062804030285,SIC,46,49,15,1565.0,23475.0
2021062804030665,SICL,45,45,45,2016.0,90720.0
2021062804030664,SICL,45,17,117,2016.0,235872.0
2021062804030646,SICL,53,17,10,2016.0,20160.0
2021062804030462,SICL,39,38,100,2015.0,201500.0
2021062804030458,SICL,34,38,25,2015.0,50375.0
2021062804030420,SICL,6,38,25,2015.0,50375.0
2021062804030353,SICL,34,38,50,2015.0,100750.0
2021062804030352,SICL,34,14,50,2015.0,100750.0
2021062804030339,SICL,14,25,20,2014.0,40280.0
2021062804030265,SICL,53,16,13,2014.0,26182.0
2021062804030264,SICL,35,16,12,2014.0,24168.0
2021062804030216,SICL,58,25,1,2015.0,2015.0
2021062804030626,SIL,37,22,200,1078.0,215600.0
2021062804030471,SIL,17,22,100,1079.0,107900.0
2021062804030662,SJCL,44,33,130,425.0,55250.0
2021062804030661,SJCL,44,55,370,425.0,157250.0
2021062804030500,SJCL,47,55,50,425.0,21250.0
2021062804030452,SJCL,58,57,40,424.0,16960.0
2021062804030321,SJCL,58,6,40,424.0,16960.0
2021062804030657,SPDL,46,57,10,410.0,4100.0
2021062804030269,SPDL,45,57,10,410.0,4100.0
2021062804030632,SSHL,39,45,100,324.0,32400.0
2021062804030530,SSHL,39,43,30,324.0,9720.0
2021062804030445,SSHL,49,43,970,324.0,314280.0
2021062804030444,SSHL,49,49,30,324.0,9720.0
2021062804030221,SSHL,25,49,70,324.0,22680.0
2021062804030320,STC,51,45,10,9885.0,98850.0
2021062804030461,TRH,8,8,100,388.0,38800.0
2021062804030351,UIC,35,40,810,731.0,592110.0
2021062804030303,UIC,35,45,30,731.0,21930.0
2021062804030582,UMHL,38,41,70,361.0,25270.0
2021062804030363,UMHL,44,22,200,360.0,72000.0
2021062804030347,UMHL,28,38,100,361.0,36100.0
2021062804030296,UMHL,45,38,20,361.0,7220.0
2021062804030457,UMHL,38,20,300,361.0,108300.0
2021062804030423,UMHL,38,38,80,361.0,28880.0
2021062804030572,UMRH,41,49,45,477.0,21465.0
2021062804030674,UNHPL,52,58,10,350.0,3500.0
2021062804030306,UNHPL,25,19,50,347.0,17350.0
2021062804030491,UPCL,29,19,400,293.0,117200.0
2021062804030408,UPCL,29,1,190,293.0,55670.0
2021062804030407,UPCL,43,1,100,293.0,29300.0
2021062804030406,UPCL,10,1,210,293.0,61530.0
2021062804030392,UPCL,41,57,100,294.0,29400.0
2021062804030364,UPCL,16,57,50,294.0,14700.0
2021062804030676,UPPER,42,42,471,790.0,372090.0
2021062804030675,UPPER,28,42,29,790.0,22910.0
2021062804030672,UPPER,28,45,10,790.0,7900.0
2021062804030671,UPPER,28,35,50,790.0,39500.0
2021062804030670,UPPER,28,18,11,790.0,8690.0
2021062804030226,UPPER,55,5,250,790.0,197500.0
2021062804030225,UPPER,55,16,100,790.0,79000.0
2021062804030218,UPPER,55,36,40,790.0,31600.0
2021062804030232,UPPER,56,5,80,790.0,63200.0
2021062804030231,UPPER,25,5,200,790.0,158000.0
2021062804030230,UPPER,5,5,300,790.0,237000.0
2021062804030229,UPPER,33,5,20,790.0,15800.0
2021062804030228,UPPER,34,5,50,790.0,39500.0
2021062804030227,UPPER,34,5,100,790.0,79000.0
2021062804030297,UPPER,45,45,200,789.0,157800.0
2021062804030268,UPPER,8,26,"4,300",791.0,3401300.0
2021062804030267,UPPER,8,41,700,790.0,553000.0
2021062804030248,UPPER,34,41,180,790.0,142200.0
2021062804030247,UPPER,41,41,100,790.0,79000.0
2021062804030246,UPPER,56,41,20,790.0,15800.0
2021062804030358,UPPER,4,7,255,790.0,201450.0
2021062804030350,UPPER,6,7,70,790.0,55300.0
2021062804030349,UPPER,6,5,40,790.0,31600.0
2021062804030348,UPPER,6,20,390,790.0,308100.0
2021062804030305,UPPER,6,20,100,790.0,79000.0
2021062804030302,UPPER,19,20,10,790.0,7900.0
2021062804030375,UPPER,22,55,150,789.0,118350.0
2021062804030374,UPPER,45,55,"4,150",789.0,3274350.0
2021062804030372,UPPER,38,13,25,790.0,19750.0
2021062804030361,UPPER,4,57,38,791.0,30058.0
2021062804030360,UPPER,4,10,87,791.0,68817.0
2021062804030359,UPPER,4,26,20,791.0,15820.0
2021062804030436,UPPER,51,13,200,790.0,158000.0
2021062804030422,UPPER,42,6,40,789.0,31560.0
2021062804030421,UPPER,22,6,50,789.0,39450.0
2021062804030419,UPPER,41,13,40,790.0,31600.0
2021062804030414,UPPER,38,13,100,790.0,79000.0
2021062804030400,UPPER,58,13,120,790.0,94800.0
2021062804030525,UPPER,45,13,398,790.0,314420.0
2021062804030476,UPPER,58,13,50,790.0,39500.0
2021062804030467,UPPER,42,28,27,789.0,21303.0
2021062804030466,UPPER,4,28,40,789.0,31560.0
2021062804030465,UPPER,42,28,33,789.0,26037.0
2021062804030447,UPPER,48,13,67,790.0,52930.0
2021062804030563,UPPER,32,18,30,790.0,23700.0
2021062804030561,UPPER,55,18,12,790.0,9480.0
2021062804030560,UPPER,55,47,48,790.0,37920.0
2021062804030548,UPPER,26,47,50,790.0,39500.0
2021062804030527,UPPER,45,47,52,790.0,41080.0
2021062804030526,UPPER,45,42,50,790.0,39500.0
2021062804030640,UPPER,47,34,19,789.0,14991.0
2021062804030639,UPPER,44,34,20,789.0,15780.0
2021062804030638,UPPER,39,34,33,789.0,26037.0
2021062804030614,UPPER,39,28,67,789.0,52863.0
2021062804030613,UPPER,42,28,33,789.0,26037.0
2021062804030600,UPPER,32,18,25,790.0,19750.0
2021062804030655,UPPER,45,18,125,790.0,98750.0
2021062804030645,UPPER,16,34,100,789.0,78900.0
2021062804030644,UPPER,34,34,188,789.0,148332.0
2021062804030643,UPPER,35,34,30,789.0,23670.0
2021062804030642,UPPER,44,34,100,789.0,78900.0
2021062804030641,UPPER,38,34,10,789.0,7890.0
2021062804030166,AHPC,7,56,10,461.0,4610.0
2021062804029898,AHPC,57,20,732,460.0,336720.0
2021062804029897,AHPC,45,20,500,460.0,230000.0
2021062804029896,AHPC,11,20,388,460.0,178480.0
2021062804029895,AHPC,52,20,380,461.0,175180.0
2021062804029891,AHPC,52,28,20,461.0,9220.0
2021062804029772,AHPC,32,3,60,460.0,27600.0
2021062804029771,AHPC,33,3,90,460.0,41400.0
2021062804029770,AHPC,41,3,100,461.0,46100.0
2021062804029849,AHPC,39,38,100,462.0,46200.0
2021062804029848,AHPC,49,38,198,462.0,91476.0
2021062804029818,AHPC,49,58,52,462.0,24024.0
2021062804029817,AHPC,49,16,500,462.0,231000.0
2021062804029816,AHPC,49,44,150,462.0,69300.0
2021062804029815,AHPC,49,36,100,462.0,46200.0
2021062804029855,AHPC,11,38,112,460.0,51520.0
2021062804029854,AHPC,48,38,"1,000",460.0,460000.0
2021062804029853,AHPC,49,38,"3,000",460.0,1380000.0
2021062804029852,AHPC,7,38,500,460.0,230000.0
2021062804029851,AHPC,32,38,40,460.0,18400.0
2021062804029850,AHPC,52,38,50,461.0,23050.0
2021062804029812,AIL,58,52,10,816.0,8160.0
2021062804029756,AKJCL,10,39,50,279.0,13950.0
2021062804030201,AKPL,4,8,100,434.0,43400.0
2021062804030014,AKPL,45,8,100,434.0,43400.0
2021062804029967,AKPL,13,8,700,434.0,303800.0
2021062804029957,AKPL,58,8,100,434.0,43400.0
2021062804029927,AKPL,38,8,50,434.0,21700.0
2021062804029836,AKPL,38,32,188,433.0,81404.0
2021062804029835,AKPL,48,32,120,433.0,51960.0
2021062804029834,AKPL,44,32,100,433.0,43300.0
2021062804029833,AKPL,58,32,87,433.0,37671.0
2021062804029819,AKPL,53,8,200,434.0,86800.0
2021062804029813,AKPL,11,8,100,434.0,43400.0
2021062804029765,AKPL,45,8,30,434.0,13020.0
2021062804030185,API,35,6,50,386.0,19300.0
2021062804030184,API,35,14,30,386.0,11580.0
2021062804030183,API,35,55,250,386.0,96500.0
2021062804030182,API,35,37,689,386.0,265954.0
2021062804030165,API,17,37,100,386.0,38600.0
2021062804030153,API,47,37,200,386.0,77200.0
2021062804029724,API,48,36,555,386.0,214230.0
2021062804029740,API,48,37,120,386.0,46320.0
2021062804029739,API,34,37,60,386.0,23160.0
2021062804029738,API,48,37,150,386.0,57900.0
2021062804029727,API,48,57,100,386.0,38600.0
2021062804029726,API,48,13,90,386.0,34740.0
2021062804029725,API,48,57,20,386.0,7720.0
2021062804030108,API,45,37,100,386.0,38600.0
2021062804029926,API,1,37,200,386.0,77200.0
2021062804029918,API,49,37,20,386.0,7720.0
2021062804029826,API,32,37,251,386.0,96886.0
2021062804029811,API,52,37,10,386.0,3860.0
2021062804029753,API,35,37,100,386.0,38600.0
2021062804030177,BARUN,20,38,496,525.0,260400.0
2021062804030176,BARUN,20,38,500,523.0,261500.0
2021062804030175,BARUN,20,59,10,523.0,5230.0
2021062804030174,BARUN,20,4,60,523.0,31380.0
2021062804030173,BARUN,20,35,100,521.0,52100.0
2021062804030172,BARUN,20,38,"1,000",520.0,520000.0
2021062804029775,BARUN,51,38,550,510.0,280500.0
2021062804029774,BARUN,42,38,50,510.0,25500.0
2021062804029773,BARUN,13,38,200,511.0,102200.0
2021062804029995,BARUN,20,38,71,513.0,36423.0
2021062804029994,BARUN,20,22,29,512.0,14848.0
2021062804029959,BARUN,22,22,71,512.0,36352.0
2021062804029889,BARUN,49,38,270,510.0,137700.0
2021062804029888,BARUN,51,38,230,510.0,117300.0
2021062804030171,BARUN,20,38,805,520.0,418600.0
2021062804030170,BARUN,20,5,29,519.0,15051.0
2021062804029999,BARUN,20,5,21,519.0,10899.0
2021062804029998,BARUN,20,38,500,519.0,259500.0
2021062804029997,BARUN,20,38,33,518.0,17094.0
2021062804029996,BARUN,20,28,346,517.0,178882.0
2021062804030156,BPCL,17,48,500,514.0,257000.0
2021062804030130,BPCL,34,48,360,514.0,185040.0
2021062804030129,BPCL,34,46,140,514.0,71960.0
2021062804029975,BPCL,39,13,100,513.0,51300.0
2021062804029760,BPCL,57,46,200,514.0,102800.0
2021062804029984,BPCL,17,46,500,514.0,257000.0
2021062804030181,CGH,7,57,55,1570.0,86350.0
2021062804030180,CGH,1,57,20,1570.0,31400.0
2021062804029900,CGH,1,58,10,1570.0,15700.0
2021062804029761,CGH,1,16,100,1570.0,157000.0
2021062804030132,CHCL,50,16,20,671.0,13420.0
2021062804029717,CHCL,29,52,100,674.0,67400.0
2021062804030179,CHL,32,57,10,429.0,4290.0
2021062804030188,DHPL,7,21,100,274.0,27400.0
2021062804029942,DHPL,36,21,125,274.0,34250.0
2021062804030196,EIC,53,57,17,764.0,12988.0
2021062804030195,EIC,53,57,33,764.0,25212.0
2021062804029964,GIC,22,36,20,707.0,14140.0
2021062804029963,GIC,22,53,10,707.0,7070.0
2021062804029962,GIC,22,47,10,707.0,7070.0
2021062804029961,GIC,22,42,10,707.0,7070.0
2021062804029950,GIC,7,42,10,705.0,7050.0
2021062804030149,GIC,57,32,10,706.0,7060.0
2021062804030013,GIMES1,48,4,100,19.67,1967.0
2021062804030202,GLH,17,42,10,373.0,3730.0
2021062804030126,GLH,17,32,50,373.0,18650.0
2021062804030125,GLH,17,8,10,373.0,3730.0
2021062804030124,GLH,17,45,10,373.0,3730.0
2021062804030123,GLH,17,56,10,373.0,3730.0
2021062804030122,GLH,16,39,10,372.0,3720.0
2021062804030106,GLH,16,25,10,372.0,3720.0
2021062804030015,GLH,16,56,10,372.0,3720.0
2021062804030008,GLH,16,54,247,372.0,91884.0
2021062804030007,GLH,50,54,353,372.0,131316.0
2021062804030110,HDHPC,57,41,50,278.0,13900.0
2021062804030109,HDHPC,45,41,65,278.0,18070.0
2021062804030018,HDHPC,58,28,300,279.0,83700.0
2021062804030017,HDHPC,58,55,500,278.0,139000.0
2021062804030003,HDHPC,26,55,300,278.0,83400.0
2021062804030002,HDHPC,34,55,50,278.0,13900.0
2021062804030001,HDHPC,47,55,150,278.0,41700.0
2021062804029752,HDHPC,44,28,50,279.0,13950.0
2021062804030194,HGI,10,7,200,779.0,155800.0
2021062804029886,HGI,5,4,50,778.0,38900.0
2021062804029885,HGI,28,4,500,778.0,389000.0
2021062804029814,HGI,46,26,30,780.0,23400.0
2021062804030164,HPPL,33,58,55,411.0,22605.0
2021062804029945,HPPL,57,49,40,412.0,16480.0
2021062804029797,HPPL,58,49,255,412.0,105060.0
2021062804029796,HPPL,11,49,100,412.0,41200.0
2021062804029795,HPPL,55,49,540,412.0,222480.0
2021062804030200,IGI,45,32,70,1214.0,84980.0
2021062804030199,IGI,46,32,30,1214.0,36420.0
2021062804030147,IGI,46,34,40,1214.0,48560.0
2021062804030146,IGI,57,34,60,1214.0,72840.0
2021062804030006,IGI,57,6,50,1214.0,60700.0
2021062804029969,JOSHI,58,34,36,280.0,10080.0
2021062804029805,JOSHI,57,26,100,279.0,27900.0
2021062804029728,LEC,36,48,350,351.0,122850.0
2021062804029762,LEMF,34,33,"7,990",13.28,106107.2
2021062804030143,LGIL,25,38,20,789.0,15780.0
2021062804029810,LGIL,44,43,63,785.0,49455.0
2021062804029809,LGIL,34,43,20,785.0,15700.0
2021062804029808,LGIL,35,43,17,785.0,13345.0
2021062804029807,LGIL,35,43,13,785.0,10205.0
2021062804029806,LGIL,17,43,45,785.0,35325.0
2021062804029938,MHNL,45,32,100,320.0,32000.0
2021062804029914,MHNL,45,49,100,320.0,32000.0
2021062804029799,MHNL,45,52,15,320.0,4800.0
2021062804030167,NGPL,51,1,70,477.0,33390.0
2021062804029947,NHDL,43,36,200,435.0,87000.0
2021062804030204,NHPC,52,40,50,332.0,16600.0
2021062804030163,NHPC,34,40,10,332.0,3320.0
2021062804030162,NHPC,34,8,30,331.0,9930.0
2021062804030151,NHPC,22,8,100,331.0,33100.0
2021062804030150,NHPC,56,8,370,331.0,122470.0
2021062804030121,NHPC,38,40,"1,500",332.0,498000.0
2021062804029906,NHPC,40,13,30,331.0,9930.0
2021062804029905,NHPC,40,45,74,331.0,24494.0
2021062804029838,NHPC,1,45,20,331.0,6620.0
2021062804029750,NHPC,4,45,400,331.0,132400.0
2021062804029749,NHPC,59,58,80,330.0,26400.0
2021062804029973,NHPC,56,38,130,331.0,43030.0
2021062804029955,NHPC,54,38,70,331.0,23170.0
2021062804029940,NHPC,54,16,130,331.0,43030.0
2021062804029939,NHPC,40,16,20,331.0,6620.0
2021062804029908,NHPC,40,45,250,331.0,82750.0
2021062804029907,NHPC,40,41,"1,000",331.0,331000.0
2021062804030160,NICL,6,52,40,1183.0,47320.0
2021062804030159,NICL,6,26,100,1183.0,118300.0
2021062804030158,NICL,6,45,10,1181.0,11810.0
2021062804030024,NICL,53,35,12,1178.0,14136.0
2021062804030023,NICL,28,35,50,1179.0,58950.0
2021062804030019,NICL,28,57,50,1179.0,58950.0
2021062804029721,NICL,6,55,100,1179.0,117900.0
2021062804029780,NICL,34,22,50,1180.0,59000.0
2021062804029779,NICL,34,45,40,1180.0,47200.0
2021062804029778,NICL,34,55,100,1180.0,118000.0
2021062804029777,NICL,34,53,200,1180.0,236000.0
2021062804029776,NICL,34,55,530,1179.0,624870.0
2021062804029723,NICL,41,55,50,1179.0,58950.0
2021062804029786,NICL,34,41,200,1182.0,236400.0
2021062804029785,NICL,34,46,30,1181.0,35430.0
2021062804029784,NICL,34,34,200,1181.0,236200.0
2021062804029783,NICL,34,32,500,1180.0,590000.0
2021062804029782,NICL,34,38,50,1180.0,59000.0
2021062804029781,NICL,34,45,100,1180.0,118000.0
2021062804029972,NICL,35,28,68,1177.0,80036.0
2021062804029971,NICL,3,28,178,1177.0,209506.0
2021062804029970,NICL,34,28,54,1178.0,63612.0
2021062804029944,NICL,34,1,46,1178.0,54188.0
2021062804029839,NICL,6,1,20,1178.0,23560.0
2021062804029793,NICL,22,59,100,1178.0,117800.0
2021062804030135,NIL,44,48,59,1657.0,97763.0
2021062804030134,NIL,40,48,100,1657.0,165700.0
2021062804030133,NIL,16,48,19,1657.0,31483.0
2021062804030016,NIL,16,52,111,1657.0,183927.0
2021062804029941,NIL,16,46,50,1657.0,82850.0
2021062804029904,NIL,37,14,140,1658.0,232120.0
2021062804029755,NIL,42,14,122,1658.0,202276.0
2021062804030198,NLG,4,58,59,1305.0,76995.0
2021062804030197,NLG,6,58,142,1305.0,185310.0
2021062804030104,NLG,6,26,858,1305.0,1119690.0
2021062804029930,NLG,38,17,11,1307.0,14377.0
2021062804029722,NLG,38,49,15,1307.0,19605.0
2021062804030097,NLG,45,26,56,1306.0,73136.0
2021062804030096,NLG,7,26,50,1306.0,65300.0
2021062804030095,NLG,53,26,30,1307.0,39210.0
2021062804030094,NLG,38,26,74,1307.0,96718.0
2021062804030093,NLG,29,7,"3,000",1310.0,3930000.0
2021062804030103,NLG,58,26,50,1305.0,65250.0
2021062804030102,NLG,49,26,50,1305.0,65250.0
2021062804030101,NLG,54,26,20,1305.0,26100.0
2021062804030100,NLG,57,26,100,1305.0,130500.0
2021062804030099,NLG,40,26,200,1306.0,261200.0
2021062804030098,NLG,16,26,100,1306.0,130600.0
2021062804029993,OHL,35,8,250,574.0,143500.0
2021062804029921,OHL,35,8,100,574.0,57400.0
2021062804029920,OHL,35,32,100,573.0,57300.0
2021062804029919,OHL,35,38,50,573.0,28650.0
2021062804029748,OHL,38,57,82,571.0,46822.0
2021062804030107,PICL,25,59,81,827.0,66987.0
2021062804030142,PMHPL,43,41,95,281.0,26695.0
2021062804030141,PMHPL,48,41,50,281.0,14050.0
2021062804030140,PMHPL,21,41,20,281.0,5620.0
2021062804030139,PMHPL,43,41,20,281.0,5620.0
2021062804030138,PMHPL,36,41,15,282.0,4230.0
2021062804030137,PMHPL,54,41,50,282.0,14100.0
2021062804029787,PMHPL,54,55,10,282.0,2820.0
2021062804030214,PPCL,14,3,200,347.0,69400.0
2021062804029948,PRIN,41,35,20,972.0,19440.0
2021062804030205,RADHI,58,47,44,1115.0,49060.0
2021062804030203,RADHI,58,47,30,1115.0,33450.0
2021062804030192,RADHI,50,47,100,1115.0,111500.0
2021062804030191,RADHI,39,47,50,1115.0,55750.0
2021062804030186,RADHI,57,47,50,1115.0,55750.0
2021062804030178,RADHI,58,47,16,1115.0,17840.0
2021062804029719,RADHI,25,37,50,1122.0,56100.0
2021062804029716,RADHI,46,37,20,1122.0,22440.0
2021062804029764,RADHI,42,41,100,1123.0,112300.0
2021062804029763,RADHI,42,37,62,1122.0,69564.0
2021062804029754,RADHI,6,37,50,1122.0,56100.0
2021062804029737,RADHI,35,57,90,1121.0,100890.0
2021062804029736,RADHI,45,57,10,1121.0,11210.0
2021062804029731,RADHI,42,37,200,1122.0,224400.0
2021062804029857,RADHI,22,20,112,1122.0,125664.0
2021062804029856,RADHI,45,20,37,1122.0,41514.0
2021062804029847,RADHI,45,6,13,1122.0,14586.0
2021062804029846,RADHI,42,6,37,1123.0,41551.0
2021062804029842,RADHI,42,1,21,1123.0,23583.0
2021062804029794,RADHI,42,4,80,1123.0,89840.0
2021062804029863,RADHI,47,20,50,1121.0,56050.0
2021062804029862,RADHI,21,20,25,1121.0,28025.0
2021062804029861,RADHI,55,20,50,1121.0,56050.0
2021062804029860,RADHI,46,20,50,1121.0,56050.0
2021062804029859,RADHI,35,20,310,1121.0,347510.0
2021062804029858,RADHI,53,20,200,1122.0,224400.0
2021062804029869,RADHI,36,20,200,1117.0,223400.0
2021062804029868,RADHI,16,20,250,1120.0,280000.0
2021062804029867,RADHI,6,20,25,1120.0,28000.0
2021062804029866,RADHI,45,20,100,1120.0,112000.0
2021062804029865,RADHI,42,20,30,1120.0,33600.0
2021062804029864,RADHI,55,20,50,1120.0,56000.0
2021062804029875,RADHI,32,20,300,1111.0,333300.0
2021062804029874,RADHI,50,20,20,1111.0,22220.0
2021062804029873,RADHI,14,20,10,1113.0,11130.0
2021062804029872,RADHI,21,20,305,1115.0,340075.0
2021062804029871,RADHI,13,20,20,1115.0,22300.0
2021062804029870,RADHI,20,20,100,1115.0,111500.0
2021062804029881,RADHI,58,20,"1,000",1101.0,1101000.0
2021062804029880,RADHI,34,20,36,1101.0,39636.0
2021062804029879,RADHI,28,20,50,1105.0,55250.0
2021062804029878,RADHI,38,20,50,1110.0,55500.0
2021062804029877,RADHI,45,20,30,1110.0,33300.0
2021062804029876,RADHI,25,20,300,1110.0,333000.0
2021062804029893,RADHI,39,20,30,1101.0,33030.0
2021062804029892,RADHI,42,20,20,1101.0,22020.0
2021062804029890,RADHI,39,20,200,1101.0,220200.0
2021062804029884,RADHI,38,20,26,1101.0,28626.0
2021062804029883,RADHI,3,20,50,1101.0,55050.0
2021062804029882,RADHI,54,20,10,1101.0,11010.0
2021062804029943,RADHI,35,20,50,1101.0,55050.0
2021062804029933,RADHI,57,20,20,1101.0,22020.0
2021062804029931,RADHI,19,20,50,1101.0,55050.0
2021062804029917,RADHI,29,20,100,1101.0,110100.0
2021062804029916,RADHI,59,20,400,1101.0,440400.0
2021062804029915,RADHI,13,20,50,1101.0,55050.0
2021062804029966,RADHI,16,4,100,1117.0,111700.0
2021062804029965,RADHI,44,4,40,1117.0,44680.0
2021062804029952,RADHI,6,4,15,1117.0,16755.0
2021062804029951,RADHI,32,4,50,1117.0,55850.0
2021062804029949,RADHI,38,4,200,1117.0,223400.0
2021062804029946,RADHI,36,4,300,1117.0,335100.0
2021062804030012,RADHI,52,4,50,1117.0,55850.0
2021062804030005,RADHI,42,4,300,1117.0,335100.0
2021062804029992,RADHI,35,4,50,1117.0,55850.0
2021062804029991,RADHI,42,4,150,1117.0,167550.0
2021062804029974,RADHI,36,4,100,1117.0,111700.0
2021062804029968,RADHI,38,4,10,1117.0,11170.0
2021062804030030,RADHI,39,20,200,1101.0,220200.0
2021062804030029,RADHI,49,20,200,1101.0,220200.0
2021062804030028,RADHI,47,20,350,1105.0,386750.0
2021062804030027,RADHI,17,20,10,1110.0,11100.0
2021062804030026,RADHI,39,20,100,1115.0,111500.0
2021062804030025,RADHI,14,20,200,1116.0,223200.0
2021062804030036,RADHI,55,20,100,1100.0,110000.0
2021062804030035,RADHI,17,20,200,1100.0,220000.0
2021062804030034,RADHI,13,20,50,1100.0,55000.0
2021062804030033,RADHI,53,20,399,1100.0,438900.0
2021062804030032,RADHI,26,20,100,1101.0,110100.0
2021062804030031,RADHI,33,20,30,1101.0,33030.0
2021062804030042,RADHI,49,20,100,1100.0,110000.0
2021062804030041,RADHI,45,20,10,1100.0,11000.0
2021062804030040,RADHI,43,20,100,1100.0,110000.0
2021062804030039,RADHI,50,20,500,1100.0,550000.0
2021062804030038,RADHI,47,20,10,1100.0,11000.0
2021062804030037,RADHI,54,20,50,1100.0,55000.0
2021062804030048,RADHI,32,20,100,1100.0,110000.0
2021062804030047,RADHI,16,20,50,1100.0,55000.0
2021062804030046,RADHI,38,20,40,1100.0,44000.0
2021062804030045,RADHI,4,20,10,1100.0,11000.0
2021062804030044,RADHI,47,20,50,1100.0,55000.0
2021062804030043,RADHI,34,20,50,1100.0,55000.0
2021062804030054,RADHI,53,20,20,1100.0,22000.0
2021062804030053,RADHI,45,20,20,1100.0,22000.0
2021062804030052,RADHI,38,20,50,1100.0,55000.0
2021062804030051,RADHI,52,20,50,1100.0,55000.0
2021062804030050,RADHI,41,20,50,1100.0,55000.0
2021062804030049,RADHI,44,20,"1,000",1100.0,1100000.0
2021062804030060,RADHI,58,20,11,1100.0,12100.0
2021062804030059,RADHI,58,20,20,1100.0,22000.0
2021062804030058,RADHI,44,20,100,1100.0,110000.0
2021062804030057,RADHI,21,20,100,1100.0,110000.0
2021062804030056,RADHI,57,20,10,1100.0,11000.0
2021062804030055,RADHI,57,20,100,1100.0,110000.0
2021062804030066,RADHI,59,20,20,1100.0,22000.0
2021062804030065,RADHI,57,20,"1,000",1100.0,1100000.0
2021062804030064,RADHI,57,20,50,1100.0,55000.0
2021062804030063,RADHI,25,20,200,1100.0,220000.0
2021062804030062,RADHI,57,20,100,1100.0,110000.0
2021062804030061,RADHI,1,20,100,1100.0,110000.0
2021062804030072,RADHI,51,20,50,1100.0,55000.0
2021062804030071,RADHI,41,20,30,1100.0,33000.0
2021062804030070,RADHI,19,20,10,1100.0,11000.0
2021062804030069,RADHI,28,20,100,1100.0,110000.0
2021062804030068,RADHI,38,20,50,1100.0,55000.0
2021062804030067,RADHI,13,20,10,1100.0,11000.0
2021062804030078,RADHI,36,20,200,1100.0,220000.0
2021062804030077,RADHI,32,20,10,1100.0,11000.0
2021062804030076,RADHI,17,20,10,1100.0,11000.0
2021062804030075,RADHI,41,20,10,1100.0,11000.0
2021062804030074,RADHI,48,20,100,1100.0,110000.0
2021062804030073,RADHI,21,20,50,1100.0,55000.0
2021062804030084,RADHI,51,20,50,1100.0,55000.0
2021062804030083,RADHI,49,20,100,1100.0,110000.0
2021062804030082,RADHI,10,20,55,1100.0,60500.0
2021062804030081,RADHI,39,20,"1,000",1100.0,1100000.0
2021062804030080,RADHI,56,20,"1,000",1100.0,1100000.0
2021062804030079,RADHI,48,20,50,1100.0,55000.0
2021062804030161,RADHI,26,47,100,1115.0,111500.0
2021062804030157,RADHI,22,47,30,1115.0,33450.0
2021062804030144,RADHI,16,47,30,1115.0,33450.0
2021062804030128,RADHI,49,4,20,1117.0,22340.0
2021062804030086,RADHI,55,20,75,1100.0,82500.0
2021062804030085,RADHI,37,20,30,1100.0,33000.0
2021062804030136,RHPC,39,33,209,570.0,119130.0
2021062804029924,RHPC,39,40,41,570.0,23370.0
2021062804030169,RHPL,46,57,80,463.0,37040.0
2021062804030168,RHPL,46,38,30,463.0,13890.0
2021062804029792,RHPL,57,38,70,463.0,32410.0
2021062804029758,RHPL,19,36,40,462.0,18480.0
2021062804029757,RHPL,36,36,30,463.0,13890.0
2021062804029983,RRHP,33,38,330,382.0,126060.0
2021062804029982,RRHP,22,38,200,382.0,76400.0
2021062804029981,RRHP,50,38,100,383.0,38300.0
2021062804029980,RRHP,42,38,45,383.0,17235.0
2021062804029979,RRHP,38,38,"1,000",383.0,383000.0
2021062804029978,RRHP,46,38,25,383.0,9575.0
2021062804029822,RRHP,56,38,20,385.0,7700.0
2021062804029803,RRHP,56,34,80,385.0,30800.0
2021062804029802,RRHP,11,34,200,385.0,77000.0
2021062804029801,RRHP,48,34,180,385.0,69300.0
2021062804029800,RRHP,49,34,40,386.0,15440.0
2021062804029977,RRHP,57,38,200,384.0,76800.0
2021062804029976,RRHP,1,38,100,384.0,38400.0
2021062804029840,RRHP,10,38,10,385.0,3850.0
2021062804029825,RRHP,36,38,150,385.0,57750.0
2021062804029824,RRHP,33,38,100,385.0,38500.0
2021062804029823,RRHP,25,38,100,385.0,38500.0
2021062804029718,SGI,34,38,10,737.0,7370.0
2021062804029956,SHL,48,47,200,265.0,53000.0
2021062804030190,SHPC,16,6,200,484.0,96800.0
2021062804030189,SHPC,16,38,104,484.0,50336.0
2021062804030105,SHPC,14,38,46,484.0,22264.0
2021062804030088,SHPC,14,42,104,484.0,50336.0
2021062804030215,SICL,14,25,20,2015.0,40300.0
2021062804030187,SICL,55,25,30,2015.0,60450.0
2021062804029954,SICL,41,25,50,2015.0,100750.0
2021062804029953,SICL,41,6,50,2015.0,100750.0
2021062804029935,SICL,11,6,50,2015.0,100750.0
2021062804029887,SICL,35,6,38,2014.0,76532.0
2021062804029735,SIGS2,22,58,200,13.99,2798.0
2021062804030022,SJCL,52,55,20,425.0,8500.0
2021062804030004,SJCL,53,36,40,423.0,16920.0
2021062804029932,SJCL,45,34,10,423.0,4230.0
2021062804029987,SLCF,28,57,"2,375",10.02,23797.5
2021062804029986,SLCF,25,57,"1,000",10.02,10020.0
2021062804029985,SLCF,39,57,"6,625",10.02,66382.5
2021062804029988,SPDL,56,57,50,410.0,20500.0
2021062804029928,SPDL,56,32,10,409.0,4090.0
2021062804029821,SPDL,56,55,80,408.0,32640.0
2021062804029820,SPDL,56,42,60,408.0,24480.0
2021062804029990,SSHL,36,49,400,324.0,129600.0
2021062804029989,SSHL,36,58,100,324.0,32400.0
2021062804029798,SSHL,52,52,10,324.0,3240.0
2021062804029923,TRH,43,37,57,384.0,21888.0
2021062804029922,TRH,29,37,20,385.0,7700.0
2021062804029894,UIC,19,52,17,730.0,12410.0
2021062804030155,UMHL,20,6,196,362.0,70952.0
2021062804030154,UMHL,20,52,204,361.0,73644.0
2021062804030148,UMHL,42,52,20,361.0,7220.0
2021062804030120,UMHL,44,37,149,360.0,53640.0
2021062804029745,UMHL,58,32,200,361.0,72200.0
2021062804029744,UMHL,5,32,500,361.0,180500.0
2021062804029743,UMHL,13,32,100,361.0,36100.0
2021062804029742,UMHL,49,32,100,361.0,36100.0
2021062804029741,UMHL,14,32,41,361.0,14801.0
2021062804030113,UMHL,55,37,10,361.0,3610.0
2021062804030112,UMHL,51,37,200,361.0,72200.0
2021062804030111,UMHL,21,37,41,361.0,14801.0
2021062804029759,UMHL,21,32,59,361.0,21299.0
2021062804030119,UMHL,5,37,500,360.0,180000.0
2021062804030118,UMHL,38,37,150,360.0,54000.0
2021062804030117,UMHL,46,37,500,360.0,180000.0
2021062804030116,UMHL,53,37,200,360.0,72000.0
2021062804030115,UMHL,48,37,50,361.0,18050.0
2021062804030114,UMHL,49,37,200,361.0,72200.0
2021062804029832,UMRH,13,42,25,476.0,11900.0
2021062804029831,UMRH,44,42,100,476.0,47600.0
2021062804029830,UMRH,50,42,10,476.0,4760.0
2021062804029837,UMRH,13,49,75,476.0,35700.0
2021062804029899,UNHPL,25,45,50,347.0,17350.0
2021062804029751,UNHPL,25,49,100,347.0,34700.0
2021062804029747,UNHPL,4,45,300,350.0,105000.0
2021062804029746,UNHPL,4,36,210,350.0,73500.0
2021062804030213,UPCL,10,49,40,293.0,11720.0
2021062804030212,UPCL,47,49,"1,000",293.0,293000.0
2021062804030211,UPCL,3,49,50,293.0,14650.0
2021062804030210,UPCL,43,49,400,293.0,117200.0
2021062804030209,UPCL,38,49,150,293.0,43950.0
2021062804030208,UPCL,57,49,120,293.0,35160.0
2021062804030020,UPCL,50,57,25,294.0,7350.0
2021062804030207,UPCL,52,49,200,293.0,58600.0
2021062804030206,UPCL,59,49,40,293.0,11720.0
2021062804030193,UPCL,45,57,30,294.0,8820.0
2021062804030089,UPCL,50,57,50,294.0,14700.0
2021062804030021,UPCL,38,57,400,294.0,117600.0
2021062804030152,UPPER,55,13,100,790.0,79000.0
2021062804030145,UPPER,6,26,100,791.0,79100.0
2021062804029734,UPPER,45,39,50,790.0,39500.0
2021062804029733,UPPER,16,39,92,790.0,72680.0
2021062804029732,UPPER,17,39,35,790.0,27650.0
2021062804029730,UPPER,5,39,100,790.0,79000.0
2021062804029729,UPPER,5,56,195,790.0,154050.0
2021062804029720,UPPER,11,56,10,790.0,7900.0
2021062804029789,UPPER,34,45,10,789.0,7890.0
2021062804029788,UPPER,46,45,50,789.0,39450.0
2021062804029769,UPPER,14,18,100,790.0,79000.0
2021062804029768,UPPER,21,18,47,790.0,37130.0
2021062804029767,UPPER,21,58,30,790.0,23700.0
2021062804029766,UPPER,21,39,23,790.0,18170.0
2021062804029829,UPPER,10,42,300,790.0,237000.0
2021062804029828,UPPER,10,56,200,790.0,158000.0
2021062804029827,UPPER,44,42,10,790.0,7900.0
2021062804029804,UPPER,57,18,50,790.0,39500.0
2021062804029791,UPPER,17,45,240,788.0,189120.0
2021062804029790,UPPER,48,45,100,788.0,78800.0
2021062804029902,UPPER,45,53,100,789.0,78900.0
2021062804029901,UPPER,45,34,100,789.0,78900.0
2021062804029845,UPPER,50,28,10,790.0,7900.0
2021062804029844,UPPER,50,41,100,790.0,79000.0
2021062804029843,UPPER,50,42,90,790.0,71100.0
2021062804029841,UPPER,17,42,100,790.0,79000.0
2021062804029913,UPPER,58,26,30,791.0,23730.0
2021062804029912,UPPER,59,34,40,790.0,31600.0
2021062804029911,UPPER,59,22,20,790.0,15800.0
2021062804029910,UPPER,59,42,55,790.0,43450.0
2021062804029909,UPPER,59,28,90,790.0,71100.0
2021062804029903,UPPER,45,48,40,789.0,31560.0
2021062804029958,UPPER,35,49,27,790.0,21330.0
2021062804029937,UPPER,35,32,13,790.0,10270.0
2021062804029936,UPPER,44,32,27,790.0,21330.0
2021062804029934,UPPER,59,43,50,790.0,39500.0
2021062804029929,UPPER,59,36,50,790.0,39500.0
2021062804029925,UPPER,59,16,389,790.0,307310.0
2021062804030011,UPPER,34,57,10,790.0,7900.0
2021062804030010,UPPER,42,57,180,790.0,142200.0
2021062804030009,UPPER,45,57,50,790.0,39500.0
2021062804030000,UPPER,55,57,100,790.0,79000.0
2021062804029960,UPPER,52,57,50,790.0,39500.0
2021062804030131,UPPER,55,22,10,790.0,7900.0
2021062804030127,UPPER,44,26,10,791.0,7910.0
2021062804030092,UPPER,45,59,410,789.0,323490.0
2021062804030091,UPPER,34,59,90,790.0,71100.0
2021062804030090,UPPER,34,57,10,790.0,7900.0
2021062804030087,UPPER,33,57,50,790.0,39500.0
2021062804029429,AHPC,58,45,100,461.0,46100.0
2021062804029397,AHPC,57,19,100,462.0,46200.0
2021062804029374,AHPC,57,42,45,462.0,20790.0
2021062804029327,AHPC,57,49,52,461.0,23972.0
2021062804029338,AKJCL,52,34,20,280.0,5600.0
2021062804029286,AKJCL,13,45,381,276.0,105156.0
2021062804029285,AKJCL,58,45,500,276.0,138000.0
2021062804029284,AKJCL,59,45,29,276.0,8004.0
2021062804029283,AKJCL,48,45,90,277.0,24930.0
2021062804029269,AKJCL,48,53,10,277.0,2770.0
2021062804029644,AKPL,58,8,"1,000",434.0,434000.0
2021062804029643,AKPL,42,8,755,434.0,327670.0
2021062804029642,AKPL,51,8,100,434.0,43400.0
2021062804029641,AKPL,4,8,100,434.0,43400.0
2021062804029640,AKPL,6,8,160,434.0,69440.0
2021062804029555,AKPL,6,21,340,434.0,147560.0
2021062804029554,AKPL,38,21,460,434.0,199640.0
2021062804029329,AKPL,38,49,40,434.0,17360.0
2021062804029706,API,47,36,200,386.0,77200.0
2021062804029609,API,58,36,50,386.0,19300.0
2021062804029573,API,38,36,50,386.0,19300.0
2021062804029553,API,49,36,50,385.0,19250.0
2021062804029460,API,41,36,330,386.0,127380.0
2021062804029459,API,41,58,70,386.0,27020.0
2021062804029334,API,36,40,42,386.0,16212.0
2021062804029258,API,17,40,250,386.0,96500.0
2021062804029247,API,49,56,500,385.0,192500.0
2021062804029396,API,34,36,392,386.0,151312.0
2021062804029370,API,14,36,30,386.0,11580.0
2021062804029365,API,40,36,303,386.0,116958.0
2021062804029364,API,40,59,10,386.0,3860.0
2021062804029363,API,40,40,338,386.0,130468.0
2021062804029358,API,11,40,20,386.0,7720.0
2021062804029595,BARUN,13,38,300,511.0,153300.0
2021062804029594,BARUN,38,38,200,512.0,102400.0
2021062804029386,BARUN,28,38,500,513.0,256500.0
2021062804029385,BARUN,20,38,189,513.0,96957.0
2021062804029384,BARUN,42,38,50,514.0,25700.0
2021062804029383,BARUN,37,38,190,514.0,97660.0
2021062804029633,BPCL,53,46,20,514.0,10280.0
2021062804029591,BPCL,49,46,100,514.0,51400.0
2021062804029572,BPCL,46,46,950,514.0,488300.0
2021062804029502,BPCL,11,46,50,514.0,25700.0
2021062804029419,BPCL,28,46,40,514.0,20560.0
2021062804029418,BPCL,28,43,460,514.0,236440.0
2021062804029387,BPCL,41,43,200,514.0,102800.0
2021062804029380,BPCL,34,43,20,514.0,10280.0
2021062804029342,CGH,1,49,10,1570.0,15700.0
2021062804029714,CHCL,56,16,740,670.0,495800.0
2021062804029713,CHCL,36,16,160,671.0,107360.0
2021062804029712,CHCL,51,16,100,672.0,67200.0
2021062804029711,CHL,57,55,177,430.0,76110.0
2021062804029710,CHL,57,57,108,429.0,46332.0
2021062804029709,CHL,57,45,115,429.0,49335.0
2021062804029708,CHL,57,58,100,428.0,42800.0
2021062804029263,CHL,8,28,30,426.0,12780.0
2021062804029341,EIC,45,57,25,764.0,19100.0
2021062804029340,EIC,45,57,42,764.0,32088.0
2021062804029646,GLH,50,58,10,372.0,3720.0
2021062804029625,GLH,50,38,10,372.0,3720.0
2021062804029496,GLH,50,49,10,372.0,3720.0
2021062804029462,GLH,50,16,10,372.0,3720.0
2021062804029416,GLH,50,56,10,372.0,3720.0
2021062804029360,GLH,50,45,30,372.0,11160.0
2021062804029359,GLH,50,8,267,372.0,99324.0
2021062804029339,GLH,57,58,10,371.0,3710.0
2021062804029707,HDHPC,58,28,50,279.0,13950.0
2021062804029552,HDHPC,21,28,80,277.0,22160.0
2021062804029491,HDHPC,7,28,70,279.0,19530.0
2021062804029488,HDHPC,21,25,200,277.0,55400.0
2021062804029289,HDHPC,21,28,426,279.0,118854.0
2021062804029288,HDHPC,21,57,20,278.0,5560.0
2021062804029287,HDHPC,21,34,54,278.0,15012.0
2021062804029647,HGI,22,4,50,779.0,38950.0
2021062804029394,HGI,22,13,100,779.0,77900.0
2021062804029393,HGI,22,13,300,779.0,233700.0
2021062804029598,HURJA,43,39,205,352.0,72160.0
2021062804029702,IGI,42,35,40,1215.0,48600.0
2021062804029566,JOSHI,37,34,169,280.0,47320.0
2021062804029295,KKHC,58,39,20,276.0,5520.0
2021062804029293,KKHC,13,16,100,275.0,27500.0
2021062804029260,KKHC,13,47,70,275.0,19250.0
2021062804029259,KKHC,50,47,30,275.0,8250.0
2021062804029250,KPCL,32,45,10,440.0,4400.0
2021062804029256,KPCL,32,54,10,448.0,4480.0
2021062804029255,KPCL,32,48,10,448.0,4480.0
2021062804029254,KPCL,32,26,10,445.0,4450.0
2021062804029253,KPCL,32,18,490,442.0,216580.0
2021062804029252,KPCL,32,59,10,441.0,4410.0
2021062804029251,KPCL,32,51,10,440.0,4400.0
2021062804029257,KPCL,32,36,50,448.0,22400.0
2021062804029434,KPCL,32,36,80,448.0,35840.0
2021062804029433,KPCL,32,33,100,448.0,44800.0
2021062804029432,KPCL,32,33,100,448.0,44800.0
2021062804029431,KPCL,32,33,100,448.0,44800.0
2021062804029430,KPCL,32,25,200,447.0,89400.0
2021062804029440,KPCL,32,10,10,448.0,4480.0
2021062804029439,KPCL,32,1,10,448.0,4480.0
2021062804029438,KPCL,32,13,10,448.0,4480.0
2021062804029437,KPCL,32,25,10,448.0,4480.0
2021062804029436,KPCL,32,13,10,448.0,4480.0
2021062804029435,KPCL,32,33,100,448.0,44800.0
2021062804029446,KPCL,32,36,10,448.0,4480.0
2021062804029445,KPCL,32,42,10,448.0,4480.0
2021062804029444,KPCL,32,44,10,448.0,4480.0
2021062804029443,KPCL,32,53,10,448.0,4480.0
2021062804029442,KPCL,32,34,10,448.0,4480.0
2021062804029441,KPCL,32,34,10,448.0,4480.0
2021062804029452,KPCL,32,13,10,450.0,4500.0
2021062804029451,KPCL,32,48,10,450.0,4500.0
2021062804029450,KPCL,32,44,10,450.0,4500.0
2021062804029449,KPCL,32,42,10,450.0,4500.0
2021062804029448,KPCL,32,58,10,450.0,4500.0
2021062804029447,KPCL,32,45,10,450.0,4500.0
2021062804029457,KPCL,32,41,25,454.0,11350.0
2021062804029456,KPCL,32,45,100,454.0,45400.0
2021062804029455,KPCL,32,57,505,451.0,227755.0
2021062804029454,KPCL,32,34,10,451.0,4510.0
2021062804029453,KPCL,32,34,10,450.0,4500.0
2021062804029632,KPCL,32,1,25,456.0,11400.0
2021062804029631,KPCL,32,41,75,454.0,34050.0
2021062804029309,LEC,48,41,20,352.0,7040.0
2021062804029458,LGIL,17,28,100,785.0,78500.0
2021062804029349,LGIL,17,34,106,785.0,83210.0
2021062804029348,LGIL,58,34,10,786.0,7860.0
2021062804029347,LGIL,47,34,50,786.0,39300.0
2021062804029346,LGIL,37,34,100,786.0,78600.0
2021062804029345,LGIL,59,34,84,786.0,66024.0
2021062804029344,LGIL,57,34,50,787.0,39350.0
2021062804029343,LGIL,10,34,100,787.0,78700.0
2021062804029401,MEN,8,11,30,856.0,25680.0
2021062804029400,MEN,55,11,33,856.0,28248.0
2021062804029485,NBF2,48,10,190,14.17,2692.3
2021062804029484,NBF2,48,59,160,14.17,2267.2
2021062804029630,NGPL,49,22,30,478.0,14340.0
2021062804029274,NHDL,48,58,10,434.0,4340.0
2021062804029648,NHPC,41,45,200,331.0,66200.0
2021062804029580,NHPC,59,13,200,330.0,66000.0
2021062804029480,NHPC,59,49,105,330.0,34650.0
2021062804029479,NHPC,10,49,600,330.0,198000.0
2021062804029478,NHPC,7,49,"4,160",330.0,1372800.0
2021062804029477,NHPC,44,49,200,331.0,66200.0
2021062804029267,NHPC,57,40,"1,096",332.0,363872.0
2021062804029266,NHPC,57,58,404,332.0,134128.0
2021062804029265,NHPC,57,48,500,332.0,166000.0
2021062804029476,NHPC,42,49,100,331.0,33100.0
2021062804029475,NHPC,59,49,"1,316",331.0,435596.0
2021062804029474,NHPC,5,49,519,331.0,171789.0
2021062804029402,NHPC,5,26,200,331.0,66200.0
2021062804029399,NHPC,58,40,"1,100",332.0,365200.0
2021062804029382,NHPC,5,38,200,331.0,66200.0
2021062804029715,NICL,10,55,100,1179.0,117900.0
2021062804029701,NICL,58,55,10,1179.0,11790.0
2021062804029569,NICL,22,43,49,1178.0,57722.0
2021062804029565,NICL,22,46,51,1178.0,60078.0
2021062804029564,NICL,49,46,49,1178.0,57722.0
2021062804029561,NICL,56,32,500,1179.0,589500.0
2021062804029486,NICL,56,16,500,1178.0,589000.0
2021062804029395,NICL,43,57,30,1179.0,35370.0
2021062804029337,NICL,5,57,100,1179.0,117900.0
2021062804029704,NIL,16,14,30,1657.0,49710.0
2021062804029634,NIL,42,1,50,1660.0,83000.0
2021062804029423,NIL,16,28,40,1657.0,66280.0
2021062804029398,NLG,59,57,200,1308.0,261600.0
2021062804029262,NLG,29,39,100,1308.0,130800.0
2021062804029261,NLG,46,39,57,1308.0,74556.0
2021062804029369,OHL,38,17,410,571.0,234110.0
2021062804029368,OHL,38,17,590,571.0,336890.0
2021062804029700,PIC,19,58,20,1222.0,24440.0
2021062804029373,PIC,19,55,340,1222.0,415480.0
2021062804029372,PIC,11,55,60,1222.0,73320.0
2021062804029325,PICL,48,58,10,825.0,8250.0
2021062804029504,PMHPL,29,37,60,282.0,16920.0
2021062804029366,PMHPL,4,37,350,282.0,98700.0
2021062804029336,PMHPL,4,37,278,282.0,78396.0
2021062804029273,PMHPL,46,37,350,282.0,98700.0
2021062804029603,PRIN,35,44,100,971.0,97100.0
2021062804029602,PRIN,35,47,290,971.0,281590.0
2021062804029272,PRIN,45,49,16,970.0,15520.0
2021062804029271,PRIN,33,49,24,970.0,23280.0
2021062804029705,RADHI,52,37,100,1122.0,112200.0
2021062804029697,RADHI,34,20,14,1101.0,15414.0
2021062804029696,RADHI,46,20,130,1101.0,143130.0
2021062804029695,RADHI,49,20,300,1102.0,330600.0
2021062804029694,RADHI,50,20,50,1102.0,55100.0
2021062804029693,RADHI,25,20,900,1102.0,991800.0
2021062804029219,RADHI,42,43,100,1100.0,110000.0
2021062804029218,RADHI,57,43,250,1100.0,275000.0
2021062804029217,RADHI,7,43,20,1100.0,22000.0
2021062804029216,RADHI,47,43,50,1100.0,55000.0
2021062804029225,RADHI,6,43,100,1100.0,110000.0
2021062804029224,RADHI,52,43,100,1100.0,110000.0
2021062804029223,RADHI,58,43,10,1100.0,11000.0
2021062804029222,RADHI,47,43,50,1100.0,55000.0
2021062804029221,RADHI,58,43,30,1100.0,33000.0
2021062804029220,RADHI,10,43,55,1100.0,60500.0
2021062804029231,RADHI,43,43,85,1100.0,93500.0
2021062804029230,RADHI,13,43,10,1100.0,11000.0
2021062804029229,RADHI,57,43,10,1100.0,11000.0
2021062804029228,RADHI,52,43,30,1100.0,33000.0
2021062804029227,RADHI,39,43,23,1100.0,25300.0
2021062804029226,RADHI,58,43,10,1100.0,11000.0
2021062804029237,RADHI,39,43,30,1100.0,33000.0
2021062804029236,RADHI,10,43,50,1100.0,55000.0
2021062804029235,RADHI,25,43,20,1100.0,22000.0
2021062804029234,RADHI,33,43,50,1100.0,55000.0
2021062804029233,RADHI,16,43,200,1100.0,220000.0
2021062804029232,RADHI,52,43,50,1100.0,55000.0
2021062804029243,RADHI,56,43,10,1100.0,11000.0
2021062804029242,RADHI,55,43,100,1100.0,110000.0
2021062804029241,RADHI,42,43,101,1100.0,111100.0
2021062804029240,RADHI,28,43,30,1100.0,33000.0
2021062804029239,RADHI,44,43,100,1100.0,110000.0
2021062804029238,RADHI,55,43,10,1100.0,11000.0
2021062804029268,RADHI,32,59,40,1121.0,44840.0
2021062804029249,RADHI,1,56,97,1122.0,108834.0
2021062804029248,RADHI,1,39,11,1121.0,12331.0
2021062804029246,RADHI,53,43,46,1100.0,50600.0
2021062804029245,RADHI,26,43,100,1100.0,110000.0
2021062804029244,RADHI,13,43,50,1100.0,55000.0
2021062804029303,RADHI,47,59,25,1121.0,28025.0
2021062804029291,RADHI,38,59,100,1121.0,112100.0
2021062804029281,RADHI,36,59,500,1121.0,560500.0
2021062804029280,RADHI,58,59,20,1121.0,22420.0
2021062804029277,RADHI,52,59,100,1121.0,112100.0
2021062804029270,RADHI,36,59,55,1121.0,61655.0
2021062804029313,RADHI,54,32,100,1122.0,112200.0
2021062804029312,RADHI,54,35,80,1122.0,89760.0
2021062804029311,RADHI,54,56,243,1122.0,272646.0
2021062804029310,RADHI,54,59,60,1121.0,67260.0
2021062804029307,RADHI,8,59,50,1121.0,56050.0
2021062804029306,RADHI,19,59,50,1121.0,56050.0
2021062804029319,RADHI,54,6,636,1124.0,714864.0
2021062804029318,RADHI,54,38,100,1124.0,112400.0
2021062804029317,RADHI,54,42,200,1124.0,224800.0
2021062804029316,RADHI,54,36,100,1124.0,112400.0
2021062804029315,RADHI,54,45,30,1124.0,33720.0
2021062804029314,RADHI,54,22,150,1124.0,168600.0
2021062804029331,RADHI,41,57,60,1120.0,67200.0
2021062804029330,RADHI,53,57,50,1123.0,56150.0
2021062804029323,RADHI,54,38,61,1125.0,68625.0
2021062804029322,RADHI,54,7,100,1125.0,112500.0
2021062804029321,RADHI,54,35,90,1125.0,101250.0
2021062804029320,RADHI,54,21,50,1125.0,56250.0
2021062804029379,RADHI,22,39,12,1122.0,13464.0
2021062804029378,RADHI,22,32,22,1122.0,24684.0
2021062804029371,RADHI,38,32,400,1122.0,448800.0
2021062804029357,RADHI,58,32,78,1122.0,87516.0
2021062804029356,RADHI,56,32,200,1122.0,224400.0
2021062804029332,RADHI,52,57,25,1120.0,28000.0
2021062804029413,RADHI,3,55,55,1121.0,61655.0
2021062804029412,RADHI,16,55,40,1121.0,44840.0
2021062804029411,RADHI,11,55,80,1121.0,89680.0
2021062804029407,RADHI,47,17,100,1122.0,112200.0
2021062804029390,RADHI,14,17,28,1122.0,31416.0
2021062804029389,RADHI,22,17,16,1122.0,17952.0
2021062804029470,RADHI,20,6,40,1123.0,44920.0
2021062804029469,RADHI,20,58,10,1122.0,11220.0
2021062804029468,RADHI,57,58,60,1122.0,67320.0
2021062804029464,RADHI,57,57,20,1122.0,22440.0
2021062804029463,RADHI,57,17,20,1122.0,22440.0
2021062804029420,RADHI,3,16,95,1121.0,106495.0
2021062804029483,RADHI,34,26,42,1121.0,47082.0
2021062804029482,RADHI,57,26,30,1121.0,33630.0
2021062804029481,RADHI,44,26,28,1122.0,31416.0
2021062804029473,RADHI,38,37,351,1125.0,394875.0
2021062804029472,RADHI,38,38,39,1125.0,43875.0
2021062804029471,RADHI,38,6,10,1123.0,11230.0
2021062804029505,RADHI,38,1,100,1123.0,112300.0
2021062804029497,RADHI,54,1,50,1123.0,56150.0
2021062804029495,RADHI,38,34,20,1121.0,22420.0
2021062804029494,RADHI,34,34,58,1121.0,65018.0
2021062804029493,RADHI,19,34,20,1122.0,22440.0
2021062804029492,RADHI,37,34,100,1122.0,112200.0
2021062804029563,RADHI,26,57,100,1122.0,112200.0
2021062804029562,RADHI,38,57,50,1122.0,56100.0
2021062804029509,RADHI,38,37,67,1125.0,75375.0
2021062804029508,RADHI,38,47,12,1124.0,13488.0
2021062804029507,RADHI,38,52,11,1123.0,12353.0
2021062804029506,RADHI,38,55,10,1123.0,11230.0
2021062804029604,RADHI,41,57,70,1122.0,78540.0
2021062804029599,RADHI,21,57,10,1122.0,11220.0
2021062804029593,RADHI,14,41,94,1121.0,105374.0
2021062804029579,RADHI,58,41,133,1121.0,149093.0
2021062804029575,RADHI,38,57,50,1122.0,56100.0
2021062804029574,RADHI,6,57,10,1122.0,11220.0
2021062804029652,RADHI,42,37,100,1122.0,112200.0
2021062804029651,RADHI,42,47,50,1122.0,56100.0
2021062804029650,RADHI,42,38,12,1122.0,13464.0
2021062804029649,RADHI,42,57,138,1122.0,154836.0
2021062804029629,RADHI,14,57,20,1122.0,22440.0
2021062804029624,RADHI,19,57,10,1122.0,11220.0
2021062804029662,RADHI,39,20,10,1120.0,11200.0
2021062804029661,RADHI,58,20,20,1120.0,22400.0
2021062804029660,RADHI,4,20,100,1120.0,112000.0
2021062804029659,RADHI,6,20,10,1121.0,11210.0
2021062804029658,RADHI,48,20,100,1121.0,112100.0
2021062804029657,RADHI,38,20,100,1121.0,112100.0
2021062804029668,RADHI,34,20,40,1120.0,44800.0
2021062804029667,RADHI,48,20,50,1120.0,56000.0
2021062804029666,RADHI,32,20,100,1120.0,112000.0
2021062804029665,RADHI,50,20,14,1120.0,15680.0
2021062804029664,RADHI,54,20,500,1120.0,560000.0
2021062804029663,RADHI,51,20,20,1120.0,22400.0
2021062804029674,RADHI,52,20,"1,750",1115.0,1951250.0
2021062804029673,RADHI,52,20,100,1115.0,111500.0
2021062804029672,RADHI,51,20,100,1115.0,111500.0
2021062804029671,RADHI,4,20,100,1117.0,111700.0
2021062804029670,RADHI,51,20,22,1120.0,24640.0
2021062804029669,RADHI,8,20,50,1120.0,56000.0
2021062804029680,RADHI,46,20,50,1110.0,55500.0
2021062804029679,RADHI,17,20,100,1110.0,111000.0
2021062804029678,RADHI,20,20,"1,000",1111.0,1111000.0
2021062804029677,RADHI,41,20,200,1111.0,222200.0
2021062804029676,RADHI,16,20,100,1113.0,111300.0
2021062804029675,RADHI,38,20,50,1115.0,55750.0
2021062804029686,RADHI,1,20,100,1106.0,110600.0
2021062804029685,RADHI,22,20,250,1107.0,276750.0
2021062804029684,RADHI,48,20,"1,000",1107.0,1107000.0
2021062804029683,RADHI,6,20,50,1107.0,55350.0
2021062804029682,RADHI,48,20,"1,000",1108.0,1108000.0
2021062804029681,RADHI,58,20,30,1110.0,33300.0
2021062804029692,RADHI,58,20,"1,000",1102.0,1102000.0
2021062804029691,RADHI,55,20,50,1103.0,55150.0
2021062804029690,RADHI,45,20,200,1105.0,221000.0
2021062804029689,RADHI,25,20,100,1105.0,110500.0
2021062804029688,RADHI,45,20,40,1105.0,44200.0
2021062804029687,RADHI,6,20,100,1105.0,110500.0
2021062804029628,RHPC,10,40,100,570.0,57000.0
2021062804029627,RHPC,17,40,100,570.0,57000.0
2021062804029626,RHPC,28,40,59,570.0,33630.0
2021062804029590,RHPC,28,16,141,570.0,80370.0
2021062804029589,RHPC,57,16,50,570.0,28500.0
2021062804029588,RHPC,58,16,409,570.0,233130.0
2021062804029501,RHPC,58,29,40,571.0,22840.0
2021062804029381,RHPC,58,32,730,570.0,416100.0
2021062804029324,RHPC,58,32,386,570.0,220020.0
2021062804029275,RHPC,58,49,500,570.0,285000.0
2021062804029638,RHPL,36,49,70,463.0,32410.0
2021062804029490,RHPL,26,22,100,463.0,46300.0
2021062804029392,RHPL,54,26,40,463.0,18520.0
2021062804029362,RHPL,54,52,10,463.0,4630.0
2021062804029637,RRHP,49,41,60,386.0,23160.0
2021062804029636,RRHP,8,41,200,386.0,77200.0
2021062804029635,RRHP,36,41,140,386.0,54040.0
2021062804029417,SGI,43,38,10,736.0,7360.0
2021062804029577,SHL,48,47,300,265.0,79500.0
2021062804029503,SHL,48,21,100,265.0,26500.0
2021062804029578,SHPC,5,49,10,485.0,4850.0
2021062804029422,SIC,46,29,35,1565.0,54775.0
2021062804029421,SIC,10,29,15,1565.0,23475.0
2021062804029656,SICL,41,34,50,2015.0,100750.0
2021062804029655,SICL,49,34,20,2015.0,40300.0
2021062804029654,SICL,56,34,50,2015.0,100750.0
2021062804029600,SICL,56,42,100,2015.0,201500.0
2021062804029559,SICL,46,16,20,2015.0,40300.0
2021062804029558,SICL,49,16,20,2015.0,40300.0
2021062804029282,SICL,25,17,10,2016.0,20160.0
2021062804029557,SICL,49,14,30,2015.0,60450.0
2021062804029556,SICL,35,14,20,2015.0,40300.0
2021062804029489,SICL,35,34,50,2015.0,100750.0
2021062804029388,SICL,45,17,15,2016.0,30240.0
2021062804029377,SICL,35,49,85,2015.0,171275.0
2021062804029375,SICL,35,51,20,2015.0,40300.0
2021062804029264,SIL,29,17,50,1082.0,54100.0
2021062804029415,SJCL,57,45,20,423.0,8460.0
2021062804029414,SJCL,40,45,15,423.0,6345.0
2021062804029361,SJCL,58,55,10,425.0,4250.0
2021062804029576,SPDL,50,38,200,407.0,81400.0
2021062804029592,SSHL,54,50,50,323.0,16150.0
2021062804029568,SSHL,57,50,100,323.0,32300.0
2021062804029567,SSHL,45,50,850,323.0,274550.0
2021062804029326,SSHL,45,45,100,323.0,32300.0
2021062804029410,UIC,19,41,400,730.0,292000.0
2021062804029409,UIC,36,41,50,731.0,36550.0
2021062804029408,UIC,37,41,50,731.0,36550.0
2021062804029583,UMHL,14,14,59,361.0,21299.0
2021062804029582,UMHL,4,14,10,361.0,3610.0
2021062804029581,UMHL,36,14,131,361.0,47291.0
2021062804029333,UMHL,41,21,200,362.0,72400.0
2021062804029703,UMRH,34,42,45,477.0,21465.0
2021062804029587,UNHPL,14,36,140,350.0,49000.0
2021062804029586,UNHPL,14,16,60,350.0,21000.0
2021062804029606,UPCL,45,49,400,294.0,117600.0
2021062804029605,UPCL,47,49,100,294.0,29400.0
2021062804029571,UPCL,52,33,199,294.0,58506.0
2021062804029570,UPCL,10,33,71,294.0,20874.0
2021062804029465,UPCL,10,16,100,294.0,29400.0
2021062804029367,UPCL,10,52,29,294.0,8526.0
2021062804029300,UPCL,52,52,50,294.0,14700.0
2021062804029299,UPCL,25,52,10,294.0,2940.0
2021062804029298,UPCL,50,52,11,294.0,3234.0
2021062804029279,UPCL,50,51,14,294.0,4116.0
2021062804029278,UPCL,58,51,186,294.0,54684.0
2021062804029699,UPPER,34,56,50,790.0,39500.0
2021062804029698,UPPER,10,56,200,790.0,158000.0
2021062804029653,UPPER,51,56,25,790.0,19750.0
2021062804029645,UPPER,57,56,100,790.0,79000.0
2021062804029639,UPPER,36,56,20,790.0,15800.0
2021062804029296,UPPER,57,19,30,792.0,23760.0
2021062804029294,UPPER,7,38,50,791.0,39550.0
2021062804029292,UPPER,7,11,400,791.0,316400.0
2021062804029290,UPPER,7,50,100,791.0,79100.0
2021062804029276,UPPER,22,19,20,792.0,15840.0
2021062804029308,UPPER,38,21,100,792.0,79200.0
2021062804029305,UPPER,44,16,100,793.0,79300.0
2021062804029304,UPPER,38,34,200,792.0,158400.0
2021062804029302,UPPER,33,16,40,793.0,31720.0
2021062804029301,UPPER,33,13,10,792.0,7920.0
2021062804029297,UPPER,57,13,90,792.0,71280.0
2021062804029353,UPPER,19,1,191,791.0,151081.0
2021062804029352,UPPER,48,1,50,791.0,39550.0
2021062804029351,UPPER,7,1,139,791.0,109949.0
2021062804029350,UPPER,11,1,20,792.0,15840.0
2021062804029335,UPPER,7,29,40,791.0,31640.0
2021062804029328,UPPER,52,21,65,792.0,51480.0
2021062804029404,UPPER,19,34,30,791.0,23730.0
2021062804029403,UPPER,19,34,10,791.0,7910.0
2021062804029391,UPPER,51,34,60,791.0,47460.0
2021062804029376,UPPER,29,58,50,791.0,39550.0
2021062804029355,UPPER,28,56,65,790.0,51350.0
2021062804029354,UPPER,19,20,9,791.0,7119.0
2021062804029427,UPPER,51,1,56,790.0,44240.0
2021062804029426,UPPER,45,1,10,790.0,7900.0
2021062804029425,UPPER,13,1,500,790.0,395000.0
2021062804029424,UPPER,28,1,34,790.0,26860.0
2021062804029406,UPPER,19,29,35,792.0,27720.0
2021062804029405,UPPER,19,21,35,792.0,27720.0
2021062804029428,UPPER,42,29,50,792.0,39600.0
2021062804029461,UPPER,57,17,10,791.0,7910.0
2021062804029500,UPPER,25,50,16,790.0,12640.0
2021062804029499,UPPER,42,50,50,790.0,39500.0
2021062804029498,UPPER,51,50,44,790.0,34760.0
2021062804029487,UPPER,18,25,45,791.0,35595.0
2021062804029467,UPPER,34,25,60,791.0,47460.0
2021062804029466,UPPER,34,17,40,791.0,31640.0
2021062804029515,UPPER,26,46,50,790.0,39500.0
2021062804029514,UPPER,29,46,"1,000",790.0,790000.0
2021062804029513,UPPER,54,46,100,790.0,79000.0
2021062804029512,UPPER,37,46,200,790.0,158000.0
2021062804029511,UPPER,33,46,50,790.0,39500.0
2021062804029510,UPPER,25,46,34,790.0,26860.0
2021062804029521,UPPER,3,46,50,790.0,39500.0
2021062804029520,UPPER,7,46,"1,000",790.0,790000.0
2021062804029519,UPPER,22,46,40,790.0,31600.0
2021062804029518,UPPER,58,46,100,790.0,79000.0
2021062804029517,UPPER,58,46,"1,000",790.0,790000.0
2021062804029516,UPPER,43,46,100,790.0,79000.0
2021062804029527,UPPER,21,46,50,790.0,39500.0
2021062804029526,UPPER,14,46,100,790.0,79000.0
2021062804029525,UPPER,16,46,100,790.0,79000.0
2021062804029524,UPPER,16,46,"1,000",790.0,790000.0
2021062804029523,UPPER,58,46,25,790.0,19750.0
2021062804029522,UPPER,44,46,500,790.0,395000.0
2021062804029533,UPPER,11,46,20,790.0,15800.0
2021062804029532,UPPER,45,46,10,790.0,7900.0
2021062804029531,UPPER,10,46,50,790.0,39500.0
2021062804029530,UPPER,33,46,30,790.0,23700.0
2021062804029529,UPPER,58,46,100,790.0,79000.0
2021062804029528,UPPER,51,46,50,790.0,39500.0
2021062804029539,UPPER,57,46,20,790.0,15800.0
2021062804029538,UPPER,48,46,50,790.0,39500.0
2021062804029537,UPPER,35,46,10,790.0,7900.0
2021062804029536,UPPER,8,46,100,790.0,79000.0
2021062804029535,UPPER,58,46,110,790.0,86900.0
2021062804029534,UPPER,42,46,75,790.0,59250.0
2021062804029545,UPPER,48,46,100,790.0,79000.0
2021062804029544,UPPER,38,46,50,790.0,39500.0
2021062804029543,UPPER,16,46,100,790.0,79000.0
2021062804029542,UPPER,14,46,500,790.0,395000.0
2021062804029541,UPPER,57,46,10,790.0,7900.0
2021062804029540,UPPER,41,46,50,790.0,39500.0
2021062804029551,UPPER,22,46,65,790.0,51350.0
2021062804029550,UPPER,11,46,30,790.0,23700.0
2021062804029549,UPPER,42,46,250,790.0,197500.0
2021062804029548,UPPER,58,46,20,790.0,15800.0
2021062804029547,UPPER,16,46,100,790.0,79000.0
2021062804029546,UPPER,34,46,100,790.0,79000.0
2021062804029601,UPPER,25,26,200,791.0,158200.0
2021062804029597,UPPER,45,26,40,791.0,31640.0
2021062804029596,UPPER,45,25,260,791.0,205660.0
2021062804029585,UPPER,16,34,100,790.0,79000.0
2021062804029584,UPPER,13,34,100,790.0,79000.0
2021062804029560,UPPER,52,25,35,791.0,27685.0
2021062804029613,UPPER,17,45,200,790.0,158000.0
2021062804029612,UPPER,38,45,10,790.0,7900.0
2021062804029611,UPPER,8,45,10,790.0,7900.0
2021062804029610,UPPER,44,45,100,790.0,79000.0
2021062804029608,UPPER,44,45,200,790.0,158000.0
2021062804029607,UPPER,59,26,300,791.0,237300.0
2021062804029619,UPPER,55,45,100,790.0,79000.0
2021062804029618,UPPER,1,45,20,790.0,15800.0
2021062804029617,UPPER,42,45,35,790.0,27650.0
2021062804029616,UPPER,1,45,50,790.0,39500.0
2021062804029615,UPPER,36,45,40,790.0,31600.0
2021062804029614,UPPER,51,45,30,790.0,23700.0
2021062804029623,UPPER,34,45,100,790.0,79000.0
2021062804029622,UPPER,34,45,188,790.0,148520.0
2021062804029621,UPPER,39,45,100,790.0,79000.0
2021062804029620,UPPER,34,45,10,790.0,7900.0
2021062804029198,AHPC,45,42,150,462.0,69300.0
2021062804029096,AHPC,4,42,100,462.0,46200.0
2021062804029009,AHPC,53,42,200,462.0,92400.0
2021062804028946,AHPC,14,42,40,462.0,18480.0
2021062804028942,AHPC,37,42,400,462.0,184800.0
2021062804028941,AHPC,7,42,490,462.0,226380.0
2021062804028754,AHPC,7,53,20,462.0,9240.0
2021062804028753,AHPC,7,20,490,462.0,226380.0
2021062804029166,AIL,44,22,10,814.0,8140.0
2021062804028902,AIL,41,57,43,815.0,35045.0
2021062804028901,AIL,58,57,10,815.0,8150.0
2021062804028900,AIL,19,57,500,815.0,407500.0
2021062804028899,AIL,49,57,100,815.0,81500.0
2021062804028898,AIL,54,57,25,815.0,20375.0
2021062804028891,AIL,7,57,35,816.0,28560.0
2021062804028851,AIL,7,8,15,816.0,12240.0
2021062804028897,AIL,56,57,10,815.0,8150.0
2021062804028896,AIL,54,57,50,815.0,40750.0
2021062804028895,AIL,17,57,10,815.0,8150.0
2021062804028894,AIL,53,57,50,816.0,40800.0
2021062804028893,AIL,34,57,100,816.0,81600.0
2021062804028892,AIL,35,57,400,816.0,326400.0
2021062804029095,AKJCL,59,32,271,276.0,74796.0
2021062804029094,AKJCL,54,32,195,276.0,53820.0
2021062804029190,AKPL,56,46,150,434.0,65100.0
2021062804029115,AKPL,56,45,100,434.0,43400.0
2021062804029072,AKPL,49,21,100,435.0,43500.0
2021062804028890,AKPL,51,21,100,435.0,43500.0
2021062804028889,AKPL,51,59,250,435.0,108750.0
2021062804028877,AKPL,57,59,250,435.0,108750.0
2021062804028876,AKPL,57,32,50,435.0,21750.0
2021062804028761,AKPL,25,46,500,434.0,217000.0
2021062804029165,API,49,49,250,385.0,96250.0
2021062804029164,API,49,36,594,385.0,228690.0
2021062804029163,API,49,13,10,385.0,3850.0
2021062804029162,API,49,58,895,385.0,344575.0
2021062804029097,API,48,52,282,384.0,108288.0
2021062804029035,API,50,58,50,385.0,19250.0
2021062804028772,API,58,57,40,385.0,15400.0
2021062804028760,API,16,26,100,384.0,38400.0
2021062804028961,API,16,45,100,384.0,38400.0
2021062804028955,API,32,52,197,385.0,75845.0
2021062804028915,API,58,52,303,385.0,116655.0
2021062804028914,API,58,34,197,385.0,75845.0
2021062804028912,API,3,34,100,385.0,38500.0
2021062804028773,API,58,34,10,385.0,3850.0
2021062804029089,BARUN,43,38,427,518.0,221186.0
2021062804029088,BARUN,43,38,73,515.0,37595.0
2021062804028727,BARUN,58,38,80,515.0,41200.0
2021062804028910,BBC,55,17,10,5606.0,56060.0
2021062804028850,BBC,52,17,10,5699.0,56990.0
2021062804028849,BBC,52,39,10,5650.0,56500.0
2021062804028848,BBC,52,26,30,5635.0,169050.0
2021062804029181,BPCL,57,43,150,514.0,77100.0
2021062804029170,BPCL,59,43,50,514.0,25700.0
2021062804028981,BPCL,44,43,40,512.0,20480.0
2021062804028775,BPCL,35,50,50,514.0,25700.0
2021062804028921,BPCL,52,43,75,513.0,38475.0
2021062804028920,BPCL,21,43,50,513.0,25650.0
2021062804028919,BPCL,7,43,20,513.0,10260.0
2021062804028918,BPCL,42,43,170,513.0,87210.0
2021062804028917,BPCL,17,43,180,514.0,92520.0
2021062804028776,BPCL,17,50,320,514.0,164480.0
2021062804028927,BPCL,52,43,25,512.0,12800.0
2021062804028926,BPCL,17,43,30,512.0,15360.0
2021062804028925,BPCL,47,43,141,512.0,72192.0
2021062804028924,BPCL,17,43,500,513.0,256500.0
2021062804028923,BPCL,38,43,500,513.0,256500.0
2021062804028922,BPCL,19,43,50,513.0,25650.0
2021062804028933,BPCL,42,43,"1,000",512.0,512000.0
2021062804028932,BPCL,41,43,100,512.0,51200.0
2021062804028931,BPCL,16,43,35,512.0,17920.0
2021062804028930,BPCL,38,43,40,512.0,20480.0
2021062804028929,BPCL,8,43,100,512.0,51200.0
2021062804028928,BPCL,22,43,14,512.0,7168.0
2021062804028962,BPCL,33,43,100,512.0,51200.0
2021062804028938,BPCL,42,43,300,512.0,153600.0
2021062804028937,BPCL,6,43,100,512.0,51200.0
2021062804028936,BPCL,4,43,200,512.0,102400.0
2021062804028935,BPCL,36,43,150,512.0,76800.0
2021062804028934,BPCL,34,43,200,512.0,102400.0
2021062804029200,CGH,1,16,100,1570.0,157000.0
2021062804029112,CGH,1,58,10,1570.0,15700.0
2021062804029026,CHCL,45,52,510,674.0,343740.0
2021062804028770,CHCL,45,52,140,674.0,94360.0
2021062804028769,CHCL,45,3,666,673.0,448218.0
2021062804028768,CHCL,45,6,588,673.0,395724.0
2021062804028767,CHCL,45,38,150,673.0,100950.0
2021062804028766,CHCL,45,45,490,673.0,329770.0
2021062804028765,CHCL,45,52,100,672.0,67200.0
2021062804028764,CHCL,45,28,55,672.0,36960.0
2021062804028763,CHCL,45,29,11,671.0,7381.0
2021062804028744,CHCL,33,29,889,671.0,596519.0
2021062804028738,CHCL,33,53,11,671.0,7381.0
2021062804029073,CHL,8,55,11,426.0,4686.0
2021062804028972,CHL,14,52,446,424.0,189104.0
2021062804028971,CHL,48,52,300,424.0,127200.0
2021062804028970,CHL,28,52,250,424.0,106000.0
2021062804028969,CHL,58,52,500,424.0,212000.0
2021062804028968,CHL,28,52,49,424.0,20776.0
2021062804028967,CHL,4,52,55,425.0,23375.0
2021062804028966,CHL,55,52,300,425.0,127500.0
2021062804029177,CMF2,51,25,"4,000",12.99,51960.0
2021062804028974,DHPL,42,21,10,274.0,2740.0
2021062804029037,GIC,7,22,10,705.0,7050.0
2021062804029025,GLH,57,8,"1,000",372.0,372000.0
2021062804028965,GLH,57,21,10,371.0,3710.0
2021062804028960,GLH,57,46,10,371.0,3710.0
2021062804028734,GLH,57,8,50,372.0,18600.0
2021062804028733,GLH,8,8,50,372.0,18600.0
2021062804028732,GLH,16,8,54,372.0,20088.0
2021062804028731,GLH,45,8,40,372.0,14880.0
2021062804028730,GLH,26,8,200,372.0,74400.0
2021062804028729,GLH,35,8,340,372.0,126480.0
2021062804029174,HDHPC,21,38,300,277.0,83100.0
2021062804029082,HDHPC,28,34,180,278.0,50040.0
2021062804029081,HDHPC,39,34,166,278.0,46148.0
2021062804029074,HDHPC,35,54,10,279.0,2790.0
2021062804028739,HDHPC,39,16,100,277.0,27700.0
2021062804028854,HGI,6,26,217,780.0,169260.0
2021062804028759,HGI,6,45,283,780.0,220740.0
2021062804028758,HGI,6,45,244,780.0,190320.0
2021062804028723,HGI,6,38,200,780.0,156000.0
2021062804029187,HPPL,55,48,100,412.0,41200.0
2021062804029090,HPPL,55,45,10,412.0,4120.0
2021062804028995,HPPL,55,52,35,412.0,14420.0
2021062804028973,HPPL,55,13,80,412.0,32960.0
2021062804028905,HPPL,54,58,45,413.0,18585.0
2021062804029161,HURJA,52,39,95,353.0,33535.0
2021062804029155,HURJA,52,45,405,353.0,142965.0
2021062804029014,IGI,45,35,30,1215.0,36450.0
2021062804029188,JOSHI,49,34,10,280.0,2800.0
2021062804029018,JOSHI,49,34,50,280.0,14000.0
2021062804028888,JOSHI,57,33,20,279.0,5580.0
2021062804029114,KEF,29,8,"1,400",10.15,14210.0
2021062804029113,KEF,58,8,300,10.16,3048.0
2021062804028853,KKHC,45,39,100,276.0,27600.0
2021062804028852,KKHC,37,39,120,276.0,33120.0
2021062804029005,KPCL,32,48,150,439.0,65850.0
2021062804029004,KPCL,32,13,100,438.0,43800.0
2021062804029003,KPCL,32,25,200,438.0,87600.0
2021062804029002,KPCL,32,22,200,438.0,87600.0
2021062804029001,KPCL,32,34,50,437.0,21850.0
2021062804028997,LEC,36,22,10,351.0,3510.0
2021062804028985,LEC,36,57,200,351.0,70200.0
2021062804029084,LUK,25,17,100,12.2,1220.0
2021062804028989,MHNL,45,49,100,320.0,32000.0
2021062804028988,MHNL,36,49,100,320.0,32000.0
2021062804028743,MHNL,45,32,"1,000",321.0,321000.0
2021062804028742,MHNL,45,34,320,321.0,102720.0
2021062804029175,NBF2,45,59,200,14.17,2834.0
2021062804029186,NGPL,38,45,100,476.0,47600.0
2021062804028945,NGPL,38,58,288,476.0,137088.0
2021062804028944,NGPL,11,58,100,476.0,47600.0
2021062804029192,NHPC,5,42,81,331.0,26811.0
2021062804029191,NHPC,40,42,19,331.0,6289.0
2021062804028991,NHPC,56,8,55,333.0,18315.0
2021062804028990,NHPC,56,49,45,332.0,14940.0
2021062804028987,NHPC,40,58,981,331.0,324711.0
2021062804028986,NHPC,6,58,11,331.0,3641.0
2021062804028976,NHPC,42,39,"1,000",332.0,332000.0
2021062804028887,NHPC,6,21,"1,989",331.0,658359.0
2021062804028886,NHPC,36,21,100,331.0,33100.0
2021062804028885,NHPC,59,21,680,331.0,225080.0
2021062804028884,NHPC,10,21,231,331.0,76461.0
2021062804028857,NHPC,10,38,200,331.0,66200.0
2021062804029069,NICBF,59,47,100,13.68,1368.0
2021062804029172,NICL,3,1,22,1177.0,25894.0
2021062804029171,NICL,34,1,18,1177.0,21186.0
2021062804029169,NICL,39,53,200,1180.0,236000.0
2021062804029168,NICL,39,59,100,1179.0,117900.0
2021062804029160,NICL,20,53,500,1180.0,590000.0
2021062804029117,NICL,40,41,100,1179.0,117900.0
2021062804028781,NICL,34,6,12,1177.0,14124.0
2021062804028752,NICL,1,5,10,1180.0,11800.0
2021062804028751,NICL,1,57,60,1179.0,70740.0
2021062804028750,NICL,1,55,20,1179.0,23580.0
2021062804028749,NICL,1,41,10,1179.0,11790.0
2021062804029111,NICL,25,53,100,1180.0,118000.0
2021062804029110,NICL,25,10,100,1180.0,118000.0
2021062804029109,NICL,25,32,100,1180.0,118000.0
2021062804029034,NICL,26,34,94,1180.0,110920.0
2021062804029033,NICL,26,46,16,1180.0,18880.0
2021062804029032,NICL,26,5,90,1180.0,106200.0
2021062804029199,NIL,56,1,10,1660.0,16600.0
2021062804029180,NIL,49,43,40,1657.0,66280.0
2021062804029179,NIL,56,43,10,1658.0,16580.0
2021062804029116,NIL,45,1,30,1660.0,49800.0
2021062804029071,NIL,49,58,10,1657.0,16570.0
2021062804029070,NIL,22,58,190,1657.0,314830.0
2021062804028977,NIL,49,13,25,1658.0,41450.0
2021062804028916,NIL,42,13,25,1658.0,41450.0
2021062804028909,NIL,58,13,10,1658.0,16580.0
2021062804028762,NIL,29,14,50,1659.0,82950.0
2021062804028719,NIL,42,10,20,1658.0,33160.0
2021062804028718,NIL,58,10,50,1658.0,82900.0
2021062804029030,NIL,22,57,10,1657.0,16570.0
2021062804029029,NIL,8,57,40,1657.0,66280.0
2021062804029028,NIL,54,57,150,1658.0,248700.0
2021062804028980,NIL,49,1,33,1660.0,54780.0
2021062804028979,NIL,49,14,122,1659.0,202398.0
2021062804028978,NIL,49,57,20,1658.0,33160.0
2021062804029167,NLG,6,39,36,1309.0,47124.0
2021062804029120,NLG,6,26,490,1309.0,641410.0
2021062804028994,NLG,59,39,300,1310.0,393000.0
2021062804028724,NLG,39,57,10,1311.0,13110.0
2021062804028954,OHL,21,8,10,574.0,5740.0
2021062804029101,PIC,11,34,200,1226.0,245200.0
2021062804029100,PIC,11,35,100,1225.0,122500.0
2021062804029185,PICL,5,59,39,827.0,32253.0
2021062804029184,PICL,5,14,61,827.0,50447.0
2021062804029157,PMHPL,17,37,100,282.0,28200.0
2021062804028907,PMHPL,41,37,100,282.0,28200.0
2021062804028906,PMHPL,4,37,112,283.0,31696.0
2021062804028939,PPCL,48,38,20,351.0,7020.0
2021062804028867,PPCL,34,43,20,347.0,6940.0
2021062804029007,PRIN,33,45,50,970.0,48500.0
2021062804029215,RADHI,58,43,100,1100.0,110000.0
2021062804029214,RADHI,20,43,300,1100.0,330000.0
2021062804029213,RADHI,38,43,"2,000",1100.0,2200000.0
2021062804029212,RADHI,41,43,25,1100.0,27500.0
2021062804029211,RADHI,41,43,100,1100.0,110000.0
2021062804029210,RADHI,53,43,143,1100.0,157300.0
2021062804028737,RADHI,58,52,50,1120.0,56000.0
2021062804028736,RADHI,58,5,41,1120.0,45920.0
2021062804028735,RADHI,26,5,10,1120.0,11200.0
2021062804028716,RADHI,46,56,180,1100.0,198000.0
2021062804028784,RADHI,41,42,22,1120.0,24640.0
2021062804028783,RADHI,37,42,10,1120.0,11200.0
2021062804028782,RADHI,37,59,80,1120.0,89600.0
2021062804028757,RADHI,37,56,10,1120.0,11200.0
2021062804028756,RADHI,58,22,50,1124.0,56200.0
2021062804028755,RADHI,58,14,10,1121.0,11210.0
2021062804028790,RADHI,7,56,50,1116.0,55800.0
2021062804028789,RADHI,38,56,50,1116.0,55800.0
2021062804028788,RADHI,34,56,50,1120.0,56000.0
2021062804028787,RADHI,46,56,20,1120.0,22400.0
2021062804028786,RADHI,21,56,100,1120.0,112000.0
2021062804028785,RADHI,41,56,78,1120.0,87360.0
2021062804028796,RADHI,26,56,100,1100.0,110000.0
2021062804028795,RADHI,16,56,100,1107.0,110700.0
2021062804028794,RADHI,58,56,10,1110.0,11100.0
2021062804028793,RADHI,38,56,50,1115.0,55750.0
2021062804028792,RADHI,7,56,20,1115.0,22300.0
2021062804028791,RADHI,19,56,10,1116.0,11160.0
2021062804028802,RADHI,47,56,100,1100.0,110000.0
2021062804028801,RADHI,42,56,200,1100.0,220000.0
2021062804028800,RADHI,39,56,50,1100.0,55000.0
2021062804028799,RADHI,59,56,10,1100.0,11000.0
2021062804028798,RADHI,21,56,25,1100.0,27500.0
2021062804028797,RADHI,40,56,20,1100.0,22000.0
2021062804028808,RADHI,52,56,200,1100.0,220000.0
2021062804028807,RADHI,21,56,100,1100.0,110000.0
2021062804028806,RADHI,57,56,100,1100.0,110000.0
2021062804028805,RADHI,54,56,10,1100.0,11000.0
2021062804028804,RADHI,51,56,49,1100.0,53900.0
2021062804028803,RADHI,19,56,125,1100.0,137500.0
2021062804028814,RADHI,52,56,10,1100.0,11000.0
2021062804028813,RADHI,17,56,50,1100.0,55000.0
2021062804028812,RADHI,34,56,200,1100.0,220000.0
2021062804028811,RADHI,51,56,50,1100.0,55000.0
2021062804028810,RADHI,34,56,100,1100.0,110000.0
2021062804028809,RADHI,32,56,50,1100.0,55000.0
2021062804028820,RADHI,34,56,31,1100.0,34100.0
2021062804028819,RADHI,21,56,100,1100.0,110000.0
2021062804028818,RADHI,34,56,30,1100.0,33000.0
2021062804028817,RADHI,49,56,20,1100.0,22000.0
2021062804028816,RADHI,6,56,10,1100.0,11000.0
2021062804028815,RADHI,52,56,90,1100.0,99000.0
2021062804028826,RADHI,38,56,50,1100.0,55000.0
2021062804028825,RADHI,7,56,10,1100.0,11000.0
2021062804028824,RADHI,33,56,30,1100.0,33000.0
2021062804028823,RADHI,34,56,11,1100.0,12100.0
2021062804028822,RADHI,21,56,50,1100.0,55000.0
2021062804028821,RADHI,29,56,25,1100.0,27500.0
2021062804028832,RADHI,59,56,"3,000",1100.0,3300000.0
2021062804028831,RADHI,13,56,100,1100.0,110000.0
2021062804028830,RADHI,21,56,100,1100.0,110000.0
2021062804028829,RADHI,49,56,200,1100.0,220000.0
2021062804028828,RADHI,33,56,14,1100.0,15400.0
2021062804028827,RADHI,49,56,20,1100.0,22000.0
2021062804028838,RADHI,40,56,150,1100.0,165000.0
2021062804028837,RADHI,41,56,50,1100.0,55000.0
2021062804028836,RADHI,58,56,10,1100.0,11000.0
2021062804028835,RADHI,35,56,10,1100.0,11000.0
2021062804028834,RADHI,39,56,"1,000",1100.0,1100000.0
2021062804028833,RADHI,45,56,50,1100.0,55000.0
2021062804028844,RADHI,45,56,100,1100.0,110000.0
2021062804028843,RADHI,48,56,100,1100.0,110000.0
2021062804028842,RADHI,28,56,100,1100.0,110000.0
2021062804028841,RADHI,41,56,100,1100.0,110000.0
2021062804028840,RADHI,21,56,10,1100.0,11000.0
2021062804028839,RADHI,58,56,20,1100.0,22000.0
2021062804028957,RADHI,47,45,100,1121.0,112100.0
2021062804028956,RADHI,39,45,10,1121.0,11210.0
2021062804028943,RADHI,51,32,9,1100.0,9900.0
2021062804028847,RADHI,55,56,221,1100.0,243100.0
2021062804028846,RADHI,48,56,20,1100.0,22000.0
2021062804028845,RADHI,19,56,81,1100.0,89100.0
2021062804028999,RADHI,45,57,15,1121.0,16815.0
2021062804028984,RADHI,19,57,10,1121.0,11210.0
2021062804028975,RADHI,47,56,10,1120.0,11200.0
2021062804028964,RADHI,47,45,10,1120.0,11200.0
2021062804028959,RADHI,58,45,30,1120.0,33600.0
2021062804028958,RADHI,17,45,50,1120.0,56000.0
2021062804029013,RADHI,13,57,880,1121.0,986480.0
2021062804029012,RADHI,13,57,110,1121.0,123310.0
2021062804029011,RADHI,13,57,10,1121.0,11210.0
2021062804029008,RADHI,47,52,50,1120.0,56000.0
2021062804029006,RADHI,51,57,15,1121.0,16815.0
2021062804029000,RADHI,49,57,50,1121.0,56050.0
2021062804029086,RADHI,56,29,545,1121.0,610945.0
2021062804029083,RADHI,56,48,49,1121.0,54929.0
2021062804029036,RADHI,32,41,10,1122.0,11220.0
2021062804029024,RADHI,47,42,10,1120.0,11200.0
2021062804029023,RADHI,39,42,20,1121.0,22420.0
2021062804029022,RADHI,39,57,20,1121.0,22420.0
2021062804029122,RADHI,20,43,"1,000",1121.0,1121000.0
2021062804029121,RADHI,56,43,434,1121.0,486514.0
2021062804029119,RADHI,56,17,10,1121.0,11210.0
2021062804029108,RADHI,32,56,100,1122.0,112200.0
2021062804029107,RADHI,56,34,50,1121.0,56050.0
2021062804029098,RADHI,56,37,12,1121.0,13452.0
2021062804029128,RADHI,45,43,50,1120.0,56000.0
2021062804029127,RADHI,38,43,55,1120.0,61600.0
2021062804029126,RADHI,47,43,120,1121.0,134520.0
2021062804029125,RADHI,35,43,25,1121.0,28025.0
2021062804029124,RADHI,56,43,100,1121.0,112100.0
2021062804029123,RADHI,45,43,20,1121.0,22420.0
2021062804029134,RADHI,6,43,50,1118.0,55900.0
2021062804029133,RADHI,56,43,20,1119.0,22380.0
2021062804029132,RADHI,13,43,200,1120.0,224000.0
2021062804029131,RADHI,58,43,100,1120.0,112000.0
2021062804029130,RADHI,14,43,20,1120.0,22400.0
2021062804029129,RADHI,41,43,22,1120.0,24640.0
2021062804029140,RADHI,42,43,20,1115.0,22300.0
2021062804029139,RADHI,35,43,50,1115.0,55750.0
2021062804029138,RADHI,38,43,50,1115.0,55750.0
2021062804029137,RADHI,42,43,60,1115.0,66900.0
2021062804029136,RADHI,32,43,100,1117.0,111700.0
2021062804029135,RADHI,32,43,100,1117.0,111700.0
2021062804029146,RADHI,11,43,80,1105.0,88400.0
2021062804029145,RADHI,58,43,100,1105.0,110500.0
2021062804029144,RADHI,49,43,50,1108.0,55400.0
2021062804029143,RADHI,26,43,16,1110.0,17760.0
2021062804029142,RADHI,55,43,50,1110.0,55500.0
2021062804029141,RADHI,59,43,25,1111.0,27775.0
2021062804029152,RADHI,1,43,33,1100.0,36300.0
2021062804029151,RADHI,7,43,"1,000",1100.0,1100000.0
2021062804029150,RADHI,7,43,44,1100.0,48400.0
2021062804029149,RADHI,55,43,779,1100.0,856900.0
2021062804029148,RADHI,18,43,40,1102.0,44080.0
2021062804029147,RADHI,57,43,100,1103.0,110300.0
2021062804029183,RADHI,17,56,50,1122.0,56100.0
2021062804029178,RADHI,49,56,10,1122.0,11220.0
2021062804029176,RADHI,42,56,100,1122.0,112200.0
2021062804029156,RADHI,18,56,200,1122.0,224400.0
2021062804029154,RADHI,53,43,57,1100.0,62700.0
2021062804029153,RADHI,42,43,30,1100.0,33000.0
2021062804029203,RADHI,52,43,20,1120.0,22400.0
2021062804029202,RADHI,16,43,15,1120.0,16800.0
2021062804029197,RADHI,16,51,485,1120.0,543200.0
2021062804029196,RADHI,47,51,50,1121.0,56050.0
2021062804029195,RADHI,57,51,50,1121.0,56050.0
2021062804029194,RADHI,45,51,20,1121.0,22420.0
2021062804029209,RADHI,29,43,50,1105.0,55250.0
2021062804029208,RADHI,49,43,12,1110.0,13320.0
2021062804029207,RADHI,16,43,200,1115.0,223000.0
2021062804029206,RADHI,44,43,25,1116.0,27900.0
2021062804029205,RADHI,57,43,30,1118.0,33540.0
2021062804029204,RADHI,40,43,100,1120.0,112000.0
2021062804029021,RHPL,54,49,30,463.0,13890.0
2021062804029016,RHPL,54,48,70,463.0,32410.0
2021062804028747,RHPL,19,11,100,462.0,46200.0
2021062804029085,RRHP,48,45,10,385.0,3850.0
2021062804029015,RRHP,10,45,10,386.0,3860.0
2021062804029010,RRHP,8,34,10,387.0,3870.0
2021062804028779,SGI,42,33,10,735.0,7350.0
2021062804028998,SHL,48,6,300,265.0,79500.0
2021062804028717,SHL,28,43,350,267.0,93450.0
2021062804028940,SHPC,41,49,30,482.0,14460.0
2021062804028862,SHPC,56,42,"1,053",480.0,505440.0
2021062804028861,SHPC,49,42,10,480.0,4800.0
2021062804028860,SHPC,49,42,50,480.0,24000.0
2021062804028859,SHPC,43,42,100,481.0,48100.0
2021062804028858,SHPC,34,42,200,481.0,96200.0
2021062804029173,SICL,35,45,25,2015.0,50375.0
2021062804029118,SICL,45,45,25,2015.0,50375.0
2021062804029104,SICL,41,14,50,2015.0,100750.0
2021062804028780,SICL,55,17,10,2016.0,20160.0
2021062804029102,SJCL,45,41,40,423.0,16920.0
2021062804029031,SJCL,40,52,10,423.0,4230.0
2021062804028983,SPDL,50,21,80,407.0,32560.0
2021062804028982,SPDL,44,21,300,407.0,122100.0
2021062804028883,SPDL,56,21,100,408.0,40800.0
2021062804028882,SPDL,34,21,250,408.0,102000.0
2021062804028881,SPDL,38,21,200,408.0,81600.0
2021062804028880,SPDL,28,21,70,408.0,28560.0
2021062804028778,SPDL,28,21,930,408.0,379440.0
2021062804028777,SPDL,47,21,70,408.0,28560.0
2021062804029189,SSHL,45,52,50,323.0,16150.0
2021062804029103,SSHL,58,52,20,325.0,6500.0
2021062804028996,SSHL,52,52,20,325.0,6500.0
2021062804028913,TRH,52,16,20,387.0,7740.0
2021062804029020,UMHL,36,21,250,362.0,90500.0
2021062804029019,UMHL,6,21,150,362.0,54300.0
2021062804028992,UMHL,6,5,121,362.0,43802.0
2021062804028879,UMHL,6,54,394,362.0,142628.0
2021062804028878,UMHL,59,54,106,362.0,38372.0
2021062804028721,UMHL,34,29,50,363.0,18150.0
2021062804028720,UMHL,34,22,320,363.0,116160.0
2021062804028722,UMHL,34,41,130,363.0,47190.0
2021062804029182,UMRH,34,22,10,477.0,4770.0
2021062804029027,UMRH,34,45,100,477.0,47700.0
2021062804029159,UNHPL,38,6,190,346.0,65740.0
2021062804029158,UNHPL,8,6,10,346.0,3460.0
2021062804028949,UNHPL,8,41,30,346.0,10380.0
2021062804028948,UNHPL,52,41,100,346.0,34600.0
2021062804028947,UNHPL,58,41,70,346.0,24220.0
2021062804029106,UPCL,39,33,330,295.0,97350.0
2021062804029105,UPCL,39,17,70,295.0,20650.0
2021062804029093,UPCL,58,49,"2,814",294.0,827316.0
2021062804029092,UPCL,47,49,40,294.0,11760.0
2021062804029091,UPCL,21,49,146,294.0,42924.0
2021062804028740,UPCL,39,16,420,295.0,123900.0
2021062804029017,UPCL,21,6,100,294.0,29400.0
2021062804028963,UPCL,21,50,100,294.0,29400.0
2021062804028952,UPCL,21,35,200,294.0,58800.0
2021062804028904,UPCL,16,17,50,295.0,14750.0
2021062804028774,UPCL,21,38,100,294.0,29400.0
2021062804028741,UPCL,39,17,80,295.0,23600.0
2021062804029201,UPPER,32,19,100,792.0,79200.0
2021062804029193,UPPER,45,19,200,792.0,158400.0
2021062804029099,UPPER,32,16,10,793.0,7930.0
2021062804029087,UPPER,41,16,10,793.0,7930.0
2021062804029080,UPPER,14,46,165,794.0,131010.0
2021062804029079,UPPER,57,46,10,794.0,7940.0
2021062804028728,UPPER,14,38,20,795.0,15900.0
2021062804028726,UPPER,51,41,74,794.0,58756.0
2021062804028725,UPPER,53,41,26,794.0,20644.0
2021062804028856,UPPER,54,25,84,794.0,66696.0
2021062804028855,UPPER,52,25,46,794.0,36524.0
2021062804028771,UPPER,41,38,100,795.0,79500.0
2021062804028748,UPPER,52,22,154,794.0,122276.0
2021062804028746,UPPER,46,39,24,794.0,19056.0
2021062804028745,UPPER,51,39,126,794.0,100044.0
2021062804028869,UPPER,38,5,26,794.0,20644.0
2021062804028868,UPPER,41,38,150,795.0,119250.0
2021062804028866,UPPER,38,55,34,794.0,26996.0
2021062804028865,UPPER,54,55,16,794.0,12704.0
2021062804028864,UPPER,54,59,100,794.0,79400.0
2021062804028863,UPPER,48,38,30,795.0,23850.0
2021062804028875,UPPER,34,5,10,794.0,7940.0
2021062804028874,UPPER,44,5,200,794.0,158800.0
2021062804028873,UPPER,51,5,77,794.0,61138.0
2021062804028872,UPPER,52,5,51,794.0,40494.0
2021062804028871,UPPER,41,5,100,794.0,79400.0
2021062804028870,UPPER,50,5,20,794.0,15880.0
2021062804028953,UPPER,21,26,20,794.0,15880.0
2021062804028951,UPPER,32,26,164,794.0,130216.0
2021062804028950,UPPER,32,5,16,794.0,12704.0
2021062804028911,UPPER,34,5,100,794.0,79400.0
2021062804028908,UPPER,40,5,300,794.0,238200.0
2021062804028903,UPPER,29,5,100,794.0,79400.0
2021062804028993,UPPER,57,26,100,794.0,79400.0
2021062804029042,UPPER,46,47,50,793.0,39650.0
2021062804029041,UPPER,45,47,500,793.0,396500.0
2021062804029040,UPPER,11,47,50,793.0,39650.0
2021062804029039,UPPER,14,47,200,793.0,158600.0
2021062804029038,UPPER,32,47,20,793.0,15860.0
2021062804029048,UPPER,43,47,30,793.0,23790.0
2021062804029047,UPPER,19,47,20,793.0,15860.0
2021062804029046,UPPER,40,47,250,793.0,198250.0
2021062804029045,UPPER,22,47,10,793.0,7930.0
2021062804029044,UPPER,51,47,100,793.0,79300.0
2021062804029043,UPPER,42,47,50,793.0,39650.0
2021062804029054,UPPER,54,47,100,792.0,79200.0
2021062804029053,UPPER,33,47,100,792.0,79200.0
2021062804029052,UPPER,42,47,30,793.0,23790.0
2021062804029051,UPPER,58,47,50,793.0,39650.0
2021062804029050,UPPER,7,47,550,793.0,436150.0
2021062804029049,UPPER,41,47,30,793.0,23790.0
2021062804029060,UPPER,57,47,100,792.0,79200.0
2021062804029059,UPPER,7,47,"1,000",792.0,792000.0
2021062804029058,UPPER,29,47,80,792.0,63360.0
2021062804029057,UPPER,58,47,90,792.0,71280.0
2021062804029056,UPPER,46,47,19,792.0,15048.0
2021062804029055,UPPER,38,47,100,792.0,79200.0
2021062804029066,UPPER,19,47,50,791.0,39550.0
2021062804029065,UPPER,41,47,100,791.0,79100.0
2021062804029064,UPPER,54,47,200,791.0,158200.0
2021062804029063,UPPER,29,47,100,791.0,79100.0
2021062804029062,UPPER,26,47,200,792.0,158400.0
2021062804029061,UPPER,57,47,50,792.0,39600.0
2021062804029078,UPPER,5,46,100,794.0,79400.0
2021062804029077,UPPER,5,45,400,794.0,317600.0
2021062804029076,UPPER,5,52,200,794.0,158800.0
2021062804029075,UPPER,5,26,716,794.0,568504.0
2021062804029068,UPPER,7,47,271,791.0,214361.0
2021062804029067,UPPER,3,47,500,791.0,395500.0
2021062804028387,AHPC,33,57,50,460.0,23000.0
2021062804028310,AHPC,33,49,310,460.0,142600.0
2021062804028281,AHPC,33,37,100,460.0,46000.0
2021062804028253,AHPC,33,28,450,460.0,207000.0
2021062804028593,AKJCL,54,57,25,276.0,6900.0
2021062804028426,AKPL,58,38,13,433.0,5629.0
2021062804028425,AKPL,39,38,987,433.0,427371.0
2021062804028386,AKPL,45,35,20,435.0,8700.0
2021062804028256,AKPL,45,35,400,435.0,174000.0
2021062804028255,AKPL,45,22,10,434.0,4340.0
2021062804028254,AKPL,45,59,590,434.0,256060.0
2021062804028573,API,16,17,500,384.0,192000.0
2021062804028547,API,16,6,80,384.0,30720.0
2021062804028543,API,16,8,675,384.0,259200.0
2021062804028451,API,22,8,100,385.0,38500.0
2021062804028439,API,57,8,20,385.0,7700.0
2021062804028403,API,42,8,120,385.0,46200.0
2021062804028388,API,8,8,"5,500",385.0,2117500.0
2021062804028218,API,26,8,200,385.0,77000.0
2021062804028604,BARUN,58,28,10,515.0,5150.0
2021062804028411,BARUN,58,38,10,515.0,5150.0
2021062804028469,BBC,42,26,20,5635.0,112700.0
2021062804028468,BBC,45,26,40,5636.0,225440.0
2021062804028422,BBC,58,51,10,5637.0,56370.0
2021062804028480,BPCL,42,22,100,513.0,51300.0
2021062804028395,BPCL,59,43,10,515.0,5150.0
2021062804028316,BPCL,42,41,11,513.0,5643.0
2021062804028293,BPCL,51,43,100,515.0,51500.0
2021062804028228,BPCL,39,43,100,515.0,51500.0
2021062804028226,CGH,17,35,15,1570.0,23550.0
2021062804028225,CGH,41,35,65,1570.0,102050.0
2021062804028224,CGH,51,35,20,1570.0,31400.0
2021062804028605,CHCL,33,11,100,671.0,67100.0
2021062804028416,CHCL,45,28,25,672.0,16800.0
2021062804028314,CHCL,56,29,15,670.0,10050.0
2021062804028313,CHCL,56,29,85,671.0,57035.0
2021062804028454,DHPL,52,32,65,273.0,17745.0
2021062804028301,DHPL,52,8,321,272.0,87312.0
2021062804028238,DHPL,25,8,100,272.0,27200.0
2021062804028237,DHPL,13,8,"1,000",272.0,272000.0
2021062804028236,DHPL,52,8,620,272.0,168640.0
2021062804028235,DHPL,13,8,500,272.0,136000.0
2021062804028234,DHPL,58,8,100,272.0,27200.0
2021062804028233,DHPL,38,8,35,272.0,9520.0
2021062804028397,EIC,45,45,20,764.0,15280.0
2021062804028396,EIC,45,36,40,764.0,30560.0
2021062804028229,EIC,22,36,10,764.0,7640.0
2021062804028463,GIC,7,8,10,705.0,7050.0
2021062804028263,GIMES1,48,14,"1,000",19.67,19670.0
2021062804028262,GIMES1,48,49,"2,500",19.64,49100.0
2021062804028261,GIMES1,48,37,"6,300",19.49,122787.0
2021062804028260,GIMES1,48,41,"2,600",19.29,50154.0
2021062804028259,GIMES1,48,13,500,19.28,9640.0
2021062804028447,GLH,6,8,500,373.0,186500.0
2021062804028421,GLH,35,40,10,372.0,3720.0
2021062804028400,GLH,35,56,10,372.0,3720.0
2021062804028241,GLH,35,56,10,372.0,3720.0
2021062804028651,HDHPC,49,16,400,277.0,110800.0
2021062804028630,HDHPC,11,59,100,278.0,27800.0
2021062804028629,HDHPC,11,35,166,278.0,46148.0
2021062804028623,HDHPC,49,57,100,277.0,27700.0
2021062804028622,HDHPC,10,57,100,277.0,27700.0
2021062804028621,HDHPC,42,57,400,277.0,110800.0
2021062804028219,HDHPC,59,1,116,278.0,32248.0
2021062804028467,HDHPC,25,35,334,278.0,92852.0
2021062804028466,HDHPC,25,49,500,278.0,139000.0
2021062804028465,HDHPC,25,34,"1,166",278.0,324148.0
2021062804028317,HDHPC,42,1,500,277.0,138500.0
2021062804028221,HDHPC,59,34,334,278.0,92852.0
2021062804028220,HDHPC,59,48,50,278.0,13900.0
2021062804028420,HGI,6,6,56,780.0,43680.0
2021062804028419,HGI,42,6,50,780.0,39000.0
2021062804028418,HGI,48,6,50,780.0,39000.0
2021062804028417,HGI,32,6,44,780.0,34320.0
2021062804028288,HGI,41,13,100,781.0,78100.0
2021062804028489,HPPL,55,53,225,412.0,92700.0
2021062804028300,HPPL,55,26,10,412.0,4120.0
2021062804028258,HURJA,52,28,500,354.0,177000.0
2021062804028223,IGI,45,56,100,1215.0,121500.0
2021062804028304,IGI,57,56,100,1214.0,121400.0
2021062804028442,IGI,57,22,40,1214.0,48560.0
2021062804028485,IGI,54,35,20,1216.0,24320.0
2021062804028394,JOSHI,49,51,20,278.0,5560.0
2021062804028546,KKHC,37,54,50,276.0,13800.0
2021062804028555,KPCL,49,48,10,431.0,4310.0
2021062804028554,KPCL,11,48,200,431.0,86200.0
2021062804028553,KPCL,4,48,40,431.0,17240.0
2021062804028552,KPCL,32,48,500,432.0,216000.0
2021062804028551,KPCL,56,48,100,432.0,43200.0
2021062804028550,KPCL,5,48,21,432.0,9072.0
2021062804028561,KPCL,55,48,244,430.0,104920.0
2021062804028560,KPCL,42,48,100,430.0,43000.0
2021062804028559,KPCL,43,48,285,430.0,122550.0
2021062804028558,KPCL,55,48,200,430.0,86000.0
2021062804028557,KPCL,7,48,150,431.0,64650.0
2021062804028556,KPCL,22,48,150,431.0,64650.0
2021062804028563,LEC,36,16,10,351.0,3510.0
2021062804028302,LEC,36,16,10,351.0,3510.0
2021062804028297,LEC,36,16,80,351.0,28080.0
2021062804028296,LEC,48,16,20,354.0,7080.0
2021062804028292,LEC,48,22,10,354.0,3540.0
2021062804028291,LEC,48,42,20,353.0,7060.0
2021062804028252,LEC,36,11,40,351.0,14040.0
2021062804028232,LEC,54,55,20,352.0,7040.0
2021062804028475,MEN,55,45,447,856.0,382632.0
2021062804028474,MEN,58,45,200,857.0,171400.0
2021062804028473,MEN,56,45,500,858.0,429000.0
2021062804028472,MEN,57,45,60,858.0,51480.0
2021062804028471,MEN,42,45,30,858.0,25740.0
2021062804028470,MEN,46,45,163,859.0,140017.0
2021062804028309,NGPL,6,58,12,478.0,5736.0
2021062804028649,NHPC,10,57,10,331.0,3310.0
2021062804028648,NHPC,34,57,90,332.0,29880.0
2021062804028592,NHPC,34,45,500,332.0,166000.0
2021062804028591,NHPC,34,48,80,332.0,26560.0
2021062804028590,NHPC,34,45,100,332.0,33200.0
2021062804028589,NHPC,34,41,50,332.0,16600.0
2021062804028267,NHPC,10,43,200,331.0,66200.0
2021062804028266,NHPC,10,38,300,331.0,99300.0
2021062804028265,NHPC,10,34,349,331.0,115519.0
2021062804028264,NHPC,7,42,100,330.0,33000.0
2021062804028240,NHPC,7,50,140,330.0,46200.0
2021062804028453,NHPC,10,14,200,331.0,66200.0
2021062804028381,NHPC,21,33,70,332.0,23240.0
2021062804028287,NHPC,10,51,50,331.0,16550.0
2021062804028270,NHPC,10,42,160,331.0,52960.0
2021062804028269,NHPC,10,14,"1,000",331.0,331000.0
2021062804028268,NHPC,10,26,200,331.0,66200.0
2021062804028582,NHPC,34,21,20,332.0,6640.0
2021062804028581,NHPC,34,22,40,332.0,13280.0
2021062804028580,NHPC,34,34,"1,960",332.0,650720.0
2021062804028576,NHPC,58,34,40,332.0,13280.0
2021062804028575,NHPC,58,33,60,332.0,19920.0
2021062804028483,NHPC,10,25,100,331.0,33100.0
2021062804028588,NHPC,34,14,100,332.0,33200.0
2021062804028587,NHPC,34,45,500,332.0,166000.0
2021062804028586,NHPC,34,26,500,332.0,166000.0
2021062804028585,NHPC,34,38,"1,000",332.0,332000.0
2021062804028584,NHPC,34,4,10,332.0,3320.0
2021062804028583,NHPC,34,1,50,332.0,16600.0
2021062804028639,NICL,34,48,20,1176.0,23520.0
2021062804028614,NICL,58,48,440,1176.0,517440.0
2021062804028613,NICL,52,48,40,1178.0,47120.0
2021062804028461,NICL,58,48,560,1176.0,658560.0
2021062804028460,NICL,21,48,10,1176.0,11760.0
2021062804028459,NICL,28,48,40,1177.0,47080.0
2021062804028276,NICL,40,48,210,1177.0,247170.0
2021062804028251,NICL,1,32,10,1178.0,11780.0
2021062804028458,NICL,3,48,300,1177.0,353100.0
2021062804028457,NICL,6,48,90,1178.0,106020.0
2021062804028414,NICL,6,26,10,1178.0,11780.0
2021062804028295,NICL,1,41,34,1179.0,40086.0
2021062804028294,NICL,1,32,66,1178.0,77748.0
2021062804028277,NICL,20,48,290,1176.0,341040.0
2021062804028603,NIL,43,14,28,1659.0,46452.0
2021062804028602,NIL,43,58,172,1659.0,285348.0
2021062804028307,NIL,32,58,38,1657.0,62966.0
2021062804028306,NIL,49,58,20,1658.0,33160.0
2021062804028305,NIL,35,58,142,1658.0,235436.0
2021062804028279,NIL,35,58,48,1658.0,79584.0
2021062804028278,NIL,35,6,100,1658.0,165800.0
2021062804028407,NLG,36,40,15,1310.0,19650.0
2021062804028406,NLG,39,40,10,1310.0,13100.0
2021062804028405,NLG,59,40,75,1310.0,98250.0
2021062804028464,NMBHF1,19,49,416,13.2,5491.2
