Transact. No.,Symbol,Buyer,Seller,Quantity,Rate,Amount
2021063004023038,AHPC,38,52,300,442.0,132600.0
2021063004023295,AHPC,11,22,100,440.0,44000.0
2021063004023294,AHPC,6,22,200,440.0,88000.0
2021063004023246,AIL,38,41,120,805.0,96600.0
2021063004023168,AIL,45,21,20,804.0,16080.0
2021063004023167,AIL,59,21,10,804.0,8040.0
2021063004023118,AIL,59,22,80,804.0,64320.0
2021063004023117,AIL,59,26,110,804.0,88440.0
2021063004023372,AKJCL,29,43,10,269.0,2690.0
2021063004023095,AKJCL,34,41,50,264.0,13200.0
2021063004022981,AKJCL,29,51,10,269.0,2690.0
2021063004023426,AKPL,29,14,10,425.0,4250.0
2021063004023337,AKPL,49,14,180,425.0,76500.0
2021063004023282,AKPL,55,3,121,425.0,51425.0
2021063004023195,AKPL,38,44,39,426.0,16614.0
2021063004023194,AKPL,38,3,161,425.0,68425.0
2021063004023147,AKPL,42,3,100,425.0,42500.0
2021063004023077,AKPL,39,44,10,426.0,4260.0
2021063004023076,AKPL,46,44,100,426.0,42600.0
2021063004023075,AKPL,21,44,50,426.0,21300.0
2021063004023074,AKPL,59,44,340,426.0,144840.0
2021063004023070,AKPL,59,21,300,426.0,127800.0
2021063004023069,AKPL,43,21,500,426.0,213000.0
2021063004023146,AKPL,36,3,"1,000",425.0,425000.0
2021063004023145,AKPL,45,3,50,425.0,21250.0
2021063004023144,AKPL,39,3,10,425.0,4250.0
2021063004023143,AKPL,35,3,200,425.0,85000.0
2021063004023142,AKPL,36,3,300,425.0,127500.0
2021063004023141,AKPL,47,3,100,425.0,42500.0
2021063004023425,API,34,34,30,374.0,11220.0
2021063004023358,API,37,34,15,374.0,5610.0
2021063004023357,API,37,5,150,373.0,55950.0
2021063004023356,API,37,58,65,373.0,24245.0
2021063004023355,API,37,14,200,373.0,74600.0
2021063004023354,API,37,58,70,373.0,26110.0
2021063004023333,API,11,49,10,371.0,3710.0
2021063004023155,API,41,58,30,373.0,11190.0
2021063004023059,API,33,34,285,374.0,106590.0
2021063004023058,API,33,35,15,373.0,5595.0
2021063004023463,BARUN,14,26,19,541.0,10279.0
2021063004023462,BARUN,20,26,131,541.0,70871.0
2021063004023427,BARUN,14,45,10,544.0,5440.0
2021063004023370,BARUN,20,50,100,541.0,54100.0
2021063004022998,BARUN,49,45,100,544.0,54400.0
2021063004023107,BARUN,20,32,200,541.0,108200.0
2021063004023304,BARUN,20,45,10,544.0,5440.0
2021063004023303,BARUN,51,45,10,544.0,5440.0
2021063004023242,BARUN,20,48,40,541.0,21640.0
2021063004023271,BBC,52,33,10,5500.0,55000.0
2021063004023123,BBC,42,43,10,5475.0,54750.0
2021063004023435,BPCL,17,36,25,500.0,12500.0
2021063004023431,BPCL,57,22,90,499.0,44910.0
2021063004023430,BPCL,57,22,10,499.0,4990.0
2021063004023386,BPCL,21,36,50,500.0,25000.0
2021063004023110,BPCL,16,36,200,500.0,100000.0
2021063004023103,BPCL,21,36,50,500.0,25000.0
2021063004023207,BPCL,55,38,20,499.0,9980.0
2021063004023133,BPCL,21,36,50,500.0,25000.0
2021063004023291,BPCL,55,36,142,500.0,71000.0
2021063004023342,BPCL,58,36,90,500.0,45000.0
2021063004023179,CGH,32,53,10,1535.0,15350.0
2021063004022997,CGH,32,57,20,1535.0,30700.0
2021063004023331,CHCL,7,42,450,656.0,295200.0
2021063004023330,CHCL,7,34,50,655.0,32750.0
2021063004023281,CHCL,17,34,50,655.0,32750.0
2021063004023192,CHCL,7,42,243,656.0,159408.0
2021063004023191,CHCL,7,28,10,655.0,6550.0
2021063004023177,CHCL,35,28,100,655.0,65500.0
2021063004023176,CHCL,29,28,200,655.0,131000.0
2021063004023166,CHCL,22,42,250,656.0,164000.0
2021063004023073,CHCL,7,42,153,656.0,100368.0
2021063004023028,CHCL,58,42,247,656.0,162032.0
2021063004023255,CHL,59,58,50,416.0,20800.0
2021063004023200,CHL,59,26,10,415.0,4150.0
2021063004023153,CMF2,42,50,300,12.8,3840.0
2021063004023385,DHPL,41,21,100,258.0,25800.0
2021063004023063,DHPL,16,11,400,257.0,102800.0
2021063004023062,DHPL,16,38,"1,000",257.0,257000.0
2021063004023061,DHPL,16,57,239,256.0,61184.0
2021063004023060,DHPL,16,49,260,256.0,66560.0
2021063004023013,DHPL,14,49,10,255.0,2550.0
2021063004023012,DHPL,14,49,50,255.0,12750.0
2021063004023364,EIC,37,25,218,753.0,164154.0
2021063004023363,EIC,14,25,25,754.0,18850.0
2021063004023338,EIC,37,20,282,753.0,212346.0
2021063004023329,EIC,57,25,61,755.0,46055.0
2021063004023152,EIC,57,57,39,754.0,29406.0
2021063004023031,EIC,20,57,100,754.0,75400.0
2021063004023020,GHL,17,50,390,292.0,113880.0
2021063004023019,GHL,57,50,10,292.0,2920.0
2021063004023413,GIC,39,56,20,686.0,13720.0
2021063004023412,GIC,8,56,130,686.0,89180.0
2021063004023367,GIC,7,32,10,687.0,6870.0
2021063004023081,GIC,52,34,10,687.0,6870.0
2021063004023461,GLH,42,32,10,360.0,3600.0
2021063004023252,GLH,42,47,30,360.0,10800.0
2021063004023251,GLH,42,47,10,360.0,3600.0
2021063004023250,GLH,1,47,10,360.0,3600.0
2021063004023249,GLH,38,47,50,360.0,18000.0
2021063004023178,GLH,38,58,100,360.0,36000.0
2021063004023161,GLH,38,45,10,360.0,3600.0
2021063004023037,GLH,38,38,10,360.0,3600.0
2021063004023382,HDHPC,13,57,10,266.0,2660.0
2021063004023229,HDHPC,45,58,89,265.0,23585.0
2021063004023228,HDHPC,39,58,200,266.0,53200.0
2021063004023227,HDHPC,39,58,185,266.0,49210.0
2021063004023226,HDHPC,7,58,26,266.0,6916.0
2021063004023225,HDHPC,7,48,24,266.0,6384.0
2021063004023000,HDHPC,42,58,44,266.0,11704.0
2021063004022999,HDHPC,50,58,956,266.0,254296.0
2021063004022983,HDHPC,8,10,60,267.0,16020.0
2021063004022982,HDHPC,8,33,140,267.0,37380.0
2021063004023224,HDHPC,42,48,476,266.0,126616.0
2021063004023204,HDHPC,40,10,200,267.0,53400.0
2021063004023148,HDHPC,42,48,190,266.0,50540.0
2021063004023105,HDHPC,41,10,100,267.0,26700.0
2021063004023072,HDHPC,39,10,15,267.0,4005.0
2021063004023035,HDHPC,42,39,"1,000",266.0,266000.0
2021063004023049,HGI,42,49,90,768.0,69120.0
2021063004023408,HPPL,48,57,100,407.0,40700.0
2021063004023407,HPPL,25,57,118,407.0,48026.0
2021063004023345,HPPL,25,45,82,407.0,33374.0
2021063004023344,HPPL,43,45,18,408.0,7344.0
2021063004023209,HURJA,41,45,40,338.0,13520.0
2021063004023208,HURJA,55,45,10,340.0,3400.0
2021063004023197,HURJA,55,3,20,340.0,6800.0
2021063004023196,HURJA,55,17,20,340.0,6800.0
2021063004023190,HURJA,55,57,80,340.0,27200.0
2021063004023278,IGI,6,8,50,1191.0,59550.0
2021063004023218,JOSHI,42,34,20,271.0,5420.0
2021063004023116,JOSHI,6,49,400,272.0,108800.0
2021063004023111,JOSHI,56,49,40,272.0,10880.0
2021063004023373,KKHC,53,51,300,260.0,78000.0
2021063004023349,KKHC,41,51,50,260.0,13000.0
2021063004023002,KKHC,25,51,50,260.0,13000.0
2021063005000010,KLBSL,11,13,3,1550.0,4650.0
2021063005000009,KLBSL,28,59,50,1577.0,78850.0
2021063005000008,KLBSL,33,41,40,1581.0,63240.0
2021063005000007,KLBSL,41,41,50,1578.0,78900.0
2021063005000006,KLBSL,20,41,30,1578.0,47340.0
2021063005000005,KLBSL,20,26,20,1578.0,31560.0
2021063005000004,KLBSL,45,35,10,1600.0,16000.0
2021063005000003,KLBSL,17,57,100,1610.0,161000.0
2021063005000002,KLBSL,17,29,14,1605.0,22470.0
2021063005000001,KLBSL,17,33,35,1605.0,56175.0
2021063004023400,LEC,25,46,150,337.0,50550.0
2021063004023371,LEC,5,46,30,337.0,10110.0
2021063004023071,LEC,58,46,10,337.0,3370.0
2021063004023346,LGIL,34,46,10,787.0,7870.0
2021063004023321,LGIL,34,46,20,790.0,15800.0
2021063004023094,LGIL,52,7,10,790.0,7900.0
2021063004023093,LGIL,52,10,100,790.0,79000.0
2021063004023092,LGIL,52,46,500,790.0,395000.0
2021063004023091,LGIL,52,28,120,790.0,94800.0
2021063004023084,LGIL,52,57,200,785.0,157000.0
2021063004023083,LGIL,52,25,17,784.0,13328.0
2021063004023082,LGIL,52,28,280,783.0,219240.0
2021063004023033,LGIL,34,28,20,783.0,15660.0
2021063004023011,LGIL,50,25,300,784.0,235200.0
2021063004023090,LGIL,52,25,40,790.0,31600.0
2021063004023089,LGIL,52,34,200,788.0,157600.0
2021063004023088,LGIL,52,1,50,785.0,39250.0
2021063004023087,LGIL,52,49,100,785.0,78500.0
2021063004023086,LGIL,52,11,300,785.0,235500.0
2021063004023085,LGIL,52,21,200,785.0,157000.0
2021063004023283,MHNL,29,49,75,317.0,23775.0
2021063004023275,NGPL,7,57,100,455.0,45500.0
2021063004023149,NGPL,54,57,300,455.0,136500.0
2021063004023140,NGPL,44,57,500,455.0,227500.0
2021063004023139,NGPL,47,57,50,455.0,22750.0
2021063004023010,NGPL,47,22,50,455.0,22750.0
2021063004023158,NHDL,25,53,200,415.0,83000.0
2021063004023023,NHDL,21,53,20,415.0,8300.0
2021063004023465,NHPC,59,4,10,329.0,3290.0
2021063004023421,NHPC,42,4,80,329.0,26320.0
2021063004023387,NHPC,32,16,"1,000",328.0,328000.0
2021063004023383,NHPC,32,4,"4,000",329.0,1316000.0
2021063004023332,NHPC,32,40,500,328.0,164000.0
2021063004023285,NHPC,21,4,100,329.0,32900.0
2021063004023045,NHPC,22,42,69,329.0,22701.0
2021063004023039,NHPC,22,34,41,329.0,13489.0
2021063004023021,NHPC,29,43,10,330.0,3300.0
2021063004023135,NHPC,43,46,869,329.0,285901.0
2021063004023125,NHPC,43,26,50,329.0,16450.0
2021063004023124,NHPC,43,33,81,329.0,26649.0
2021063004023104,NHPC,6,33,"1,000",329.0,329000.0
2021063004023048,NHPC,42,33,219,329.0,72051.0
2021063004023046,NHPC,42,42,41,329.0,13489.0
2021063004023223,NHPC,40,56,100,329.0,32900.0
2021063004023212,NHPC,40,57,100,329.0,32900.0
2021063004023210,NHPC,35,43,10,330.0,3300.0
2021063004023201,NHPC,40,46,137,329.0,45073.0
2021063004023165,NHPC,32,14,90,328.0,29520.0
2021063004023156,NHPC,32,45,"1,500",328.0,492000.0
2021063004023284,NHPC,21,18,400,329.0,131600.0
2021063004023260,NHPC,6,18,100,329.0,32900.0
2021063004023233,NHPC,32,42,107,328.0,35096.0
2021063004023232,NHPC,36,42,"1,200",329.0,394800.0
2021063004023231,NHPC,29,42,10,329.0,3290.0
2021063004023230,NHPC,40,42,163,329.0,53627.0
2021063004023424,NIBLPF,59,22,"2,525",14.9,37622.5
2021063004023423,NIBLPF,59,48,"2,525",14.89,37597.25
2021063004023422,NIBLPF,59,7,685,14.88,10192.8
2021063004023258,NIBLPF,59,7,"6,271",14.88,93312.48
2021063004023257,NIBLPF,59,45,"1,729",14.7,25416.3
2021063004023362,NICBF,59,38,"1,000",13.4,13400.0
2021063004023361,NICBF,59,33,"5,000",13.4,67000.0
2021063004023360,NICBF,59,4,100,13.4,1340.0
2021063004023359,NICBF,59,21,600,13.4,8040.0
2021063004023458,NICL,3,34,54,1180.0,63720.0
2021063004023457,NICL,3,53,20,1180.0,23600.0
2021063004023456,NICL,3,50,200,1180.0,236000.0
2021063004023455,NICL,3,4,18,1179.0,21222.0
2021063004023454,NICL,3,55,100,1179.0,117900.0
2021063004023453,NICL,3,44,150,1179.0,176850.0
2021063004023269,NICL,43,45,43,1164.0,50052.0
2021063004023241,NICL,29,16,100,1165.0,116500.0
2021063004023138,NICL,3,53,10,1178.0,11780.0
2021063004023109,NICL,43,36,57,1164.0,66348.0
2021063004023446,NICL,3,45,180,1170.0,210600.0
2021063004023384,NICL,57,45,50,1170.0,58500.0
2021063004023368,NICL,17,45,10,1170.0,11700.0
2021063004023365,NICL,42,45,50,1170.0,58500.0
2021063004023318,NICL,53,45,10,1170.0,11700.0
2021063004023270,NICL,14,45,157,1164.0,182748.0
2021063004023452,NICL,3,43,300,1179.0,353700.0
2021063004023451,NICL,3,58,28,1178.0,32984.0
2021063004023450,NICL,3,53,280,1178.0,329840.0
2021063004023449,NICL,3,56,100,1177.0,117700.0
2021063004023448,NICL,3,14,20,1177.0,23540.0
2021063004023447,NICL,3,4,50,1177.0,58850.0
2021063004023420,NIL,4,4,391,1644.0,642804.0
2021063004023247,NIL,4,25,100,1643.0,164300.0
2021063004023162,NIL,4,45,20,1642.0,32840.0
2021063004023445,NLG,35,48,200,1322.0,264400.0
2021063004023376,NLG,47,19,34,1324.0,45016.0
2021063004023064,NLG,34,21,300,1324.0,397200.0
2021063004023050,NLG,21,45,200,1321.0,264200.0
2021063004023220,NLG,25,50,10,1324.0,13240.0
2021063004023219,NLG,25,21,90,1324.0,119160.0
2021063004023193,NLG,6,21,50,1324.0,66200.0
2021063004023154,NLG,5,29,190,1322.0,251180.0
2021063004023297,NLG,49,46,110,1324.0,145640.0
2021063004023296,NLG,49,50,90,1324.0,119160.0
2021063004023261,NLG,39,6,200,1322.0,264400.0
2021063004023244,NLG,32,58,100,1322.0,132200.0
2021063004023243,NLG,5,58,310,1322.0,409820.0
2021063004023375,NLG,47,46,140,1324.0,185360.0
2021063004023374,NLG,47,19,26,1323.0,34398.0
2021063004023351,NLG,13,19,10,1323.0,13230.0
2021063004023343,NLG,39,19,20,1323.0,26460.0
2021063004023322,NLG,39,29,80,1323.0,105840.0
2021063004023419,OHL,39,45,10,612.0,6120.0
2021063004023352,OHL,39,45,10,612.0,6120.0
2021063004023299,OHL,39,45,10,612.0,6120.0
2021063004022984,OHL,39,56,59,612.0,36108.0
2021063004022978,OHL,39,42,95,609.0,57855.0
2021063004022990,OHL,39,51,50,613.0,30650.0
2021063004022989,OHL,39,7,100,612.0,61200.0
2021063004022988,OHL,39,43,22,612.0,13464.0
2021063004022987,OHL,39,41,100,612.0,61200.0
2021063004022986,OHL,39,42,200,612.0,122400.0
2021063004022985,OHL,39,55,50,612.0,30600.0
2021063004023245,OHL,39,45,20,612.0,12240.0
2021063004023199,OHL,39,56,610,609.0,371490.0
2021063004023056,OHL,39,56,390,609.0,237510.0
2021063004022991,OHL,39,38,19,614.0,11666.0
2021063004023164,PIC,36,34,100,1195.0,119500.0
2021063004023127,PIC,56,58,45,1197.0,53865.0
2021063004023240,PICL,49,29,10,812.0,8120.0
2021063004023236,PICL,13,40,200,814.0,162800.0
2021063004023239,PMHPL,41,43,50,280.0,14000.0
2021063004023238,PMHPL,41,49,10,280.0,2800.0
2021063004023237,PMHPL,41,48,10,280.0,2800.0
2021063004023180,PMHPL,1,1,500,280.0,140000.0
2021063004023418,PPCL,14,42,10,340.0,3400.0
2021063004023211,PPCL,32,53,225,339.0,76275.0
2021063004023108,PPCL,32,56,30,339.0,10170.0
2021063004023068,PPCL,32,34,10,339.0,3390.0
2021063004023067,PPCL,32,4,10,339.0,3390.0
2021063004023066,PPCL,32,28,125,339.0,42375.0
2021063004023317,PRIN,49,53,960,947.0,909120.0
2021063004023316,PRIN,57,53,50,948.0,47400.0
2021063004023315,PRIN,58,53,89,948.0,84372.0
2021063004023314,PRIN,14,53,50,950.0,47500.0
2021063004023313,PRIN,38,53,500,950.0,475000.0
2021063004023312,PRIN,58,53,500,950.0,475000.0
2021063004023305,PRIN,49,53,200,956.0,191200.0
2021063004023280,PRIN,34,26,700,964.0,674800.0
2021063004023279,PRIN,34,35,100,963.0,96300.0
2021063004023055,PRIN,34,6,100,963.0,96300.0
2021063004023054,PRIN,34,33,40,962.0,38480.0
2021063004023311,PRIN,3,53,100,951.0,95100.0
2021063004023310,PRIN,57,53,100,951.0,95100.0
2021063004023309,PRIN,7,53,50,952.0,47600.0
2021063004023308,PRIN,29,53,10,953.0,9530.0
2021063004023307,PRIN,7,53,50,954.0,47700.0
2021063004023306,PRIN,40,53,331,955.0,316105.0
2021063004023256,RADHI,58,1,10,785.0,7850.0
2021063004023160,RADHI,45,1,10,785.0,7850.0
2021063004023047,RADHI,45,1,50,785.0,39250.0
2021063004023016,RADHI,45,36,50,785.0,39250.0
2021063004023015,RADHI,4,36,10,785.0,7850.0
2021063004023014,RADHI,45,36,40,785.0,31400.0
2021063004022996,RADHI,45,19,70,785.0,54950.0
2021063004023442,RHPL,34,48,217,455.0,98735.0
2021063004023441,RHPL,34,48,80,455.0,36400.0
2021063004023440,RHPL,34,50,330,455.0,150150.0
2021063004023439,RHPL,34,51,20,450.0,9000.0
2021063004023438,RHPL,34,36,21,450.0,9450.0
2021063004023437,RHPL,34,46,250,450.0,112500.0
2021063004022994,RHPL,36,34,100,450.0,45000.0
2021063004023436,RHPL,34,35,82,447.0,36654.0
2021063004023369,RHPL,38,7,20,447.0,8940.0
2021063004023366,RHPL,14,7,80,447.0,35760.0
2021063004023268,RHPL,14,19,120,447.0,53640.0
2021063004023267,RHPL,44,19,80,447.0,35760.0
2021063004023022,RHPL,36,36,19,450.0,8550.0
2021063004023432,RRHP,36,45,10,360.0,3600.0
2021063004023406,RRHP,42,36,30,358.0,10740.0
2021063004023405,RRHP,59,36,90,358.0,32220.0
2021063004023320,RRHP,51,47,750,359.0,269250.0
2021063004023185,RRHP,59,57,10,358.0,3580.0
2021063004023121,RRHP,53,47,200,359.0,71800.0
2021063004023065,SAEF,D01,42,"5,000",16.29,81450.0
2021063004023389,SEF,38,43,"10,000",13.61,136100.0
2021063004023198,SEF,13,43,"5,000",13.62,68100.0
2021063004023399,SGI,47,16,50,715.0,35750.0
2021063004023253,SGI,54,16,10,715.0,7150.0
2021063004023189,SHL,26,48,100,258.0,25800.0
2021063004023188,SHL,48,48,515,258.0,132870.0
2021063004023186,SHL,48,45,300,258.0,77400.0
2021063004023159,SHL,35,29,100,259.0,25900.0
2021063004023009,SHL,48,59,185,258.0,47730.0
2021063004023008,SHL,41,59,100,258.0,25800.0
2021063004023007,SHL,42,59,200,258.0,51600.0
2021063004023006,SHL,48,59,100,258.0,25800.0
2021063004023005,SHL,45,59,225,259.0,58275.0
2021063004022995,SHL,45,49,675,259.0,174825.0
2021063004023417,SHPC,57,53,140,475.0,66500.0
2021063004023319,SHPC,57,44,71,475.0,33725.0
2021063004023274,SHPC,57,20,80,475.0,38000.0
2021063004023034,SHPC,8,20,10,477.0,4770.0
2021063004023341,SIC,25,32,80,1554.0,124320.0
2021063004023340,SIC,49,32,20,1554.0,31080.0
2021063004023339,SIC,49,29,20,1554.0,31080.0
2021063004023276,SIC,1,45,25,1552.0,38800.0
2021063004023248,SIC,1,49,10,1552.0,15520.0
2021063004023222,SIC,1,6,50,1552.0,77600.0
2021063004023040,SIC,25,52,430,1553.0,667790.0
2021063004023018,SIC,37,52,90,1553.0,139770.0
2021063004023017,SIC,37,11,10,1553.0,15530.0
2021063004023004,SIC,22,45,55,1553.0,85415.0
2021063004023130,SIC,1,49,50,1553.0,77650.0
2021063004023129,SIC,58,49,28,1553.0,43484.0
2021063004023128,SIC,57,49,70,1553.0,108710.0
2021063004023102,SIC,57,38,30,1553.0,46590.0
2021063004023042,SIC,25,13,50,1554.0,77700.0
2021063004023041,SIC,25,43,100,1553.0,155300.0
2021063004023217,SIC,38,13,150,1554.0,233100.0
2021063004023216,SIC,38,43,100,1553.0,155300.0
2021063004023215,SIC,38,6,50,1553.0,77650.0
2021063004023163,SIC,1,6,10,1552.0,15520.0
2021063004023132,SIC,1,49,282,1552.0,437664.0
2021063004023131,SIC,35,49,20,1553.0,31060.0
2021063004023429,SICL,40,14,16,1989.0,31824.0
2021063004023428,SICL,26,14,34,1989.0,67626.0
2021063004023388,SICL,26,32,54,1990.0,107460.0
2021063004023292,SICL,35,32,20,1990.0,39800.0
2021063004023266,SICL,19,32,10,1990.0,19900.0
2021063004023234,SICL,29,32,50,1990.0,99500.0
2021063004023122,SICL,58,32,20,1990.0,39800.0
2021063004023057,SICL,58,32,10,1990.0,19900.0
2021063004023460,SIL,44,42,10,1074.0,10740.0
2021063004023459,SIL,44,6,10,1072.0,10720.0
2021063004023348,SIL,45,49,19,1070.0,20330.0
2021063004023347,SIL,3,49,31,1070.0,33170.0
2021063004023235,SIL,6,44,200,1071.0,214200.0
2021063004023411,SJCL,59,46,190,421.0,79990.0
2021063004023410,SJCL,56,46,50,422.0,21100.0
2021063004023409,SJCL,49,46,40,422.0,16880.0
2021063004023302,SJCL,49,51,10,422.0,4220.0
2021063004023301,SJCL,54,51,90,422.0,37980.0
2021063004023300,SJCL,52,51,400,423.0,169200.0
2021063004023026,SJCL,58,19,100,422.0,42200.0
2021063004023025,SJCL,42,19,20,422.0,8440.0
2021063004023024,SJCL,6,19,20,422.0,8440.0
2021063004023259,SJCL,1,49,10,423.0,4230.0
2021063004023099,SJCL,1,49,300,423.0,126900.0
2021063004023098,SJCL,1,39,20,423.0,8460.0
2021063004023097,SJCL,1,6,20,423.0,8460.0
2021063004023096,SJCL,1,51,110,422.0,46420.0
2021063004023027,SJCL,54,19,60,422.0,25320.0
2021063004023136,SLCF,34,52,500,10.04,5020.0
2021063004023134,SLCF,13,4,100,10.01,1001.0
2021063004023187,SPDL,59,38,100,398.0,39800.0
2021063004023051,SPDL,42,53,10,399.0,3990.0
2021063004023416,SSHL,8,36,108,313.0,33804.0
2021063004023415,SSHL,8,38,60,312.0,18720.0
2021063004023414,SSHL,8,36,32,312.0,9984.0
2021063004023289,SSHL,5,58,205,310.0,63550.0
2021063004023288,SSHL,50,58,700,310.0,217000.0
2021063004023287,SSHL,42,58,35,310.0,10850.0
2021063004023286,SSHL,47,58,150,311.0,46650.0
2021063004023203,SSHL,57,36,133,312.0,41496.0
2021063004023202,SSHL,39,36,35,313.0,10955.0
2021063004023182,SSHL,57,34,100,312.0,31200.0
2021063004023353,STC,34,58,15,9690.0,145350.0
2021063004023001,STC,58,50,100,9700.0,970000.0
2021063004023403,TRH,49,48,150,393.0,58950.0
2021063004023402,TRH,22,48,90,393.0,35370.0
2021063004023401,TRH,57,48,100,398.0,39800.0
2021063004023273,TRH,22,38,410,393.0,161130.0
2021063004023272,TRH,43,38,90,393.0,35370.0
2021063004023044,TRH,43,45,10,393.0,3930.0
2021063004023398,UIC,41,34,40,706.0,28240.0
2021063004023397,UIC,14,34,50,707.0,35350.0
2021063004023396,UIC,44,34,10,707.0,7070.0
2021063004022977,UIC,59,21,265,705.0,186825.0
2021063004022976,UIC,58,21,100,705.0,70500.0
2021063004023336,UMHL,40,56,330,350.0,115500.0
2021063004023335,UMHL,51,56,100,352.0,35200.0
2021063004023334,UMHL,29,56,50,353.0,17650.0
2021063004023170,UMHL,6,58,512,351.0,179712.0
2021063004023169,UMHL,6,58,187,353.0,66011.0
2021063004023157,UMHL,6,14,13,353.0,4589.0
2021063004023119,UMHL,56,14,200,353.0,70600.0
2021063004023113,UMHL,36,14,187,353.0,66011.0
2021063004023112,UMHL,36,57,13,353.0,4589.0
2021063004023183,UMHL,29,20,150,353.0,52950.0
2021063004023175,UMHL,40,58,306,350.0,107100.0
2021063004023174,UMHL,29,58,200,350.0,70000.0
2021063004023173,UMHL,42,58,40,350.0,14000.0
2021063004023172,UMHL,50,58,30,350.0,10500.0
2021063004023171,UMHL,28,58,25,351.0,8775.0
2021063004023464,UMRH,34,57,80,485.0,38800.0
2021063004023444,UMRH,34,54,20,485.0,9700.0
2021063004023036,UMRH,34,39,10,477.0,4770.0
2021063004023003,UMRH,41,57,10,480.0,4800.0
2021063004023106,UMRH,41,57,10,487.0,4870.0
2021063004023080,UMRH,34,38,50,485.0,24250.0
2021063004023079,UMRH,34,49,70,485.0,33950.0
2021063004023078,UMRH,34,14,30,483.0,14490.0
2021063004023043,UMRH,57,43,100,480.0,48000.0
2021063004023184,UMRH,41,57,10,487.0,4870.0
2021063004023181,UMRH,34,57,300,487.0,146100.0
2021063004023137,UMRH,34,51,50,485.0,24250.0
2021063004023379,UNHPL,14,52,10,330.0,3300.0
2021063004023378,UNHPL,14,49,100,330.0,33000.0
2021063004023377,UNHPL,14,45,603,330.0,198990.0
2021063004023290,UNHPL,58,45,100,330.0,33000.0
2021063004023277,UNHPL,44,44,100,327.0,32700.0
2021063004023214,UNHPL,57,45,50,327.0,16350.0
2021063004023213,UNHPL,57,45,50,327.0,16350.0
2021063004023120,UNHPL,8,45,130,330.0,42900.0
2021063004023115,UNHPL,45,45,100,330.0,33000.0
2021063004023114,UNHPL,29,45,"2,295",330.0,757350.0
2021063004023404,UPCL,39,48,48,290.0,13920.0
2021063004023381,UPCL,25,47,23,291.0,6693.0
2021063004023380,UPCL,25,36,100,291.0,29100.0
2021063004023052,UPCL,39,28,900,287.0,258300.0
2021063004022993,UPCL,39,28,100,287.0,28700.0
2021063004022992,UPCL,32,28,50,287.0,14350.0
2021063004023206,UPCL,17,48,118,290.0,34220.0
2021063004023205,UPCL,17,49,32,290.0,9280.0
2021063004023151,UPCL,58,49,68,290.0,19720.0
2021063004023150,UPCL,58,50,32,290.0,9280.0
2021063004023053,UPCL,6,28,100,287.0,28700.0
2021063004023350,UPCL,39,29,20,290.0,5800.0
2021063004023328,UPCL,39,13,500,290.0,145000.0
2021063004023327,UPCL,39,41,100,290.0,29000.0
2021063004023326,UPCL,39,48,82,290.0,23780.0
2021063004023325,UPCL,39,28,250,290.0,72500.0
2021063004023293,UPCL,34,35,10,288.0,2880.0
2021063004023443,UPPER,10,47,50,770.0,38500.0
2021063004023434,UPPER,8,57,100,771.0,77100.0
2021063004023433,UPPER,10,57,100,771.0,77100.0
2021063004023395,UPPER,5,44,124,773.0,95852.0
2021063004023394,UPPER,5,17,10,773.0,7730.0
2021063004023393,UPPER,5,36,256,772.0,197632.0
2021063004023029,UPPER,36,38,10,772.0,7720.0
2021063004022980,UPPER,10,28,50,770.0,38500.0
2021063004022979,UPPER,10,6,600,770.0,462000.0
2021063004023221,UPPER,45,36,57,771.0,43947.0
2021063004023126,UPPER,10,50,105,770.0,80850.0
2021063004023101,UPPER,45,36,144,772.0,111168.0
2021063004023100,UPPER,45,41,106,772.0,81832.0
2021063004023032,UPPER,10,28,100,770.0,77000.0
2021063004023030,UPPER,36,41,90,772.0,69480.0
2021063004023265,UPPER,10,35,809,770.0,622930.0
2021063004023264,UPPER,42,35,100,771.0,77100.0
2021063004023263,UPPER,17,35,48,771.0,37008.0
2021063004023262,UPPER,45,35,43,771.0,33153.0
2021063004023254,UPPER,57,36,100,772.0,77200.0
2021063004023392,UPPER,5,50,20,771.0,15420.0
2021063004023391,UPPER,5,52,30,771.0,23130.0
2021063004023390,UPPER,5,6,60,771.0,46260.0
2021063004023324,UPPER,29,6,40,771.0,30840.0
2021063004023323,UPPER,29,16,400,771.0,308400.0
2021063004023298,UPPER,51,6,50,771.0,38550.0
2021063004022897,AHPC,6,22,27,443.0,11961.0
2021063004022896,AHPC,6,26,100,440.0,44000.0
2021063004022895,AHPC,6,56,373,440.0,164120.0
2021063004022894,AHPC,6,57,"5,000",438.0,2190000.0
2021063004022790,AHPC,47,56,30,440.0,13200.0
2021063004022789,AHPC,21,56,97,440.0,42680.0
2021063004022652,AHPC,21,18,100,440.0,44000.0
2021063004022637,AHPC,21,51,40,440.0,17600.0
2021063004022628,AHPC,21,33,263,440.0,115720.0
2021063004022601,AHPC,26,33,25,440.0,11000.0
2021063004022586,AHPC,57,33,50,440.0,22000.0
2021063004022585,AHPC,44,33,587,440.0,258280.0
2021063004022936,AIL,49,57,40,803.0,32120.0
2021063004022935,AIL,46,57,160,803.0,128480.0
2021063004022908,AIL,6,26,10,804.0,8040.0
2021063004022816,AIL,46,1,10,803.0,8030.0
2021063004022766,AIL,46,52,30,803.0,24090.0
2021063004022574,AIL,42,21,20,804.0,16080.0
2021063004022557,AIL,50,41,10,805.0,8050.0
2021063004022544,AIL,42,28,10,804.0,8040.0
2021063004022933,AKJCL,34,39,60,264.0,15840.0
2021063004022829,AKJCL,34,45,390,264.0,102960.0
2021063004022780,AKJCL,29,45,10,264.0,2640.0
2021063004022692,AKJCL,41,45,100,264.0,26400.0
2021063004022634,AKJCL,41,5,50,264.0,13200.0
2021063004022516,AKJCL,55,51,15,269.0,4035.0
2021063004022515,AKJCL,55,19,15,269.0,4035.0
2021063004022514,AKJCL,55,16,210,269.0,56490.0
2021063004022513,AKJCL,55,50,20,269.0,5380.0
2021063004022512,AKJCL,55,51,50,265.0,13250.0
2021063004022511,AKJCL,55,41,90,265.0,23850.0
2021063004022971,AKPL,49,45,120,427.0,51240.0
2021063004022885,AKPL,36,45,300,427.0,128100.0
2021063004022858,AKPL,39,45,580,427.0,247660.0
2021063004022857,AKPL,39,40,420,427.0,179340.0
2021063004022846,AKPL,34,40,30,427.0,12810.0
2021063004022791,AKPL,10,36,500,427.0,213500.0
2021063004022575,AKPL,39,58,20,428.0,8560.0
2021063004022567,AKPL,59,34,300,426.0,127800.0
2021063004022548,AKPL,29,42,177,427.0,75579.0
2021063004022969,API,38,35,300,373.0,111900.0
2021063004022840,API,11,59,30,370.0,11100.0
2021063004022839,API,26,59,500,370.0,185000.0
2021063004022838,API,25,59,50,370.0,18500.0
2021063004022837,API,34,59,200,370.0,74000.0
2021063004022836,API,52,59,200,373.0,74600.0
2021063004022530,API,22,5,500,370.0,185000.0
2021063004022529,API,56,5,270,370.0,99900.0
2021063004022528,API,25,5,500,372.0,186000.0
2021063004022527,API,8,5,200,372.0,74400.0
2021063004022526,API,29,5,533,372.0,198276.0
2021063004022525,API,49,5,20,372.0,7440.0
2021063004022602,API,17,38,25,373.0,9325.0
2021063004022590,API,33,34,90,374.0,33660.0
2021063004022572,API,33,51,10,374.0,3740.0
2021063004022571,API,33,33,100,374.0,37400.0
2021063004022545,API,17,39,75,373.0,27975.0
2021063004022531,API,25,5,977,368.0,359536.0
2021063004022835,API,45,59,20,373.0,7460.0
2021063004022800,API,45,57,180,373.0,67140.0
2021063004022795,API,33,57,200,373.0,74600.0
2021063004022787,API,48,57,20,373.0,7460.0
2021063004022756,API,17,57,100,373.0,37300.0
2021063004022635,API,57,34,150,374.0,56100.0
2021063004022819,BARUN,26,48,25,545.0,13625.0
2021063004022889,BPCL,22,36,300,500.0,150000.0
2021063004022533,BPCL,32,14,100,499.0,49900.0
2021063004022538,BPCL,34,36,270,500.0,135000.0
2021063004022537,BPCL,34,14,230,499.0,114770.0
2021063004022723,BPCL,34,49,100,499.0,49900.0
2021063004022722,BPCL,45,49,400,499.0,199600.0
2021063004022828,BPCL,55,40,88,499.0,43912.0
2021063004022827,BPCL,34,40,12,499.0,5988.0
2021063004022868,CGH,1,57,30,1536.0,46080.0
2021063004022713,CGH,1,55,10,1536.0,15360.0
2021063004022712,CGH,57,55,10,1536.0,15360.0
2021063004022909,CHCL,25,36,63,658.0,41454.0
2021063004022898,CHCL,58,5,53,656.0,34768.0
2021063004022830,CHL,49,46,10,414.0,4140.0
2021063004022596,CHL,49,39,150,414.0,62100.0
2021063004022595,CHL,38,39,100,414.0,41400.0
2021063004022594,CHL,33,39,50,414.0,20700.0
2021063004022593,CHL,53,39,300,415.0,124500.0
2021063004022693,DHPL,46,49,100,256.0,25600.0
2021063004022556,DHPL,58,49,30,256.0,7680.0
2021063004022779,EIC,35,20,100,752.0,75200.0
2021063004022778,EIC,40,57,100,754.0,75400.0
2021063004022667,EIC,25,57,61,754.0,45994.0
2021063004022642,EIC,41,25,18,755.0,13590.0
2021063004022818,GHL,44,50,100,296.0,29600.0
2021063004022718,GHL,50,58,20,300.0,6000.0
2021063004022717,GHL,50,49,20,300.0,6000.0
2021063004022912,GIC,8,56,100,686.0,68600.0
2021063004022911,GIC,8,34,10,686.0,6860.0
2021063004022910,GIC,8,26,60,686.0,41160.0
2021063004022562,GIC,36,28,10,685.0,6850.0
2021063004022521,GIC,19,26,40,686.0,27440.0
2021063004022520,GIC,19,36,60,686.0,41160.0
2021063004022739,GLH,38,36,10,360.0,3600.0
2021063004022686,GLH,38,55,10,360.0,3600.0
2021063004022565,GLH,38,29,10,360.0,3600.0
2021063004022970,HDHPC,50,49,11,266.0,2926.0
2021063004022901,HDHPC,50,3,500,266.0,133000.0
2021063004022893,HDHPC,19,33,60,267.0,16020.0
2021063004022892,HDHPC,19,43,190,267.0,50730.0
2021063004022884,HDHPC,50,49,33,266.0,8778.0
2021063004022767,HDHPC,16,55,200,266.0,53200.0
2021063004022558,HDHPC,49,39,35,265.0,9275.0
2021063004022524,HDHPC,34,3,200,267.0,53400.0
2021063004022518,HDHPC,48,56,100,266.0,26600.0
2021063004022680,HDHPC,32,55,400,266.0,106400.0
2021063004022633,HDHPC,32,43,410,267.0,109470.0
2021063004022632,HDHPC,32,52,50,267.0,13350.0
2021063004022631,HDHPC,32,3,40,267.0,10680.0
2021063004022564,HDHPC,21,3,200,267.0,53400.0
2021063004022559,HDHPC,39,39,15,265.0,3975.0
2021063004022657,HGI,46,44,50,770.0,38500.0
2021063004022656,HGI,44,44,"2,940",770.0,2263800.0
2021063004022655,HGI,35,44,490,772.0,378280.0
2021063004022786,HPPL,14,16,950,410.0,389500.0
2021063004022785,HPPL,14,4,50,410.0,20500.0
2021063004022681,HPPL,43,7,100,408.0,40800.0
2021063004022519,HPPL,43,44,372,408.0,151776.0
2021063004022959,HURJA,41,49,48,338.0,16224.0
2021063004022958,HURJA,52,49,62,338.0,20956.0
2021063004022957,HURJA,21,49,290,339.0,98310.0
2021063004022956,HURJA,34,49,50,339.0,16950.0
2021063004022853,JOSHI,42,45,17,271.0,4607.0
2021063004022798,JOSHI,42,54,20,271.0,5420.0
2021063004022645,JOSHI,10,56,130,270.0,35100.0
2021063004022644,JOSHI,38,56,70,270.0,18900.0
2021063004022592,JOSHI,47,49,32,272.0,8704.0
2021063004022591,JOSHI,47,50,268,272.0,72896.0
2021063004022569,JOSHI,38,47,200,270.0,54000.0
2021063004022825,KKHC,40,51,10,260.0,2600.0
2021063004022697,KKHC,43,51,37,260.0,9620.0
2021063004022508,KKHC,58,56,80,261.0,20880.0
2021063004022587,KPCL,32,1,20,435.0,8700.0
2021063004022820,LEC,36,45,100,335.0,33500.0
2021063004022799,LEC,58,46,10,337.0,3370.0
2021063004022703,LEC,36,56,40,335.0,13400.0
2021063004022673,LEC,36,52,20,335.0,6700.0
2021063004022964,LGIL,16,25,100,784.0,78400.0
2021063004022503,LGIL,49,25,40,784.0,31360.0
2021063004022502,LGIL,49,5,60,783.0,46980.0
2021063004022588,LUK,46,17,100,12.07,1207.0
2021063004022536,LUK,46,14,250,12.05,3012.5
2021063004022535,LUK,46,43,200,12.05,2410.0
2021063004022922,MEN,58,1,10,835.0,8350.0
2021063004022928,NGPL,4,42,10,460.0,4600.0
2021063004022809,NGPL,26,22,50,456.0,22800.0
2021063004022770,NGPL,42,22,200,456.0,91200.0
2021063004022719,NGPL,42,6,50,456.0,22800.0
2021063004022672,NGPL,42,45,100,456.0,45600.0
2021063004022510,NGPL,42,22,150,456.0,68400.0
2021063004022794,NHDL,34,53,180,415.0,74700.0
2021063004022793,NHDL,20,53,150,416.0,62400.0
2021063004022768,NHDL,34,49,20,415.0,8300.0
2021063004022954,NHPC,22,38,390,329.0,128310.0
2021063004022925,NHPC,32,38,10,329.0,3290.0
2021063004022924,NHPC,32,57,20,329.0,6580.0
2021063004022880,NHPC,38,57,80,329.0,26320.0
2021063004022879,NHPC,38,44,20,329.0,6580.0
2021063004022851,NHPC,32,48,200,328.0,65600.0
2021063004022578,NHPC,56,44,300,329.0,98700.0
2021063004022570,NHPC,55,44,50,329.0,16450.0
2021063004022551,NHPC,34,44,100,329.0,32900.0
2021063004022532,NHPC,22,44,500,329.0,164500.0
2021063004022850,NHPC,13,48,800,328.0,262400.0
2021063004022845,NHPC,40,44,500,329.0,164500.0
2021063004022821,NHPC,29,44,"1,500",329.0,493500.0
2021063004022817,NHPC,36,44,500,329.0,164500.0
2021063004022769,NHPC,35,44,200,329.0,65800.0
2021063004022600,NHPC,49,44,210,329.0,69090.0
2021063004022929,NICL,55,49,90,1179.0,106110.0
2021063004022841,NICL,3,49,10,1179.0,11790.0
2021063004022808,NICL,19,45,200,1159.0,231800.0
2021063004022807,NICL,26,45,100,1160.0,116000.0
2021063004022806,NICL,43,45,100,1160.0,116000.0
2021063004022711,NICL,35,50,50,1180.0,59000.0
2021063004022704,NICL,3,53,10,1181.0,11810.0
2021063004022661,NICL,25,38,140,1159.0,162260.0
2021063004022660,NICL,29,38,50,1159.0,57950.0
2021063004022659,NICL,21,38,10,1159.0,11590.0
2021063004022658,NICL,14,38,500,1159.0,579500.0
2021063004022630,NICL,6,53,200,1181.0,236200.0
2021063004022955,NIL,42,45,10,1640.0,16400.0
2021063004022890,NIL,58,45,10,1640.0,16400.0
2021063004022743,NIL,52,40,100,1640.0,164000.0
2021063004022698,NIL,17,43,200,1638.0,327600.0
2021063004022599,NIL,17,49,20,1638.0,32760.0
2021063004022598,NIL,17,45,10,1638.0,16380.0
2021063004022597,NIL,17,47,259,1638.0,424242.0
2021063004022568,NIL,34,11,44,1637.0,72028.0
2021063004022962,NLG,49,21,160,1324.0,211840.0
2021063004022961,NLG,49,57,140,1324.0,185360.0
2021063004022927,NLG,44,57,50,1324.0,66200.0
2021063004022926,NLG,44,59,50,1323.0,66150.0
2021063004022848,NLG,19,57,10,1324.0,13240.0
2021063004022517,NLG,50,29,50,1325.0,66250.0
2021063004022509,NLG,34,29,200,1326.0,265200.0
2021063004022499,NLG,34,6,50,1326.0,66300.0
2021063004022665,NLG,36,8,150,1324.0,198600.0
2021063004022662,NLG,50,8,50,1324.0,66200.0
2021063004022651,NLG,50,3,150,1324.0,198600.0
2021063004022650,NLG,4,3,297,1324.0,393228.0
2021063004022735,NLG,45,48,20,1321.0,26420.0
2021063004022734,NLG,50,48,30,1321.0,39630.0
2021063004022733,NLG,40,48,50,1321.0,66050.0
2021063004022666,NLG,36,29,150,1325.0,198750.0
2021063004022803,NLG,17,29,20,1325.0,26500.0
2021063004022738,NLG,58,48,200,1321.0,264200.0
2021063004022737,NLG,21,48,100,1321.0,132100.0
2021063004022736,NLG,7,48,200,1321.0,264200.0
2021063004022675,NMB50,39,44,300,14.54,4362.0
2021063004022948,OHL,39,56,441,612.0,269892.0
2021063004022947,OHL,39,45,50,612.0,30600.0
2021063004022946,OHL,39,6,23,610.0,14030.0
2021063004022945,OHL,39,43,10,610.0,6100.0
2021063004022944,OHL,39,44,100,610.0,61000.0
2021063004022943,OHL,39,40,44,610.0,26840.0
2021063004022783,OHL,32,56,463,603.0,279189.0
2021063004022872,OHL,39,49,75,607.0,45525.0
2021063004022871,OHL,39,22,180,607.0,109260.0
2021063004022870,OHL,39,5,100,606.0,60600.0
2021063004022869,OHL,39,43,450,604.0,271800.0
2021063004022812,OHL,49,43,50,604.0,30200.0
2021063004022784,OHL,38,56,37,603.0,22311.0
2021063004022878,OHL,39,49,30,609.0,18270.0
2021063004022877,OHL,39,34,300,609.0,182700.0
2021063004022876,OHL,39,44,10,609.0,6090.0
2021063004022875,OHL,39,56,100,609.0,60900.0
2021063004022874,OHL,39,49,220,608.0,133760.0
2021063004022873,OHL,39,49,50,608.0,30400.0
2021063004022942,OHL,39,52,50,610.0,30500.0
2021063004022941,OHL,39,40,22,610.0,13420.0
2021063004022940,OHL,39,34,20,610.0,12200.0
2021063004022939,OHL,39,25,50,610.0,30500.0
2021063004022938,OHL,39,16,190,610.0,115900.0
2021063004022937,OHL,39,25,"1,000",610.0,610000.0
2021063004022758,PIC,36,57,100,1195.0,119500.0
2021063004022674,PICL,48,38,10,812.0,8120.0
2021063004022960,PPCL,14,28,10,339.0,3390.0
2021063004022833,PPCL,29,8,20,335.0,6700.0
2021063004022815,PRIN,40,1,39,955.0,37245.0
2021063004022814,PRIN,59,1,10,961.0,9610.0
2021063004022813,PRIN,34,1,51,962.0,49062.0
2021063004022782,PRIN,49,38,50,962.0,48100.0
2021063004022781,PRIN,49,21,240,962.0,230880.0
2021063004022668,PRIN,42,38,150,962.0,144300.0
2021063004022921,RADHI,45,34,50,785.0,39250.0
2021063004022900,RADHI,57,17,10,786.0,7860.0
2021063004022834,RADHI,45,14,40,785.0,31400.0
2021063004022764,RADHI,32,58,10,780.0,7800.0
2021063004022763,RADHI,4,58,150,782.0,117300.0
2021063004022762,RADHI,5,58,50,782.0,39100.0
2021063004022761,RADHI,34,58,100,782.0,78200.0
2021063004022760,RADHI,21,58,50,784.0,39200.0
2021063004022759,RADHI,51,58,100,784.0,78400.0
2021063004022842,RBCL,47,52,10,20500.0,205000.0
2021063004022687,RBCL,42,40,10,20500.0,205000.0
2021063004022605,RBCL,59,33,10,20499.0,204990.0
2021063004022852,RHPC,45,5,10,549.0,5490.0
2021063004022500,RHPC,14,48,"1,000",541.0,541000.0
2021063004022968,RHPL,36,20,81,450.0,36450.0
2021063004022918,RHPL,13,20,30,450.0,13500.0
2021063004022917,RHPL,54,20,20,450.0,9000.0
2021063004022916,RHPL,19,20,20,450.0,9000.0
2021063004022915,RHPL,55,20,50,450.0,22500.0
2021063004022914,RHPL,13,20,299,450.0,134550.0
2021063004022649,RHPL,20,1,69,451.0,31119.0
2021063004022550,RHPL,19,1,11,451.0,4961.0
2021063004022547,RHPL,19,58,20,451.0,9020.0
2021063004022546,RHPL,38,58,60,451.0,27060.0
2021063004022507,RHPL,38,28,40,451.0,18040.0
2021063004022506,RHPL,54,28,30,451.0,13530.0
2021063004022801,RHPL,13,39,40,450.0,18000.0
2021063004022771,RHPL,20,14,30,453.0,13590.0
2021063004022715,RHPL,13,13,61,450.0,27450.0
2021063004022714,RHPL,43,13,139,451.0,62689.0
2021063004022710,RHPL,43,17,40,451.0,18040.0
2021063004022696,RHPL,20,14,10,453.0,4530.0
2021063004022931,RRHP,58,47,30,359.0,10770.0
2021063004022796,RRHP,21,47,50,359.0,17950.0
2021063004022923,SEF,6,43,"9,000",13.63,122670.0
2021063004022965,SGI,45,16,25,715.0,17875.0
2021063004022902,SGI,34,16,10,715.0,7150.0
2021063004022765,SGI,39,16,50,715.0,35750.0
2021063004022705,SGI,58,16,15,715.0,10725.0
2021063004022643,SGI,7,16,10,715.0,7150.0
2021063004022577,SGI,32,16,100,715.0,71500.0
2021063004022552,SGI,19,16,490,715.0,350350.0
2021063004022887,SHL,48,51,900,258.0,232200.0
2021063004022886,SHL,42,51,100,258.0,25800.0
2021063004022867,SHL,57,56,300,259.0,77700.0
2021063004022694,SHL,50,49,100,260.0,26000.0
2021063004022952,SHPC,48,20,500,477.0,238500.0
2021063004022775,SHPC,11,20,50,477.0,23850.0
2021063004022699,SHPC,42,20,360,477.0,171720.0
2021063004022972,SIC,1,50,50,1552.0,77600.0
2021063004022963,SIC,35,45,18,1553.0,27954.0
2021063004022949,SIC,45,45,80,1553.0,124240.0
2021063004022934,SIC,38,45,50,1553.0,77650.0
2021063004022891,SIC,33,45,50,1553.0,77650.0
2021063004022882,SIC,51,45,67,1553.0,104051.0
2021063004022589,SIC,3,45,25,1552.0,38800.0
2021063004022561,SIC,51,13,20,1553.0,31060.0
2021063004022555,SIC,38,13,50,1553.0,77650.0
2021063004022554,SIC,38,54,50,1553.0,77650.0
2021063004022542,SIC,34,54,30,1553.0,46590.0
2021063004022707,SIC,1,43,20,1552.0,31040.0
2021063004022706,SIC,13,43,30,1552.0,46560.0
2021063004022701,SIC,22,43,10,1553.0,15530.0
2021063004022654,SIC,45,43,10,1553.0,15530.0
2021063004022653,SIC,45,13,10,1553.0,15530.0
2021063004022629,SIC,42,13,20,1553.0,31060.0
2021063004022844,SIC,36,45,180,1553.0,279540.0
2021063004022843,SIC,36,49,20,1553.0,31060.0
2021063004022802,SIC,32,49,10,1553.0,15530.0
2021063004022741,SIC,54,49,10,1553.0,15530.0
2021063004022740,SIC,54,43,80,1553.0,124240.0
2021063004022730,SIC,1,34,50,1552.0,77600.0
2021063004022953,SICL,21,32,50,1990.0,99500.0
2021063004022849,SICL,57,32,50,1990.0,99500.0
2021063004022729,SICL,46,32,100,1990.0,199000.0
2021063004022728,SICL,42,32,10,1990.0,19900.0
2021063004022721,SICL,48,45,20,1995.0,39900.0
2021063004022720,SICL,48,34,10,1994.0,19940.0
2021063004022647,SICL,42,58,30,1990.0,59700.0
2021063004022646,SICL,58,58,20,1990.0,39800.0
2021063004022501,SICL,26,34,50,1989.0,99450.0
2021063004022951,SIL,3,44,300,1071.0,321300.0
2021063004022856,SIL,45,44,250,1071.0,267750.0
2021063004022855,SIL,45,28,50,1071.0,53550.0
2021063004022854,SIL,45,57,200,1071.0,214200.0
2021063004022774,SIL,3,58,252,1070.0,269640.0
2021063004022773,SIL,3,1,17,1070.0,18190.0
2021063004022581,SIL,55,5,160,1062.0,169920.0
2021063004022580,SIL,39,5,40,1068.0,42720.0
2021063004022579,SIL,38,5,25,1069.0,26725.0
2021063004022772,SIL,48,1,33,1070.0,35310.0
2021063004022708,SIL,48,32,17,1070.0,18190.0
2021063004022700,SIL,42,17,14,1069.0,14966.0
2021063004022584,SIL,45,5,625,1055.0,659375.0
2021063004022583,SIL,7,5,100,1060.0,106000.0
2021063004022582,SIL,41,5,50,1060.0,53000.0
2021063004022950,SJCL,6,42,10,422.0,4220.0
2021063004022560,SJCL,53,6,130,423.0,54990.0
2021063004022888,SPDL,38,53,65,400.0,26000.0
2021063004022881,SPDL,38,36,100,400.0,40000.0
2021063004022831,SPDL,38,57,35,400.0,14000.0
2021063004022797,SPDL,58,57,413,400.0,165200.0
2021063004022727,SPDL,58,57,787,400.0,314800.0
2021063004022726,SPDL,58,57,"1,200",400.0,480000.0
2021063004022725,SPDL,58,57,13,400.0,5200.0
2021063004022695,SPDL,58,36,130,400.0,52000.0
2021063004022566,SPDL,58,53,99,400.0,39600.0
2021063004022883,SSHL,57,52,50,312.0,15600.0
2021063004022702,SSHL,47,58,10,313.0,3130.0
2021063004022679,SSHL,57,34,117,312.0,36504.0
2021063004022671,SSHL,51,34,83,312.0,25896.0
2021063004022636,SSHL,36,34,200,313.0,62600.0
2021063004022627,SSHL,51,38,90,312.0,28080.0
2021063004022638,STC,34,21,20,9690.0,193800.0
2021063004022603,STC,13,21,20,9690.0,193800.0
2021063004022498,TRH,44,56,40,400.0,16000.0
2021063004022497,TRH,44,28,100,400.0,40000.0
2021063004022496,TRH,44,26,100,400.0,40000.0
2021063004022477,TRH,44,14,50,397.0,19850.0
2021063004022476,TRH,44,21,40,395.0,15800.0
2021063004022483,TRH,44,47,100,399.0,39900.0
2021063004022482,TRH,44,22,50,399.0,19950.0
2021063004022481,TRH,44,39,100,398.0,39800.0
2021063004022480,TRH,44,41,"1,000",398.0,398000.0
2021063004022479,TRH,44,34,10,398.0,3980.0
2021063004022478,TRH,44,42,"1,000",397.0,397000.0
2021063004022489,TRH,44,38,500,399.0,199500.0
2021063004022488,TRH,44,39,"1,800",399.0,718200.0
2021063004022487,TRH,44,26,100,399.0,39900.0
2021063004022486,TRH,44,17,500,399.0,199500.0
2021063004022485,TRH,44,35,150,399.0,59850.0
2021063004022484,TRH,44,33,290,399.0,115710.0
2021063004022495,TRH,44,57,110,400.0,44000.0
2021063004022494,TRH,44,58,60,400.0,24000.0
2021063004022493,TRH,44,38,100,400.0,40000.0
2021063004022492,TRH,44,4,200,400.0,80000.0
2021063004022491,TRH,44,58,200,400.0,80000.0
2021063004022490,TRH,44,16,70,400.0,28000.0
2021063004022975,UIC,57,21,100,705.0,70500.0
2021063004022974,UIC,43,21,270,706.0,190620.0
2021063004022973,UIC,14,21,15,707.0,10605.0
2021063004022755,UIC,43,5,75,706.0,52950.0
2021063004022754,UIC,21,5,100,707.0,70700.0
2021063004022753,UIC,5,5,100,708.0,70800.0
2021063004022604,UIC,25,57,10,711.0,7110.0
2021063004022746,UIC,35,5,115,710.0,81650.0
2021063004022745,UIC,57,5,40,710.0,28400.0
2021063004022744,UIC,4,5,200,710.0,142000.0
2021063004022678,UIC,21,21,100,711.0,71100.0
2021063004022677,UIC,28,21,20,711.0,14220.0
2021063004022676,UIC,25,21,80,711.0,56880.0
2021063004022752,UIC,58,5,100,709.0,70900.0
2021063004022751,UIC,43,5,50,709.0,35450.0
2021063004022750,UIC,29,5,100,709.0,70900.0
2021063004022749,UIC,43,5,100,709.0,70900.0
2021063004022748,UIC,59,5,10,709.0,7090.0
2021063004022747,UIC,7,5,10,710.0,7100.0
2021063004022930,UMHL,35,57,100,353.0,35300.0
2021063004022920,UMHL,6,53,488,351.0,171288.0
2021063004022919,UMHL,26,53,12,351.0,4212.0
2021063004022866,UMHL,26,1,100,351.0,35100.0
2021063004022824,UMHL,26,14,50,351.0,17550.0
2021063004022522,UMHL,45,13,313,354.0,110802.0
2021063004022505,UMHL,40,51,885,353.0,312405.0
2021063004022504,UMHL,51,51,115,353.0,40595.0
2021063004022640,UMHL,40,52,20,354.0,7080.0
2021063004022639,UMHL,40,26,813,354.0,287802.0
2021063004022576,UMHL,40,32,100,353.0,35300.0
2021063004022573,UMHL,40,59,500,353.0,176500.0
2021063004022553,UMHL,40,42,45,353.0,15885.0
2021063004022523,UMHL,45,26,187,354.0,66198.0
2021063004022792,UMHL,40,34,200,353.0,70600.0
2021063004022670,UMHL,40,36,83,353.0,29299.0
2021063004022669,UMHL,40,36,17,354.0,6018.0
2021063004022641,UMHL,40,5,150,354.0,53100.0
2021063004022823,UMHL,38,14,100,352.0,35200.0
2021063004022822,UMHL,54,14,50,352.0,17600.0
2021063004022811,UMHL,19,57,187,353.0,66011.0
2021063004022810,UMHL,19,32,113,353.0,39889.0
2021063004022805,UMHL,17,32,100,353.0,35300.0
2021063004022804,UMHL,40,32,187,353.0,66011.0
2021063004022899,UMRH,34,8,10,477.0,4770.0
2021063004022865,UMRH,34,49,250,476.0,119000.0
2021063004022864,UMRH,34,56,10,476.0,4760.0
2021063004022863,UMRH,34,47,10,476.0,4760.0
2021063004022862,UMRH,34,57,90,476.0,42840.0
2021063004022861,UMRH,34,41,10,475.0,4750.0
2021063004022648,UMRH,58,13,10,460.0,4600.0
2021063004022563,UMRH,45,13,10,460.0,4600.0
2021063004022860,UMRH,34,42,200,475.0,95000.0
2021063004022859,UMRH,34,57,200,475.0,95000.0
2021063004022684,UMRH,34,42,10,468.0,4680.0
2021063004022683,UMRH,34,34,10,467.0,4670.0
2021063004022682,UMRH,34,13,110,460.0,50600.0
2021063004022967,UNHPL,58,44,210,333.0,69930.0
2021063004022966,UNHPL,58,57,290,332.0,96280.0
2021063004022847,UNHPL,45,44,10,333.0,3330.0
2021063004022724,UNHPL,32,21,25,333.0,8325.0
2021063004022606,UNHPL,42,1,10,335.0,3350.0
2021063004022788,UPCL,22,58,100,290.0,29000.0
2021063004022663,UPCL,48,33,100,290.0,29000.0
2021063004022549,UPCL,14,36,100,291.0,29100.0
2021063004022932,UPPER,10,51,40,770.0,30800.0
2021063004022913,UPPER,10,16,500,770.0,385000.0
2021063004022907,UPPER,10,57,100,770.0,77000.0
2021063004022906,UPPER,10,14,50,770.0,38500.0
2021063004022905,UPPER,10,21,50,770.0,38500.0
2021063004022904,UPPER,10,47,150,770.0,115500.0
2021063004022534,UPPER,19,28,50,769.0,38450.0
2021063004022607,UPPER,10,47,"1,060",770.0,816200.0
2021063004022543,UPPER,45,52,500,769.0,384500.0
2021063004022541,UPPER,45,47,100,769.0,76900.0
2021063004022540,UPPER,45,28,500,769.0,384500.0
2021063004022539,UPPER,58,28,100,769.0,76900.0
2021063004022613,UPPER,10,34,40,770.0,30800.0
2021063004022612,UPPER,10,45,30,770.0,23100.0
2021063004022611,UPPER,10,57,200,770.0,154000.0
2021063004022610,UPPER,10,26,50,770.0,38500.0
2021063004022609,UPPER,10,34,200,770.0,154000.0
2021063004022608,UPPER,10,29,175,770.0,134750.0
2021063004022619,UPPER,10,1,100,770.0,77000.0
2021063004022618,UPPER,10,50,10,770.0,7700.0
2021063004022617,UPPER,10,8,"1,200",770.0,924000.0
2021063004022616,UPPER,10,14,100,770.0,77000.0
2021063004022615,UPPER,10,22,36,770.0,27720.0
2021063004022614,UPPER,10,25,500,770.0,385000.0
2021063004022625,UPPER,10,38,150,770.0,115500.0
2021063004022624,UPPER,10,58,270,770.0,207900.0
2021063004022623,UPPER,10,35,100,770.0,77000.0
2021063004022622,UPPER,10,14,20,770.0,15400.0
2021063004022621,UPPER,10,49,60,770.0,46200.0
2021063004022620,UPPER,10,34,895,770.0,689150.0
2021063004022690,UPPER,29,51,15,771.0,11565.0
2021063004022689,UPPER,29,49,60,771.0,46260.0
2021063004022688,UPPER,29,38,20,771.0,15420.0
2021063004022685,UPPER,51,38,20,771.0,15420.0
2021063004022664,UPPER,10,50,20,770.0,15400.0
2021063004022626,UPPER,10,7,100,770.0,77000.0
2021063004022742,UPPER,42,13,100,770.0,77000.0
2021063004022732,UPPER,4,13,20,770.0,15400.0
2021063004022731,UPPER,10,13,614,771.0,473394.0
2021063004022716,UPPER,10,49,"1,000",771.0,771000.0
2021063004022709,UPPER,25,49,"1,000",771.0,771000.0
2021063004022691,UPPER,29,38,400,771.0,308400.0
2021063004022903,UPPER,10,13,123,770.0,94710.0
2021063004022832,UPPER,42,13,100,770.0,77000.0
2021063004022826,UPPER,40,13,500,770.0,385000.0
2021063004022777,UPPER,29,13,10,770.0,7700.0
2021063004022776,UPPER,59,13,137,770.0,105490.0
2021063004022757,UPPER,57,13,10,770.0,7700.0
2021063004022440,AHPC,44,49,413,440.0,181720.0
2021063004022439,AHPC,21,49,500,442.0,221000.0
2021063004022438,AHPC,39,49,87,442.0,38454.0
2021063004022429,AHPC,39,22,63,442.0,27846.0
2021063004022428,AHPC,6,22,437,442.0,193154.0
2021063004022246,AHPC,22,33,200,444.0,88800.0
2021063004022006,AHPC,3,22,50,446.0,22300.0
2021063004022245,AHPC,6,33,33,444.0,14652.0
2021063004022183,AHPC,32,22,200,445.0,89000.0
2021063004022164,AHPC,6,28,100,444.0,44400.0
2021063004022148,AHPC,21,22,300,445.0,133500.0
2021063004022080,AHPC,21,5,200,445.0,89000.0
2021063004022079,AHPC,21,5,50,445.0,22250.0
2021063004022289,AIL,14,41,10,805.0,8050.0
2021063004022254,AIL,42,26,20,804.0,16080.0
2021063004022244,AIL,29,26,50,804.0,40200.0
2021063004022243,AIL,45,26,10,804.0,8040.0
2021063004022242,AIL,58,26,10,804.0,8040.0
2021063004022239,AIL,53,41,50,805.0,40250.0
2021063004022145,AIL,6,41,20,805.0,16100.0
2021063004022085,AKJCL,1,45,67,264.0,17688.0
2021063004022084,AKJCL,36,45,33,264.0,8712.0
2021063004022314,AKPL,6,42,34,427.0,14518.0
2021063004022288,AKPL,53,11,2,420.0,840.0
2021063004022280,AKPL,6,37,46,427.0,19642.0
2021063004022269,AKPL,6,33,100,427.0,42700.0
2021063004022202,AKPL,6,36,50,427.0,21350.0
2021063004022172,AKPL,48,58,100,428.0,42800.0
2021063004022005,AKPL,29,57,20,427.0,8540.0
2021063004022155,AKPL,34,57,230,427.0,98210.0
2021063004022123,AKPL,59,45,67,426.0,28542.0
2021063004022122,AKPL,51,45,100,426.0,42600.0
2021063004022121,AKPL,48,45,233,426.0,99258.0
2021063004022102,AKPL,48,33,267,426.0,113742.0
2021063004022101,AKPL,17,33,33,426.0,14058.0
2021063004022469,API,56,39,30,373.0,11190.0
2021063004022468,API,55,39,395,373.0,147335.0
2021063004022321,API,55,55,105,373.0,39165.0
2021063004022285,API,55,55,45,373.0,16785.0
2021063004022251,API,55,49,520,373.0,193960.0
2021063004022250,API,55,42,235,373.0,87655.0
2021063004022187,API,57,33,28,373.0,10444.0
2021063004022146,API,39,33,10,373.0,3730.0
2021063004022098,API,50,33,62,373.0,23126.0
2021063004022088,API,50,48,38,373.0,14174.0
2021063004022087,API,49,48,162,373.0,60426.0
2021063004022213,API,56,48,100,371.0,37100.0
2021063004022212,API,32,48,500,371.0,185500.0
2021063004022211,API,35,48,260,372.0,96720.0
2021063004022210,API,48,48,400,372.0,148800.0
2021063004022209,API,34,48,120,372.0,44640.0
2021063004022188,API,57,36,10,373.0,3730.0
2021063004022219,API,58,48,100,370.0,37000.0
2021063004022218,API,3,48,30,370.0,11100.0
2021063004022217,API,47,48,50,370.0,18500.0
2021063004022216,API,38,48,25,370.0,9250.0
2021063004022215,API,14,48,25,370.0,9250.0
2021063004022214,API,38,48,200,371.0,74200.0
2021063004022225,API,34,48,100,369.0,36900.0
2021063004022224,API,52,48,10,369.0,3690.0
2021063004022223,API,34,48,400,370.0,148000.0
2021063004022222,API,14,48,50,370.0,18500.0
2021063004022221,API,7,48,200,370.0,74000.0
2021063004022220,API,58,48,500,370.0,185000.0
2021063004022231,API,55,48,30,368.0,11040.0
2021063004022230,API,52,48,20,368.0,7360.0
2021063004022229,API,5,48,160,368.0,58880.0
2021063004022228,API,35,48,100,369.0,36900.0
2021063004022227,API,22,48,50,369.0,18450.0
2021063004022226,API,25,48,500,369.0,184500.0
2021063004022238,API,48,42,60,373.0,22380.0
2021063004022237,API,48,36,140,373.0,52220.0
2021063004022235,API,25,48,960,368.0,353280.0
2021063004022234,API,29,48,50,368.0,18400.0
2021063004022233,API,48,48,10,368.0,3680.0
2021063004022232,API,11,48,50,368.0,18400.0
2021063004022294,BARUN,44,48,22,545.0,11990.0
2021063004022293,BARUN,44,38,50,545.0,27250.0
2021063004022292,BARUN,44,25,28,545.0,15260.0
2021063004022445,BPCL,29,21,110,498.0,54780.0
2021063004022444,BPCL,42,21,50,498.0,24900.0
2021063004022443,BPCL,40,21,30,498.0,14940.0
2021063004022442,BPCL,45,21,"1,000",498.0,498000.0
2021063004022067,BPCL,39,21,80,499.0,39920.0
2021063004021996,BPCL,57,21,100,499.0,49900.0
2021063004022106,BPCL,58,38,20,498.0,9960.0
2021063004022105,BPCL,38,38,200,498.0,99600.0
2021063004022104,BPCL,51,38,200,498.0,99600.0
2021063004022103,BPCL,59,38,450,498.0,224100.0
2021063004022099,BPCL,59,21,50,498.0,24900.0
2021063004022118,BPCL,45,21,40,499.0,19960.0
2021063004022441,BPCL,58,21,310,498.0,154380.0
2021063004022320,BPCL,49,34,35,499.0,17465.0
2021063004022268,BPCL,19,34,100,499.0,49900.0
2021063004022256,BPCL,45,34,160,499.0,79840.0
2021063004022452,CHCL,25,5,20,657.0,13140.0
2021063004022265,CHL,58,43,20,414.0,8280.0
2021063004022207,CHL,58,28,30,414.0,12420.0
2021063004022003,CMF2,35,39,"2,500",12.78,31950.0
2021063004022163,DHPL,49,49,60,256.0,15360.0
2021063004022162,DHPL,35,49,50,256.0,12800.0
2021063004022161,DHPL,35,58,150,256.0,38400.0
2021063004022056,DHPL,42,57,18,255.0,4590.0
2021063004022055,DHPL,42,42,62,255.0,15810.0
2021063004021976,DHPL,48,42,129,255.0,32895.0
2021063004022171,EIC,25,25,200,754.0,150800.0
2021063004022126,EIC,25,40,119,754.0,89726.0
2021063004022125,EIC,14,40,81,755.0,61155.0
2021063004022109,EIC,14,58,19,755.0,14345.0
2021063004022108,EIC,45,58,55,755.0,41525.0
2021063004022107,EIC,41,58,26,755.0,19630.0
2021063004022267,GHL,13,49,10,300.0,3000.0
2021063004022264,GIC,19,36,20,686.0,13720.0
2021063004022196,GLH,14,43,10,360.0,3600.0
2021063004022195,GLH,14,22,10,360.0,3600.0
2021063004022194,GLH,14,35,110,360.0,39600.0
2021063004022193,GLH,14,51,10,360.0,3600.0
2021063004022192,GLH,14,58,10,360.0,3600.0
2021063004022191,GLH,14,6,10,360.0,3600.0
2021063004022190,GLH,14,57,10,360.0,3600.0
2021063004022071,GLH,44,52,380,359.0,136420.0
2021063004021981,GLH,41,29,100,359.0,35900.0
2021063004022304,HDHPC,49,58,65,265.0,17225.0
2021063004022303,HDHPC,42,58,13,265.0,3445.0
2021063004022302,HDHPC,46,58,500,265.0,132500.0
2021063004022301,HDHPC,14,58,30,265.0,7950.0
2021063004022300,HDHPC,41,58,50,265.0,13250.0
2021063004022299,HDHPC,5,58,150,265.0,39750.0
2021063004022016,HDHPC,38,28,165,267.0,44055.0
2021063004022015,HDHPC,17,28,85,267.0,22695.0
2021063004021987,HDHPC,17,42,600,267.0,160200.0
2021063004022116,HDHPC,45,58,57,266.0,15162.0
2021063004022115,HDHPC,32,58,500,266.0,133000.0
2021063004022114,HDHPC,33,58,500,266.0,133000.0
2021063004022113,HDHPC,42,58,108,267.0,28836.0
2021063004022112,HDHPC,38,58,835,267.0,222945.0
2021063004022097,HDHPC,58,46,80,268.0,21440.0
2021063004022298,HDHPC,51,58,65,265.0,17225.0
2021063004022297,HDHPC,44,58,14,266.0,3724.0
2021063004022296,HDHPC,42,58,600,266.0,159600.0
2021063004022295,HDHPC,45,58,13,266.0,3458.0
2021063004022175,HDHPC,44,3,60,267.0,16020.0
2021063004022174,HDHPC,44,49,40,267.0,10680.0
2021063004022151,HGI,45,54,60,773.0,46380.0
2021063004022024,HPPL,43,34,10,408.0,4080.0
2021063004022464,HURJA,52,56,20,338.0,6760.0
2021063004022061,HURJA,52,38,140,338.0,47320.0
2021063004021982,IGI,39,34,20,1195.0,23900.0
2021063004022120,IGI,17,7,50,1195.0,59750.0
2021063004022119,IGI,17,34,10,1195.0,11950.0
2021063004022176,IGI,17,5,40,1195.0,47800.0
2021063004022054,JOSHI,36,50,40,271.0,10840.0
2021063004022043,JOSHI,58,49,125,275.0,34375.0
2021063004022042,JOSHI,58,51,20,274.0,5480.0
2021063004022041,JOSHI,58,32,20,273.0,5460.0
2021063004022040,JOSHI,58,50,40,273.0,10920.0
2021063004021983,JOSHI,36,58,10,271.0,2710.0
2021063004022308,KKHC,26,56,50,261.0,13050.0
2021063004022307,KKHC,19,56,150,262.0,39300.0
2021063004022287,KPCL,29,26,300,433.0,129900.0
2021063004022152,LEC,6,32,100,338.0,33800.0
2021063004022124,LEC,58,32,10,338.0,3380.0
2021063004022057,LEC,59,32,10,338.0,3380.0
2021063004022306,LGIL,42,5,"1,000",778.0,778000.0
2021063004021990,LGIL,34,25,100,780.0,78000.0
2021063004021989,LGIL,35,25,200,780.0,156000.0
2021063004021988,LGIL,34,25,20,782.0,15640.0
2021063004022450,LUK,46,39,"1,000",12.04,12040.0
2021063004022460,MEN,43,49,80,844.0,67520.0
2021063004022459,MEN,43,17,10,843.0,8430.0
2021063004022458,MEN,43,34,50,843.0,42150.0
2021063004022457,MEN,43,58,10,842.0,8420.0
2021063004022456,MEN,43,26,100,842.0,84200.0
2021063004022455,MEN,43,34,200,842.0,168400.0
2021063004022049,MEN,39,5,50,837.0,41850.0
2021063004022454,MEN,43,34,40,840.0,33600.0
2021063004022453,MEN,43,1,10,840.0,8400.0
2021063004022053,MEN,58,5,"1,780",835.0,1486300.0
2021063004022052,MEN,45,5,50,836.0,41800.0
2021063004022051,MEN,35,5,100,836.0,83600.0
2021063004022050,MEN,34,5,10,836.0,8360.0
2021063004022086,MHNL,52,47,10,323.0,3230.0
2021063004022436,NGPL,19,22,50,464.0,23200.0
2021063004022435,NGPL,19,49,50,460.0,23000.0
2021063004022465,NHPC,28,44,"1,000",329.0,329000.0
2021063004022286,NHPC,57,44,100,329.0,32900.0
2021063004022279,NHPC,38,44,20,329.0,6580.0
2021063004022278,NHPC,38,38,130,329.0,42770.0
2021063004022277,NHPC,38,59,50,329.0,16450.0
2021063004022170,NHPC,13,56,200,328.0,65600.0
2021063004022073,NHPC,52,46,638,327.0,208626.0
2021063004022034,NHPC,52,4,362,327.0,118374.0
2021063004022033,NHPC,16,4,438,327.0,143226.0
2021063004021986,NHPC,16,26,150,327.0,49050.0
2021063004022150,NHPC,42,50,50,328.0,16400.0
2021063004022149,NHPC,42,57,50,328.0,16400.0
2021063004022129,NHPC,26,57,50,328.0,16400.0
2021063004022082,NHPC,40,58,300,327.0,98100.0
2021063004022075,NHPC,40,46,339,327.0,110853.0
2021063004022074,NHPC,42,46,23,327.0,7521.0
2021063004021979,NICBF,28,49,400,13.29,5316.0
2021063004022431,NICL,20,46,10,1182.0,11820.0
2021063004022426,NICL,17,20,30,1128.0,33840.0
2021063004022425,NICL,55,20,50,1147.0,57350.0
2021063004022424,NICL,42,20,45,1152.0,51840.0
2021063004022423,NICL,11,20,100,1152.0,115200.0
2021063004022422,NICL,45,20,100,1152.0,115200.0
2021063004022076,NICL,28,49,70,1185.0,82950.0
2021063004021995,NICL,28,14,200,1185.0,237000.0
2021063004022186,NICL,58,46,200,1182.0,236400.0
2021063004022181,NICL,58,45,"1,800",1182.0,2127600.0
2021063004022180,NICL,39,45,200,1185.0,237000.0
2021063004022179,NICL,6,45,100,1185.0,118500.0
2021063004022178,NICL,28,45,180,1185.0,213300.0
2021063004022093,NICL,28,56,50,1185.0,59250.0
2021063004022325,NICL,51,20,170,1180.0,200600.0
2021063004022324,NICL,17,20,50,1180.0,59000.0
2021063004022323,NICL,56,20,644,1181.0,760564.0
2021063004022310,NICL,56,16,16,1181.0,18896.0
2021063004022309,NICL,32,16,50,1181.0,59050.0
2021063004022284,NICL,21,46,150,1182.0,177300.0
2021063004022331,NICL,10,20,50,1179.0,58950.0
2021063004022330,NICL,6,20,200,1179.0,235800.0
2021063004022329,NICL,34,20,390,1179.0,459810.0
2021063004022328,NICL,56,20,200,1180.0,236000.0
2021063004022327,NICL,56,20,25,1180.0,29500.0
2021063004022326,NICL,52,20,500,1180.0,590000.0
2021063004022337,NICL,52,20,200,1173.0,234600.0
2021063004022336,NICL,58,20,30,1175.0,35250.0
2021063004022335,NICL,38,20,10,1175.0,11750.0
2021063004022334,NICL,6,20,200,1175.0,235000.0
2021063004022333,NICL,43,20,206,1178.0,242668.0
2021063004022332,NICL,6,20,183,1179.0,215757.0
2021063004022343,NICL,52,20,200,1171.0,234200.0
2021063004022342,NICL,58,20,126,1171.0,147546.0
2021063004022341,NICL,34,20,"1,000",1172.0,1172000.0
2021063004022340,NICL,43,20,"1,000",1172.0,1172000.0
2021063004022339,NICL,45,20,50,1172.0,58600.0
2021063004022338,NICL,32,20,130,1172.0,152360.0
2021063004022349,NICL,38,20,10,1170.0,11700.0
2021063004022348,NICL,14,20,10,1170.0,11700.0
2021063004022347,NICL,21,20,50,1170.0,58500.0
2021063004022346,NICL,19,20,60,1170.0,70200.0
2021063004022345,NICL,25,20,100,1170.0,117000.0
2021063004022344,NICL,6,20,110,1170.0,128700.0
2021063004022355,NICL,49,20,10,1167.0,11670.0
2021063004022354,NICL,58,20,"1,000",1167.0,1167000.0
2021063004022353,NICL,10,20,200,1168.0,233600.0
2021063004022352,NICL,56,20,25,1168.0,29200.0
2021063004022351,NICL,52,20,"1,000",1169.0,1169000.0
2021063004022350,NICL,25,20,10,1169.0,11690.0
2021063004022361,NICL,28,20,"1,000",1165.0,1165000.0
2021063004022360,NICL,48,20,10,1165.0,11650.0
2021063004022359,NICL,17,20,50,1165.0,58250.0
2021063004022358,NICL,38,20,10,1165.0,11650.0
2021063004022357,NICL,58,20,"1,000",1165.0,1165000.0
2021063004022356,NICL,58,20,"1,000",1166.0,1166000.0
2021063004022367,NICL,38,20,20,1162.0,23240.0
2021063004022366,NICL,39,20,40,1162.0,46480.0
2021063004022365,NICL,35,20,"1,910",1162.0,2219420.0
2021063004022364,NICL,58,20,50,1163.0,58150.0
2021063004022363,NICL,44,20,500,1163.0,581500.0
2021063004022362,NICL,56,20,200,1164.0,232800.0
2021063004022373,NICL,6,20,70,1162.0,81340.0
2021063004022372,NICL,1,20,50,1162.0,58100.0
2021063004022371,NICL,38,20,50,1162.0,58100.0
2021063004022370,NICL,51,20,50,1162.0,58100.0
2021063004022369,NICL,38,20,30,1162.0,34860.0
2021063004022368,NICL,56,20,200,1162.0,232400.0
2021063004022379,NICL,56,20,"1,000",1160.0,1160000.0
2021063004022378,NICL,28,20,"1,000",1161.0,1161000.0
2021063004022377,NICL,35,20,"1,000",1161.0,1161000.0
2021063004022376,NICL,45,20,50,1161.0,58050.0
2021063004022375,NICL,47,20,10,1161.0,11610.0
2021063004022374,NICL,16,20,100,1161.0,116100.0
2021063004022385,NICL,40,20,200,1160.0,232000.0
2021063004022384,NICL,41,20,200,1160.0,232000.0
2021063004022383,NICL,41,20,50,1160.0,58000.0
2021063004022382,NICL,28,20,500,1160.0,580000.0
2021063004022381,NICL,48,20,25,1160.0,29000.0
2021063004022380,NICL,56,20,"1,000",1160.0,1160000.0
2021063004022391,NICL,21,20,50,1160.0,58000.0
2021063004022390,NICL,52,20,100,1160.0,116000.0
2021063004022389,NICL,38,20,10,1160.0,11600.0
2021063004022388,NICL,38,20,20,1160.0,23200.0
2021063004022387,NICL,38,20,10,1160.0,11600.0
2021063004022386,NICL,52,20,100,1160.0,116000.0
2021063004022397,NICL,6,20,200,1157.0,231400.0
2021063004022396,NICL,36,20,100,1157.0,115700.0
2021063004022395,NICL,35,20,"5,000",1158.0,5790000.0
2021063004022394,NICL,42,20,250,1159.0,289750.0
2021063004022393,NICL,58,20,50,1159.0,57950.0
2021063004022392,NICL,21,20,30,1159.0,34770.0
2021063004022403,NICL,6,20,100,1157.0,115700.0
2021063004022402,NICL,34,20,"1,000",1157.0,1157000.0
2021063004022401,NICL,41,20,300,1157.0,347100.0
2021063004022400,NICL,44,20,100,1157.0,115700.0
2021063004022399,NICL,28,20,400,1157.0,462800.0
2021063004022398,NICL,48,20,300,1157.0,347100.0
2021063004022409,NICL,37,20,10,1157.0,11570.0
2021063004022408,NICL,58,20,200,1157.0,231400.0
2021063004022407,NICL,58,20,80,1157.0,92560.0
2021063004022406,NICL,32,20,300,1157.0,347100.0
2021063004022405,NICL,52,20,100,1157.0,115700.0
2021063004022404,NICL,49,20,500,1157.0,578500.0
2021063004022415,NICL,28,20,600,1155.0,693000.0
2021063004022414,NICL,54,20,16,1155.0,18480.0
2021063004022413,NICL,29,20,50,1157.0,57850.0
2021063004022412,NICL,50,20,50,1157.0,57850.0
2021063004022411,NICL,34,20,100,1157.0,115700.0
2021063004022410,NICL,53,20,20,1157.0,23140.0
2021063004022421,NICL,28,20,50,1152.0,57600.0
2021063004022420,NICL,33,20,"1,000",1152.0,1152000.0
2021063004022419,NICL,10,20,100,1153.0,115300.0
2021063004022418,NICL,21,20,10,1155.0,11550.0
2021063004022417,NICL,52,20,100,1155.0,115500.0
2021063004022416,NICL,58,20,105,1155.0,121275.0
2021063004022467,NIL,19,11,25,1637.0,40925.0
2021063004022430,NIL,36,11,14,1637.0,22918.0
2021063004022281,NIL,51,11,60,1637.0,98220.0
2021063004022177,NIL,1,58,50,1636.0,81800.0
2021063004022165,NIL,58,11,120,1637.0,196440.0
2021063004022070,NIL,58,11,24,1637.0,39288.0
2021063004022059,NIL,41,11,10,1637.0,16370.0
2021063004022058,NIL,22,11,200,1637.0,327400.0
2021063004021985,NIL,43,11,70,1637.0,114590.0
2021063004021984,NIL,4,11,40,1637.0,65480.0
2021063004022463,NLG,38,48,64,1325.0,84800.0
2021063004022462,NLG,37,48,359,1325.0,475675.0
2021063004022089,NLG,29,33,150,1327.0,199050.0
2021063004022090,NLG,29,51,50,1327.0,66350.0
2021063004022185,NLG,36,29,50,1327.0,66350.0
2021063004022168,NLG,38,29,260,1327.0,345020.0
2021063004022167,NLG,38,51,50,1327.0,66350.0
2021063004022153,NLG,21,29,50,1326.0,66300.0
2021063004022130,NLG,19,29,50,1326.0,66300.0
2021063004022282,NLG,1,48,50,1326.0,66300.0
2021063004022198,NLG,21,48,150,1326.0,198900.0
2021063004022263,OHL,32,21,37,603.0,22311.0
2021063004022262,OHL,49,21,50,603.0,30150.0
2021063004022029,OHL,55,58,100,604.0,60400.0
2021063004022255,PIC,39,35,11,1195.0,13145.0
2021063004022131,PICL,58,40,40,810.0,32400.0
2021063004022313,PRIN,59,38,90,961.0,86490.0
2021063004022201,PRIN,59,38,100,962.0,96200.0
2021063004022117,PRIN,40,59,90,955.0,85950.0
2021063004022062,PRIN,40,38,20,955.0,19100.0
2021063004022046,PRIN,58,59,10,962.0,9620.0
2021063004022035,PRIN,40,49,20,955.0,19100.0
2021063004022208,RADHI,6,41,10,788.0,7880.0
2021063004022199,RADHI,6,29,300,788.0,236400.0
2021063004022154,RADHI,6,14,47,788.0,37036.0
2021063004022068,RADHI,6,28,100,788.0,78800.0
2021063004021998,RADHI,50,34,40,789.0,31560.0
2021063004021997,RADHI,50,57,42,789.0,33138.0
2021063004021992,RADHI,6,38,318,788.0,250584.0
2021063004021991,RADHI,6,55,200,788.0,157600.0
2021063004021978,RADHI,34,57,20,789.0,15780.0
2021063004022248,RHPC,33,5,82,549.0,45018.0
2021063004022247,RHPC,33,11,18,548.0,9864.0
2021063004022036,RHPC,40,33,750,541.0,405750.0
2021063004022241,RHPL,36,51,50,452.0,22600.0
2021063004022291,RRHP,56,45,40,360.0,14400.0
2021063004022290,RRHP,56,35,10,360.0,3600.0
2021063004022144,RRHP,36,26,10,360.0,3600.0
2021063004022143,RRHP,36,22,10,359.0,3590.0
2021063004022064,RRHP,50,45,"1,000",358.0,358000.0
2021063004022063,RRHP,50,26,"1,000",358.0,358000.0
2021063004022017,SEF,57,58,"1,800",13.65,24570.0
2021063004022449,SGI,58,34,80,720.0,57600.0
2021063004022448,SGI,58,52,10,720.0,7200.0
2021063004022447,SGI,58,39,100,720.0,72000.0
2021063004022446,SGI,58,17,10,717.0,7170.0
2021063004022189,SGI,19,46,10,715.0,7150.0
2021063004022026,SGI,42,41,10,716.0,7160.0
2021063004022012,SGI,58,16,10,714.0,7140.0
2021063004022261,SHL,35,57,196,260.0,50960.0
2021063004022260,SHL,35,41,150,260.0,39000.0
2021063004022259,SHL,35,38,100,260.0,26000.0
2021063004022258,SHL,35,42,250,260.0,65000.0
2021063004022257,SHL,35,58,190,259.0,49210.0
2021063004022240,SHL,39,1,"1,000",259.0,259000.0
2021063004022060,SHL,42,45,150,259.0,38850.0
2021063004022032,SHL,49,45,150,259.0,38850.0
2021063004022322,SHPC,41,34,100,478.0,47800.0
2021063004022004,SHPC,57,42,128,475.0,60800.0
2021063004022319,SIC,13,54,20,1553.0,31060.0
2021063004022318,SIC,13,43,30,1553.0,46590.0
2021063004022276,SIC,37,33,35,1550.0,54250.0
2021063004022275,SIC,18,33,25,1550.0,38750.0
2021063004022274,SIC,35,33,50,1550.0,77500.0
2021063004022273,SIC,58,33,40,1550.0,62000.0
2021063004021993,SIC,50,49,32,1552.0,49664.0
2021063004022083,SIC,37,34,100,1553.0,155300.0
2021063004022048,SIC,25,17,100,1551.0,155100.0
2021063004022002,SIC,58,37,19,1551.0,29469.0
2021063004022001,SIC,52,37,10,1551.0,15510.0
2021063004022000,SIC,52,37,40,1551.0,62040.0
2021063004021999,SIC,50,37,31,1552.0,48112.0
2021063004022204,SIC,51,49,46,1551.0,71346.0
2021063004022203,SIC,25,49,60,1551.0,93060.0
2021063004022184,SIC,25,49,15,1551.0,23265.0
2021063004022128,SIC,25,8,25,1551.0,38775.0
2021063004022127,SIC,42,45,10,1552.0,15520.0
2021063004022110,SIC,42,45,20,1552.0,31040.0
2021063004022272,SIC,50,33,60,1550.0,93000.0
2021063004022271,SIC,1,33,40,1551.0,62040.0
2021063004022270,SIC,1,33,450,1552.0,698400.0
2021063004022249,SIC,1,14,50,1552.0,77600.0
2021063004022236,SIC,50,45,15,1552.0,23280.0
2021063004022205,SIC,1,49,10,1551.0,15510.0
2021063004022433,SICL,56,46,30,1990.0,59700.0
2021063004022432,SICL,56,34,10,1990.0,19900.0
2021063004022182,SICL,35,34,10,1990.0,19900.0
2021063004022160,SICL,32,34,10,1990.0,19900.0
2021063004022096,SICL,1,34,100,1990.0,199000.0
2021063004022095,SICL,41,34,10,1990.0,19900.0
2021063004022021,SICL,55,56,15,1991.0,29865.0
2021063004021994,SICL,19,51,100,1994.0,199400.0
2021063004022094,SICL,8,34,122,1990.0,242780.0
2021063004022092,SICL,8,41,43,1990.0,85570.0
2021063004022091,SICL,17,41,22,1994.0,43868.0
2021063004022078,SICL,17,51,78,1994.0,155532.0
2021063004022023,SICL,8,56,35,1990.0,69650.0
2021063004022022,SICL,34,56,20,1990.0,39800.0
2021063004022252,SJCL,49,6,30,423.0,12690.0
2021063004022111,SJCL,21,6,20,423.0,8460.0
2021063004022081,SJCL,53,56,20,422.0,8440.0
2021063004022077,SJCL,53,11,10,422.0,4220.0
2021063004022466,SPDL,19,46,20,401.0,8020.0
2021063004022461,SPDL,58,57,100,400.0,40000.0
2021063004022305,SPDL,55,44,200,401.0,80200.0
2021063004022197,SPDL,58,52,54,400.0,21600.0
2021063004022173,SPDL,58,10,100,400.0,40000.0
2021063004022166,SPDL,58,49,118,400.0,47200.0
2021063004022147,SPDL,58,32,586,400.0,234400.0
2021063004022031,SPDL,35,32,135,400.0,54000.0
2021063004022010,SPDL,14,32,279,400.0,111600.0
2021063004022009,SPDL,14,56,100,400.0,40000.0
2021063004022008,SPDL,14,34,621,400.0,248400.0
2021063004022159,SSHL,51,45,50,312.0,15600.0
2021063004022158,SSHL,51,58,"1,377",312.0,429624.0
2021063004022157,SSHL,51,42,400,311.0,124400.0
2021063004022100,SSHL,56,58,500,312.0,156000.0
2021063004022030,SSHL,21,58,200,312.0,62400.0
2021063004022475,TRH,44,46,300,395.0,118500.0
2021063004022474,TRH,44,45,100,395.0,39500.0
2021063004022473,TRH,44,5,100,395.0,39500.0
2021063004022472,TRH,44,44,"1,530",395.0,604350.0
2021063004022471,TRH,44,57,200,394.0,78800.0
2021063004022470,TRH,44,42,100,394.0,39400.0
2021063004022311,UIC,10,34,50,712.0,35600.0
2021063004022283,UIC,36,34,25,712.0,17800.0
2021063004022266,UIC,38,21,50,713.0,35650.0
2021063004022427,UMHL,25,13,30,354.0,10620.0
2021063004022156,UMHL,42,13,186,354.0,65844.0
2021063004022072,UMHL,42,29,100,354.0,35400.0
2021063004022066,UMHL,36,13,100,355.0,35500.0
2021063004022047,UMHL,44,13,371,355.0,131705.0
2021063004021977,UMHL,6,40,500,355.0,177500.0
2021063004022045,UMHL,44,44,129,355.0,45795.0
2021063004022044,UMHL,6,44,71,355.0,25205.0
2021063004022037,UMHL,6,46,50,355.0,17750.0
2021063004022025,UMHL,6,38,300,355.0,106500.0
2021063004022020,UMHL,6,29,180,355.0,63900.0
2021063004022007,UMHL,19,55,"1,000",356.0,356000.0
2021063004022039,UMRH,34,29,30,451.0,13530.0
2021063004022038,UMRH,34,29,20,451.0,9020.0
2021063004022019,UMRH,38,13,40,460.0,18400.0
2021063004022018,UMRH,38,13,10,460.0,4600.0
2021063004022312,UPCL,14,50,100,291.0,29100.0
2021063004022206,UPCL,14,34,100,291.0,29100.0
2021063004022169,UPCL,14,5,200,291.0,58200.0
2021063004022028,UPCL,26,29,50,292.0,14600.0
2021063004022027,UPCL,26,44,150,291.0,43650.0
2021063004022014,UPCL,28,44,50,291.0,14550.0
2021063004021980,UPCL,56,29,50,292.0,14600.0
2021063004022451,UPPER,10,55,50,768.0,38400.0
2021063004022437,UPPER,10,41,200,768.0,153600.0
2021063004022434,UPPER,48,28,10,769.0,7690.0
2021063004022317,UPPER,35,28,340,769.0,261460.0
2021063004022316,UPPER,35,32,120,769.0,92280.0
2021063004022315,UPPER,35,42,40,769.0,30760.0
2021063004022065,UPPER,26,52,500,766.0,383000.0
2021063004022013,UPPER,26,33,500,766.0,383000.0
2021063004022011,UPPER,58,29,100,767.0,76700.0
2021063004022134,UPPER,10,25,300,768.0,230400.0
2021063004022133,UPPER,10,7,10,768.0,7680.0
2021063004022132,UPPER,10,6,100,768.0,76800.0
2021063004022069,UPPER,48,6,200,768.0,153600.0
2021063004022140,UPPER,10,19,100,768.0,76800.0
2021063004022139,UPPER,10,25,200,768.0,153600.0
2021063004022138,UPPER,10,55,10,768.0,7680.0
2021063004022137,UPPER,10,3,200,768.0,153600.0
2021063004022136,UPPER,10,28,"1,000",768.0,768000.0
2021063004022135,UPPER,10,14,20,768.0,15360.0
2021063004022253,UPPER,10,50,250,768.0,192000.0
2021063004022200,UPPER,10,55,530,768.0,407040.0
2021063004022142,UPPER,10,47,50,768.0,38400.0
2021063004022141,UPPER,10,59,50,768.0,38400.0
2021063004021931,AHPC,3,35,50,446.0,22300.0
2021063004021784,AHPC,19,22,100,447.0,44700.0
2021063004021648,AHPC,49,33,75,448.0,33600.0
2021063004021548,AHPC,49,5,200,448.0,89600.0
2021063004021547,AHPC,49,59,"1,500",448.0,672000.0
2021063004021546,AHPC,49,25,100,448.0,44800.0
2021063004021545,AHPC,49,29,824,448.0,369152.0
2021063004021515,AHPC,28,58,500,447.0,223500.0
2021063004021514,AHPC,6,58,150,447.0,67050.0
2021063004021918,AIL,58,28,10,804.0,8040.0
2021063004021900,AIL,58,52,10,804.0,8040.0
2021063004021774,AIL,58,35,10,804.0,8040.0
2021063004021932,AKJCL,41,41,100,265.0,26500.0
2021063004021776,AKJCL,36,58,10,264.0,2640.0
2021063004021607,AKJCL,58,41,10,265.0,2650.0
2021063004021606,AKJCL,58,4,10,265.0,2650.0
2021063004021605,AKJCL,58,53,20,265.0,5300.0
2021063004021604,AKJCL,58,29,10,265.0,2650.0
2021063004021498,AKJCL,36,14,20,264.0,5280.0
2021063004021497,AKJCL,36,38,37,264.0,9768.0
2021063004021910,AKPL,35,58,10,428.0,4280.0
2021063004021897,AKPL,14,58,50,428.0,21400.0
2021063004021892,AKPL,14,54,250,428.0,107000.0
2021063004021874,AKPL,56,36,100,429.0,42900.0
2021063004021684,AKPL,50,36,10,429.0,4290.0
2021063004021641,AKPL,29,58,500,427.0,213500.0
2021063004021552,AKPL,45,36,400,429.0,171600.0
2021063004021510,AKPL,58,44,10,430.0,4300.0
2021063004021640,AKPL,3,58,500,427.0,213500.0
2021063004021639,AKPL,3,58,300,427.0,128100.0
2021063004021584,AKPL,39,36,20,429.0,8580.0
2021063004021580,AKPL,50,36,10,429.0,4290.0
2021063004021560,AKPL,3,58,200,427.0,85400.0
2021063004021559,AKPL,3,58,500,427.0,213500.0
2021063004021885,API,49,39,33,373.0,12309.0
2021063004021876,API,49,8,20,373.0,7460.0
2021063004021769,API,32,39,70,374.0,26180.0
2021063004021768,API,32,59,30,374.0,11220.0
2021063004021748,API,34,44,80,372.0,29760.0
2021063004021747,API,42,44,100,372.0,37200.0
2021063004021535,API,44,7,40,374.0,14960.0
2021063004021534,API,29,7,43,374.0,16082.0
2021063004021614,API,25,7,10,374.0,3740.0
2021063004021613,API,39,38,100,373.0,37300.0
2021063004021592,API,22,1,49,373.0,18277.0
2021063004021591,API,35,1,51,373.0,19023.0
2021063004021589,API,45,7,50,374.0,18700.0
2021063004021539,API,5,7,300,374.0,112200.0
2021063004021746,API,35,44,20,372.0,7440.0
2021063004021689,API,25,59,70,374.0,26180.0
2021063004021688,API,25,7,430,374.0,160820.0
2021063004021642,API,39,7,10,374.0,3740.0
2021063004021622,API,37,7,60,374.0,22440.0
2021063004021621,API,37,7,57,374.0,21318.0
2021063004021870,BARUN,20,25,10,545.0,5450.0
2021063004021509,BARUN,20,41,240,541.0,129840.0
2021063004021925,BPCL,22,21,50,499.0,24950.0
2021063004021883,BPCL,45,21,30,499.0,14970.0
2021063004021882,BPCL,38,21,200,499.0,99800.0
2021063004021881,BPCL,35,21,500,499.0,249500.0
2021063004021879,BPCL,53,36,50,500.0,25000.0
2021063004021502,BPCL,21,40,70,498.0,34860.0
2021063004021520,BPCL,38,42,200,499.0,99800.0
2021063004021504,BPCL,45,40,10,498.0,4980.0
2021063004021503,BPCL,14,40,20,498.0,9960.0
2021063004021602,BPCL,45,42,800,499.0,399200.0
2021063004021714,BPCL,57,36,100,500.0,50000.0
2021063004021647,BPCL,38,36,10,500.0,5000.0
2021063004021835,BPCL,21,36,50,500.0,25000.0
2021063004021782,BPCL,57,36,500,500.0,250000.0
2021063004021902,CGH,22,52,10,1533.0,15330.0
2021063004021695,CGH,54,14,10,1534.0,15340.0
2021063004021593,CGH,28,42,10,1534.0,15340.0
2021063004021966,CHCL,44,5,10,650.0,6500.0
2021063004021965,CHCL,57,5,100,650.0,65000.0
2021063004021964,CHCL,11,5,200,650.0,130000.0
2021063004021963,CHCL,16,5,75,650.0,48750.0
2021063004021962,CHCL,56,5,10,650.0,6500.0
2021063004021961,CHCL,11,5,100,650.0,65000.0
2021063004021543,CHCL,25,14,153,657.0,100521.0
2021063004021542,CHCL,53,14,50,657.0,32850.0
2021063004021541,CHCL,49,14,20,657.0,13140.0
2021063004021871,CHCL,28,19,100,657.0,65700.0
2021063004021710,CHCL,16,49,74,655.0,48470.0
2021063004021709,CHCL,22,49,50,655.0,32750.0
2021063004021708,CHCL,33,49,383,656.0,251248.0
2021063004021603,CHCL,25,36,20,658.0,13160.0
2021063004021544,CHCL,33,14,277,656.0,181712.0
2021063004021954,CHCL,58,5,50,655.0,32750.0
2021063004021953,CHCL,49,5,100,655.0,65500.0
2021063004021952,CHCL,14,5,50,655.0,32750.0
2021063004021951,CHCL,16,5,126,655.0,82530.0
2021063004021950,CHCL,28,5,50,656.0,32800.0
2021063004021949,CHCL,36,5,50,656.0,32800.0
2021063004021960,CHCL,36,5,553,650.0,359450.0
2021063004021959,CHCL,19,5,50,651.0,32550.0
2021063004021958,CHCL,29,5,100,652.0,65200.0
2021063004021957,CHCL,34,5,30,652.0,19560.0
2021063004021956,CHCL,43,5,325,652.0,211900.0
2021063004021955,CHCL,48,5,20,653.0,13060.0
2021063004021673,CMF1,48,44,"5,000",12.4,62000.0
2021063004021672,CMF1,48,25,"3,000",12.3,36900.0
2021063004021671,CMF1,48,29,100,12.3,1230.0
2021063004021670,CMF1,48,42,"5,000",12.27,61350.0
2021063004021669,CMF1,48,34,"1,900",12.27,23313.0
2021063004021975,DHPL,48,34,371,255.0,94605.0
2021063004021851,DHPL,57,34,100,255.0,25500.0
2021063004021564,DHPL,58,34,100,254.0,25400.0
2021063004021901,EIC,41,22,60,755.0,45300.0
2021063004021823,EIC,25,33,20,754.0,15080.0
2021063004021697,EIC,37,33,"1,000",754.0,754000.0
2021063004021891,GHL,17,26,20,306.0,6120.0
2021063004021890,GHL,17,41,200,302.0,60400.0
2021063004021889,GHL,17,28,30,302.0,9060.0
2021063004021888,GHL,17,17,30,300.0,9000.0
2021063004021887,GHL,17,32,20,300.0,6000.0
2021063004021759,GHL,58,32,10,300.0,3000.0
2021063004021880,GIC,36,21,50,685.0,34250.0
2021063004021848,GIC,36,21,10,685.0,6850.0
2021063004021841,GIC,58,22,10,685.0,6850.0
2021063004021668,GIC,6,38,10,680.0,6800.0
2021063004021583,GIC,39,43,50,684.0,34200.0
2021063004021501,GIC,39,52,50,684.0,34200.0
2021063004021840,GIC,58,45,20,685.0,13700.0
2021063004021693,GIC,42,49,10,685.0,6850.0
2021063004021692,GIC,42,47,20,685.0,13700.0
2021063004021691,GIC,42,57,70,685.0,47950.0
2021063004021947,GLH,59,28,10,358.0,3580.0
2021063004021946,GLH,59,26,10,358.0,3580.0
2021063004021628,GLH,58,39,10,358.0,3580.0
2021063004021590,GLH,58,26,10,358.0,3580.0
2021063004021538,GLH,58,40,10,358.0,3580.0
2021063004021528,GLH,58,51,20,358.0,7160.0
2021063004021527,GLH,58,48,50,358.0,17900.0
2021063004021929,HDHPC,21,46,50,268.0,13400.0
2021063004021927,HDHPC,22,46,114,268.0,30552.0
2021063004021926,HDHPC,22,48,136,268.0,36448.0
2021063004021919,HDHPC,17,26,15,267.0,4005.0
2021063004021911,HDHPC,51,48,100,268.0,26800.0
2021063004021899,HDHPC,42,48,14,268.0,3752.0
2021063004021581,HDHPC,57,42,50,267.0,13350.0
2021063004021537,HDHPC,5,6,20,267.0,5340.0
2021063004021898,HDHPC,42,1,486,268.0,130248.0
2021063004021846,HDHPC,39,42,"1,200",267.0,320400.0
2021063004021694,HDHPC,22,1,100,268.0,26800.0
2021063004021685,HDHPC,22,1,100,268.0,26800.0
2021063004021654,HDHPC,25,1,100,268.0,26800.0
2021063004021626,HDHPC,21,42,"1,000",267.0,267000.0
2021063004021858,HGI,35,25,10,772.0,7720.0
2021063004021857,HGI,42,25,40,772.0,30880.0
2021063004021567,HGI,49,49,20,774.0,15480.0
2021063004021566,HGI,49,59,30,774.0,23220.0
2021063004021480,IGI,45,49,56,1190.0,66640.0
2021063004021479,IGI,45,58,70,1189.0,83230.0
2021063004021478,IGI,45,36,110,1188.0,130680.0
2021063004021477,IGI,45,14,20,1187.0,23740.0
2021063004021476,IGI,45,17,100,1187.0,118700.0
2021063004021485,IGI,45,50,100,1190.0,119000.0
2021063004021484,IGI,45,39,35,1190.0,41650.0
2021063004021483,IGI,45,35,200,1190.0,238000.0
2021063004021482,IGI,45,40,275,1190.0,327250.0
2021063004021481,IGI,45,36,200,1190.0,238000.0
2021063004021601,IGI,45,39,90,1190.0,107100.0
2021063004021556,IGI,45,5,200,1190.0,238000.0
2021063004021833,JOSHI,57,49,365,271.0,98915.0
2021063004021687,JOSHI,6,49,60,271.0,16260.0
2021063004021492,KEF,7,34,900,10.5,9450.0
2021063004021491,KEF,7,52,100,10.5,1050.0
2021063004021490,KEF,7,57,"15,100",10.5,158550.0
2021063004021489,KEF,7,21,100,10.3,1030.0
2021063004021637,KKHC,37,32,10,262.0,2620.0
2021063004021636,KKHC,37,38,90,262.0,23580.0
2021063004021610,KKHC,37,38,10,262.0,2620.0
2021063004021569,KKHC,37,6,20,260.0,5200.0
2021063004021568,KKHC,37,48,10,260.0,2600.0
2021063004021878,LEC,43,8,50,334.0,16700.0
2021063004021877,LEC,25,8,100,335.0,33500.0
2021063004021701,LEC,38,57,50,333.0,16650.0
2021063004021700,LEC,5,57,50,333.0,16650.0
2021063004021686,LEC,48,58,100,335.0,33500.0
2021063004021561,LEC,58,48,10,335.0,3350.0
2021063004021875,MHNL,29,21,100,317.0,31700.0
2021063004021860,MHNL,13,21,100,317.0,31700.0
2021063004021859,MHNL,13,58,100,317.0,31700.0
2021063004021838,MHNL,29,32,"1,000",316.0,316000.0
2021063004021837,MHNL,29,58,30,316.0,9480.0
2021063004021836,MHNL,29,28,50,316.0,15800.0
2021063004021820,MHNL,52,22,100,315.0,31500.0
2021063004021819,MHNL,52,19,10,315.0,3150.0
2021063004021765,MHNL,52,38,40,312.0,12480.0
2021063004021802,NEF,10,50,"2,414",14.11,34061.54
2021063004021862,NGPL,1,28,275,469.0,128975.0
2021063004021861,NGPL,1,22,125,464.0,58000.0
2021063004021818,NGPL,26,14,500,465.0,232500.0
2021063004021817,NGPL,26,58,250,465.0,116250.0
2021063004021676,NGPL,49,58,40,465.0,18600.0
2021063004021674,NGPL,46,22,10,464.0,4640.0
2021063004021625,NGPL,39,58,150,465.0,69750.0
2021063004021624,NGPL,39,22,50,465.0,23250.0
2021063004021970,NHPC,16,49,412,327.0,134724.0
2021063004021969,NHPC,49,49,50,327.0,16350.0
2021063004021968,NHPC,48,49,318,327.0,103986.0
2021063004021896,NHPC,48,46,482,327.0,157614.0
2021063004021867,NHPC,48,33,200,327.0,65400.0
2021063004021844,NHPC,21,42,400,328.0,131200.0
2021063004021532,NHPC,55,25,194,333.0,64602.0
2021063004021500,NHPC,32,35,50,332.0,16600.0
2021063004021495,NHPC,32,57,10,332.0,3320.0
2021063004021494,NHPC,32,56,134,332.0,44488.0
2021063004021644,NHPC,58,51,200,331.0,66200.0
2021063004021643,NHPC,47,51,500,331.0,165500.0
2021063004021615,NHPC,47,6,500,331.0,165500.0
2021063004021594,NHPC,57,17,100,332.0,33200.0
2021063004021550,NHPC,32,41,300,332.0,99600.0
2021063004021533,NHPC,55,34,306,333.0,101898.0
2021063004021752,NHPC,45,59,150,330.0,49500.0
2021063004021751,NHPC,40,59,100,330.0,33000.0
2021063004021750,NHPC,48,59,100,330.0,33000.0
2021063004021732,NHPC,48,18,400,330.0,132000.0
2021063004021731,NHPC,59,18,100,330.0,33000.0
2021063004021657,NHPC,58,8,800,331.0,264800.0
2021063004021799,NHPC,47,46,100,330.0,33000.0
2021063004021790,NHPC,19,46,418,330.0,137940.0
2021063004021789,NHPC,19,59,82,330.0,27060.0
2021063004021780,NHPC,34,59,20,330.0,6600.0
2021063004021767,NHPC,21,59,"1,000",330.0,330000.0
2021063004021753,NHPC,58,59,48,330.0,15840.0
2021063004021842,NHPC,28,42,"1,000",328.0,328000.0
2021063004021832,NHPC,58,42,10,328.0,3280.0
2021063004021831,NHPC,17,42,100,328.0,32800.0
2021063004021830,NHPC,55,42,500,328.0,164000.0
2021063004021829,NHPC,58,42,80,328.0,26240.0
2021063004021828,NHPC,52,42,100,328.0,32800.0
2021063004021948,NICL,38,35,20,1186.0,23720.0
2021063004021895,NICL,38,17,20,1189.0,23780.0
2021063004021781,NICL,20,17,10,1189.0,11890.0
2021063004021722,NICL,34,46,"1,000",1181.0,1181000.0
2021063004021721,NICL,45,46,200,1182.0,236400.0
2021063004021720,NICL,40,46,450,1182.0,531900.0
2021063004021719,NICL,49,46,142,1183.0,167986.0
2021063004021718,NICL,21,46,200,1184.0,236800.0
2021063004021582,NICL,41,17,65,1189.0,77285.0
2021063004021555,NICL,17,17,90,1189.0,107010.0
2021063004021512,NICL,57,17,50,1189.0,59450.0
2021063004021511,NICL,57,45,50,1188.0,59400.0
2021063004021909,NIL,45,49,50,1638.0,81900.0
2021063004021905,NIL,4,38,10,1637.0,16370.0
2021063004021869,NIL,13,49,50,1638.0,81900.0
2021063004021826,NIL,41,49,50,1638.0,81900.0
2021063004021713,NIL,4,45,300,1637.0,491100.0
2021063004021712,NIL,4,48,300,1637.0,491100.0
2021063004021711,NIL,4,10,12,1637.0,19644.0
2021063004021690,NIL,52,10,50,1637.0,81850.0
2021063004021617,NIL,1,58,25,1636.0,40900.0
2021063004021585,NIL,36,58,25,1636.0,40900.0
2021063004021565,NIL,45,39,20,1636.0,32720.0
2021063004021516,NIL,45,29,20,1636.0,32720.0
2021063004021853,NLG,42,33,200,1327.0,265400.0
2021063004021487,NLG,20,20,50,1324.0,66200.0
2021063004021486,NLG,20,29,250,1324.0,331000.0
2021063004021557,NLG,6,20,12,1324.0,15888.0
2021063004021517,NLG,33,56,100,1323.0,132300.0
2021063004021513,NLG,40,38,150,1321.0,198150.0
2021063004021631,NLG,5,55,100,1325.0,132500.0
2021063004021630,NLG,5,33,56,1325.0,74200.0
2021063004021629,NLG,34,33,50,1325.0,66250.0
2021063004021596,NLG,5,33,200,1325.0,265000.0
2021063004021578,NLG,4,20,203,1324.0,268772.0
2021063004021707,NLG,33,39,19,1325.0,25175.0
2021063004021706,NLG,33,49,25,1325.0,33125.0
2021063004021705,NLG,33,33,56,1325.0,74200.0
2021063004021632,NLG,5,33,44,1325.0,58300.0
2021063004021797,NLG,37,54,60,1325.0,79500.0
2021063004021796,NLG,37,38,50,1325.0,66250.0
2021063004021795,NLG,37,39,31,1325.0,41075.0
2021063004021791,NLG,55,39,50,1325.0,66250.0
2021063004021872,PICL,50,58,10,811.0,8110.0
2021063004021793,PICL,21,58,20,812.0,16240.0
2021063004021536,PICL,21,58,30,812.0,24360.0
2021063004021496,PICL,32,58,20,813.0,16260.0
2021063004021734,PRIN,57,19,100,954.0,95400.0
2021063004021733,PRIN,26,19,10,954.0,9540.0
2021063004021934,RADHI,6,38,"1,000",788.0,788000.0
2021063004021908,RADHI,33,57,100,789.0,78900.0
2021063004021850,RADHI,6,35,220,788.0,173360.0
2021063004021794,RADHI,6,56,500,788.0,394000.0
2021063004021761,RADHI,6,48,200,788.0,157600.0
2021063004021760,RADHI,6,32,105,788.0,82740.0
2021063004021579,RADHI,45,14,93,787.0,73191.0
2021063004021653,RADHI,26,32,95,788.0,74860.0
2021063004021652,RADHI,26,58,30,787.0,23610.0
2021063004021651,RADHI,26,57,90,787.0,70830.0
2021063004021650,RADHI,26,29,235,787.0,184945.0
2021063004021649,RADHI,26,57,50,786.0,39300.0
2021063004021616,RADHI,52,29,15,787.0,11805.0
2021063004021967,RHPL,1,51,20,456.0,9120.0
2021063004021922,RHPL,1,39,40,456.0,18240.0
2021063004021868,RHPL,1,56,40,456.0,18240.0
2021063004021779,RHPL,10,42,10,457.0,4570.0
2021063004021778,RHPL,10,22,40,456.0,18240.0
2021063004021773,RHPL,32,22,60,456.0,27360.0
2021063004021772,RHPL,32,38,20,456.0,9120.0
2021063004021771,RHPL,32,55,280,456.0,127680.0
2021063004021770,RHPL,32,28,40,456.0,18240.0
2021063004021522,RHPL,42,42,200,457.0,91400.0
2021063004021518,RHPL,13,33,50,452.0,22600.0
2021063004021912,RRHP,14,43,10,357.0,3570.0
2021063004021703,RRHP,58,43,30,357.0,10710.0
2021063004021702,RRHP,58,38,10,356.0,3560.0
2021063004021655,RRHP,22,43,60,357.0,21420.0
2021063004021623,RRHP,36,43,10,357.0,3570.0
2021063004021798,SGI,58,38,10,714.0,7140.0
2021063004021749,SGI,7,16,13,714.0,9282.0
2021063004021558,SGI,17,21,10,713.0,7130.0
2021063004021521,SGI,38,58,10,714.0,7140.0
2021063004021619,SHL,39,33,100,260.0,26000.0
2021063004021907,SHPC,57,22,41,475.0,19475.0
2021063004021663,SHPC,25,29,20,475.0,9500.0
2021063004021662,SHPC,34,29,100,475.0,47500.0
2021063004021661,SHPC,22,29,40,477.0,19080.0
2021063004021660,SHPC,28,29,697,477.0,332469.0
2021063004021659,SHPC,42,29,250,478.0,119500.0
2021063004021658,SHPC,58,44,300,478.0,143400.0
2021063004021666,SHPC,21,29,50,475.0,23750.0
2021063004021665,SHPC,38,29,20,475.0,9500.0
2021063004021664,SHPC,28,29,"1,000",475.0,475000.0
2021063004021906,SHPC,57,29,290,475.0,137750.0
2021063004021893,SHPC,8,29,10,475.0,4750.0
2021063004021945,SIC,37,49,28,1552.0,43456.0
2021063004021944,SIC,37,7,60,1552.0,93120.0
2021063004021943,SIC,37,44,212,1552.0,329024.0
2021063004021886,SIC,10,26,15,1551.0,23265.0
2021063004021852,SIC,10,52,15,1551.0,23265.0
2021063004021839,SIC,45,44,100,1552.0,155200.0
2021063004021549,SIC,33,54,100,1551.0,155100.0
2021063004021508,SIC,32,26,30,1552.0,46560.0
2021063004021704,SIC,14,41,50,1552.0,77600.0
2021063004021588,SIC,51,41,51,1552.0,79152.0
2021063004021587,SIC,51,38,10,1552.0,15520.0
2021063004021586,SIC,51,53,30,1552.0,46560.0
2021063004021563,SIC,52,53,20,1552.0,31040.0
2021063004021562,SIC,52,26,30,1552.0,46560.0
2021063004021728,SIC,16,14,55,1551.0,85305.0
2021063004021727,SIC,45,14,10,1551.0,15510.0
2021063004021726,SIC,33,14,100,1551.0,155100.0
2021063004021725,SIC,52,14,46,1551.0,71346.0
2021063004021724,SIC,41,14,10,1551.0,15510.0
2021063004021723,SIC,33,14,25,1551.0,38775.0
2021063004021786,SIC,42,44,13,1552.0,20176.0
2021063004021764,SIC,33,44,75,1552.0,116400.0
2021063004021763,SIC,33,41,104,1552.0,161408.0
2021063004021762,SIC,55,41,25,1552.0,38800.0
2021063004021730,SIC,29,14,284,1551.0,440484.0
2021063004021729,SIC,52,14,10,1551.0,15510.0
2021063004021834,SIC,28,1,50,1551.0,77550.0
2021063004021827,SIC,45,44,50,1552.0,77600.0
2021063004021822,SIC,28,39,10,1551.0,15510.0
2021063004021804,SIC,52,44,50,1552.0,77600.0
2021063004021801,SIC,28,17,34,1551.0,52734.0
2021063004021800,SIC,29,17,16,1551.0,24816.0
2021063004021930,SICL,46,51,50,1994.0,99700.0
2021063004021928,SICL,52,58,30,1990.0,59700.0
2021063004021815,SICL,49,38,100,1990.0,199000.0
2021063004021814,SICL,13,38,11,1990.0,21890.0
2021063004021813,SICL,53,38,10,1990.0,19900.0
2021063004021812,SICL,42,38,30,1991.0,59730.0
2021063004021493,SICL,56,45,50,1994.0,99700.0
2021063004021805,SICL,58,38,11,1993.0,21923.0
2021063004021783,SICL,38,51,72,1994.0,143568.0
2021063004021717,SICL,58,32,50,1993.0,99650.0
2021063004021525,SICL,42,45,56,1992.0,111552.0
2021063004021524,SICL,34,45,10,1992.0,19920.0
2021063004021523,SICL,37,45,34,1993.0,67762.0
2021063004021811,SICL,17,38,30,1991.0,59730.0
2021063004021810,SICL,49,38,40,1991.0,79640.0
2021063004021809,SICL,32,38,60,1992.0,119520.0
2021063004021808,SICL,21,38,50,1992.0,99600.0
2021063004021807,SICL,40,38,10,1992.0,19920.0
2021063004021806,SICL,42,38,44,1992.0,87648.0
2021063004021921,SIGS2,49,50,"419,500",13.6,5705200.0
2021063004021920,SIGS2,49,50,"80,500",13.6,1094800.0
2021063004021894,SIGS2,58,50,"500,000",13.61,6805000.0
2021063004021785,SIGS2,49,50,"419,500",13.6,5705200.0
2021063004021766,SIGS2,49,50,"80,500",13.6,1094800.0
2021063004021699,SIGS2,49,50,"419,500",13.6,5705200.0
2021063004021571,SIGS2,25,50,"2,000",13.62,27240.0
2021063004021577,SIGS2,39,50,"5,000",13.6,68000.0
2021063004021576,SIGS2,39,50,"5,000",13.6,68000.0
2021063004021575,SIGS2,29,50,"50,000",13.6,680000.0
2021063004021574,SIGS2,6,50,"9,000",13.61,122490.0
2021063004021573,SIGS2,42,50,500,13.61,6805.0
2021063004021572,SIGS2,6,50,"9,000",13.61,122490.0
2021063004021698,SIGS2,49,50,"80,500",13.6,1094800.0
2021063004021646,SIGS2,49,50,"419,500",13.6,5705200.0
2021063004021645,SIGS2,49,50,"80,500",13.6,1094800.0
2021063004021609,SIGS2,49,50,"419,500",13.6,5705200.0
2021063004021608,SIGS2,49,50,"80,500",13.6,1094800.0
2021063004021595,SIGS2,49,50,"419,500",13.6,5705200.0
2021063004021914,SIL,1,32,25,1070.0,26750.0
2021063004021913,SIL,1,35,50,1070.0,53500.0
2021063004021904,SIL,39,58,10,1068.0,10680.0
2021063004021845,SIL,39,35,50,1070.0,53500.0
2021063004021821,SIL,25,38,45,1070.0,48150.0
2021063004021788,SIL,42,38,153,1070.0,163710.0
2021063004021787,SIL,42,57,10,1070.0,10700.0
2021063004021715,SIL,50,57,10,1070.0,10700.0
2021063004021526,SIL,25,58,30,1068.0,32040.0
2021063004021792,SJCL,53,28,20,422.0,8440.0
2021063004021758,SJCL,33,29,10,424.0,4240.0
2021063004021757,SJCL,33,41,200,424.0,84800.0
2021063004021756,SJCL,33,19,40,424.0,16960.0
2021063004021755,SJCL,33,57,40,424.0,16960.0
2021063004021754,SJCL,33,17,10,424.0,4240.0
2021063004021638,SJCL,53,26,20,422.0,8440.0
2021063004021499,SJCL,53,28,50,422.0,21100.0
2021063004021972,SLCF,13,52,200,10.01,2002.0
2021063004021570,SLCF,13,17,400,10.02,4008.0
2021063004021971,SPDL,59,36,100,399.0,39900.0
2021063004021917,SPDL,59,20,398,399.0,158802.0
2021063004021916,SPDL,38,20,30,399.0,11970.0
2021063004021915,SPDL,10,20,72,399.0,28728.0
2021063004021903,SPDL,10,52,83,399.0,33117.0
2021063004021856,SPDL,59,34,54,400.0,21600.0
2021063004021679,SPDL,34,49,30,400.0,12000.0
2021063004021678,SPDL,34,34,100,400.0,40000.0
2021063004021677,SPDL,34,38,241,400.0,96400.0
2021063004021656,SPDL,29,38,100,400.0,40000.0
2021063004021620,SPDL,11,38,40,400.0,16000.0
2021063004021855,SPDL,59,26,475,400.0,190000.0
2021063004021854,SPDL,59,56,271,400.0,108400.0
2021063004021683,SPDL,34,56,129,400.0,51600.0
2021063004021682,SPDL,34,44,500,400.0,200000.0
2021063004021681,SPDL,34,32,"1,000",400.0,400000.0
2021063004021680,SPDL,34,48,"2,000",400.0,800000.0
2021063004021935,SSHL,35,58,123,312.0,38376.0
2021063004021825,SSHL,10,58,"1,200",312.0,374400.0
2021063004021627,SSHL,35,45,77,311.0,23947.0
2021063004021599,STC,4,35,20,9675.0,193500.0
2021063004021598,STC,54,35,10,9675.0,96750.0
2021063004021597,STC,35,35,10,9675.0,96750.0
2021063004021531,TRH,44,44,160,395.0,63200.0
2021063004021530,TRH,44,6,40,394.0,15760.0
2021063004021745,UIC,39,1,15,713.0,10695.0
2021063004021744,UIC,39,44,50,713.0,35650.0
2021063004021635,UIC,25,20,370,711.0,263070.0
2021063004021634,UIC,1,20,50,712.0,35600.0
2021063004021633,UIC,36,20,80,712.0,56960.0
2021063004021519,UIC,22,44,100,713.0,71300.0
2021063004021974,UMHL,6,4,10,355.0,3550.0
2021063004021973,UMHL,6,58,289,355.0,102595.0
2021063004021933,UMHL,17,58,100,355.0,35500.0
2021063004021924,UMHL,49,58,300,355.0,106500.0
2021063004021923,UMHL,57,58,50,355.0,17750.0
2021063004021618,UMHL,51,45,75,353.0,26475.0
2021063004021600,UMHL,41,38,200,353.0,70600.0
2021063004021553,UMHL,19,58,10,354.0,3540.0
2021063004021736,UMHL,40,48,"1,000",354.0,354000.0
2021063004021735,UMHL,40,58,255,354.0,90270.0
2021063004021696,UMHL,17,58,10,354.0,3540.0
2021063004021742,UMHL,40,38,220,355.0,78100.0
2021063004021741,UMHL,40,41,50,355.0,17750.0
2021063004021740,UMHL,40,46,14,355.0,4970.0
2021063004021739,UMHL,40,38,200,355.0,71000.0
2021063004021738,UMHL,40,34,200,355.0,71000.0
2021063004021737,UMHL,40,59,"1,000",354.0,354000.0
2021063004021803,UMHL,38,58,100,355.0,35500.0
2021063004021777,UMHL,21,58,100,355.0,35500.0
2021063004021775,UMHL,51,21,500,353.0,176500.0
2021063004021743,UMHL,40,58,61,355.0,21655.0
2021063004021816,UMRH,38,38,10,460.0,4600.0
2021063004021716,UMRH,50,53,10,467.0,4670.0
2021063004021554,UMRH,45,13,20,470.0,9400.0
2021063004021529,UMRH,50,43,10,467.0,4670.0
2021063004021551,UNHPL,38,44,200,339.0,67800.0
2021063004021507,UNHPL,25,44,100,340.0,34000.0
2021063004021506,UNHPL,47,44,200,340.0,68000.0
2021063004021505,UNHPL,38,44,80,340.0,27200.0
2021063004021873,UPCL,42,58,85,290.0,24650.0
2021063004021847,UPCL,42,33,200,290.0,58000.0
2021063004021843,UPCL,42,33,50,290.0,14500.0
2021063004021540,UPCL,18,46,100,290.0,29000.0
2021063004021824,UPCL,32,33,150,290.0,43500.0
2021063004021675,UPCL,13,29,200,292.0,58400.0
2021063004021942,UPPER,59,35,163,765.0,124695.0
2021063004021941,UPPER,58,35,540,765.0,413100.0
2021063004021940,UPPER,55,35,50,765.0,38250.0
2021063004021939,UPPER,58,35,425,765.0,325125.0
2021063004021938,UPPER,26,35,500,766.0,383000.0
2021063004021937,UPPER,34,35,40,766.0,30640.0
2021063004021488,UPPER,49,58,10,768.0,7680.0
2021063004021849,UPPER,11,42,20,766.0,15320.0
2021063004021667,UPPER,58,42,25,766.0,19150.0
2021063004021612,UPPER,28,42,50,767.0,38350.0
2021063004021611,UPPER,16,42,100,767.0,76700.0
2021063004021936,UPPER,36,35,295,766.0,225970.0
2021063004021884,UPPER,36,42,205,766.0,157030.0
2021063004021866,UPPER,58,4,75,765.0,57375.0
2021063004021865,UPPER,22,4,25,765.0,19125.0
2021063004021864,UPPER,57,4,200,765.0,153000.0
2021063004021863,UPPER,49,4,200,765.0,153000.0
2021063004021470,AHPC,26,29,75,448.0,33600.0
2021063004021435,AHPC,58,29,50,448.0,22400.0
2021063004021344,AHPC,42,29,70,448.0,31360.0
2021063004021266,AHPC,6,46,250,447.0,111750.0
2021063004021089,AHPC,42,36,60,445.0,26700.0
2021063004021082,AHPC,43,36,20,445.0,8900.0
2021063004021081,AHPC,36,36,100,445.0,44500.0
2021063004021080,AHPC,49,36,20,445.0,8900.0
2021063004021008,AHPC,6,29,19,448.0,8512.0
2021063004021007,AHPC,6,48,81,446.0,36126.0
2021063004021464,AIL,26,32,65,804.0,52260.0
2021063004021409,AIL,58,42,10,803.0,8030.0
2021063004021427,AKPL,41,44,100,430.0,43000.0
2021063004021381,AKPL,50,32,10,431.0,4310.0
2021063004021376,AKPL,17,54,267,426.0,113742.0
2021063004021375,AKPL,38,54,100,426.0,42600.0
2021063004021374,AKPL,50,54,10,428.0,4280.0
2021063004021373,AKPL,45,54,123,429.0,52767.0
2021063004021204,AKPL,29,38,20,430.0,8600.0
2021063004021146,AKPL,50,38,10,430.0,4300.0
2021063004021145,AKPL,51,45,100,429.0,42900.0
2021063004021104,AKPL,51,29,250,429.0,107250.0
2021063004021103,AKPL,51,14,480,429.0,205920.0
2021063004021004,AKPL,50,14,10,429.0,4290.0
2021063004021273,AKPL,11,44,100,430.0,43000.0
2021063004021248,AKPL,29,44,147,430.0,63210.0
2021063004021243,AKPL,50,32,10,431.0,4310.0
2021063004021207,AKPL,29,58,50,430.0,21500.0
2021063004021206,AKPL,29,47,13,430.0,5590.0
2021063004021205,AKPL,29,37,200,430.0,86000.0
2021063004021342,AKPL,45,47,377,429.0,161733.0
2021063004021341,AKPL,51,47,"1,170",429.0,501930.0
2021063004021340,AKPL,32,47,100,430.0,43000.0
2021063004021293,AKPL,29,44,8,430.0,3440.0
2021063004021292,AKPL,29,36,100,430.0,43000.0
2021063004021291,AKPL,29,25,20,430.0,8600.0
2021063004021468,API,7,39,460,375.0,172500.0
2021063004021457,API,29,32,157,374.0,58718.0
2021063004021456,API,17,32,100,374.0,37400.0
2021063004021318,API,58,39,250,375.0,93750.0
2021063004021138,API,40,39,77,375.0,28875.0
2021063004021137,API,40,59,815,375.0,305625.0
2021063004021136,API,40,35,108,374.0,40392.0
2021063004021065,API,51,35,42,374.0,15708.0
2021063004021068,BARUN,35,32,500,545.0,272500.0
2021063004021397,BBC,36,33,50,5400.0,270000.0
2021063004021396,BBC,36,54,15,5400.0,81000.0
2021063004021395,BBC,36,42,10,5400.0,54000.0
2021063004021449,BPCL,21,57,70,499.0,34930.0
2021063004021414,BPCL,21,1,40,498.0,19920.0
2021063004021413,BPCL,21,13,156,498.0,77688.0
2021063004020992,BPCL,58,32,20,499.0,9980.0
2021063004021152,BPCL,58,49,200,498.0,99600.0
2021063004021246,BPCL,46,13,100,498.0,49800.0
2021063004021239,BPCL,42,13,20,498.0,9960.0
2021063004021238,BPCL,57,13,200,498.0,99600.0
2021063004021237,BPCL,35,13,150,498.0,74700.0
2021063004021236,BPCL,42,13,50,498.0,24900.0
2021063004021235,BPCL,58,13,154,498.0,76692.0
2021063004021405,BPCL,42,13,20,498.0,9960.0
2021063004021401,BPCL,42,13,50,498.0,24900.0
2021063004021307,BPCL,13,13,70,498.0,34860.0
2021063004021290,BPCL,47,13,30,498.0,14940.0
2021063004021320,CGH,21,46,10,1535.0,15350.0
2021063004021297,CGH,54,34,10,1535.0,15350.0
2021063004021400,CHCL,29,36,50,658.0,32900.0
2021063004021383,CHCL,35,36,25,658.0,16450.0
2021063004021311,CHCL,49,41,30,657.0,19710.0
2021063004021128,CHCL,49,19,50,657.0,32850.0
2021063004021127,CHCL,33,19,200,657.0,131400.0
2021063004021126,CHCL,17,19,100,658.0,65800.0
2021063004021006,DHPL,48,56,300,254.0,76200.0
2021063004021277,EIC,55,22,40,755.0,30200.0
2021063004021276,EIC,55,55,200,754.0,150800.0
2021063004021275,EIC,55,45,20,753.0,15060.0
2021063004021462,GHL,17,57,10,302.0,3020.0
2021063004021433,GHL,17,26,50,297.0,14850.0
2021063004021432,GHL,17,57,10,297.0,2970.0
2021063004021250,GHL,57,26,90,292.0,26280.0
2021063004021232,GHL,17,26,10,292.0,2920.0
2021063004021011,GHL,17,51,10,287.0,2870.0
2021063004021444,GIC,39,6,100,682.0,68200.0
2021063004021443,GIC,39,26,90,682.0,61380.0
2021063004021442,GIC,39,32,10,682.0,6820.0
2021063004021441,GIC,39,32,10,682.0,6820.0
2021063004021440,GIC,39,56,10,682.0,6820.0
2021063004021439,GIC,39,29,10,682.0,6820.0
2021063004021183,GIC,45,47,10,681.0,6810.0
2021063004021301,GIC,39,22,10,681.0,6810.0
2021063004021300,GIC,39,17,10,681.0,6810.0
2021063004021299,GIC,39,47,110,681.0,74910.0
2021063004021195,GIC,6,49,42,680.0,28560.0
2021063004021194,GIC,54,49,58,680.0,39440.0
2021063004021472,GLH,14,48,100,358.0,35800.0
2021063004021393,GLH,16,34,10,357.0,3570.0
2021063004021368,GLH,13,48,100,358.0,35800.0
2021063004021012,GLH,16,28,10,357.0,3570.0
2021063004020993,GLH,16,47,10,357.0,3570.0
2021063004021471,HDHPC,42,6,80,267.0,21360.0
2021063004021460,HDHPC,57,1,500,268.0,134000.0
2021063004021423,HDHPC,5,42,50,267.0,13350.0
2021063004021422,HDHPC,36,42,50,267.0,13350.0
2021063004021350,HDHPC,14,1,30,268.0,8040.0
2021063004021315,HDHPC,36,39,50,267.0,13350.0
2021063004021111,HDHPC,52,42,900,266.0,239400.0
2021063004021110,HDHPC,6,42,500,266.0,133000.0
2021063004021109,HDHPC,57,42,50,266.0,13300.0
2021063004021084,HDHPC,58,48,164,267.0,43788.0
2021063004021083,HDHPC,58,57,336,267.0,89712.0
2021063004021191,HDHPC,58,58,15,267.0,4005.0
2021063004021151,HDHPC,37,1,684,268.0,183312.0
2021063004021150,HDHPC,37,34,180,268.0,48240.0
2021063004021149,HDHPC,37,39,50,267.0,13350.0
2021063004021148,HDHPC,37,48,86,267.0,22962.0
2021063004021112,HDHPC,46,42,20,266.0,5320.0
2021063004021064,HGI,41,48,110,774.0,85140.0
2021063004020982,HGI,38,38,100,772.0,77200.0
2021063004020981,HGI,38,38,100,771.0,77100.0
2021063004021289,HPPL,58,42,49,407.0,19943.0
2021063004021288,HPPL,34,42,386,407.0,157102.0
2021063004021287,HPPL,35,42,20,408.0,8160.0
2021063004021286,HPPL,42,42,500,408.0,204000.0
2021063004021285,HPPL,21,42,656,410.0,268960.0
2021063004021284,HPPL,3,42,389,411.0,159879.0
2021063004021061,HPPL,42,44,128,412.0,52736.0
2021063004021060,HPPL,42,38,30,412.0,12360.0
2021063004021380,HURJA,45,57,10,340.0,3400.0
2021063004021475,IGI,45,34,820,1187.0,973340.0
2021063004021474,IGI,45,51,200,1186.0,237200.0
2021063004021451,IGI,41,51,100,1186.0,118600.0
2021063004021073,IGI,47,5,20,1185.0,23700.0
2021063004021072,IGI,22,5,10,1185.0,11850.0
2021063004021071,IGI,35,5,25,1185.0,29625.0
2021063004021056,IGI,21,7,75,1186.0,88950.0
2021063004021139,IGI,21,7,25,1186.0,29650.0
2021063004021074,IGI,22,5,20,1185.0,23700.0
2021063004021431,JOSHI,45,49,75,271.0,20325.0
2021063004021430,JOSHI,45,32,100,271.0,27100.0
2021063004021429,JOSHI,45,58,55,271.0,14905.0
2021063004021220,JOSHI,45,6,50,270.0,13500.0
2021063004021219,JOSHI,45,40,50,270.0,13500.0
2021063004021218,JOSHI,45,13,20,270.0,5400.0
2021063004021217,JOSHI,45,13,20,270.0,5400.0
2021063004021216,JOSHI,45,34,130,270.0,35100.0
2021063004021135,JOSHI,52,44,758,269.0,203902.0
2021063004021059,JOSHI,13,44,120,269.0,32280.0
2021063004021058,JOSHI,13,49,20,269.0,5380.0
2021063004021057,JOSHI,13,53,30,269.0,8070.0
2021063004021448,KPCL,5,57,10,433.0,4330.0
2021063004021424,KPCL,46,25,400,430.0,172000.0
2021063004021465,LEC,5,58,20,333.0,6660.0
2021063004021455,LEC,5,44,130,333.0,43290.0
2021063004021454,LEC,48,44,160,333.0,53280.0
2021063004021453,LEC,4,44,810,333.0,269730.0
2021063004021452,LEC,35,44,30,334.0,10020.0
2021063004021426,LGIL,34,57,100,785.0,78500.0
2021063004021369,LGIL,16,57,105,780.0,81900.0
2021063004021251,LGIL,29,57,200,777.0,155400.0
2021063004021215,LGIL,26,57,205,780.0,159900.0
2021063004021296,MHNL,54,38,40,311.0,12440.0
2021063004021163,NEF,58,43,200,14.2,2840.0
2021063004021437,NGPL,52,22,150,474.0,71100.0
2021063004021309,NGPL,32,57,10,475.0,4750.0
2021063004021303,NGPL,7,8,125,480.0,60000.0
2021063004020980,NGPL,45,57,14,473.0,6622.0
2021063004020979,NGPL,45,58,400,473.0,189200.0
2021063004020978,NGPL,45,56,45,473.0,21285.0
2021063004020977,NGPL,45,35,200,473.0,94600.0
2021063004020976,NGPL,45,25,200,473.0,94600.0
2021063004021416,NHPC,42,56,66,332.0,21912.0
2021063004021415,NHPC,42,55,579,332.0,192228.0
2021063004021298,NHPC,41,55,10,332.0,3320.0
2021063004021272,NHPC,58,55,"1,300",332.0,431600.0
2021063004021271,NHPC,58,8,"1,000",332.0,332000.0
2021063004021253,NHPC,51,55,350,332.0,116200.0
2021063004020996,NHPC,58,54,75,329.0,24675.0
2021063004021017,NHPC,49,38,310,329.0,101990.0
2021063004021016,NHPC,49,21,700,329.0,230300.0
2021063004021015,NHPC,49,3,500,329.0,164500.0
2021063004021014,NHPC,49,17,25,329.0,8225.0
2021063004021013,NHPC,49,38,976,329.0,321104.0
2021063004020997,NHPC,58,38,24,329.0,7896.0
2021063004021023,NHPC,49,55,"2,000",329.0,658000.0
2021063004021022,NHPC,49,42,120,329.0,39480.0
2021063004021021,NHPC,49,28,"1,000",329.0,329000.0
2021063004021020,NHPC,49,17,500,329.0,164500.0
2021063004021019,NHPC,49,57,10,329.0,3290.0
2021063004021018,NHPC,49,20,"10,000",329.0,3290000.0
2021063004021029,NHPC,49,35,50,330.0,16500.0
2021063004021028,NHPC,49,52,50,330.0,16500.0
