Transact. No.,Symbol,Buyer,Seller,Quantity,Rate,Amount
2021070504016458,AHPC,34,4,40,437.0,17480.0
2021070504016624,AHPC,6,13,170,438.0,74460.0
2021070504016499,AHPC,21,45,283,436.0,123388.0
2021070504016498,AHPC,45,45,52,437.0,22724.0
2021070504016497,AHPC,45,45,200,437.0,87400.0
2021070504016496,AHPC,45,45,10,437.0,4370.0
2021070504016495,AHPC,34,45,55,437.0,24035.0
2021070504016692,AHPC,35,38,465,438.0,203670.0
2021070504016685,AHPC,35,26,35,437.0,15295.0
2021070504016669,AHPC,38,26,200,437.0,87400.0
2021070504016625,AHPC,6,57,30,439.0,13170.0
2021070504016768,AIL,48,29,100,805.0,80500.0
2021070504016656,AIL,48,5,667,805.0,536935.0
2021070504016655,AIL,58,5,390,805.0,313950.0
2021070504016654,AIL,49,5,20,806.0,16120.0
2021070504016653,AIL,57,5,50,806.0,40300.0
2021070504016652,AIL,22,5,100,806.0,80600.0
2021070504016651,AIL,58,5,20,806.0,16120.0
2021070504016650,AIL,46,5,50,807.0,40350.0
2021070504016649,AIL,45,5,200,807.0,161400.0
2021070504016731,AKJCL,22,55,10,261.0,2610.0
2021070504016730,AKJCL,36,55,10,261.0,2610.0
2021070504016832,AKPL,50,41,25,422.0,10550.0
2021070504016831,AKPL,50,39,224,422.0,94528.0
2021070504016776,AKPL,50,39,100,422.0,42200.0
2021070504016773,AKPL,45,39,50,422.0,21100.0
2021070504016722,AKPL,34,39,100,422.0,42200.0
2021070504016591,AKPL,57,39,50,422.0,21100.0
2021070504016516,AKPL,49,55,86,421.0,36206.0
2021070504016515,AKPL,35,55,164,421.0,69044.0
2021070504016429,AKPL,57,39,150,422.0,63300.0
2021070504016821,API,43,44,100,369.0,36900.0
2021070504016789,API,57,3,15,368.0,5520.0
2021070504016775,API,36,44,50,369.0,18450.0
2021070504016774,API,56,44,30,369.0,11070.0
2021070504016767,API,57,45,334,370.0,123580.0
2021070504016766,API,57,48,248,370.0,91760.0
2021070504016469,API,45,34,50,368.0,18400.0
2021070504016441,API,58,34,38,368.0,13984.0
2021070504016421,API,42,34,50,368.0,18400.0
2021070504016417,API,36,34,100,368.0,36800.0
2021070504016407,API,22,34,200,368.0,73600.0
2021070504016672,API,56,45,160,369.0,59040.0
2021070504016644,API,33,45,500,369.0,184500.0
2021070504016576,API,58,45,100,369.0,36900.0
2021070504016511,API,57,7,240,368.0,88320.0
2021070504016510,API,57,34,522,368.0,192096.0
2021070504016472,API,45,34,100,368.0,36800.0
2021070504016765,API,57,22,48,370.0,17760.0
2021070504016764,API,57,16,"1,000",370.0,370000.0
2021070504016763,API,57,7,370,370.0,136900.0
2021070504016762,API,57,40,500,370.0,185000.0
2021070504016761,API,57,36,200,370.0,74000.0
2021070504016760,API,57,45,300,370.0,111000.0
2021070504016812,BARUN,25,40,12,516.0,6192.0
2021070504016772,BARUN,25,29,480,511.0,245280.0
2021070504016771,BARUN,52,29,20,513.0,10260.0
2021070504016620,BARUN,25,26,450,516.0,232200.0
2021070504016533,BARUN,25,22,500,515.0,257500.0
2021070504016532,BARUN,25,40,50,512.0,25600.0
2021070504016428,BARUN,25,45,138,513.0,70794.0
2021070504016502,BBC,19,20,5,5879.0,29395.0
2021070504016353,BBC,45,17,30,5879.0,176370.0
2021070504016802,BPCL,48,52,200,506.0,101200.0
2021070504016751,BPCL,51,22,15,505.0,7575.0
2021070504016690,BPCL,45,52,100,506.0,50600.0
2021070504016659,BPCL,1,52,450,504.0,226800.0
2021070504016471,BPCL,39,50,243,505.0,122715.0
2021070504016436,BPCL,21,42,180,505.0,90900.0
2021070504016435,BPCL,21,34,63,505.0,31815.0
2021070504016487,BPCL,47,52,50,504.0,25200.0
2021070504016486,BPCL,58,52,80,504.0,40320.0
2021070504016485,BPCL,40,52,100,504.0,50400.0
2021070504016484,BPCL,10,52,100,504.0,50400.0
2021070504016483,BPCL,17,52,670,504.0,337680.0
2021070504016658,BPCL,52,52,50,504.0,25200.0
2021070504016563,BPCL,52,52,450,504.0,226800.0
2021070504016562,BPCL,47,52,50,504.0,25200.0
2021070504016550,BPCL,39,50,207,505.0,104535.0
2021070504016437,CHCL,58,53,15,653.0,9795.0
2021070504016786,CHL,38,35,250,457.0,114250.0
2021070504016779,CHL,38,48,160,457.0,73120.0
2021070504016778,CHL,3,48,40,458.0,18320.0
2021070504016674,CHL,38,32,10,459.0,4590.0
2021070504016673,CHL,38,14,500,458.0,229000.0
2021070504016662,CHL,38,34,105,457.0,47985.0
2021070504016489,CHL,14,34,10,455.0,4550.0
2021070504016470,CHL,34,54,12,455.0,5460.0
2021070504016387,CHL,34,41,10,455.0,4550.0
2021070504016536,CHL,38,16,300,456.0,136800.0
2021070504016535,CHL,38,58,70,456.0,31920.0
2021070504016534,CHL,38,58,"2,000",456.0,912000.0
2021070504016529,CHL,3,13,160,455.0,72800.0
2021070504016528,CHL,43,13,50,455.0,22750.0
2021070504016527,CHL,14,13,40,455.0,18200.0
2021070504016587,CHL,38,16,13,457.0,5941.0
2021070504016556,CHL,38,14,500,457.0,228500.0
2021070504016544,CHL,38,28,150,457.0,68550.0
2021070504016539,CHL,38,22,10,457.0,4570.0
2021070504016538,CHL,38,32,100,457.0,45700.0
2021070504016537,CHL,38,19,135,456.0,61560.0
2021070504016462,CMF1,57,25,"1,400",12.43,17402.0
2021070504016678,DHPL,42,40,100,258.0,25800.0
2021070504016454,DHPL,42,6,50,258.0,12900.0
2021070504016827,EIC,45,47,750,742.0,556500.0
2021070504016618,EIC,13,28,11,740.0,8140.0
2021070504016380,EIC,13,20,680,740.0,503200.0
2021070504016379,EIC,34,20,60,740.0,44400.0
2021070504016378,EIC,58,20,100,740.0,74000.0
2021070504016377,EIC,55,20,100,742.0,74200.0
2021070504016376,EIC,45,20,200,742.0,148400.0
2021070504016375,EIC,7,20,10,742.0,7420.0
2021070504016374,EIC,25,20,459,742.0,340578.0
2021070504016373,EIC,44,20,500,742.0,371000.0
2021070504016359,EIC,34,56,76,742.0,56392.0
2021070504016358,EIC,7,56,10,743.0,7430.0
2021070504016561,GHL,35,56,10,275.0,2750.0
2021070504016560,GHL,22,56,10,275.0,2750.0
2021070504016546,GHL,49,16,30,275.0,8250.0
2021070504016545,GHL,46,16,10,275.0,2750.0
2021070504016808,GIC,39,6,100,687.0,68700.0
2021070504016807,GIC,7,6,10,687.0,6870.0
2021070504016806,GIC,29,6,180,687.0,123660.0
2021070504016588,GIC,58,6,20,688.0,13760.0
2021070504016493,GIMES1,22,44,"5,000",19.12,95600.0
2021070504016492,GIMES1,33,44,"1,000",19.12,19120.0
2021070504016491,GIMES1,51,44,"9,750",19.12,186420.0
2021070504016728,GLH,33,32,80,353.0,28240.0
2021070504016727,GLH,33,32,200,353.0,70600.0
2021070504016726,GLH,50,32,20,353.0,7060.0
2021070504016573,GLH,50,22,10,358.0,3580.0
2021070504016572,GLH,50,45,10,358.0,3580.0
2021070504016571,GLH,50,52,10,358.0,3580.0
2021070504016431,GLH,57,26,10,356.0,3560.0
2021070504016430,GLH,57,41,10,356.0,3560.0
2021070504016570,GLH,50,8,10,357.0,3570.0
2021070504016569,GLH,50,58,10,357.0,3570.0
2021070504016568,GLH,50,42,10,357.0,3570.0
2021070504016567,GLH,50,58,40,355.0,14200.0
2021070504016547,GLH,21,58,20,355.0,7100.0
2021070504016432,GLH,57,50,10,356.0,3560.0
2021070504016737,HDHPC,1,50,50,266.0,13300.0
2021070504016706,HDHPC,49,50,38,266.0,10108.0
2021070504016648,HDHPC,10,44,74,265.0,19610.0
2021070504016643,HDHPC,10,21,575,265.0,152375.0
2021070504016621,HDHPC,47,50,200,266.0,53200.0
2021070504016503,HDHPC,10,6,20,265.0,5300.0
2021070504016501,HDHPC,45,50,466,266.0,123956.0
2021070504016490,HDHPC,32,50,10,266.0,2660.0
2021070504016824,IGI,4,34,10,1193.0,11930.0
2021070504016823,IGI,51,34,100,1193.0,119300.0
2021070504016523,IGI,19,8,20,1194.0,23880.0
2021070504016716,IGI,28,56,10,1194.0,11940.0
2021070504016473,KEF,8,45,100,10.1,1010.0
2021070504016783,KKHC,32,59,16,257.0,4112.0
2021070504016623,KKHC,43,49,110,256.0,28160.0
2021070504016622,KKHC,28,49,90,256.0,23040.0
2021070505000014,KLBSL,52,28,50,1590.0,79500.0
2021070505000013,KLBSL,52,36,90,1590.0,143100.0
2021070505000012,KLBSL,17,17,2,1600.0,3200.0
2021070505000011,KLBSL,21,36,100,1590.0,159000.0
2021070505000010,KLBSL,14,36,100,1590.0,159000.0
2021070505000009,KLBSL,48,25,10,1590.0,15900.0
2021070505000002,KLBSL,22,16,54,1600.0,86400.0
2021070505000001,KLBSL,58,36,10,1620.0,16200.0
2021070505000008,KLBSL,48,25,10,1590.0,15900.0
2021070505000007,KLBSL,42,25,200,1593.0,318600.0
2021070505000006,KLBSL,57,25,100,1594.0,159400.0
2021070505000005,KLBSL,51,25,70,1595.0,111650.0
2021070505000004,KLBSL,49,25,60,1596.0,95760.0
2021070505000003,KLBSL,22,25,46,1600.0,73600.0
2021070504016381,KPCL,45,39,100,425.0,42500.0
2021070504016357,KPCL,36,21,100,426.0,42600.0
2021070504016575,KPCL,45,41,220,425.0,93500.0
2021070504016782,LEC,42,58,20,343.0,6860.0
2021070504016732,LEC,13,40,10,345.0,3450.0
2021070504016671,LEC,58,40,90,345.0,31050.0
2021070504016566,LEC,42,57,80,343.0,27440.0
2021070504016551,LEC,58,57,20,343.0,6860.0
2021070504016509,LEC,58,42,10,343.0,3430.0
2021070504016468,LEC,58,35,20,343.0,6860.0
2021070504016467,LEC,58,48,200,343.0,68600.0
2021070504016466,LEC,58,45,21,342.0,7182.0
2021070504016402,LEC,34,45,50,342.0,17100.0
2021070504016699,LGIL,10,21,500,774.0,387000.0
2021070504016416,LGIL,44,48,445,772.0,343540.0
2021070504016415,LGIL,49,48,500,772.0,386000.0
2021070504016414,LGIL,49,48,400,772.0,308800.0
2021070504016413,LGIL,10,48,500,773.0,386500.0
2021070504016540,MHNL,5,44,160,313.0,50080.0
2021070504016701,NEF,51,7,"9,900",14.2,140580.0
2021070504016418,NGPL,58,39,10,455.0,4550.0
2021070504016799,NHPC,34,29,100,305.0,30500.0
2021070504016790,NHPC,55,29,400,305.0,122000.0
2021070504016739,NHPC,58,29,500,305.0,152500.0
2021070504016729,NHPC,50,29,100,305.0,30500.0
2021070504016719,NHPC,33,29,500,305.0,152500.0
2021070504016714,NHPC,58,29,10,305.0,3050.0
2021070504016464,NHPC,58,38,"1,000",305.0,305000.0
2021070504016382,NHPC,48,38,200,306.0,61200.0
2021070504016542,NHPC,58,38,500,306.0,153000.0
2021070504016541,NHPC,35,38,"1,000",306.0,306000.0
2021070504016500,NHPC,58,38,60,305.0,18300.0
2021070504016477,NHPC,58,33,150,305.0,45750.0
2021070504016475,NHPC,34,38,500,306.0,153000.0
2021070504016474,NHPC,48,38,50,306.0,15300.0
2021070504016595,NHPC,58,29,"1,500",305.0,457500.0
2021070504016594,NHPC,58,29,400,305.0,122000.0
2021070504016586,NHPC,58,38,"1,000",305.0,305000.0
2021070504016582,NHPC,58,21,100,305.0,30500.0
2021070504016581,NHPC,58,21,100,305.0,30500.0
2021070504016553,NHPC,58,21,190,305.0,57950.0
2021070504016601,NHPC,33,29,40,305.0,12200.0
2021070504016600,NHPC,21,29,200,305.0,61000.0
2021070504016599,NHPC,25,29,100,305.0,30500.0
2021070504016598,NHPC,38,29,300,305.0,91500.0
2021070504016597,NHPC,19,29,50,305.0,15250.0
2021070504016596,NHPC,58,29,"1,500",305.0,457500.0
2021070504016607,NHPC,33,29,100,305.0,30500.0
2021070504016606,NHPC,52,29,50,305.0,15250.0
2021070504016605,NHPC,57,29,50,305.0,15250.0
2021070504016604,NHPC,47,29,200,305.0,61000.0
2021070504016603,NHPC,44,29,500,305.0,152500.0
2021070504016602,NHPC,39,29,25,305.0,7625.0
2021070504016613,NHPC,14,29,10,305.0,3050.0
2021070504016612,NHPC,21,29,50,305.0,15250.0
2021070504016611,NHPC,51,29,200,305.0,61000.0
2021070504016610,NHPC,45,29,500,305.0,152500.0
2021070504016609,NHPC,55,29,40,305.0,12200.0
2021070504016608,NHPC,38,29,26,305.0,7930.0
2021070504016632,NHPC,53,20,100,304.0,30400.0
2021070504016631,NHPC,55,20,100,304.0,30400.0
2021070504016630,NHPC,13,20,10,304.0,3040.0
2021070504016616,NHPC,21,29,50,305.0,15250.0
2021070504016615,NHPC,10,29,200,305.0,61000.0
2021070504016614,NHPC,45,29,500,305.0,152500.0
2021070504016689,NHPC,58,29,400,304.0,121600.0
2021070504016688,NHPC,54,29,80,304.0,24320.0
2021070504016687,NHPC,41,29,300,304.0,91200.0
2021070504016686,NHPC,45,29,220,304.0,66880.0
2021070504016634,NHPC,45,20,780,304.0,237120.0
2021070504016633,NHPC,58,20,10,304.0,3040.0
2021070504016710,NHPC,14,3,51,304.0,15504.0
2021070504016709,NHPC,43,3,25,304.0,7600.0
2021070504016708,NHPC,35,3,50,304.0,15200.0
2021070504016707,NHPC,58,3,100,304.0,30400.0
2021070504016705,NHPC,45,29,500,305.0,152500.0
2021070504016703,NHPC,43,29,50,305.0,15250.0
2021070504016700,NIBSF1,52,34,"2,000",14.32,28640.0
2021070504016422,NICBF,59,47,100,13.62,1362.0
2021070504016826,NICL,26,45,130,1078.0,140140.0
2021070504016825,NICL,50,45,50,1079.0,53950.0
2021070504016769,NICL,26,49,63,1078.0,67914.0
2021070504016759,NICL,26,32,70,1078.0,75460.0
2021070504016758,NICL,26,20,481,1078.0,518518.0
2021070504016725,NICL,19,20,25,1078.0,26950.0
2021070504016395,NICL,35,38,54,1080.0,58320.0
2021070504016394,NICL,21,38,50,1080.0,54000.0
2021070504016393,NICL,49,38,200,1080.0,216000.0
2021070504016392,NICL,10,38,400,1080.0,432000.0
2021070504016391,NICL,32,38,322,1080.0,347760.0
2021070504016401,NICL,42,38,460,1080.0,496800.0
2021070504016400,NICL,58,38,27,1080.0,29160.0
2021070504016399,NICL,47,38,20,1080.0,21600.0
2021070504016398,NICL,41,38,30,1080.0,32400.0
2021070504016397,NICL,10,38,50,1080.0,54000.0
2021070504016396,NICL,4,38,50,1080.0,54000.0
2021070504016451,NICL,21,44,79,1078.0,85162.0
2021070504016450,NICL,49,44,50,1079.0,53950.0
2021070504016449,NICL,21,44,100,1079.0,107900.0
2021070504016448,NICL,10,44,500,1079.0,539500.0
2021070504016424,NICL,28,38,50,1080.0,54000.0
2021070504016408,NICL,38,38,10,1080.0,10800.0
2021070504016585,NICL,38,20,70,1078.0,75460.0
2021070504016584,NICL,41,20,50,1078.0,53900.0
2021070504016574,NICL,51,20,20,1078.0,21560.0
2021070504016521,NICL,48,20,329,1078.0,354662.0
2021070504016453,NICL,48,44,171,1078.0,184338.0
2021070504016452,NICL,48,44,100,1078.0,107800.0
2021070504016681,NICL,7,40,175,1077.0,188475.0
2021070504016680,NICL,50,40,10,1077.0,10770.0
2021070504016679,NICL,38,40,100,1077.0,107700.0
2021070504016661,NICL,50,45,50,1077.0,53850.0
2021070504016657,NICL,4,20,100,1078.0,107800.0
2021070504016636,NICL,29,20,45,1078.0,48510.0
2021070504016721,NICL,57,20,300,1078.0,323400.0
2021070504016720,NICL,5,20,50,1078.0,53900.0
2021070504016713,NICL,41,20,300,1078.0,323400.0
2021070504016712,NICL,7,42,50,1077.0,53850.0
2021070504016691,NICL,14,20,50,1078.0,53900.0
2021070504016684,NICL,38,20,10,1078.0,10780.0
2021070504016752,NIL,21,42,10,1354.0,13540.0
2021070504016744,NIL,1,42,50,1354.0,67700.0
2021070504016743,NIL,38,42,250,1354.0,338500.0
2021070504016552,NIL,38,42,10,1354.0,13540.0
2021070504016520,NIL,44,42,200,1354.0,270800.0
2021070504016461,NIL,14,45,80,1353.0,108240.0
2021070504016460,NIL,22,45,100,1353.0,135300.0
2021070504016459,NIL,5,45,20,1353.0,27060.0
2021070504016455,NIL,55,42,100,1354.0,135400.0
2021070504016409,NIL,38,42,100,1354.0,135400.0
2021070504016388,NIL,57,42,20,1354.0,27080.0
2021070504016683,NLG,39,44,50,1269.0,63450.0
2021070504016670,NLG,58,44,50,1269.0,63450.0
2021070504016507,NLG,7,44,50,1269.0,63450.0
2021070504016590,NLG,47,57,31,1262.0,39122.0
2021070504016589,NLG,56,57,20,1265.0,25300.0
2021070504016819,OHL,59,48,50,707.0,35350.0
2021070504016801,OHL,4,6,69,710.0,48990.0
2021070504016800,OHL,4,21,231,710.0,164010.0
2021070504016798,OHL,34,38,10,710.0,7100.0
2021070504016797,OHL,38,38,10,710.0,7100.0
2021070504016750,OHL,33,38,10,710.0,7100.0
2021070504016583,OHL,59,35,36,707.0,25452.0
2021070504016580,OHL,46,45,85,709.0,60265.0
2021070504016426,OHL,6,45,11,709.0,7799.0
2021070504016385,OHL,1,35,300,707.0,212100.0
2021070504016384,OHL,33,35,50,708.0,35400.0
2021070504016711,PIC,26,45,11,1199.0,13189.0
2021070504016522,PIC,16,3,55,1199.0,65945.0
2021070504016777,PICL,58,34,28,803.0,22484.0
2021070504016592,PICL,51,34,200,803.0,160600.0
2021070504016506,PICL,40,48,738,802.0,591876.0
2021070504016505,PICL,29,48,"2,000",802.0,1604000.0
2021070504016504,PICL,10,48,200,802.0,160400.0
2021070504016838,PMHPL,45,39,99,270.0,26730.0
2021070504016837,PMHPL,6,39,50,270.0,13500.0
2021070504016836,PMHPL,58,39,300,270.0,81000.0
2021070504016835,PMHPL,10,39,51,270.0,13770.0
2021070504016738,PMHPL,45,10,23,272.0,6256.0
2021070504016756,PPCL,25,8,10,338.0,3380.0
2021070504016785,RADHI,42,7,34,777.0,26418.0
2021070504016740,RADHI,53,7,40,778.0,31120.0
2021070504016736,RADHI,53,36,10,778.0,7780.0
2021070504016735,RADHI,53,38,100,778.0,77800.0
2021070504016734,RADHI,53,16,100,777.0,77700.0
2021070504016733,RADHI,53,8,100,777.0,77700.0
2021070504016525,RADHI,20,44,150,777.0,116550.0
2021070504016524,RADHI,20,57,50,777.0,38850.0
2021070504016514,RADHI,49,8,100,777.0,77700.0
2021070504016427,RADHI,13,8,158,777.0,122766.0
2021070504016412,RADHI,13,59,480,777.0,372960.0
2021070504016411,RADHI,32,59,20,777.0,15540.0
2021070504016833,RHPC,14,56,10,535.0,5350.0
2021070504016804,RHPC,7,56,"1,000",535.0,535000.0
2021070504016803,RHPC,7,51,"1,000",534.0,534000.0
2021070504016577,RHPC,56,47,185,532.0,98420.0
2021070504016410,RHPC,7,47,815,535.0,436025.0
2021070504016372,RHPC,7,47,10,535.0,5350.0
2021070504016365,RHPC,7,56,"1,000",533.0,533000.0
2021070504016364,RHPC,7,13,19,533.0,10127.0
2021070504016363,RHPC,7,57,50,532.0,26600.0
2021070504016362,RHPC,7,57,50,532.0,26600.0
2021070504016361,RHPC,7,32,819,531.0,434889.0
2021070504016360,RHPC,7,43,16,531.0,8496.0
2021070504016371,RHPC,7,39,31,535.0,16585.0
2021070504016370,RHPC,7,37,90,535.0,48150.0
2021070504016369,RHPC,7,53,100,535.0,53500.0
2021070504016368,RHPC,7,58,"1,000",534.0,534000.0
2021070504016367,RHPC,7,21,500,534.0,267000.0
2021070504016366,RHPC,7,43,500,533.0,266500.0
2021070504016420,RHPL,20,57,140,439.0,61460.0
2021070504016419,RHPL,58,57,60,440.0,26400.0
2021070504016629,RRHP,36,17,10,368.0,3680.0
2021070504016628,RRHP,36,49,100,365.0,36500.0
2021070504016627,RRHP,36,11,20,365.0,7300.0
2021070504016626,RRHP,36,58,50,364.0,18200.0
2021070504016526,RRHP,57,46,10,363.0,3630.0
2021070504016480,RRHP,10,58,50,364.0,18200.0
2021070504016565,SGI,34,58,20,712.0,14240.0
2021070504016564,SGI,17,58,40,712.0,28480.0
2021070504016555,SGI,17,28,10,712.0,7120.0
2021070504016660,SHL,57,36,100,271.0,27100.0
2021070504016617,SHL,59,36,285,271.0,77235.0
2021070504016557,SHL,41,43,150,270.0,40500.0
2021070504016788,SHPC,41,42,11,476.0,5236.0
2021070504016389,SHPC,8,55,30,476.0,14280.0
2021070504016390,SHPC,36,55,100,476.0,47600.0
2021070504016513,SHPC,32,42,89,476.0,42364.0
2021070504016512,SHPC,32,55,111,476.0,52836.0
2021070504016747,SIC,55,34,40,1340.0,53600.0
2021070504016746,SIC,55,57,50,1340.0,67000.0
2021070504016745,SIC,55,59,10,1340.0,13400.0
2021070504016682,SIC,38,1,20,1331.0,26620.0
2021070504016425,SIC,38,26,70,1331.0,93170.0
2021070504016828,SICL,51,58,30,1960.0,58800.0
2021070504016818,SICL,44,29,80,1945.0,155600.0
2021070504016817,SICL,44,29,50,1945.0,97250.0
2021070504016816,SICL,42,29,50,1945.0,97250.0
2021070504016815,SICL,22,29,50,1945.0,97250.0
2021070504016814,SICL,35,29,200,1946.0,389200.0
2021070504016637,SICL,22,57,15,1956.0,29340.0
2021070504016693,SICL,36,1,30,1949.0,58470.0
2021070504016642,SICL,7,57,30,1950.0,58500.0
2021070504016641,SICL,14,57,20,1950.0,39000.0
2021070504016640,SICL,33,57,10,1950.0,19500.0
2021070504016639,SICL,26,57,58,1950.0,113100.0
2021070504016638,SICL,21,57,30,1950.0,58500.0
2021070504016813,SICL,56,29,70,1946.0,136220.0
2021070504016724,SICL,58,57,17,1950.0,33150.0
2021070504016697,SICL,56,1,30,1946.0,58380.0
2021070504016696,SICL,41,1,20,1947.0,38940.0
2021070504016695,SICL,44,1,50,1948.0,97400.0
2021070504016694,SICL,51,1,20,1948.0,38960.0
2021070504016796,SIL,49,41,30,1040.0,31200.0
2021070504016795,SIL,19,41,10,1040.0,10400.0
2021070504016794,SIL,19,41,20,1040.0,20800.0
2021070504016793,SIL,45,41,50,1040.0,52000.0
2021070504016792,SIL,41,41,20,1040.0,20800.0
2021070504016791,SIL,45,41,50,1040.0,52000.0
2021070504016647,SIL,5,6,44,1040.0,45760.0
2021070504016479,SIL,5,35,56,1040.0,58240.0
2021070504016478,SIL,17,35,44,1040.0,45760.0
2021070504016488,SJCL,45,44,100,416.0,41600.0
2021070504016447,SJCL,50,57,40,414.0,16560.0
2021070504016446,SJCL,44,57,100,414.0,41400.0
2021070504016445,SJCL,1,57,100,414.0,41400.0
2021070504016444,SJCL,14,57,100,414.0,41400.0
2021070504016443,SJCL,6,57,150,414.0,62100.0
2021070504016442,SJCL,26,57,10,415.0,4150.0
2021070504016834,SPDL,32,42,250,399.0,99750.0
2021070504016809,SPDL,32,42,236,399.0,94164.0
2021070504016781,SPDL,26,42,100,399.0,39900.0
2021070504016702,SPDL,32,42,164,399.0,65436.0
2021070504016619,SPDL,32,8,300,399.0,119700.0
2021070504016593,SPDL,32,38,36,399.0,14364.0
2021070504016543,SPDL,58,38,14,399.0,5586.0
2021070504016742,SSHL,45,29,90,310.0,27900.0
2021070504016741,SSHL,45,29,10,313.0,3130.0
2021070504016667,SSHL,6,58,10,313.0,3130.0
2021070504016666,SSHL,6,16,100,313.0,31300.0
2021070504016811,STC,56,50,10,9999.0,99990.0
2021070504016757,STC,33,36,10,9931.0,99310.0
2021070504016554,STC,38,50,10,9999.0,99990.0
2021070504016508,STC,8,33,10,9990.0,99900.0
2021070504016434,STC,45,50,40,9999.0,399960.0
2021070504016433,STC,45,26,10,9998.0,99980.0
2021070504016822,TRH,57,42,560,410.0,229600.0
2021070504016805,TRH,57,42,150,410.0,61500.0
2021070504016704,TRH,57,57,30,410.0,12300.0
2021070504016676,TRH,57,51,20,410.0,8200.0
2021070504016675,TRH,57,51,80,410.0,32800.0
2021070504016530,TRH,57,59,100,412.0,41200.0
2021070504016646,UIC,34,34,500,713.0,356500.0
2021070504016517,UIC,13,34,50,713.0,35650.0
2021070504016820,UMHL,48,13,10,345.0,3450.0
2021070504016780,UMHL,45,44,50,344.0,17200.0
2021070504016665,UMHL,55,21,70,343.0,24010.0
2021070504016664,UMHL,29,21,850,343.0,291550.0
2021070504016663,UMHL,53,21,75,344.0,25800.0
2021070504016481,UMHL,49,56,50,343.0,17150.0
2021070504016476,UMHL,21,36,20,344.0,6880.0
2021070504016465,UMHL,38,36,200,344.0,68800.0
2021070504016457,UMHL,39,36,50,344.0,17200.0
2021070504016440,UMHL,46,36,40,344.0,13760.0
2021070504016635,UMHL,53,58,125,344.0,43000.0
2021070504016579,UMHL,20,58,10,344.0,3440.0
2021070504016578,UMHL,20,36,90,344.0,30960.0
2021070504016482,UMHL,29,56,150,343.0,51450.0
2021070504016784,UNHPL,54,38,10,338.0,3380.0
2021070504016718,UNHPL,40,44,69,338.0,23322.0
2021070504016717,UNHPL,38,44,431,338.0,145678.0
2021070504016559,UNHPL,38,59,69,338.0,23322.0
2021070504016463,UNHPL,6,59,11,338.0,3718.0
2021070504016406,UNHPL,6,49,39,338.0,13182.0
2021070504016405,UNHPL,52,49,200,338.0,67600.0
2021070504016404,UNHPL,33,49,11,338.0,3718.0
2021070504016403,UNHPL,39,49,50,339.0,16950.0
2021070504016356,UNHPL,33,11,39,338.0,13182.0
2021070504016355,UNHPL,45,11,500,338.0,169000.0
2021070504016354,UNHPL,45,11,420,338.0,141960.0
2021070504016755,UPCL,45,3,60,287.0,17220.0
2021070504016754,UPCL,6,3,100,287.0,28700.0
2021070504016753,UPCL,56,3,90,287.0,25830.0
2021070504016749,UPCL,42,41,195,288.0,56160.0
2021070504016748,UPCL,42,38,700,288.0,201600.0
2021070504016715,UPCL,56,56,10,287.0,2870.0
2021070504016456,UPCL,44,56,50,287.0,14350.0
2021070504016386,UPCL,44,1,90,287.0,25830.0
2021070504016830,UPPER,11,47,500,754.0,377000.0
2021070504016829,UPPER,19,47,10,754.0,7540.0
2021070504016810,UPPER,5,47,10,754.0,7540.0
2021070504016787,UPPER,33,47,100,754.0,75400.0
2021070504016423,UPPER,58,39,200,753.0,150600.0
2021070504016383,UPPER,32,47,140,754.0,105560.0
2021070504016519,UPPER,6,8,200,752.0,150400.0
2021070504016518,UPPER,6,39,50,753.0,37650.0
2021070504016494,UPPER,58,39,200,753.0,150600.0
2021070504016439,UPPER,13,39,30,753.0,22590.0
2021070504016438,UPPER,10,39,40,753.0,30120.0
2021070504016645,UPPER,26,47,10,754.0,7540.0
2021070504016558,UPPER,49,25,10,753.0,7530.0
2021070504016549,UPPER,49,38,60,753.0,45180.0
2021070504016548,UPPER,49,39,85,753.0,64005.0
2021070504016531,UPPER,19,8,200,752.0,150400.0
2021070504016770,UPPER,48,47,100,754.0,75400.0
2021070504016723,UPPER,5,47,50,754.0,37700.0
2021070504016698,UPPER,39,47,20,754.0,15080.0
2021070504016677,UPPER,51,47,500,754.0,377000.0
2021070504016668,UPPER,49,32,25,753.0,18825.0
2021070504016264,AHPC,34,6,"6,000",437.0,2622000.0
2021070504016175,AHPC,34,25,95,437.0,41515.0
2021070504016048,AHPC,34,35,95,437.0,41515.0
2021070504016026,AHPC,34,57,715,437.0,312455.0
2021070504015930,AHPC,34,57,50,437.0,21850.0
2021070504015929,AHPC,40,57,150,437.0,65550.0
2021070504015912,AHPC,6,13,500,438.0,219000.0
2021070504015879,AHPC,56,13,30,438.0,13140.0
2021070504015928,AHPC,32,57,50,437.0,21850.0
2021070504015927,AHPC,33,57,100,437.0,43700.0
2021070504015926,AHPC,55,57,25,437.0,10925.0
2021070504015925,AHPC,22,57,10,437.0,4370.0
2021070504015924,AHPC,16,57,500,437.0,218500.0
2021070504015923,AHPC,32,57,400,437.0,174800.0
2021070504016320,AIL,45,28,300,807.0,242100.0
2021070504016172,AIL,51,35,10,807.0,8070.0
2021070504016171,AIL,51,57,150,807.0,121050.0
2021070504015882,AIL,57,45,10,806.0,8060.0
2021070504016253,AKJCL,43,58,35,262.0,9170.0
2021070504016189,AKJCL,36,58,20,261.0,5220.0
2021070504016079,AKJCL,1,36,200,262.0,52400.0
2021070504016078,AKJCL,22,36,10,262.0,2620.0
2021070504016256,AKPL,37,39,250,422.0,105500.0
2021070504016227,AKPL,42,39,16,422.0,6752.0
2021070504016202,AKPL,51,39,50,422.0,21100.0
2021070504016177,AKPL,45,39,10,422.0,4220.0
2021070504016081,AKPL,45,55,50,423.0,21150.0
2021070504016350,API,42,34,42,368.0,15456.0
2021070504016335,API,34,33,134,367.0,49178.0
2021070504016334,API,58,33,81,367.0,29727.0
2021070504016206,API,58,58,50,367.0,18350.0
2021070504016190,API,25,34,10,368.0,3680.0
2021070504016186,API,19,34,500,368.0,184000.0
2021070504016002,API,57,26,30,368.0,11040.0
2021070504015988,API,20,53,50,367.0,18350.0
2021070504015897,API,20,58,967,367.0,354889.0
2021070504016119,API,47,22,62,368.0,22816.0
2021070504016098,API,52,22,100,368.0,36800.0
2021070504016033,API,58,8,20,367.0,7340.0
2021070504016020,API,20,22,40,368.0,14720.0
2021070504016019,API,20,26,707,368.0,260176.0
2021070504016018,API,20,29,600,368.0,220800.0
2021070504016176,API,48,34,100,368.0,36800.0
2021070504016165,API,34,34,200,368.0,73600.0
2021070504016123,API,47,34,88,368.0,32384.0
2021070504016122,API,47,16,100,368.0,36800.0
2021070504016121,API,47,50,50,368.0,18400.0
2021070504016120,API,47,36,100,368.0,36800.0
2021070504016322,BARUN,25,36,300,512.0,153600.0
2021070504016201,BARUN,53,40,50,512.0,25600.0
2021070504016108,BARUN,20,43,67,510.0,34170.0
2021070504016107,BARUN,4,43,50,510.0,25500.0
2021070504016106,BARUN,25,43,20,510.0,10200.0
2021070504016105,BARUN,58,43,20,510.0,10200.0
2021070504016104,BARUN,14,43,100,511.0,51100.0
2021070504016103,BARUN,52,43,500,512.0,256000.0
2021070504016102,BARUN,45,43,100,512.0,51200.0
2021070504016101,BARUN,19,43,143,512.0,73216.0
2021070504016094,BARUN,19,45,11,512.0,5632.0
2021070504016058,BARUN,19,40,10,512.0,5120.0
2021070504016352,BBC,28,17,10,5879.0,58790.0
2021070504016325,BPCL,17,45,200,504.0,100800.0
2021070504016254,BPCL,57,34,50,505.0,25250.0
2021070504016225,BPCL,40,34,45,505.0,22725.0
2021070504016224,BPCL,40,48,55,505.0,27775.0
2021070504016214,BPCL,42,48,100,505.0,50500.0
2021070504016200,BPCL,17,52,80,504.0,40320.0
2021070504015861,BPCL,49,44,100,504.0,50400.0
2021070504015994,BPCL,45,36,100,504.0,50400.0
2021070504015993,BPCL,44,36,500,504.0,252000.0
2021070504015992,BPCL,53,36,200,504.0,100800.0
2021070504015862,BPCL,53,44,100,504.0,50400.0
2021070504015996,BPCL,26,19,180,504.0,90720.0
2021070504015995,BPCL,26,19,20,504.0,10080.0
2021070504016099,BPCL,57,48,50,505.0,25250.0
2021070504016097,BPCL,57,5,130,504.0,65520.0
2021070504016096,BPCL,26,5,20,504.0,10080.0
2021070504016082,BPCL,40,48,100,505.0,50500.0
2021070504016072,BPCL,19,48,100,505.0,50500.0
2021070504016199,BPCL,45,52,50,504.0,25200.0
2021070504016198,BPCL,21,52,100,504.0,50400.0
2021070504016197,BPCL,46,52,270,504.0,136080.0
2021070504016191,BPCL,46,47,50,504.0,25200.0
2021070504016169,BPCL,46,52,430,504.0,216720.0
2021070504016168,BPCL,57,52,70,504.0,35280.0
2021070504016015,CGH,22,1,45,1556.0,70020.0
2021070504015954,CGH,22,13,10,1556.0,15560.0
2021070504015922,CGH,58,1,75,1560.0,117000.0
2021070504015921,CGH,58,57,15,1560.0,23400.0
2021070504015920,CGH,58,7,10,1559.0,15590.0
2021070504015919,CGH,58,10,100,1557.0,155700.0
2021070504016032,CHCL,39,46,250,651.0,162750.0
2021070504016006,CHL,58,37,60,454.0,27240.0
2021070504015962,CHL,39,37,180,456.0,82080.0
2021070504015961,CHL,39,32,100,455.0,45500.0
2021070504015960,CHL,39,22,20,455.0,9100.0
2021070504015860,CHL,58,36,911,454.0,413594.0
2021070504015859,CHL,49,36,259,455.0,117845.0
2021070504015910,DHPL,55,34,280,257.0,71960.0
2021070504015909,DHPL,7,34,10,258.0,2580.0
2021070504015908,DHPL,25,34,10,258.0,2580.0
2021070504016113,EIC,5,56,50,743.0,37150.0
2021070504016112,EIC,47,56,100,743.0,74300.0
2021070504016111,EIC,19,56,20,743.0,14860.0
2021070504015867,EIC,34,56,49,744.0,36456.0
2021070504015866,EIC,34,59,51,744.0,37944.0
2021070504015865,EIC,51,59,49,744.0,36456.0
2021070504016180,GIC,58,6,20,688.0,13760.0
2021070504016179,GIC,35,6,10,688.0,6880.0
2021070504016178,GIC,16,6,150,688.0,103200.0
2021070504016110,GIC,16,44,50,688.0,34400.0
2021070504016226,GLH,21,22,10,355.0,3550.0
2021070504016075,GLH,21,21,10,355.0,3550.0
2021070504016074,GLH,21,54,10,355.0,3550.0
2021070504016073,GLH,21,58,50,354.0,17700.0
2021070504016059,GLH,57,58,10,354.0,3540.0
2021070504016278,HDHPC,45,52,534,265.0,141510.0
2021070504016277,HDHPC,6,52,100,265.0,26500.0
2021070504016276,HDHPC,14,52,50,265.0,13250.0
2021070504016275,HDHPC,58,52,316,265.0,83740.0
2021070504016030,HDHPC,58,6,500,265.0,132500.0
2021070504016029,HDHPC,58,8,300,265.0,79500.0
2021070504016028,HDHPC,58,57,90,265.0,23850.0
2021070504016027,HDHPC,58,21,294,265.0,77910.0
2021070504015966,HDHPC,17,21,686,265.0,181790.0
2021070504015965,HDHPC,17,34,114,265.0,30210.0
2021070504015937,HPPL,14,51,100,404.0,40400.0
2021070504015936,HPPL,42,51,27,404.0,10908.0
2021070504016349,IGI,51,56,50,1196.0,59800.0
2021070504016348,IGI,16,56,150,1196.0,179400.0
2021070504015864,IGI,45,58,100,1200.0,120000.0
2021070504016187,IGI,59,58,100,1200.0,120000.0
2021070504016252,JOSHI,48,55,60,272.0,16320.0
2021070504016251,JOSHI,48,50,90,272.0,24480.0
2021070504016213,JOSHI,14,45,10,270.0,2700.0
2021070504015935,JOSHI,57,50,10,272.0,2720.0
2021070504016272,KPCL,11,21,40,426.0,17040.0
2021070504016117,KPCL,1,21,30,426.0,12780.0
2021070504016250,LEC,58,45,200,342.0,68400.0
2021070504016231,LEC,34,46,340,341.0,115940.0
2021070504016230,LEC,39,46,100,341.0,34100.0
2021070504016229,LEC,14,46,60,341.0,20460.0
2021070504016118,LEC,40,45,114,342.0,38988.0
2021070504015907,LEC,40,45,386,342.0,132012.0
2021070504015906,LEC,51,45,100,342.0,34200.0
2021070504015905,LEC,57,45,50,342.0,17100.0
2021070504015904,LEC,13,45,990,342.0,338580.0
2021070504015903,LEC,42,45,200,343.0,68600.0
2021070504015902,LEC,57,45,50,343.0,17150.0
2021070504015901,LEC,45,45,10,343.0,3430.0
2021070504016217,LEMF,8,34,"25,000",13.89,347250.0
2021070504016216,LEMF,8,1,"20,000",13.88,277600.0
2021070504016215,LEMF,8,58,"5,000",13.88,69400.0
2021070504016039,LGIL,10,5,420,774.0,325080.0
2021070504016038,LGIL,10,35,100,773.0,77300.0
2021070504015959,NGPL,52,42,10,447.0,4470.0
2021070504016332,NHDL,45,45,160,410.0,65600.0
2021070504016331,NHDL,38,45,40,410.0,16400.0
2021070504016093,NHDL,38,49,10,410.0,4100.0
2021070504016076,NHDL,25,58,10,407.0,4070.0
2021070504016049,NHDL,33,50,10,409.0,4090.0
2021070504016263,NHPC,55,38,181,306.0,55386.0
2021070504016262,NHPC,55,48,50,306.0,15300.0
2021070504016261,NHPC,55,38,50,306.0,15300.0
2021070504016260,NHPC,55,41,310,306.0,94860.0
2021070504016259,NHPC,55,6,30,306.0,9180.0
2021070504016258,NHPC,55,45,184,306.0,56304.0
2021070504015899,NHPC,21,21,"1,000",305.0,305000.0
2021070504015898,NHPC,43,21,422,305.0,128710.0
2021070504015982,NHPC,28,50,50,305.0,15250.0
2021070504015981,NHPC,13,50,50,305.0,15250.0
2021070504015980,NHPC,3,50,20,305.0,6100.0
2021070504015979,NHPC,45,50,"1,000",305.0,305000.0
2021070504015978,NHPC,17,50,422,305.0,128710.0
2021070504015900,NHPC,17,21,578,305.0,176290.0
2021070504016003,NHPC,54,16,150,306.0,45900.0
2021070504015987,NHPC,19,50,200,305.0,61000.0
2021070504015986,NHPC,57,50,40,305.0,12200.0
2021070504015985,NHPC,59,50,200,305.0,61000.0
2021070504015984,NHPC,40,50,10,305.0,3050.0
2021070504015983,NHPC,10,50,"1,000",305.0,305000.0
2021070504016052,NHPC,36,58,170,306.0,52020.0
2021070504016051,NHPC,36,16,30,306.0,9180.0
2021070504016034,NHPC,22,56,150,305.0,45750.0
2021070504016022,NHPC,22,49,138,305.0,42090.0
2021070504016021,NHPC,4,49,62,305.0,18910.0
2021070504016011,NHPC,4,21,58,305.0,17690.0
2021070504016173,NHPC,59,51,177,305.0,53985.0
2021070504016087,NHPC,28,36,805,306.0,246330.0
2021070504016086,NHPC,28,58,195,306.0,59670.0
2021070504016071,NHPC,39,58,500,306.0,153000.0
2021070504016065,NHPC,59,57,123,305.0,37515.0
2021070504016064,NHPC,22,57,37,305.0,11285.0
2021070504016257,NHPC,55,7,195,306.0,59670.0
2021070504016221,NHPC,36,7,305,306.0,93330.0
2021070504016220,NHPC,36,36,195,306.0,59670.0
2021070504016209,NHPC,53,34,500,305.0,152500.0
2021070504016208,NHPC,44,34,500,305.0,152500.0
2021070504016174,NHPC,58,51,323,305.0,98515.0
2021070504016345,NIBSF1,41,34,500,14.4,7200.0
2021070504016344,NIBSF1,32,34,"1,000",14.4,14400.0
2021070504016351,NICL,38,46,20,1081.0,21620.0
2021070504016343,NICL,51,49,37,1083.0,40071.0
2021070504016338,NICL,57,17,50,1081.0,54050.0
2021070504016337,NICL,40,17,200,1081.0,216200.0
2021070504016336,NICL,57,17,10,1081.0,10810.0
2021070504016255,NICL,56,51,50,1082.0,54100.0
2021070504015932,NICL,28,57,210,1086.0,228060.0
2021070504015931,NICL,28,34,90,1085.0,97650.0
2021070504015917,NICL,41,10,90,1082.0,97380.0
2021070504015916,NICL,34,10,20,1082.0,21640.0
2021070504015915,NICL,4,10,20,1082.0,21640.0
2021070504015914,NICL,17,10,10,1082.0,10820.0
2021070504016013,NICL,25,20,10,1085.0,10850.0
2021070504016012,NICL,25,17,40,1082.0,43280.0
2021070504016009,NICL,26,17,100,1082.0,108200.0
2021070504016008,NICL,48,17,20,1082.0,21640.0
2021070504016007,NICL,41,17,10,1082.0,10820.0
2021070504015989,NICL,51,20,10,1085.0,10850.0
2021070504016089,NICL,48,17,25,1082.0,27050.0
2021070504016088,NICL,28,17,25,1082.0,27050.0
2021070504016085,NICL,58,20,200,1085.0,217000.0
2021070504016040,NICL,38,20,10,1085.0,10850.0
2021070504016036,NICL,32,20,220,1085.0,238700.0
2021070504016035,NICL,32,41,80,1082.0,86560.0
2021070504016193,NICL,59,40,30,1082.0,32460.0
2021070504016192,NICL,50,40,200,1082.0,216400.0
2021070504016170,NICL,17,20,50,1085.0,54250.0
2021070504016092,NICL,36,17,320,1081.0,345920.0
2021070504016091,NICL,4,17,30,1081.0,32430.0
2021070504016090,NICL,48,17,100,1081.0,108100.0
2021070504016233,NICL,56,47,20,1082.0,21640.0
2021070504016205,NICL,28,20,170,1085.0,184450.0
2021070504016204,NICL,28,50,100,1084.0,108400.0
2021070504016203,NICL,28,17,230,1082.0,248860.0
2021070504016195,NICL,57,40,90,1081.0,97290.0
2021070504016194,NICL,36,40,180,1081.0,194580.0
2021070504016333,NIL,22,42,10,1354.0,13540.0
2021070504016326,NIL,42,42,15,1354.0,20310.0
2021070504016324,NIL,49,42,100,1354.0,135400.0
2021070504016316,NIL,11,42,100,1354.0,135400.0
2021070504016315,NIL,46,42,15,1354.0,20310.0
2021070504016314,NIL,45,42,40,1354.0,54160.0
2021070504016267,NIL,21,3,25,1358.0,33950.0
2021070504016266,NIL,34,3,10,1358.0,13580.0
2021070504016043,NIL,52,42,10,1359.0,13590.0
2021070504016283,NIL,43,42,50,1358.0,67900.0
2021070504016282,NIL,20,42,100,1358.0,135800.0
2021070504016271,NIL,26,32,2,1358.0,2716.0
2021070504016270,NIL,26,3,18,1358.0,24444.0
2021070504016269,NIL,19,3,17,1358.0,23086.0
2021070504016268,NIL,8,3,30,1358.0,40740.0
2021070504016289,NIL,32,42,27,1357.0,36639.0
2021070504016288,NIL,26,42,50,1357.0,67850.0
2021070504016287,NIL,39,42,10,1357.0,13570.0
2021070504016286,NIL,45,42,20,1357.0,27140.0
2021070504016285,NIL,17,42,10,1357.0,13570.0
2021070504016284,NIL,38,42,63,1357.0,85491.0
2021070504016295,NIL,6,42,50,1355.0,67750.0
2021070504016294,NIL,48,42,100,1356.0,135600.0
2021070504016293,NIL,4,42,300,1356.0,406800.0
2021070504016292,NIL,32,42,300,1356.0,406800.0
2021070504016291,NIL,42,42,25,1356.0,33900.0
2021070504016290,NIL,16,42,50,1357.0,67850.0
2021070504016301,NIL,57,42,10,1355.0,13550.0
2021070504016300,NIL,54,42,20,1355.0,27100.0
2021070504016299,NIL,50,42,10,1355.0,13550.0
2021070504016298,NIL,14,42,22,1355.0,29810.0
2021070504016297,NIL,28,42,10,1355.0,13550.0
2021070504016296,NIL,41,42,30,1355.0,40650.0
2021070504016307,NIL,43,42,20,1355.0,27100.0
2021070504016306,NIL,22,42,50,1355.0,67750.0
2021070504016305,NIL,22,42,10,1355.0,13550.0
2021070504016304,NIL,34,42,100,1355.0,135500.0
2021070504016303,NIL,44,42,100,1355.0,135500.0
2021070504016302,NIL,11,42,189,1355.0,256095.0
2021070504016313,NIL,16,42,20,1354.0,27080.0
2021070504016312,NIL,26,42,20,1355.0,27100.0
2021070504016311,NIL,51,42,20,1355.0,27100.0
2021070504016310,NIL,57,42,10,1355.0,13550.0
2021070504016309,NIL,40,42,20,1355.0,27100.0
2021070504016308,NIL,13,42,18,1355.0,24390.0
2021070504015934,NLG,21,44,73,1263.0,92199.0
2021070504015933,NLG,25,44,310,1263.0,391530.0
2021070504016062,NLG,25,34,50,1266.0,63300.0
2021070504016061,NLG,25,13,135,1264.0,170640.0
2021070504016060,NLG,25,57,173,1263.0,218499.0
2021070504016005,NLG,21,57,127,1263.0,160401.0
2021070504016063,NLG,25,32,42,1270.0,53340.0
2021070504015918,OHL,33,38,10,710.0,7100.0
2021070504016249,PIC,34,40,319,1194.0,380886.0
2021070504016248,PIC,34,40,200,1194.0,238800.0
2021070504016247,PIC,42,40,50,1194.0,59700.0
2021070504016246,PIC,29,40,19,1194.0,22686.0
2021070504016245,PIC,33,40,100,1195.0,119500.0
2021070504016244,PIC,32,40,50,1195.0,59750.0
2021070504016067,PIC,7,6,100,1196.0,119600.0
2021070504016014,PIC,50,17,30,1197.0,35910.0
2021070504016237,PIC,33,40,100,1196.0,119600.0
2021070504016236,PIC,33,40,200,1196.0,239200.0
2021070504016235,PIC,50,40,18,1196.0,21528.0
2021070504016234,PIC,16,40,40,1197.0,47880.0
2021070504016070,PIC,8,40,40,1199.0,47960.0
2021070504016068,PIC,50,6,20,1196.0,23920.0
2021070504016243,PIC,19,40,21,1195.0,25095.0
2021070504016242,PIC,38,40,55,1195.0,65725.0
2021070504016241,PIC,21,40,21,1195.0,25095.0
2021070504016240,PIC,42,40,50,1195.0,59750.0
2021070504016239,PIC,1,40,200,1195.0,239000.0
2021070504016238,PIC,34,40,20,1196.0,23920.0
2021070504016196,PICL,36,34,100,803.0,80300.0
2021070504016185,PICL,42,34,500,803.0,401500.0
2021070504016184,PICL,38,34,100,803.0,80300.0
2021070504016183,PICL,10,34,100,803.0,80300.0
2021070504016182,PICL,36,34,250,803.0,200750.0
2021070504016181,PICL,53,34,122,803.0,97966.0
2021070504015967,PICL,53,58,38,803.0,30514.0
2021070504016095,PPCL,45,35,200,339.0,67800.0
2021070504016329,PRIN,14,45,167,955.0,159485.0
2021070504016328,PRIN,14,51,100,953.0,95300.0
2021070504016327,PRIN,14,35,133,950.0,126350.0
2021070504016001,RADHI,52,41,110,777.0,85470.0
2021070504016000,RADHI,34,41,50,777.0,38850.0
2021070504015999,RADHI,26,41,418,777.0,324786.0
2021070504015881,RADHI,26,48,182,777.0,141414.0
2021070504016346,RBCL,10,56,40,20360.0,814400.0
2021070504016188,RBCL,44,56,10,20390.0,203900.0
2021070504015857,RBCL,10,40,20,20400.0,408000.0
2021070504015856,RBCL,10,57,10,20398.0,203980.0
2021070504015855,RBCL,10,50,95,20396.0,1937620.0
2021070504015854,RBCL,10,33,10,20395.0,203950.0
2021070504016323,RHPC,7,47,500,530.0,265000.0
2021070504016281,RHPC,7,33,174,530.0,92220.0
2021070504016280,RHPC,56,33,26,530.0,13780.0
2021070504016080,RHPC,56,47,474,530.0,251220.0
2021070504015998,RHPC,7,47,26,530.0,13780.0
2021070504015997,RHPC,7,35,474,528.0,250272.0
2021070504015953,RHPC,7,45,50,530.0,26500.0
2021070504015952,RHPC,7,56,100,530.0,53000.0
2021070504015951,RHPC,7,47,100,530.0,53000.0
2021070504015950,RHPC,7,42,250,530.0,132500.0
2021070504015949,RHPC,7,58,500,529.0,264500.0
2021070504016321,RHPL,58,18,40,440.0,17600.0
2021070504016319,RHPL,42,18,100,440.0,44000.0
2021070504016318,RHPL,42,49,50,440.0,22000.0
2021070504016317,RHPL,42,22,50,440.0,22000.0
2021070504016223,RHPL,38,48,15,440.0,6600.0
2021070504016222,RHPL,38,41,10,440.0,4400.0
2021070504016042,RHPL,51,41,60,440.0,26400.0
2021070504016041,RHPL,51,36,10,440.0,4400.0
2021070504016219,SAEF,41,58,100,16.4,1640.0
2021070504016330,SGI,41,56,10,711.0,7110.0
2021070504016115,SGI,41,35,10,711.0,7110.0
2021070504016069,SGI,41,49,10,711.0,7110.0
2021070504015977,SHL,34,20,230,272.0,62560.0
2021070504015976,SHL,34,34,100,272.0,27200.0
2021070504015975,SHL,34,34,470,272.0,127840.0
2021070504016025,SHPC,21,55,100,477.0,47700.0
2021070504016024,SHPC,33,55,100,477.0,47700.0
2021070504016265,SICL,21,40,58,1950.0,113100.0
2021070504016047,SICL,6,40,100,1950.0,195000.0
2021070504016046,SICL,26,40,20,1955.0,39100.0
2021070504016045,SICL,58,40,72,1955.0,140760.0
2021070504016017,SICL,58,58,28,1955.0,54740.0
2021070504015957,SICL,36,58,22,1955.0,43010.0
2021070504015944,SICL,22,25,11,1945.0,21395.0
2021070504015943,SICL,45,25,55,1945.0,106975.0
2021070504015942,SICL,44,25,100,1946.0,194600.0
2021070504015941,SICL,25,25,34,1946.0,66164.0
2021070504015956,SICL,36,59,128,1955.0,250240.0
2021070504015955,SICL,36,11,50,1950.0,97500.0
2021070504015948,SICL,21,25,20,1945.0,38900.0
2021070504015947,SICL,43,25,10,1945.0,19450.0
2021070504015946,SICL,19,25,50,1945.0,97250.0
2021070504015945,SICL,28,25,14,1945.0,27230.0
2021070504016044,SIGS2,41,36,100,14.15,1415.0
2021070504016166,SJCL,26,16,40,415.0,16600.0
2021070504016057,SJCL,26,21,100,415.0,41500.0
2021070504016056,SJCL,43,21,150,415.0,62250.0
2021070504016055,SJCL,56,21,90,415.0,37350.0
2021070504016054,SJCL,14,21,100,415.0,41500.0
2021070504016053,SJCL,54,21,60,415.0,24900.0
2021070504016016,SJCL,58,44,200,416.0,83200.0
2021070504015896,SJCL,40,46,40,415.0,16600.0
2021070504015853,SJCL,51,4,30,416.0,12480.0
2021070504016274,SPDL,58,26,86,399.0,34314.0
2021070504016273,SPDL,49,26,14,399.0,5586.0
2021070504016232,SSHL,45,1,779,310.0,241490.0
2021070504016207,SSHL,6,1,221,310.0,68510.0
2021070504016023,SSHL,59,55,300,308.0,92400.0
2021070504015892,SSHL,59,32,10,308.0,3080.0
2021070504016218,STC,50,33,10,9950.0,99500.0
2021070504016084,STC,56,28,10,9950.0,99500.0
2021070504016228,TRH,38,32,50,412.0,20600.0
2021070504016116,TRH,57,55,40,410.0,16400.0
2021070504016050,TRH,57,3,578,411.0,237558.0
2021070504015973,TRH,57,36,200,410.0,82000.0
2021070504015972,TRH,57,45,20,410.0,8200.0
2021070504015971,TRH,57,35,40,410.0,16400.0
2021070504015970,TRH,57,16,50,410.0,20500.0
2021070504015969,TRH,50,1,100,409.0,40900.0
2021070504015968,TRH,50,4,20,409.0,8180.0
2021070504016342,UMHL,52,42,14,344.0,4816.0
2021070504016341,UMHL,52,41,16,344.0,5504.0
2021070504016031,UMHL,38,41,150,344.0,51600.0
2021070504015990,UMHL,34,41,100,344.0,34400.0
2021070504015894,UMHL,33,41,34,344.0,11696.0
2021070504015893,UMHL,33,55,16,344.0,5504.0
2021070504015886,UMRH,7,48,100,486.0,48600.0
2021070504015885,UMRH,36,48,100,486.0,48600.0
2021070504015884,UMRH,58,48,50,486.0,24300.0
2021070504015883,UMRH,29,48,50,486.0,24300.0
2021070504015974,UMRH,34,38,30,493.0,14790.0
2021070504015891,UMRH,57,48,440,485.0,213400.0
2021070504015890,UMRH,38,48,100,485.0,48500.0
2021070504015889,UMRH,49,48,100,486.0,48600.0
2021070504015888,UMRH,41,48,10,486.0,4860.0
2021070504015887,UMRH,49,48,50,486.0,24300.0
2021070504016212,UNHPL,45,14,80,338.0,27040.0
2021070504016211,UNHPL,52,14,500,338.0,169000.0
2021070504016210,UNHPL,34,14,420,338.0,141960.0
2021070504015958,UNHPL,34,14,500,338.0,169000.0
2021070504015911,UNHPL,45,11,50,339.0,16950.0
2021070504016347,UPCL,56,1,10,287.0,2870.0
2021070504016010,UPCL,48,33,45,286.0,12870.0
2021070504016340,UPPER,22,47,73,754.0,55042.0
2021070504016339,UPPER,22,46,50,753.0,37650.0
2021070504016279,UPPER,14,47,200,754.0,150800.0
2021070504015863,UPPER,56,42,10,755.0,7550.0
2021070504015858,UPPER,41,42,40,755.0,30200.0
2021070504015873,UPPER,32,47,"1,000",750.0,750000.0
2021070504015872,UPPER,49,47,100,750.0,75000.0
2021070504015871,UPPER,21,47,50,750.0,37500.0
2021070504015870,UPPER,34,47,10,751.0,7510.0
2021070504015869,UPPER,1,47,100,751.0,75100.0
2021070504015868,UPPER,46,47,68,754.0,51272.0
2021070504015880,UPPER,6,47,50,750.0,37500.0
2021070504015878,UPPER,48,47,10,750.0,7500.0
2021070504015877,UPPER,57,47,20,750.0,15000.0
2021070504015876,UPPER,4,47,27,750.0,20250.0
2021070504015875,UPPER,26,47,200,750.0,150000.0
2021070504015874,UPPER,55,47,100,750.0,75000.0
2021070504015963,UPPER,58,25,20,754.0,15080.0
2021070504015940,UPPER,42,39,290,755.0,218950.0
2021070504015939,UPPER,42,42,88,755.0,66440.0
2021070504015938,UPPER,42,41,122,754.0,91988.0
2021070504015913,UPPER,32,47,200,750.0,150000.0
2021070504015895,UPPER,46,47,60,750.0,45000.0
2021070504016077,UPPER,45,47,50,754.0,37700.0
2021070504016066,UPPER,43,47,500,754.0,377000.0
2021070504016037,UPPER,57,47,300,754.0,226200.0
2021070504016004,UPPER,51,39,50,755.0,37750.0
2021070504015991,UPPER,32,39,68,755.0,51340.0
2021070504015964,UPPER,58,39,12,755.0,9060.0
2021070504016124,UPPER,34,17,50,751.0,37550.0
2021070504016114,UPPER,38,47,15,754.0,11310.0
2021070504016109,UPPER,32,47,100,754.0,75400.0
2021070504016100,UPPER,42,47,50,754.0,37700.0
2021070504016083,UPPER,45,47,30,754.0,22620.0
2021070504016130,UPPER,38,17,100,750.0,75000.0
2021070504016129,UPPER,25,17,150,750.0,112500.0
2021070504016128,UPPER,32,17,"1,000",750.0,750000.0
2021070504016127,UPPER,45,17,100,750.0,75000.0
2021070504016126,UPPER,34,17,20,750.0,15000.0
2021070504016125,UPPER,47,17,50,750.0,37500.0
2021070504016136,UPPER,34,17,166,749.0,124334.0
2021070504016135,UPPER,48,17,103,750.0,77250.0
2021070504016134,UPPER,56,17,100,750.0,75000.0
2021070504016133,UPPER,58,17,60,750.0,45000.0
2021070504016132,UPPER,22,17,15,750.0,11250.0
2021070504016131,UPPER,28,17,100,750.0,75000.0
2021070504016142,UPPER,57,17,20,749.0,14980.0
2021070504016141,UPPER,39,17,10,749.0,7490.0
2021070504016140,UPPER,34,17,300,749.0,224700.0
2021070504016139,UPPER,38,17,10,749.0,7490.0
2021070504016138,UPPER,26,17,100,749.0,74900.0
2021070504016137,UPPER,28,17,108,749.0,80892.0
2021070504016148,UPPER,59,17,50,748.0,37400.0
2021070504016147,UPPER,58,17,100,748.0,74800.0
2021070504016146,UPPER,38,17,20,748.0,14960.0
2021070504016145,UPPER,28,17,40,748.0,29920.0
2021070504016144,UPPER,35,17,50,748.0,37400.0
2021070504016143,UPPER,45,17,500,749.0,374500.0
2021070504016154,UPPER,56,17,300,747.0,224100.0
2021070504016153,UPPER,55,17,200,748.0,149600.0
2021070504016152,UPPER,32,17,30,748.0,22440.0
2021070504016151,UPPER,26,17,343,748.0,256564.0
2021070504016150,UPPER,21,17,10,748.0,7480.0
2021070504016149,UPPER,17,17,12,748.0,8976.0
2021070504016160,UPPER,44,17,100,746.0,74600.0
2021070504016159,UPPER,32,17,100,747.0,74700.0
2021070504016158,UPPER,14,17,200,747.0,149400.0
2021070504016157,UPPER,35,17,100,747.0,74700.0
2021070504016156,UPPER,33,17,50,747.0,37350.0
2021070504016155,UPPER,54,17,10,747.0,7470.0
2021070504016167,UPPER,49,47,100,754.0,75400.0
2021070504016164,UPPER,6,47,150,754.0,113100.0
2021070504016163,UPPER,57,47,300,754.0,226200.0
2021070504016162,UPPER,35,17,173,746.0,129058.0
2021070504016161,UPPER,53,17,50,746.0,37300.0
2021070504015773,AHPC,26,45,100,438.0,43800.0
2021070504015541,AHPC,6,57,20,439.0,8780.0
2021070504015506,AHPC,6,50,100,438.0,43800.0
2021070504015739,AIL,45,57,100,807.0,80700.0
2021070504015580,AIL,6,57,50,807.0,40350.0
2021070504015412,AIL,57,57,30,806.0,24180.0
2021070504015791,AKJCL,34,1,10,263.0,2630.0
2021070504015776,AKJCL,55,1,150,263.0,39450.0
2021070504015790,AKPL,57,20,100,422.0,42200.0
2021070504015724,AKPL,35,58,30,421.0,12630.0
2021070504015670,AKPL,35,56,50,421.0,21050.0
2021070504015629,AKPL,35,58,216,421.0,90936.0
2021070504015628,AKPL,33,58,100,421.0,42100.0
2021070504015627,AKPL,6,58,300,421.0,126300.0
2021070504015531,AKPL,49,57,25,422.0,10550.0
2021070504015530,AKPL,43,57,100,422.0,42200.0
2021070504015529,AKPL,42,57,"1,000",422.0,422000.0
2021070504015528,AKPL,45,57,10,422.0,4220.0
2021070504015527,AKPL,57,57,490,422.0,206780.0
2021070504015620,AKPL,49,58,"1,100",421.0,463100.0
2021070504015619,AKPL,6,58,150,421.0,63150.0
2021070504015618,AKPL,19,58,15,421.0,6315.0
2021070504015593,AKPL,57,52,21,422.0,8862.0
2021070504015533,AKPL,19,57,985,421.0,414685.0
2021070504015532,AKPL,48,57,100,422.0,42200.0
2021070504015626,AKPL,36,58,500,421.0,210500.0
2021070504015625,AKPL,32,58,"1,000",421.0,421000.0
2021070504015624,AKPL,8,58,"1,000",421.0,421000.0
2021070504015623,AKPL,19,58,30,421.0,12630.0
2021070504015622,AKPL,34,58,100,421.0,42100.0
2021070504015621,AKPL,14,58,50,421.0,21050.0
2021070504015838,API,20,36,100,367.0,36700.0
2021070504015837,API,20,7,36,367.0,13212.0
2021070504015804,API,59,7,100,367.0,36700.0
2021070504015801,API,38,7,64,367.0,23488.0
2021070504015800,API,38,48,86,367.0,31562.0
2021070504015797,API,14,34,34,366.0,12444.0
2021070504015433,API,45,28,50,366.0,18300.0
2021070504015432,API,38,28,20,366.0,7320.0
2021070504015431,API,25,28,176,366.0,64416.0
2021070504015425,API,56,32,200,367.0,73400.0
2021070504015387,API,56,58,100,367.0,36700.0
2021070504015362,API,48,58,100,367.0,36700.0
2021070504015516,API,39,32,10,367.0,3670.0
2021070504015505,API,48,32,275,367.0,100925.0
2021070504015476,API,43,13,154,366.0,56364.0
2021070504015475,API,47,13,846,366.0,309636.0
2021070504015459,API,34,32,300,367.0,110100.0
2021070504015434,API,47,28,154,366.0,56364.0
2021070504015755,API,43,52,46,366.0,16836.0
2021070504015754,API,32,48,500,367.0,183500.0
2021070504015664,API,58,48,50,367.0,18350.0
2021070504015572,API,5,48,14,367.0,5138.0
2021070504015571,API,5,45,200,367.0,73400.0
2021070504015570,API,5,32,215,367.0,78905.0
2021070504015796,API,41,34,20,366.0,7320.0
2021070504015795,API,47,34,100,366.0,36600.0
2021070504015794,API,45,34,50,366.0,18300.0
2021070504015793,API,48,34,50,366.0,18300.0
2021070504015792,API,26,34,146,366.0,53436.0
2021070504015756,API,26,52,54,366.0,19764.0
2021070504015668,BARUN,19,17,36,512.0,18432.0
2021070504015667,BARUN,45,17,19,513.0,9747.0
2021070504015666,BARUN,59,17,10,514.0,5140.0
2021070504015665,BARUN,13,17,15,514.0,7710.0
2021070504015608,BARUN,13,40,10,514.0,5140.0
2021070504015447,BARUN,45,20,81,513.0,41553.0
2021070504015446,BARUN,36,20,200,513.0,102600.0
2021070504015445,BARUN,47,20,100,513.0,51300.0
2021070504015444,BARUN,11,20,25,513.0,12825.0
2021070504015443,BARUN,25,20,94,513.0,48222.0
2021070504015805,BPCL,58,48,20,505.0,10100.0
2021070504015799,BPCL,52,48,50,505.0,25250.0
2021070504015798,BPCL,5,48,20,505.0,10100.0
2021070504015671,BPCL,52,36,25,505.0,12625.0
2021070504015452,BPCL,57,36,50,505.0,25250.0
2021070504015427,BPCL,59,36,78,505.0,39390.0
2021070504015426,BPCL,10,36,100,505.0,50500.0
2021070504015411,BPCL,57,36,200,505.0,101000.0
2021070504015359,BPCL,52,36,300,505.0,151500.0
2021070504015781,BPCL,58,48,30,505.0,15150.0
2021070504015672,BPCL,52,48,475,505.0,239875.0
2021070504015592,CGH,21,13,10,1555.0,15550.0
2021070504015458,CGH,21,38,10,1555.0,15550.0
2021070504015451,CGH,7,10,10,1556.0,15560.0
2021070504015383,CGH,7,13,50,1556.0,77800.0
2021070504015813,CHCL,25,36,50,650.0,32500.0
2021070504015684,CHCL,49,49,33,651.0,21483.0
2021070504015407,CHCL,48,49,17,651.0,11067.0
2021070504015406,CHCL,48,36,53,651.0,34503.0
2021070504015782,CHL,49,45,11,455.0,5005.0
2021070504015457,CHL,38,37,10,456.0,4560.0
2021070504015404,CMF2,57,53,500,13.01,6505.0
2021070504015733,DHPL,25,19,10,258.0,2580.0
2021070504015474,DHPL,35,19,90,258.0,23220.0
2021070504015589,EIC,51,28,11,744.0,8184.0
2021070504015740,GIC,21,46,10,689.0,6890.0
2021070504015590,GIC,16,11,100,688.0,68800.0
2021070504015613,GLH,57,38,10,354.0,3540.0
2021070504015400,GLH,50,45,10,353.0,3530.0
2021070504015815,HDHPC,33,34,265,265.0,70225.0
2021070504015769,HDHPC,8,1,700,264.0,184800.0
2021070504015655,HDHPC,8,49,100,264.0,26400.0
2021070504015639,HDHPC,22,34,10,265.0,2650.0
2021070504015579,HDHPC,33,34,500,265.0,132500.0
2021070504015566,HDHPC,8,8,500,264.0,132000.0
2021070504015565,HDHPC,8,54,"2,000",264.0,528000.0
2021070504015545,HDHPC,8,32,500,264.0,132000.0
2021070504015455,HDHPC,8,39,50,264.0,13200.0
2021070504015430,HDHPC,58,34,30,265.0,7950.0
2021070504015388,HDHPC,25,34,81,265.0,21465.0
2021070504015848,HGI,48,50,128,758.0,97024.0
2021070504015847,HGI,17,50,140,758.0,106120.0
2021070504015846,HGI,58,50,22,758.0,16676.0
2021070504015845,HGI,52,50,100,758.0,75800.0
2021070504015844,HGI,51,50,40,758.0,30320.0
2021070504015828,HGI,51,22,10,758.0,7580.0
2021070504015827,HGI,28,22,25,758.0,18950.0
2021070504015369,HGI,28,55,330,758.0,250140.0
2021070504015368,HGI,32,55,10,759.0,7590.0
2021070504015367,HGI,17,55,60,759.0,45540.0
2021070504015656,HPPL,56,8,20,405.0,8100.0
2021070504015585,HPPL,42,34,20,404.0,8080.0
2021070504015765,IGI,45,58,200,1200.0,240000.0
2021070504015399,IGI,51,56,50,1196.0,59800.0
2021070504015398,IGI,32,56,50,1196.0,59800.0
2021070504015397,IGI,17,56,76,1197.0,90972.0
2021070504015708,IGI,29,58,50,1195.0,59750.0
2021070504015707,IGI,36,58,20,1195.0,23900.0
2021070504015842,JOSHI,44,57,980,273.0,267540.0
2021070504015841,JOSHI,44,38,20,272.0,5440.0
2021070504015448,JOSHI,25,57,50,273.0,13650.0
2021070504015803,KKHC,10,59,25,257.0,6425.0
2021070504015802,KKHC,42,59,40,257.0,10280.0
2021070504015582,KPCL,45,51,10,425.0,4250.0
2021070504015823,LEC,45,52,40,343.0,13720.0
2021070504015419,LEC,45,46,"1,000",344.0,344000.0
2021070504015682,LEMF,8,6,"10,000",13.87,138700.0
2021070504015681,LEMF,8,14,500,13.87,6935.0
2021070504015680,LEMF,8,39,849,13.87,11775.63
2021070504015679,LEMF,8,41,"2,500",13.85,34625.0
2021070504015678,LEMF,8,14,"1,000",13.79,13790.0
2021070504015677,LEMF,8,41,"5,850",13.75,80437.5
2021070504015676,LEMF,8,6,"3,000",13.71,41130.0
2021070504015675,LEMF,8,58,"6,000",13.71,82260.0
2021070504015819,LGIL,58,35,200,773.0,154600.0
2021070504015778,LGIL,38,35,300,773.0,231900.0
2021070504015715,LGIL,25,5,30,774.0,23220.0
2021070504015711,LGIL,45,49,10,773.0,7730.0
2021070504015710,LGIL,10,49,40,773.0,30920.0
2021070504015812,NBF2,42,13,150,14.23,2134.5
2021070504015408,NEF,43,7,100,14.29,1429.0
2021070504015405,NEF,8,7,"1,000",14.25,14250.0
2021070504015730,NGPL,47,21,60,446.0,26760.0
2021070504015729,NGPL,51,21,40,446.0,17840.0
2021070504015728,NGPL,8,21,300,446.0,133800.0
2021070504015575,NGPL,8,43,200,446.0,89200.0
2021070504015574,NGPL,8,6,500,446.0,223000.0
2021070504015573,NGPL,57,6,100,446.0,44600.0
2021070504015418,NGPL,58,43,70,447.0,31290.0
2021070504015840,NHPC,43,16,78,305.0,23790.0
2021070504015839,NHPC,1,16,122,305.0,37210.0
2021070504015830,NHPC,45,16,260,306.0,79560.0
2021070504015807,NHPC,58,16,500,306.0,153000.0
2021070504015806,NHPC,58,52,500,306.0,153000.0
2021070504015772,NHPC,57,16,60,306.0,18360.0
2021070504015356,NHPC,19,6,"1,000",305.0,305000.0
2021070504015355,NHPC,21,6,200,305.0,61000.0
2021070504015354,NHPC,19,6,65,305.0,19825.0
2021070504015353,NHPC,56,6,200,305.0,61000.0
2021070504015466,NHPC,6,10,100,306.0,30600.0
2021070504015420,NHPC,45,10,300,306.0,91800.0
2021070504015364,NHPC,47,10,250,306.0,76500.0
2021070504015360,NHPC,44,10,100,306.0,30600.0
2021070504015358,NHPC,58,6,"2,978",305.0,908290.0
2021070504015357,NHPC,49,6,10,305.0,3050.0
2021070504015581,NHPC,34,48,100,306.0,30600.0
2021070504015518,NHPC,39,10,799,306.0,244494.0
2021070504015517,NHPC,46,10,150,306.0,45900.0
2021070504015510,NHPC,6,10,100,306.0,30600.0
2021070504015478,NHPC,58,18,"1,000",305.0,305000.0
2021070504015470,NHPC,58,7,500,305.0,152500.0
2021070504015763,NHPC,47,43,140,306.0,42840.0
2021070504015726,NHPC,57,43,200,306.0,61200.0
2021070504015703,NHPC,5,43,10,306.0,3060.0
2021070504015693,NHPC,42,43,100,306.0,30600.0
2021070504015691,NHPC,58,43,50,306.0,15300.0
2021070504015690,NHPC,58,48,100,306.0,30600.0
2021070504015771,NHPC,57,37,200,306.0,61200.0
2021070504015770,NHPC,57,3,40,306.0,12240.0
2021070504015768,NHPC,1,5,378,305.0,115290.0
2021070504015767,NHPC,57,5,100,305.0,30500.0
2021070504015766,NHPC,58,5,522,305.0,159210.0
2021070504015764,NHPC,47,3,60,306.0,18360.0
2021070504015465,NIBLPF,43,47,100,14.57,1457.0
2021070504015843,NICBF,16,19,"1,000",13.52,13520.0
2021070504015663,NICBF,59,47,100,13.62,1362.0
2021070504015525,NICGF,43,13,100,14.82,1482.0
2021070504015382,NICGF,38,34,"1,000",14.76,14760.0
2021070504015851,NICL,6,8,80,1085.0,86800.0
2021070504015736,NICL,13,57,50,1086.0,54300.0
2021070504015734,NICL,34,57,50,1086.0,54300.0
2021070504015731,NICL,57,38,50,1086.0,54300.0
2021070504015709,NICL,40,40,50,1087.0,54350.0
2021070504015705,NICL,38,40,20,1087.0,21740.0
2021070504015595,NICL,58,40,45,1087.0,48915.0
2021070504015567,NICL,43,40,100,1087.0,108700.0
2021070504015429,NICL,14,18,110,1088.0,119680.0
2021070504015428,NICL,14,44,90,1088.0,97920.0
2021070504015402,NICL,22,44,90,1088.0,97920.0
2021070504015401,NICL,22,36,110,1082.0,119020.0
2021070504015836,NIL,45,42,100,1359.0,135900.0
2021070504015747,NIL,38,10,17,1357.0,23069.0
2021070504015746,NIL,53,10,30,1358.0,40740.0
2021070504015745,NIL,28,10,53,1358.0,71974.0
2021070504015607,NIL,11,32,10,1358.0,13580.0
2021070504015606,NIL,45,32,20,1358.0,27160.0
2021070504015469,NIL,58,42,100,1359.0,135900.0
2021070504015464,NIL,45,46,30,1358.0,40740.0
2021070504015438,NIL,4,42,150,1359.0,203850.0
2021070504015850,NLG,25,49,"1,690",1263.0,2134470.0
2021070504015849,NLG,47,49,10,1263.0,12630.0
2021070504015789,NLG,46,13,10,1264.0,12640.0
2021070504015702,NLG,13,33,20,1265.0,25300.0
2021070504015701,NLG,49,33,10,1265.0,12650.0
2021070504015700,NLG,13,33,50,1265.0,63250.0
2021070504015699,NLG,32,33,20,1265.0,25300.0
2021070504015788,NLG,59,13,300,1264.0,379200.0
2021070504015787,NLG,28,13,500,1264.0,632000.0
2021070504015786,NLG,39,13,50,1264.0,63200.0
2021070504015785,NLG,41,13,50,1264.0,63200.0
2021070504015784,NLG,58,13,35,1265.0,44275.0
2021070504015783,NLG,51,13,20,1266.0,25320.0
2021070504015473,NMB50,41,56,100,14.99,1499.0
2021070504015472,NMB50,41,54,500,14.9,7450.0
2021070504015615,NMBHF1,42,41,200,13.35,2670.0
2021070504015583,OHL,4,59,200,706.0,141200.0
2021070504015460,OHL,33,21,10,715.0,7150.0
2021070504015403,OHL,58,33,"1,000",708.0,708000.0
2021070504015704,PIC,45,17,18,1197.0,21546.0
2021070504015692,PIC,45,57,12,1197.0,14364.0
2021070504015674,PIC,45,45,70,1197.0,83790.0
2021070504015673,PIC,17,45,30,1198.0,35940.0
2021070504015594,PIC,34,35,11,1197.0,13167.0
2021070504015463,PIC,50,22,10,1198.0,11980.0
2021070504015462,PIC,50,5,20,1198.0,23960.0
2021070504015461,PIC,50,52,10,1198.0,11980.0
2021070504015743,PICL,53,6,40,803.0,32120.0
2021070504015742,PICL,33,6,100,803.0,80300.0
2021070504015741,PICL,33,6,10,803.0,8030.0
2021070504015738,PICL,33,13,90,803.0,72270.0
2021070504015737,PICL,36,13,220,803.0,176660.0
2021070504015394,PICL,33,48,100,804.0,80400.0
2021070504015393,PICL,35,48,112,804.0,90048.0
2021070504015381,PICL,35,39,43,804.0,34572.0
2021070504015380,PICL,10,39,300,804.0,241200.0
2021070504015379,PICL,34,39,157,804.0,126228.0
2021070504015777,PMHPL,58,10,100,272.0,27200.0
2021070504015662,PMHPL,10,45,69,270.0,18630.0
2021070504015661,PMHPL,3,45,14,271.0,3794.0
2021070504015660,PMHPL,59,45,417,271.0,113007.0
2021070504015366,PMHPL,26,10,100,272.0,27200.0
2021070504015365,PMHPL,45,10,290,272.0,78880.0
2021070504015774,PPCL,20,35,60,339.0,20340.0
2021070504015508,PPCL,47,40,490,340.0,166600.0
2021070504015507,PPCL,47,51,10,340.0,3400.0
2021070504015543,PRIN,10,38,130,946.0,122980.0
2021070504015542,PRIN,45,38,70,946.0,66220.0
2021070504015509,PRIN,16,26,25,947.0,23675.0
2021070504015477,PRIN,42,55,30,950.0,28500.0
2021070504015361,PRIN,16,59,100,947.0,94700.0
2021070504015818,RADHI,52,48,18,777.0,13986.0
2021070504015817,RADHI,52,51,31,777.0,24087.0
2021070504015758,RADHI,6,51,19,777.0,14763.0
2021070504015757,RADHI,6,45,131,777.0,101787.0
2021070504015723,RADHI,49,45,19,777.0,14763.0
2021070504015722,RADHI,49,26,11,777.0,8547.0
2021070504015721,RADHI,49,49,20,777.0,15540.0
2021070504015586,RADHI,58,45,100,777.0,77700.0
2021070504015617,RBCL,37,3,10,20300.0,203000.0
2021070504015416,RBCL,36,40,10,20280.0,202800.0
2021070504015735,RHPC,7,57,500,529.0,264500.0
2021070504015683,RHPC,7,49,25,528.0,13200.0
2021070504015616,RHPC,7,49,50,525.0,26250.0
2021070504015512,RHPC,56,4,700,525.0,367500.0
2021070504015511,RHPC,56,45,340,525.0,178500.0
2021070504015835,RHPL,26,36,40,440.0,17600.0
2021070504015753,RHPL,45,36,50,440.0,22000.0
2021070504015752,RHPL,45,45,40,440.0,17600.0
2021070504015751,RHPL,45,34,200,440.0,88000.0
2021070504015750,RHPL,45,7,10,440.0,4400.0
2021070504015749,RHPL,45,8,500,440.0,220000.0
2021070504015748,RHPL,45,35,200,440.0,88000.0
2021070504015568,RHPL,3,22,80,437.0,34960.0
2021070504015454,RHPL,13,54,39,440.0,17160.0
2021070504015453,RHPL,13,29,11,440.0,4840.0
2021070504015363,RHPL,40,29,88,440.0,38720.0
2021070504015634,RRHP,58,36,400,364.0,145600.0
2021070504015633,RRHP,58,34,400,364.0,145600.0
2021070504015632,RRHP,58,49,100,364.0,36400.0
2021070504015631,RRHP,58,45,100,364.0,36400.0
2021070504015630,RRHP,58,53,210,364.0,76440.0
2021070504015816,SAEF,49,58,"50,000",16.35,817500.0
2021070504015732,SAEF,49,58,"50,000",16.35,817500.0
2021070504015727,SAEF,43,58,100,16.4,1640.0
2021070504015519,SAEF,49,58,"50,000",16.35,817500.0
2021070504015780,SEF,43,4,100,13.96,1396.0
2021070504015386,SEF,41,4,100,13.96,1396.0
2021070504015385,SEF,41,41,500,13.9,6950.0
2021070504015689,SGI,53,39,10,710.0,7100.0
2021070504015688,SGI,21,39,25,711.0,17775.0
2021070504015687,SGI,34,39,10,711.0,7110.0
2021070504015686,SGI,58,39,35,712.0,24920.0
2021070504015685,SGI,6,39,20,712.0,14240.0
2021070504015564,SGI,6,36,10,712.0,7120.0
2021070504015450,SGI,6,38,70,712.0,49840.0
2021070504015635,SHL,5,34,100,272.0,27200.0
2021070504015540,SHL,13,42,450,271.0,121950.0
2021070504015539,SHL,13,6,200,271.0,54200.0
2021070504015538,SHL,13,28,100,271.0,27100.0
2021070504015537,SHL,13,41,100,270.0,27000.0
2021070504015536,SHL,13,41,300,270.0,81000.0
2021070504015372,SHL,11,56,500,270.0,135000.0
2021070504015371,SHL,32,56,100,270.0,27000.0
2021070504015370,SHL,13,56,300,270.0,81000.0
2021070504015535,SHL,13,1,500,270.0,135000.0
2021070504015534,SHL,13,34,900,270.0,243000.0
2021070504015392,SHL,32,34,100,270.0,27000.0
2021070504015391,SHL,38,34,100,270.0,27000.0
2021070504015390,SHL,49,34,100,270.0,27000.0
2021070504015389,SHL,11,34,350,270.0,94500.0
2021070504015811,SHPC,8,51,50,476.0,23800.0
2021070504015725,SHPC,42,55,50,477.0,23850.0
2021070504015515,SHPC,17,55,100,477.0,47700.0
2021070504015514,SHPC,17,42,200,477.0,95400.0
2021070504015468,SIC,7,41,30,1327.0,39810.0
2021070504015437,SIC,44,39,69,1325.0,91425.0
2021070504015436,SIC,45,39,13,1325.0,17225.0
2021070504015822,SICL,25,52,66,1946.0,128436.0
2021070504015821,SICL,51,52,30,1947.0,58410.0
2021070504015820,SICL,41,52,25,1948.0,48700.0
2021070504015609,SICL,10,4,13,1945.0,25285.0
2021070504015560,SICL,10,25,"1,587",1945.0,3086715.0
2021070504015559,SICL,25,25,10,1945.0,19450.0
2021070504015520,SICL,45,25,100,1951.0,195100.0
2021070504015415,SICL,11,32,20,1950.0,39000.0
2021070504015414,SICL,36,32,50,1950.0,97500.0
2021070504015413,SICL,54,32,50,1950.0,97500.0
2021070504015552,SICL,55,25,10,1948.0,19480.0
2021070504015551,SICL,59,25,38,1948.0,74024.0
2021070504015524,SICL,59,25,12,1948.0,23376.0
2021070504015523,SICL,20,25,58,1948.0,112984.0
2021070504015522,SICL,34,25,60,1949.0,116940.0
2021070504015521,SICL,45,25,20,1950.0,39000.0
2021070504015558,SICL,8,25,20,1945.0,38900.0
2021070504015557,SICL,44,25,30,1945.0,58350.0
2021070504015556,SICL,14,25,10,1946.0,19460.0
2021070504015555,SICL,19,25,25,1946.0,48650.0
2021070504015554,SICL,51,25,240,1947.0,467280.0
2021070504015553,SICL,33,25,30,1948.0,58440.0
2021070504015829,SIGS2,16,17,"59,900",14.1,844590.0
2021070504015659,SIGS2,41,17,100,14.1,1410.0
2021070504015417,SIGS2,14,54,250,14.0,3500.0
2021070504015832,SIL,17,7,156,1040.0,162240.0
2021070504015831,SIL,53,7,40,1041.0,41640.0
2021070504015713,SIL,53,1,160,1041.0,166560.0
2021070504015712,SIL,8,1,40,1041.0,41640.0
2021070504015614,SIL,51,48,50,1043.0,52150.0
2021070504015584,SIL,57,44,50,1045.0,52250.0
2021070504015513,SIL,45,41,500,1042.0,521000.0
2021070504015409,SIL,51,5,50,1043.0,52150.0
2021070504015654,SJCL,40,22,200,415.0,83000.0
2021070504015591,SPDL,32,37,"2,000",400.0,800000.0
2021070504015550,SPDL,58,38,200,399.0,79800.0
2021070504015549,SPDL,16,42,100,398.0,39800.0
2021070504015548,SPDL,3,42,50,398.0,19900.0
2021070504015547,SPDL,57,42,200,398.0,79600.0
2021070504015546,SPDL,57,42,100,398.0,39800.0
2021070504015423,SPDL,58,42,490,399.0,195510.0
2021070504015852,SSHL,58,32,10,308.0,3080.0
2021070504015719,SSHL,7,32,100,308.0,30800.0
2021070504015637,SSHL,54,32,280,308.0,86240.0
2021070504015636,SSHL,54,45,190,308.0,58520.0
2021070504015439,SSHL,54,36,30,307.0,9210.0
2021070504015814,STC,56,50,10,9999.0,99990.0
2021070504015759,STC,45,45,10,9950.0,99500.0
2021070504015669,STC,37,20,10,9950.0,99500.0
2021070504015471,STC,38,50,10,9980.0,99800.0
2021070504015424,STC,33,55,10,9950.0,99500.0
2021070504015775,TRH,14,19,450,407.0,183150.0
2021070504015718,TRH,14,57,290,407.0,118030.0
2021070504015717,TRH,14,7,100,407.0,40700.0
2021070504015716,TRH,14,17,160,407.0,65120.0
2021070504015578,TRH,34,28,40,405.0,16200.0
2021070504015569,TRH,34,55,300,405.0,121500.0
2021070504015563,TRH,34,55,200,405.0,81000.0
2021070504015698,UIC,25,34,60,713.0,42780.0
2021070504015697,UIC,25,26,50,711.0,35550.0
2021070504015696,UIC,25,57,160,710.0,113600.0
2021070504015695,UIC,25,40,180,709.0,127620.0
2021070504015422,UIC,57,40,100,709.0,70900.0
2021070504015421,UIC,38,40,220,709.0,155980.0
2021070504015720,UMHL,41,55,34,344.0,11696.0
2021070504015612,UMHL,41,53,90,344.0,30960.0
2021070504015611,UMHL,58,53,40,344.0,13760.0
2021070504015610,UMHL,34,53,100,344.0,34400.0
2021070504015376,UMHL,47,21,800,344.0,275200.0
2021070504015375,UMHL,17,45,262,345.0,90390.0
2021070504015374,UMHL,17,58,10,345.0,3450.0
2021070504015373,UMHL,17,21,228,345.0,78660.0
2021070504015577,UMHL,34,44,200,344.0,68800.0
2021070504015576,UMHL,41,44,100,344.0,34400.0
2021070504015378,UMHL,41,21,400,344.0,137600.0
2021070504015377,UMHL,59,21,200,344.0,68800.0
2021070504015826,UNHPL,57,11,500,339.0,169500.0
2021070504015825,UNHPL,1,11,50,339.0,16950.0
2021070504015824,UNHPL,29,11,264,339.0,89496.0
2021070504015810,UNHPL,29,26,236,339.0,80004.0
2021070504015809,UNHPL,57,26,204,339.0,69156.0
2021070504015808,UNHPL,45,26,50,339.0,16950.0
2021070504015642,UNHPL,58,38,100,340.0,34000.0
2021070504015641,UNHPL,57,38,250,341.0,85250.0
2021070504015640,UNHPL,54,38,100,341.0,34100.0
2021070504015562,UNHPL,40,11,177,342.0,60534.0
2021070504015648,UNHPL,50,38,100,340.0,34000.0
2021070504015647,UNHPL,35,38,30,340.0,10200.0
2021070504015646,UNHPL,45,38,100,340.0,34000.0
2021070504015645,UNHPL,45,38,100,340.0,34000.0
2021070504015644,UNHPL,49,38,100,340.0,34000.0
2021070504015643,UNHPL,36,38,225,340.0,76500.0
2021070504015744,UNHPL,45,52,50,339.0,16950.0
2021070504015653,UNHPL,10,38,20,340.0,6800.0
2021070504015652,UNHPL,45,38,100,340.0,34000.0
2021070504015651,UNHPL,38,38,150,340.0,51000.0
2021070504015650,UNHPL,29,38,"1,000",340.0,340000.0
2021070504015649,UNHPL,34,38,500,340.0,170000.0
2021070504015779,UPCL,48,6,115,286.0,32890.0
2021070504015588,UPCL,48,39,40,286.0,11440.0
2021070504015587,UPCL,38,39,60,286.0,17160.0
2021070504015561,UPCL,38,34,70,286.0,20020.0
2021070504015467,UPCL,38,58,20,286.0,5720.0
2021070504015834,UPPER,22,42,40,755.0,30200.0
2021070504015833,UPPER,46,42,25,755.0,18875.0
2021070504015762,UPPER,47,42,200,755.0,151000.0
2021070504015761,UPPER,34,42,100,755.0,75500.0
2021070504015760,UPPER,40,42,10,755.0,7550.0
2021070504015396,UPPER,26,41,83,758.0,62914.0
2021070504015395,UPPER,26,39,367,758.0,278186.0
2021070504015384,UPPER,37,39,100,758.0,75800.0
2021070504015449,UPPER,45,38,52,757.0,39364.0
2021070504015442,UPPER,51,38,10,757.0,7570.0
2021070504015441,UPPER,32,38,15,757.0,11355.0
2021070504015440,UPPER,19,38,50,757.0,37850.0
2021070504015435,UPPER,59,41,40,758.0,30320.0
2021070504015410,UPPER,33,41,100,758.0,75800.0
2021070504015483,UPPER,17,47,"1,000",755.0,755000.0
2021070504015482,UPPER,45,47,20,755.0,15100.0
2021070504015481,UPPER,57,47,20,755.0,15100.0
2021070504015480,UPPER,11,47,500,756.0,378000.0
2021070504015479,UPPER,34,47,100,756.0,75600.0
2021070504015456,UPPER,51,38,10,757.0,7570.0
2021070504015489,UPPER,16,47,200,750.0,150000.0
2021070504015488,UPPER,13,47,20,750.0,15000.0
2021070504015487,UPPER,52,47,20,750.0,15000.0
2021070504015486,UPPER,37,47,100,755.0,75500.0
2021070504015485,UPPER,52,47,50,755.0,37750.0
2021070504015484,UPPER,35,47,35,755.0,26425.0
2021070504015495,UPPER,58,47,10,750.0,7500.0
2021070504015494,UPPER,28,47,50,750.0,37500.0
2021070504015493,UPPER,7,47,300,750.0,225000.0
2021070504015492,UPPER,55,47,300,750.0,225000.0
2021070504015491,UPPER,28,47,50,750.0,37500.0
2021070504015490,UPPER,59,47,40,750.0,30000.0
2021070504015501,UPPER,16,47,50,750.0,37500.0
2021070504015500,UPPER,51,47,110,750.0,82500.0
2021070504015499,UPPER,51,47,20,750.0,15000.0
2021070504015498,UPPER,17,47,100,750.0,75000.0
2021070504015497,UPPER,7,47,38,750.0,28500.0
2021070504015496,UPPER,7,47,50,750.0,37500.0
2021070504015544,UPPER,57,45,40,750.0,30000.0
2021070504015526,UPPER,47,42,200,755.0,151000.0
2021070504015504,UPPER,57,47,267,750.0,200250.0
2021070504015503,UPPER,13,47,50,750.0,37500.0
2021070504015502,UPPER,42,47,500,750.0,375000.0
2021070504015601,UPPER,55,17,500,750.0,375000.0
2021070504015600,UPPER,38,17,10,750.0,7500.0
2021070504015599,UPPER,59,17,83,750.0,62250.0
2021070504015598,UPPER,55,17,300,750.0,225000.0
2021070504015597,UPPER,55,17,100,750.0,75000.0
2021070504015596,UPPER,57,17,193,750.0,144750.0
2021070504015657,UPPER,22,38,163,754.0,122902.0
2021070504015638,UPPER,16,42,50,755.0,37750.0
2021070504015605,UPPER,34,17,134,749.0,100366.0
2021070504015604,UPPER,28,17,100,749.0,74900.0
2021070504015603,UPPER,29,17,30,749.0,22470.0
2021070504015602,UPPER,45,17,50,749.0,37450.0
2021070504015714,UPPER,26,42,100,755.0,75500.0
2021070504015706,UPPER,46,58,117,754.0,88218.0
2021070504015694,UPPER,42,42,"1,000",755.0,755000.0
2021070504015658,UPPER,22,42,137,755.0,103435.0
2021070504015037,AHPC,26,4,170,438.0,74460.0
2021070504015029,AHPC,32,38,100,437.0,43700.0
2021070504015028,AHPC,32,38,"1,500",437.0,655500.0
2021070504015027,AHPC,22,38,10,437.0,4370.0
2021070504015026,AHPC,16,38,390,437.0,170430.0
2021070504014952,AHPC,16,14,110,437.0,48070.0
2021070504014951,AHPC,28,14,10,437.0,4370.0
2021070504015160,AIL,57,42,60,806.0,48360.0
2021070504015151,AIL,57,45,10,806.0,8060.0
2021070504015045,AIL,57,41,50,806.0,40300.0
2021070504015276,AKPL,1,58,439,423.0,185697.0
2021070504015275,AKPL,1,45,275,423.0,116325.0
2021070504015274,AKPL,1,50,13,423.0,5499.0
2021070504015273,AKPL,1,4,200,423.0,84600.0
2021070504015272,AKPL,1,59,73,423.0,30879.0
2021070504015208,AKPL,57,21,10,422.0,4220.0
2021070504015018,AKPL,58,1,50,422.0,21100.0
2021070504015017,AKPL,34,1,137,422.0,57814.0
2021070504014992,AKPL,34,19,63,422.0,26586.0
2021070504014991,AKPL,46,19,177,422.0,74694.0
2021070504014963,AKPL,46,41,25,422.0,10550.0
2021070504015193,AKPL,6,36,30,422.0,12660.0
2021070504015192,AKPL,6,42,480,422.0,202560.0
2021070504015191,AKPL,6,45,100,422.0,42200.0
2021070504015190,AKPL,6,1,220,422.0,92840.0
2021070504015020,AKPL,19,1,20,422.0,8440.0
2021070504015019,AKPL,19,1,30,422.0,12660.0
2021070504015306,API,49,58,200,367.0,73400.0
2021070504015203,API,19,58,600,367.0,220200.0
2021070504015142,API,25,39,24,366.0,8784.0
2021070504015141,API,25,39,26,366.0,9516.0
2021070504015343,BARUN,25,58,69,513.0,35397.0
2021070504015342,BARUN,57,58,300,514.0,154200.0
2021070504015341,BARUN,3,58,250,514.0,128500.0
2021070504015340,BARUN,57,58,30,514.0,15420.0
2021070504015339,BARUN,11,58,89,515.0,45835.0
2021070504015126,BARUN,57,40,10,514.0,5140.0
2021070504014990,BARUN,25,36,360,513.0,184680.0
2021070504014989,BARUN,59,36,640,514.0,328960.0
2021070504014957,BARUN,59,40,10,514.0,5140.0
2021070504015329,BPCL,52,48,200,505.0,101000.0
2021070504015328,BPCL,48,48,250,505.0,126250.0
2021070504015288,BPCL,13,48,50,505.0,25250.0
2021070504015240,BPCL,13,34,400,505.0,202000.0
2021070504014941,BPCL,13,28,13,505.0,6565.0
2021070504015080,BPCL,45,34,50,505.0,25250.0
2021070504015079,BPCL,41,34,100,505.0,50500.0
2021070504015078,BPCL,42,34,20,505.0,10100.0
2021070504015077,BPCL,38,34,300,505.0,151500.0
2021070504015076,BPCL,13,52,660,505.0,333300.0
2021070504015086,BPCL,49,34,100,505.0,50500.0
2021070504015085,BPCL,58,34,10,505.0,5050.0
2021070504015084,BPCL,58,34,100,505.0,50500.0
2021070504015083,BPCL,45,34,20,505.0,10100.0
2021070504015082,BPCL,42,34,150,505.0,75750.0
2021070504015081,BPCL,46,34,100,505.0,50500.0
2021070504015235,BPCL,45,34,50,505.0,25250.0
2021070504015152,BPCL,34,34,40,505.0,20200.0
2021070504015149,BPCL,57,34,50,505.0,25250.0
2021070504015113,BPCL,25,34,10,505.0,5050.0
2021070504015229,CGH,7,33,10,1556.0,15560.0
2021070504015048,CGH,7,21,30,1556.0,46680.0
2021070504015047,CGH,17,21,70,1557.0,108990.0
2021070504015335,CHCL,25,8,100,650.0,65000.0
2021070504015313,CHCL,25,50,10,650.0,6500.0
2021070504015312,CHCL,11,50,15,650.0,9750.0
2021070504015284,CHCL,11,10,285,650.0,185250.0
2021070504015283,CHCL,49,10,15,650.0,9750.0
2021070504015155,CHCL,49,50,30,650.0,19500.0
2021070504015154,CHCL,16,50,70,650.0,45500.0
2021070504015032,CHCL,10,43,100,650.0,65000.0
2021070504014959,CHL,3,34,100,453.0,45300.0
2021070504015296,CMF1,33,25,"6,300",12.43,78309.0
2021070504015295,CMF1,33,29,"1,000",12.42,12420.0
2021070504015294,CMF1,33,6,"10,000",12.42,124200.0
2021070504015293,CMF1,33,51,300,12.41,3723.0
2021070504015292,CMF1,33,10,500,12.4,6200.0
2021070504015291,CMF1,33,42,800,12.4,9920.0
2021070504015290,CMF1,33,17,"1,000",12.4,12400.0
2021070504015289,CMF1,33,49,100,12.35,1235.0
2021070504015177,DHPL,35,42,10,258.0,2580.0
2021070504015278,EIC,44,57,500,745.0,372500.0
2021070504015031,EIC,51,13,40,744.0,29760.0
2021070504014961,EIC,51,20,400,744.0,297600.0
2021070504014940,EIC,6,20,50,745.0,37250.0
2021070504014939,EIC,52,20,100,745.0,74500.0
2021070504014938,EIC,32,20,50,745.0,37250.0
2021070504015158,GHL,22,45,50,278.0,13900.0
2021070504015153,GIC,16,56,50,688.0,34400.0
2021070504015051,GIC,16,42,10,688.0,6880.0
2021070504015044,GIC,16,48,100,688.0,68800.0
2021070504014966,GIC,16,47,10,688.0,6880.0
2021070504015238,GLH,22,52,10,353.0,3530.0
2021070504015228,GLH,22,6,990,353.0,349470.0
2021070504015227,GLH,35,6,10,353.0,3530.0
2021070504015163,GLH,45,49,40,354.0,14160.0
2021070504015162,GLH,45,55,10,354.0,3540.0
2021070504015022,GLH,35,36,70,353.0,24710.0
2021070504015013,GLH,35,52,10,353.0,3530.0
2021070504015338,HDHPC,55,1,800,266.0,212800.0
2021070504015337,HDHPC,55,11,200,266.0,53200.0
2021070504015331,HDHPC,25,8,55,265.0,14575.0
2021070504015221,HDHPC,25,52,314,265.0,83210.0
2021070504015220,HDHPC,17,52,150,265.0,39750.0
2021070504015219,HDHPC,45,52,36,265.0,9540.0
2021070504015127,HDHPC,33,34,890,266.0,236740.0
2021070504015089,HDHPC,33,8,50,266.0,13300.0
2021070504015009,HDHPC,33,14,60,266.0,15960.0
2021070504015133,HDHPC,33,34,50,265.0,13250.0
2021070504015132,HDHPC,1,34,100,265.0,26500.0
2021070504015131,HDHPC,42,34,"1,000",265.0,265000.0
2021070504015130,HDHPC,49,34,50,265.0,13250.0
2021070504015129,HDHPC,58,34,56,265.0,14840.0
2021070504015128,HDHPC,14,34,50,266.0,13300.0
2021070504015139,HDHPC,45,34,64,265.0,16960.0
2021070504015138,HDHPC,57,34,40,265.0,10600.0
2021070504015137,HDHPC,21,34,"1,000",265.0,265000.0
2021070504015136,HDHPC,51,34,300,265.0,79500.0
2021070504015135,HDHPC,35,34,100,265.0,26500.0
2021070504015134,HDHPC,34,34,300,265.0,79500.0
2021070504014950,HPPL,20,57,51,404.0,20604.0
2021070504015069,HURJA,1,11,200,341.0,68200.0
2021070504014949,IGI,17,21,24,1197.0,28728.0
2021070504014948,IGI,56,21,100,1198.0,119800.0
2021070504015223,IGI,48,48,1,1174.0,1174.0
2021070504015201,JOSHI,25,53,150,272.0,40800.0
2021070504015299,KKHC,42,49,70,257.0,17990.0
2021070504015161,KPCL,10,53,490,425.0,208250.0
2021070504015212,KPCL,10,26,300,425.0,127500.0
2021070504015196,LGIL,10,36,300,773.0,231900.0
2021070504015115,LGIL,43,5,50,774.0,38700.0
2021070504015057,LGIL,10,41,10,773.0,7730.0
2021070504015056,LGIL,10,33,50,773.0,38650.0
2021070504015055,LGIL,10,26,100,773.0,77300.0
2021070504015314,MHNL,3,21,40,314.0,12560.0
2021070504015308,MHNL,11,36,60,314.0,18840.0
2021070504015307,MHNL,59,36,40,314.0,12560.0
2021070504015195,MHNL,59,17,100,314.0,31400.0
2021070504015050,MHNL,36,6,50,315.0,15750.0
2021070504015049,MHNL,48,6,20,315.0,6300.0
2021070504015231,NEF,20,7,"4,900",14.25,69825.0
2021070504015117,NEF,45,39,"1,017",14.3,14543.1
2021070504015040,NEF,45,44,241,14.3,3446.3
2021070504015039,NEF,45,6,742,14.3,10610.6
2021070504015016,NEF,45,6,258,14.3,3689.4
2021070504015015,NEF,45,41,"1,545",14.3,22093.5
2021070504015014,NEF,45,47,197,14.3,2817.1
2021070504015012,NGPL,58,1,332,447.0,148404.0
2021070504015011,NGPL,58,1,768,448.0,344064.0
2021070504014958,NGPL,51,43,78,449.0,35022.0
2021070504014947,NGPL,58,53,200,448.0,89600.0
2021070504015174,NHDL,41,53,95,406.0,38570.0
2021070504015173,NHDL,20,53,20,406.0,8120.0
2021070504015172,NHDL,14,53,85,407.0,34595.0
2021070504014988,NHDL,14,28,415,407.0,168905.0
2021070504014987,NHDL,36,28,10,407.0,4070.0
2021070504014986,NHDL,47,28,90,408.0,36720.0
2021070504014979,NHDL,37,28,100,410.0,41000.0
2021070504014978,NHDL,4,28,20,410.0,8200.0
2021070504014977,NHDL,38,28,75,410.0,30750.0
2021070504014985,NHDL,13,28,100,408.0,40800.0
2021070504014984,NHDL,47,28,20,410.0,8200.0
2021070504014983,NHDL,45,28,100,410.0,41000.0
2021070504014982,NHDL,49,28,30,410.0,12300.0
2021070504014981,NHDL,38,28,20,410.0,8200.0
2021070504014980,NHDL,58,28,20,410.0,8200.0
2021070504015352,NHPC,26,6,"1,000",305.0,305000.0
2021070504015351,NHPC,57,6,250,305.0,76250.0
2021070504015350,NHPC,46,6,200,305.0,61000.0
2021070504015349,NHPC,38,6,50,305.0,15250.0
2021070504015348,NHPC,53,6,500,305.0,152500.0
2021070504015347,NHPC,13,6,"1,000",305.0,305000.0
2021070504014853,NHPC,1,10,200,306.0,61200.0
2021070504015036,NHPC,41,10,250,306.0,76500.0
2021070504015021,NHPC,38,10,12,306.0,3672.0
2021070504014964,NHPC,47,10,100,306.0,30600.0
2021070504014856,NHPC,58,10,20,306.0,6120.0
2021070504014855,NHPC,14,10,320,306.0,97920.0
2021070504014854,NHPC,49,10,60,306.0,18360.0
2021070504015097,NHPC,59,39,70,305.0,21350.0
2021070504015096,NHPC,7,39,25,305.0,7625.0
2021070504015095,NHPC,41,39,10,305.0,3050.0
2021070504015094,NHPC,40,39,164,305.0,50020.0
2021070504015043,NHPC,40,59,500,305.0,152500.0
2021070504015041,NHPC,11,10,30,306.0,9180.0
2021070504015103,NHPC,28,39,50,305.0,15250.0
2021070504015102,NHPC,57,39,400,305.0,122000.0
2021070504015101,NHPC,45,39,100,305.0,30500.0
2021070504015100,NHPC,4,39,15,305.0,4575.0
2021070504015099,NHPC,57,39,50,305.0,15250.0
2021070504015098,NHPC,49,39,50,305.0,15250.0
2021070504015109,NHPC,45,39,50,305.0,15250.0
2021070504015108,NHPC,47,39,100,305.0,30500.0
2021070504015107,NHPC,26,39,200,305.0,61000.0
2021070504015106,NHPC,41,39,250,305.0,76250.0
2021070504015105,NHPC,50,39,100,305.0,30500.0
2021070504015104,NHPC,52,39,200,305.0,61000.0
2021070504015121,NHPC,56,57,100,305.0,30500.0
2021070504015120,NHPC,39,57,50,305.0,15250.0
2021070504015119,NHPC,52,57,64,305.0,19520.0
2021070504015112,NHPC,52,39,36,305.0,10980.0
2021070504015111,NHPC,21,39,30,305.0,9150.0
2021070504015110,NHPC,4,39,100,305.0,30500.0
2021070504015186,NHPC,50,34,14,305.0,4270.0
2021070504015156,NHPC,28,10,"1,000",306.0,306000.0
2021070504015148,NHPC,50,54,50,305.0,15250.0
2021070504015124,NHPC,50,57,136,305.0,41480.0
2021070504015123,NHPC,32,57,200,305.0,61000.0
2021070504015122,NHPC,39,57,50,305.0,15250.0
2021070504015244,NHPC,43,26,214,305.0,65270.0
2021070504015243,NHPC,54,10,500,306.0,153000.0
2021070504015239,NHPC,38,10,"1,500",306.0,459000.0
2021070504015189,NHPC,43,34,286,305.0,87230.0
2021070504015188,NHPC,4,34,500,305.0,152500.0
2021070504015187,NHPC,6,34,200,305.0,61000.0
2021070504015250,NHPC,40,26,200,305.0,61000.0
2021070504015249,NHPC,51,26,100,305.0,30500.0
2021070504015248,NHPC,45,26,200,305.0,61000.0
2021070504015247,NHPC,21,26,650,305.0,198250.0
2021070504015246,NHPC,34,26,50,305.0,15250.0
2021070504015245,NHPC,14,26,20,305.0,6100.0
2021070504015256,NHPC,55,26,18,305.0,5490.0
2021070504015255,NHPC,17,26,20,305.0,6100.0
2021070504015254,NHPC,29,26,100,305.0,30500.0
2021070504015253,NHPC,32,26,100,305.0,30500.0
2021070504015252,NHPC,17,26,50,305.0,15250.0
2021070504015251,NHPC,21,26,15,305.0,4575.0
2021070504015262,NHPC,41,26,50,305.0,15250.0
2021070504015261,NHPC,38,26,50,305.0,15250.0
2021070504015260,NHPC,41,26,100,305.0,30500.0
2021070504015259,NHPC,54,26,10,305.0,3050.0
2021070504015258,NHPC,45,26,200,305.0,61000.0
2021070504015257,NHPC,52,26,900,305.0,274500.0
2021070504015268,NHPC,5,26,300,305.0,91500.0
2021070504015267,NHPC,13,26,100,305.0,30500.0
2021070504015266,NHPC,42,26,50,305.0,15250.0
2021070504015265,NHPC,58,26,100,305.0,30500.0
2021070504015264,NHPC,36,26,20,305.0,6100.0
2021070504015263,NHPC,16,26,100,305.0,30500.0
2021070504015310,NHPC,53,52,147,305.0,44835.0
2021070504015298,NHPC,53,43,353,305.0,107665.0
2021070504015297,NHPC,51,43,147,305.0,44835.0
2021070504015271,NHPC,51,26,153,305.0,46665.0
2021070504015270,NHPC,49,26,100,305.0,30500.0
2021070504015269,NHPC,33,26,30,305.0,9150.0
2021070504015346,NHPC,48,6,100,305.0,30500.0
2021070504015345,NHPC,49,6,100,305.0,30500.0
2021070504015344,NHPC,48,6,347,305.0,105835.0
2021070504015332,NHPC,48,59,200,305.0,61000.0
2021070504015330,NHPC,48,14,100,305.0,30500.0
2021070504015311,NHPC,48,52,353,305.0,107665.0
2021070504015336,NIBSF1,52,22,"15,000",14.32,214800.0
2021070504015053,NICBF,16,4,"1,250",13.52,16900.0
2021070504015052,NICBF,34,4,"4,750",13.52,64220.0
2021070504015226,NICL,50,25,10,1087.0,10870.0
2021070504015207,NICL,6,43,62,1087.0,67394.0
2021070504015206,NICL,6,26,18,1086.0,19548.0
2021070504015185,NICL,32,58,58,1080.0,62640.0
2021070504015184,NICL,57,58,20,1081.0,21620.0
2021070504015183,NICL,42,58,12,1081.0,12972.0
2021070504014973,NICL,42,43,20,1081.0,21620.0
2021070504014962,NICL,42,34,20,1080.0,21600.0
2021070504014960,NICL,22,34,100,1079.0,107900.0
2021070504014937,NICL,36,34,100,1079.0,107900.0
2021070504014997,NICL,17,57,20,1078.0,21560.0
2021070504014996,NICL,6,57,200,1078.0,215600.0
2021070504014995,NICL,57,57,100,1078.0,107800.0
2021070504014994,NICL,3,57,100,1079.0,107900.0
2021070504014993,NICL,38,57,50,1079.0,53950.0
2021070504014974,NICL,5,43,10,1080.0,10800.0
2021070504015003,NICL,21,57,21,1078.0,22638.0
2021070504015002,NICL,55,57,50,1078.0,53900.0
2021070504015001,NICL,18,57,20,1078.0,21560.0
2021070504015000,NICL,52,57,100,1078.0,107800.0
2021070504014999,NICL,38,57,100,1078.0,107800.0
2021070504014998,NICL,34,57,50,1078.0,53900.0
2021070504015182,NICL,4,58,10,1081.0,10810.0
2021070504015116,NICL,10,13,200,1081.0,216200.0
2021070504015093,NICL,32,46,120,1080.0,129600.0
2021070504015092,NICL,6,46,70,1080.0,75600.0
2021070504015091,NICL,56,46,10,1080.0,10800.0
2021070504015010,NICL,6,43,70,1080.0,75600.0
2021070504015305,NIL,38,43,20,1357.0,27140.0
2021070504015205,NIL,41,43,50,1357.0,67850.0
2021070504015176,NIL,42,42,10,1356.0,13560.0
2021070504015025,NIL,42,20,40,1356.0,54240.0
2021070504015024,NIL,53,20,140,1357.0,189980.0
2021070504015023,NIL,43,20,20,1358.0,27160.0
2021070504014946,NIL,43,43,80,1358.0,108640.0
2021070504014945,NIL,10,43,100,1358.0,135800.0
2021070504014944,NIL,42,43,70,1358.0,95060.0
2021070504015286,NLG,59,44,217,1266.0,274722.0
2021070504015285,NLG,41,44,400,1267.0,506800.0
2021070504014970,NLG,53,57,20,1267.0,25340.0
2021070504014969,NLG,59,57,300,1267.0,380100.0
2021070504014968,NLG,21,57,49,1267.0,62083.0
2021070504014967,NLG,55,57,100,1267.0,126700.0
2021070504015061,NLG,46,44,30,1266.0,37980.0
2021070504015060,NLG,25,44,"1,500",1266.0,1899000.0
2021070504015059,NLG,59,44,"1,000",1266.0,1266000.0
2021070504015058,NLG,58,44,150,1266.0,189900.0
2021070504015046,NLG,17,57,97,1267.0,122899.0
2021070504014971,NLG,52,57,31,1267.0,39277.0
2021070504015067,NLG,47,44,50,1265.0,63250.0
2021070504015066,NLG,34,44,20,1265.0,25300.0
2021070504015065,NLG,36,44,100,1265.0,126500.0
2021070504015064,NLG,1,44,20,1265.0,25300.0
2021070504015063,NLG,39,44,25,1265.0,31625.0
2021070504015062,NLG,28,44,11,1265.0,13915.0
2021070504015068,NLG,37,44,94,1265.0,118910.0
2021070504015230,NLG,41,58,100,1267.0,126700.0
2021070504015145,NLG,59,34,83,1266.0,105078.0
2021070504015304,OHL,58,21,259,715.0,185185.0
2021070504015303,OHL,58,35,42,715.0,30030.0
2021070504015302,OHL,58,20,63,715.0,45045.0
2021070504015301,OHL,58,48,100,715.0,71500.0
2021070504015300,OHL,58,45,300,712.0,213600.0
2021070504015194,OHL,58,19,25,708.0,17700.0
2021070504015075,OHL,58,46,100,708.0,70800.0
2021070504015074,OHL,58,44,111,708.0,78588.0
2021070504014956,PIC,8,45,200,1195.0,239000.0
2021070504015287,RADHI,42,45,20,777.0,15540.0
2021070504015218,RADHI,6,45,100,777.0,77700.0
2021070504015204,RADHI,14,45,80,777.0,62160.0
2021070504015157,RADHI,57,45,10,777.0,7770.0
2021070504015090,RBCL,58,6,10,20305.0,203050.0
2021070504015114,RHPC,7,56,80,524.0,41920.0
2021070504015038,RHPC,43,56,10,524.0,5240.0
2021070504015034,RHPC,7,56,10,524.0,5240.0
2021070504015033,RHPC,7,53,490,524.0,256760.0
2021070504014953,RHPC,43,53,10,524.0,5240.0
2021070504014943,RHPC,7,57,400,521.0,208400.0
2021070504014942,RHPC,39,57,100,521.0,52100.0
2021070504015170,RHPL,40,54,40,439.0,17560.0
2021070504015169,RHPL,40,6,100,439.0,43900.0
2021070504015168,RHPL,40,57,500,439.0,219500.0
2021070504015167,RHPL,40,55,40,439.0,17560.0
2021070504015166,RHPL,40,48,363,438.0,158994.0
2021070504015165,RHPL,40,16,69,438.0,30222.0
2021070504015164,RHPL,40,59,800,438.0,350400.0
2021070504015150,RHPL,3,38,500,437.0,218500.0
2021070504014965,RHPL,58,59,200,438.0,87600.0
2021070504015140,RRHP,34,50,50,364.0,18200.0
2021070504015181,SFMF,41,47,100,15.67,1567.0
2021070504015282,SGI,21,40,10,711.0,7110.0
2021070504015222,SHL,13,45,200,270.0,54000.0
2021070504015200,SHPC,19,55,109,477.0,51993.0
2021070504015199,SHPC,19,41,14,477.0,6678.0
2021070504015198,SHPC,19,28,377,477.0,179829.0
2021070504015125,SHPC,33,28,200,477.0,95400.0
2021070504015175,SIC,38,1,100,1326.0,132600.0
2021070504015147,SIC,41,39,10,1326.0,13260.0
2021070504015146,SIC,10,39,46,1326.0,60996.0
2021070504015118,SIC,10,19,50,1326.0,66300.0
2021070504015327,SICL,20,25,192,1948.0,374016.0
2021070504015326,SICL,14,25,10,1949.0,19490.0
2021070504015325,SICL,22,25,26,1949.0,50674.0
2021070504015324,SICL,42,25,10,1950.0,19500.0
2021070504015323,SICL,45,25,10,1950.0,19500.0
2021070504015322,SICL,45,25,30,1950.0,58500.0
2021070504015232,SICL,43,32,19,1951.0,37069.0
2021070504015030,SICL,17,32,150,1951.0,292650.0
2021070504014954,SICL,6,45,10,1951.0,19510.0
2021070504015321,SICL,34,25,25,1950.0,48750.0
2021070504015320,SICL,44,25,50,1950.0,97500.0
2021070504015319,SICL,50,25,97,1950.0,189150.0
2021070504015318,SICL,58,25,50,1952.0,97600.0
2021070504015234,SICL,42,32,50,1951.0,97550.0
2021070504015233,SICL,45,32,50,1951.0,97550.0
2021070504015144,SIL,58,42,90,1044.0,93960.0
2021070504015143,SIL,58,54,100,1044.0,104400.0
2021070504014972,SJCL,16,17,100,416.0,41600.0
2021070504014936,SJCL,40,11,255,415.0,105825.0
2021070504014935,SJCL,26,11,10,415.0,4150.0
2021070504014934,SJCL,25,11,35,415.0,14525.0
2021070504015309,SPDL,45,37,10,400.0,4000.0
2021070504015171,SPDL,26,37,200,400.0,80000.0
2021070504015224,SSHL,45,36,160,307.0,49120.0
2021070504015217,SSHL,53,36,200,307.0,61400.0
2021070504015216,SSHL,53,36,300,307.0,92100.0
2021070504015215,SSHL,19,36,100,307.0,30700.0
2021070504015214,SSHL,25,36,150,307.0,46050.0
2021070504015213,SSHL,39,36,"4,910",307.0,1507370.0
2021070504015197,STC,41,57,20,9944.0,198880.0
2021070504015073,STC,56,38,10,9930.0,99300.0
2021070504015072,STC,56,5,10,9920.0,99200.0
2021070504015054,STC,37,5,10,9920.0,99200.0
2021070504015035,STC,38,43,10,9920.0,99200.0
2021070504014976,TRH,34,45,10,405.0,4050.0
2021070504014975,TRH,49,45,90,405.0,36450.0
2021070504015242,UIC,49,57,40,710.0,28400.0
2021070504015225,UIC,49,16,10,710.0,7100.0
2021070504015317,UMHL,47,55,200,344.0,68800.0
2021070504015211,UMHL,41,49,46,344.0,15824.0
2021070504015210,UMHL,36,49,50,344.0,17200.0
2021070504015209,UMHL,39,49,254,344.0,87376.0
2021070504015005,UMHL,6,21,200,345.0,69000.0
2021070504015004,UMHL,49,21,572,345.0,197340.0
2021070504015087,UMRH,29,52,10,486.0,4860.0
2021070504015042,UMRH,41,45,10,487.0,4870.0
2021070504015159,UNHPL,40,50,23,342.0,7866.0
2021070504014955,UNHPL,54,50,27,342.0,9234.0
2021070504015241,UPCL,26,34,930,287.0,266910.0
2021070504015237,UPCL,26,34,40,287.0,11480.0
2021070504015236,UPCL,26,41,30,287.0,8610.0
2021070504015008,UPCL,33,41,170,287.0,48790.0
2021070504015007,UPCL,33,6,30,286.0,8580.0
2021070504015334,UPPER,34,39,20,758.0,15160.0
2021070504015333,UPPER,8,39,13,758.0,9854.0
2021070504015316,UPPER,25,39,180,759.0,136620.0
2021070504015315,UPPER,25,55,20,759.0,15180.0
2021070504015281,UPPER,8,59,87,758.0,65946.0
2021070504015280,UPPER,8,59,50,758.0,37900.0
2021070504014858,UPPER,52,55,70,759.0,53130.0
2021070504014857,UPPER,52,22,30,758.0,22740.0
2021070504014864,UPPER,41,47,20,755.0,15100.0
2021070504014863,UPPER,49,47,30,755.0,22650.0
2021070504014862,UPPER,10,47,37,755.0,27935.0
2021070504014861,UPPER,46,47,10,756.0,7560.0
2021070504014860,UPPER,20,47,522,756.0,394632.0
2021070504014859,UPPER,45,47,20,756.0,15120.0
2021070504014870,UPPER,38,47,28,755.0,21140.0
2021070504014869,UPPER,45,47,10,755.0,7550.0
2021070504014868,UPPER,57,47,500,755.0,377500.0
2021070504014867,UPPER,21,47,30,755.0,22650.0
2021070504014866,UPPER,58,47,20,755.0,15100.0
2021070504014865,UPPER,58,47,50,755.0,37750.0
2021070504014876,UPPER,48,47,100,751.0,75100.0
2021070504014875,UPPER,45,47,100,752.0,75200.0
2021070504014874,UPPER,56,47,16,752.0,12032.0
2021070504014873,UPPER,55,47,100,752.0,75200.0
2021070504014872,UPPER,49,47,500,753.0,376500.0
2021070504014871,UPPER,14,47,50,754.0,37700.0
2021070504014882,UPPER,57,47,460,750.0,345000.0
2021070504014881,UPPER,33,47,200,751.0,150200.0
2021070504014880,UPPER,18,47,500,751.0,375500.0
2021070504014879,UPPER,29,47,100,751.0,75100.0
2021070504014878,UPPER,29,47,100,751.0,75100.0
2021070504014877,UPPER,45,47,100,751.0,75100.0
2021070504014888,UPPER,4,47,10,750.0,7500.0
2021070504014887,UPPER,57,47,50,750.0,37500.0
2021070504014886,UPPER,32,47,200,750.0,150000.0
2021070504014885,UPPER,51,47,10,750.0,7500.0
2021070504014884,UPPER,33,47,100,750.0,75000.0
2021070504014883,UPPER,41,47,100,750.0,75000.0
2021070504014894,UPPER,41,47,20,750.0,15000.0
2021070504014893,UPPER,55,47,15,750.0,11250.0
2021070504014892,UPPER,25,47,20,750.0,15000.0
2021070504014891,UPPER,58,47,60,750.0,45000.0
2021070504014890,UPPER,49,47,20,750.0,15000.0
2021070504014889,UPPER,57,47,10,750.0,7500.0
2021070504014900,UPPER,50,47,100,750.0,75000.0
2021070504014899,UPPER,55,47,10,750.0,7500.0
2021070504014898,UPPER,54,47,20,750.0,15000.0
2021070504014897,UPPER,48,47,80,750.0,60000.0
2021070504014896,UPPER,57,47,20,750.0,15000.0
2021070504014895,UPPER,45,47,50,750.0,37500.0
2021070504014906,UPPER,21,47,50,750.0,37500.0
2021070504014905,UPPER,22,47,300,750.0,225000.0
2021070504014904,UPPER,41,47,100,750.0,75000.0
2021070504014903,UPPER,45,47,50,750.0,37500.0
2021070504014902,UPPER,36,47,10,750.0,7500.0
2021070504014901,UPPER,16,47,500,750.0,375000.0
2021070504014912,UPPER,57,47,25,750.0,18750.0
2021070504014911,UPPER,44,47,300,750.0,225000.0
2021070504014910,UPPER,45,47,200,750.0,150000.0
2021070504014909,UPPER,52,47,100,750.0,75000.0
2021070504014908,UPPER,38,47,10,750.0,7500.0
2021070504014907,UPPER,45,47,20,750.0,15000.0
2021070504014918,UPPER,57,47,67,750.0,50250.0
2021070504014917,UPPER,35,47,500,750.0,375000.0
2021070504014916,UPPER,38,47,200,750.0,150000.0
2021070504014915,UPPER,49,47,"1,000",750.0,750000.0
2021070504014914,UPPER,50,47,30,750.0,22500.0
2021070504014913,UPPER,41,47,25,750.0,18750.0
2021070504014924,UPPER,22,47,200,750.0,150000.0
2021070504014923,UPPER,14,47,200,750.0,150000.0
2021070504014922,UPPER,36,47,48,750.0,36000.0
2021070504014921,UPPER,39,47,200,750.0,150000.0
2021070504014920,UPPER,51,47,30,750.0,22500.0
2021070504014919,UPPER,34,47,100,750.0,75000.0
2021070504014930,UPPER,35,47,10,750.0,7500.0
2021070504014929,UPPER,57,47,200,750.0,150000.0
2021070504014928,UPPER,28,47,100,750.0,75000.0
2021070504014927,UPPER,3,47,100,750.0,75000.0
2021070504014926,UPPER,38,47,100,750.0,75000.0
2021070504014925,UPPER,42,47,10,750.0,7500.0
2021070504015006,UPPER,51,20,40,758.0,30320.0
2021070504014933,UPPER,26,47,657,750.0,492750.0
2021070504014932,UPPER,41,47,20,750.0,15000.0
2021070504014931,UPPER,49,47,"4,000",750.0,3000000.0
2021070504015179,UPPER,48,36,850,758.0,644300.0
2021070504015178,UPPER,6,36,50,758.0,37900.0
2021070504015088,UPPER,58,36,100,758.0,75800.0
2021070504015071,UPPER,34,45,30,758.0,22740.0
2021070504015070,UPPER,51,45,10,758.0,7580.0
2021070504015279,UPPER,48,59,63,758.0,47754.0
2021070504015277,UPPER,22,55,90,759.0,68310.0
2021070504015202,UPPER,48,42,72,758.0,54576.0
2021070504015180,UPPER,48,44,15,758.0,11370.0
2021070504014806,AHPC,45,4,200,438.0,87600.0
2021070504014805,AHPC,41,4,500,438.0,219000.0
2021070504014804,AHPC,5,4,130,438.0,56940.0
2021070504014717,AHPC,26,57,250,439.0,109750.0
2021070504014550,AIL,57,41,300,806.0,241800.0
2021070504014388,AIL,57,45,20,806.0,16120.0
2021070504014803,AKPL,46,34,100,422.0,42200.0
2021070504014697,AKPL,46,14,158,422.0,66676.0
2021070504014696,AKPL,8,14,20,422.0,8440.0
2021070504014695,AKPL,56,14,500,422.0,211000.0
2021070504014694,AKPL,32,14,322,422.0,135884.0
2021070504014594,AKPL,32,45,500,422.0,211000.0
2021070504014841,API,21,42,51,367.0,18717.0
2021070504014747,API,57,42,300,367.0,110100.0
2021070504014746,API,58,42,250,367.0,91750.0
2021070504014745,API,25,42,200,367.0,73400.0
2021070504014744,API,32,42,500,367.0,183500.0
2021070504014743,API,40,42,20,367.0,7340.0
2021070504014742,API,49,42,85,367.0,31195.0
2021070504014741,API,40,42,30,367.0,11010.0
2021070504014740,API,45,42,64,367.0,23488.0
2021070504014733,API,45,33,200,368.0,73600.0
2021070504014565,API,45,11,100,367.0,36700.0
2021070504014843,BARUN,59,1,150,514.0,77100.0
2021070504014842,BARUN,39,1,100,514.0,51400.0
2021070504014614,BBC,28,8,10,5879.0,58790.0
2021070504014834,BPCL,40,59,39,506.0,19734.0
2021070504014802,BPCL,13,52,323,505.0,163115.0
2021070504014801,BPCL,34,52,100,505.0,50500.0
2021070504014800,BPCL,4,52,200,505.0,101000.0
2021070504014799,BPCL,51,52,100,505.0,50500.0
2021070504014798,BPCL,53,52,100,505.0,50500.0
2021070504014363,BPCL,52,48,200,506.0,101200.0
2021070504014362,BPCL,51,48,50,506.0,25300.0
2021070504014361,BPCL,57,48,200,506.0,101200.0
2021070504014360,BPCL,58,48,137,506.0,69322.0
2021070504014504,BPCL,13,59,61,506.0,30866.0
2021070504014503,BPCL,13,48,39,506.0,19734.0
2021070504014471,BPCL,42,48,150,506.0,75900.0
2021070504014459,BPCL,39,48,100,506.0,50600.0
2021070504014416,BPCL,21,48,84,506.0,42504.0
2021070504014399,BPCL,51,48,40,506.0,20240.0
2021070504014608,BPCL,49,57,13,505.0,6565.0
2021070504014558,BPCL,49,48,90,505.0,45450.0
2021070504014557,BPCL,11,48,10,505.0,5050.0
2021070504014556,BPCL,50,48,200,505.0,101000.0
2021070504014555,BPCL,59,48,30,505.0,15150.0
2021070504014509,BPCL,21,59,100,506.0,50600.0
2021070504014797,BPCL,40,52,100,505.0,50500.0
2021070504014796,BPCL,58,52,30,505.0,15150.0
2021070504014795,BPCL,49,52,47,505.0,23735.0
2021070504014734,BPCL,17,59,100,506.0,50600.0
2021070504014673,BPCL,51,59,200,506.0,101200.0
2021070504014615,BPCL,49,45,50,505.0,25250.0
2021070504014444,CHCL,35,36,15,651.0,9765.0
2021070504014400,CHCL,10,37,100,650.0,65000.0
2021070504014814,CHL,58,44,299,452.0,135148.0
2021070504014813,CHL,32,44,"1,000",452.0,452000.0
2021070504014812,CHL,40,44,100,453.0,45300.0
2021070504014790,CHL,41,32,200,457.0,91400.0
2021070504014712,CHL,57,36,500,453.0,226500.0
2021070504014711,CHL,55,36,200,453.0,90600.0
2021070504014467,CHL,29,55,12,457.0,5484.0
2021070504014411,CHL,29,58,28,457.0,12796.0
2021070504014410,CHL,26,58,500,457.0,228500.0
2021070504014409,CHL,56,58,472,457.0,215704.0
2021070504014494,CHL,49,58,50,455.0,22750.0
2021070504014493,CHL,57,58,30,455.0,13650.0
2021070504014492,CHL,55,58,100,456.0,45600.0
2021070504014491,CHL,58,58,500,456.0,228000.0
2021070504014490,CHL,45,58,300,457.0,137100.0
2021070504014489,CHL,51,58,10,457.0,4570.0
2021070504014500,CHL,55,58,200,454.0,90800.0
2021070504014499,CHL,58,58,12,455.0,5460.0
2021070504014498,CHL,57,58,250,455.0,113750.0
2021070504014497,CHL,14,58,200,455.0,91000.0
2021070504014496,CHL,55,58,200,455.0,91000.0
2021070504014495,CHL,40,58,300,455.0,136500.0
2021070504014704,CHL,32,36,500,454.0,227000.0
2021070504014703,CHL,55,36,300,454.0,136200.0
2021070504014702,CHL,4,36,320,454.0,145280.0
2021070504014701,CHL,41,36,60,456.0,27360.0
2021070504014610,CHL,41,50,40,456.0,18240.0
2021070504014501,CHL,4,58,680,454.0,308720.0
2021070504014710,CHL,32,36,100,453.0,45300.0
2021070504014709,CHL,45,36,100,453.0,45300.0
2021070504014708,CHL,6,36,200,453.0,90600.0
2021070504014707,CHL,46,36,10,453.0,4530.0
2021070504014706,CHL,55,36,100,454.0,45400.0
2021070504014705,CHL,49,36,10,454.0,4540.0
2021070504014464,CMF1,50,6,"1,600",12.3,19680.0
2021070504014576,CMF2,48,35,"18,100",13.24,239644.0
2021070504014575,CMF2,48,17,"2,000",13.24,26480.0
2021070504014574,CMF2,48,49,"2,000",13.24,26480.0
2021070504014573,CMF2,48,42,500,13.2,6600.0
2021070504014572,CMF2,48,10,500,13.2,6600.0
2021070504014571,CMF2,48,13,500,13.2,6600.0
2021070504014570,CMF2,48,36,"2,000",13.15,26300.0
2021070504014569,CMF2,48,34,200,13.15,2630.0
2021070504014568,CMF2,48,35,200,13.1,2620.0
2021070504014423,CMF2,57,40,"2,100",13.01,27321.0
2021070504014422,CMF2,45,40,"1,200",13.05,15660.0
2021070504014582,DHPL,55,4,50,257.0,12850.0
2021070504014451,DHPL,48,14,30,256.0,7680.0
2021070504014385,DHPL,48,52,11,256.0,2816.0
2021070504014380,GHL,22,1,30,278.0,8340.0
2021070504014394,GIC,20,6,10,690.0,6900.0
2021070504014831,GLH,16,41,10,352.0,3520.0
2021070504014815,GLH,16,38,10,352.0,3520.0
2021070504014736,GLH,16,36,10,352.0,3520.0
2021070504014715,GLH,16,19,10,352.0,3520.0
2021070504014449,GLH,41,58,10,353.0,3530.0
2021070504014448,GLH,1,58,60,353.0,21180.0
2021070504014441,GLH,1,55,10,353.0,3530.0
2021070504014357,GLH,1,32,10,353.0,3530.0
2021070504014692,HDHPC,33,14,200,266.0,53200.0
2021070504014589,HDHPC,33,43,200,266.0,53200.0
2021070504014524,HDHPC,33,49,100,266.0,26600.0
2021070504014507,HDHPC,26,45,100,267.0,26700.0
2021070504014486,HDHPC,45,53,200,267.0,53400.0
2021070504014430,HDHPC,44,57,50,266.0,13300.0
2021070504014792,HGI,8,55,500,760.0,380000.0
2021070504014617,HPPL,42,11,11,404.0,4444.0
2021070504014506,HPPL,42,38,305,404.0,123220.0
2021070504014505,HPPL,42,44,10,404.0,4040.0
2021070504014395,HPPL,42,33,10,404.0,4040.0
2021070504014356,HPPL,42,22,10,404.0,4040.0
2021070504014728,HURJA,1,45,30,341.0,10230.0
2021070504014727,HURJA,32,45,100,342.0,34200.0
2021070504014726,HURJA,41,45,100,342.0,34200.0
2021070504014725,HURJA,14,45,270,343.0,92610.0
2021070504014367,IGI,58,33,413,1200.0,495600.0
2021070504014366,IGI,58,33,87,1200.0,104400.0
2021070504014412,IGI,58,58,80,1200.0,96000.0
2021070504014359,KKHC,28,22,10,256.0,2560.0
2021070504014562,LEC,45,40,20,343.0,6860.0
2021070504014552,LEC,53,45,214,344.0,73616.0
2021070504014549,LEC,53,46,786,344.0,270384.0
2021070504014548,LEC,13,46,500,344.0,172000.0
2021070504014438,LEC,42,46,285,345.0,98325.0
2021070504014437,LEC,56,46,100,345.0,34500.0
2021070504014436,LEC,16,46,29,345.0,10005.0
2021070504014435,LEC,13,46,200,345.0,69000.0
2021070504014434,LEC,13,46,40,345.0,13800.0
2021070504014433,LEC,51,46,60,346.0,20760.0
2021070504014364,LEC,51,44,10,346.0,3460.0
2021070504014699,LGIL,49,43,100,772.0,77200.0
2021070504014838,MEN,41,28,10,826.0,8260.0
2021070504014607,MEN,41,10,10,826.0,8260.0
2021070504014698,MHNL,45,57,10,316.0,3160.0
2021070504014414,MHNL,36,45,108,316.0,34128.0
2021070504014413,MHNL,22,45,48,316.0,15168.0
2021070504014840,NGPL,58,45,"1,032",448.0,462336.0
2021070504014817,NGPL,14,43,22,449.0,9878.0
2021070504014685,NGPL,4,7,44,450.0,19800.0
2021070504014622,NGPL,19,7,500,450.0,225000.0
2021070504014621,NGPL,58,7,"1,830",450.0,823500.0
2021070504014620,NGPL,41,7,50,453.0,22650.0
2021070504014679,NHDL,38,41,125,410.0,51250.0
2021070504014678,NHDL,6,41,40,410.0,16400.0
2021070504014677,NHDL,49,41,20,411.0,8220.0
2021070504014676,NHDL,38,41,15,411.0,6165.0
2021070504014522,NHDL,38,33,10,411.0,4110.0
2021070504014429,NHDL,42,35,86,412.0,35432.0
2021070504014428,NHDL,22,35,68,413.0,28084.0
2021070504014427,NHDL,28,35,40,413.0,16520.0
2021070504014852,NHPC,38,10,50,306.0,15300.0
2021070504014851,NHPC,33,10,159,306.0,48654.0
2021070504014847,NHPC,57,42,100,307.0,30700.0
2021070504014810,NHPC,26,42,128,307.0,39296.0
2021070504014809,NHPC,26,57,350,307.0,107450.0
2021070504014808,NHPC,26,59,22,307.0,6754.0
2021070504014443,NHPC,55,45,300,305.0,91500.0
2021070504014442,NHPC,55,34,300,305.0,91500.0
2021070504014480,NHPC,33,38,330,306.0,100980.0
2021070504014470,NHPC,40,4,336,305.0,102480.0
2021070504014469,NHPC,21,4,474,305.0,144570.0
2021070504014447,NHPC,21,40,526,305.0,160430.0
2021070504014446,NHPC,41,40,50,305.0,15250.0
2021070504014445,NHPC,55,40,"2,325",305.0,709125.0
2021070504014488,NHPC,33,11,625,306.0,191250.0
2021070504014485,NHPC,33,42,"1,500",306.0,459000.0
2021070504014484,NHPC,33,54,50,306.0,15300.0
2021070504014483,NHPC,33,21,500,306.0,153000.0
2021070504014482,NHPC,33,50,"1,170",306.0,358020.0
2021070504014481,NHPC,33,50,811,306.0,248166.0
2021070504014748,NHPC,33,26,100,306.0,30600.0
