Transact. No.,Symbol,Buyer,Seller,Quantity,Rate,Amount
2021070104022939,AHPC,6,19,200,447.0,89400.0
2021070104022938,AHPC,6,32,567,447.0,253449.0
2021070104022937,AHPC,6,51,14,446.0,6244.0
2021070104022936,AHPC,6,3,200,446.0,89200.0
2021070104022935,AHPC,6,52,10,446.0,4460.0
2021070104022827,AHPC,6,52,590,446.0,263140.0
2021070104022941,AHPC,6,28,"1,000",448.0,448000.0
2021070104022940,AHPC,6,6,"1,000",448.0,448000.0
2021070104022697,AKJCL,53,58,19,271.0,5149.0
2021070104023057,AKPL,50,45,10,433.0,4330.0
2021070104023018,AKPL,57,17,50,432.0,21600.0
2021070104023007,AKPL,58,32,408,431.0,175848.0
2021070104022983,AKPL,45,51,100,432.0,43200.0
2021070104022982,AKPL,45,34,99,432.0,42768.0
2021070104022862,AKPL,58,34,20,432.0,8640.0
2021070104022847,AKPL,49,34,20,432.0,8640.0
2021070104022783,AKPL,45,34,361,432.0,155952.0
2021070104022782,AKPL,45,48,639,432.0,276048.0
2021070104022668,AKPL,51,48,30,432.0,12960.0
2021070104022643,AKPL,38,48,100,432.0,43200.0
2021070104023017,API,43,48,50,389.0,19450.0
2021070104022973,API,42,48,450,389.0,175050.0
2021070104022967,API,1,48,"1,135",389.0,441515.0
2021070104022966,API,1,8,865,388.0,335620.0
2021070104022963,API,39,40,766,387.0,296442.0
2021070104022933,API,44,8,500,388.0,194000.0
2021070104022671,API,25,52,71,389.0,27619.0
2021070104022665,API,58,52,15,389.0,5835.0
2021070104022641,API,1,28,250,388.0,97000.0
2021070104022604,API,1,42,600,388.0,232800.0
2021070104022720,API,38,17,50,388.0,19400.0
2021070104022719,API,11,17,200,388.0,77600.0
2021070104022718,API,45,17,50,388.0,19400.0
2021070104022717,API,1,17,"1,116",388.0,433008.0
2021070104022716,API,43,17,75,389.0,29175.0
2021070104022715,API,25,17,"1,029",389.0,400281.0
2021070104022726,API,50,17,50,388.0,19400.0
2021070104022725,API,43,17,300,388.0,116400.0
2021070104022724,API,11,17,250,388.0,97000.0
2021070104022723,API,42,17,10,388.0,3880.0
2021070104022722,API,29,17,20,388.0,7760.0
2021070104022721,API,3,17,290,388.0,112520.0
2021070104022732,API,21,17,200,388.0,77600.0
2021070104022731,API,32,17,100,388.0,38800.0
2021070104022730,API,1,17,20,388.0,7760.0
2021070104022729,API,47,17,250,388.0,97000.0
2021070104022728,API,49,17,45,388.0,17460.0
2021070104022727,API,39,17,50,388.0,19400.0
2021070104022826,API,34,8,135,388.0,52380.0
2021070104022797,API,34,35,290,388.0,112520.0
2021070104022796,API,17,35,10,389.0,3890.0
2021070104022741,API,34,19,200,388.0,77600.0
2021070104022734,API,34,17,395,388.0,153260.0
2021070104022733,API,59,17,500,388.0,194000.0
2021070104022932,BARUN,25,39,10,539.0,5390.0
2021070104022895,BARUN,22,39,10,539.0,5390.0
2021070104022821,BARUN,57,39,10,539.0,5390.0
2021070104022775,BARUN,17,14,200,525.0,105000.0
2021070104022774,BARUN,14,14,200,525.0,105000.0
2021070104022773,BARUN,19,14,100,525.0,52500.0
2021070104022772,BARUN,48,14,200,529.0,105800.0
2021070104022771,BARUN,56,14,30,530.0,15900.0
2021070104022770,BARUN,25,14,100,530.0,53000.0
2021070104022769,BARUN,20,14,815,530.0,431950.0
2021070104022765,BARUN,20,22,315,530.0,166950.0
2021070104022997,BPCL,48,41,30,518.0,15540.0
2021070104022996,BPCL,48,41,20,518.0,10360.0
2021070104022639,BPCL,4,42,30,519.0,15570.0
2021070104022693,BPCL,48,36,50,518.0,25900.0
2021070104022692,BPCL,54,36,299,518.0,154882.0
2021070104022674,BPCL,36,42,100,519.0,51900.0
2021070104022795,BPCL,52,40,150,518.0,77700.0
2021070104022794,BPCL,52,52,100,518.0,51800.0
2021070104022702,BPCL,32,1,100,517.0,51700.0
2021070104022695,BPCL,32,36,621,517.0,321057.0
2021070104022694,BPCL,21,36,30,517.0,15510.0
2021070104022972,BPCL,42,40,50,518.0,25900.0
2021070104023052,CGH,49,39,10,1530.0,15300.0
2021070104023045,CGH,48,39,10,1530.0,15300.0
2021070104022992,CGH,6,39,50,1530.0,76500.0
2021070104022991,CGH,55,39,20,1530.0,30600.0
2021070104022990,CGH,14,39,100,1530.0,153000.0
2021070104022989,CGH,57,39,40,1530.0,61200.0
2021070104022766,CGH,49,49,10,1539.0,15390.0
2021070104022988,CGH,26,39,50,1530.0,76500.0
2021070104022987,CGH,21,39,30,1530.0,45900.0
2021070104022986,CGH,8,39,100,1530.0,153000.0
2021070104022985,CGH,52,39,30,1530.0,45900.0
2021070104022984,CGH,35,39,60,1531.0,91860.0
2021070104022867,CGH,35,39,10,1531.0,15310.0
2021070104022975,CHCL,51,50,45,660.0,29700.0
2021070104022962,CHCL,28,50,65,660.0,42900.0
2021070104022961,CHCL,28,48,435,660.0,287100.0
2021070104022887,CHCL,45,48,65,660.0,42900.0
2021070104022886,CHCL,45,53,35,660.0,23100.0
2021070104022638,CHCL,58,53,165,660.0,108900.0
2021070104022637,CHCL,58,45,35,660.0,23100.0
2021070104023026,CHL,48,16,100,420.0,42000.0
2021070104022949,CMF2,41,28,100,12.86,1286.0
2021070104022930,CMF2,59,4,100,12.99,1299.0
2021070104022929,CMF2,59,17,100,12.99,1299.0
2021070104022742,CMF2,59,45,"1,900",12.9,24510.0
2021070104022822,DHPL,42,58,100,267.0,26700.0
2021070104022605,DHPL,45,42,49,268.0,13132.0
2021070104022823,GHL,58,16,20,291.0,5820.0
2021070104022883,GIC,19,34,10,696.0,6960.0
2021070104022850,GIC,22,11,50,696.0,34800.0
2021070104023043,HDHPC,21,28,500,274.0,137000.0
2021070104023013,HDHPC,51,28,150,274.0,41100.0
2021070104023005,HDHPC,38,28,50,274.0,13700.0
2021070104022921,HDHPC,39,22,"1,000",274.0,274000.0
2021070104022885,HDHPC,14,28,10,274.0,2740.0
2021070104022868,HDHPC,51,48,50,273.0,13650.0
2021070104022673,HDHPC,35,54,10,274.0,2740.0
2021070104022840,HDHPC,58,28,250,274.0,68500.0
2021070104022839,HDHPC,58,14,500,274.0,137000.0
2021070104022838,HDHPC,58,17,100,274.0,27400.0
2021070104022837,HDHPC,58,54,150,274.0,41100.0
2021070104022825,HDHPC,58,54,100,274.0,27400.0
2021070104022808,HDHPC,38,54,50,274.0,13700.0
2021070104022948,HPPL,48,45,874,410.0,358340.0
2021070104022947,HPPL,4,45,247,410.0,101270.0
2021070104022946,HPPL,51,45,500,411.0,205500.0
2021070104022945,HPPL,14,45,470,411.0,193170.0
2021070104022835,HPPL,14,17,20,411.0,8220.0
2021070104022640,HPPL,14,59,500,411.0,205500.0
2021070104023027,IGI,34,34,50,1216.0,60800.0
2021070104022995,JOSHI,58,26,10,291.0,2910.0
2021070104022762,JOSHI,1,42,50,290.0,14500.0
2021070104022761,JOSHI,1,17,10,290.0,2900.0
2021070104022760,JOSHI,1,35,100,290.0,29000.0
2021070104022759,JOSHI,1,54,10,290.0,2900.0
2021070104022746,JOSHI,1,6,20,287.0,5740.0
2021070104022745,JOSHI,1,6,20,287.0,5740.0
2021070104022752,JOSHI,1,45,10,290.0,2900.0
2021070104022751,JOSHI,1,41,20,290.0,5800.0
2021070104022750,JOSHI,1,52,10,289.0,2890.0
2021070104022749,JOSHI,1,47,20,289.0,5780.0
2021070104022748,JOSHI,1,57,20,289.0,5780.0
2021070104022747,JOSHI,1,42,20,287.0,5740.0
2021070104022758,JOSHI,1,38,20,290.0,5800.0
2021070104022757,JOSHI,1,11,50,290.0,14500.0
2021070104022756,JOSHI,1,54,20,290.0,5800.0
2021070104022755,JOSHI,1,42,10,290.0,2900.0
2021070104022754,JOSHI,1,22,40,290.0,11600.0
2021070104022753,JOSHI,1,42,20,290.0,5800.0
2021070104022681,KKHC,42,58,179,270.0,48330.0
2021070104022680,KKHC,42,58,180,270.0,48600.0
2021070104022679,KKHC,42,45,91,269.0,24479.0
2021070105000016,KLBSL,25,40,80,1600.0,128000.0
2021070105000015,KLBSL,25,42,107,1599.0,171093.0
2021070105000014,KLBSL,39,56,50,1595.0,79750.0
2021070105000013,KLBSL,22,35,30,1596.0,47880.0
2021070105000012,KLBSL,47,35,15,1627.0,24405.0
2021070105000011,KLBSL,33,42,50,1627.0,81350.0
2021070105000004,KLBSL,38,57,18,1565.0,28170.0
2021070105000003,KLBSL,36,57,67,1565.0,104855.0
2021070105000002,KLBSL,45,57,15,1565.0,23475.0
2021070105000001,KLBSL,52,57,200,1566.0,313200.0
2021070105000010,KLBSL,47,55,15,1624.0,24360.0
2021070105000009,KLBSL,6,55,10,1624.0,16240.0
2021070105000008,KLBSL,34,35,15,1627.0,24405.0
2021070105000007,KLBSL,14,55,15,1627.0,24405.0
2021070105000006,KLBSL,14,36,10,1627.0,16270.0
2021070105000005,KLBSL,20,36,10,1596.0,15960.0
2021070104022958,KPCL,51,17,50,444.0,22200.0
2021070104022976,LEMF,6,57,100,13.36,1336.0
2021070104022865,LGIL,45,16,126,782.0,98532.0
2021070104022805,LGIL,56,29,100,781.0,78100.0
2021070104022866,MEN,35,55,30,835.0,25050.0
2021070104022704,MEN,4,1,10,850.0,8500.0
2021070104022703,MEN,4,38,10,849.0,8490.0
2021070104022931,NGPL,42,34,10,458.0,4580.0
2021070104022878,NGPL,10,40,200,457.0,91400.0
2021070104022712,NGPL,53,7,50,459.0,22950.0
2021070104022642,NGPL,58,40,40,458.0,18320.0
2021070104023012,NHPC,13,38,"1,000",322.0,322000.0
2021070104022971,NHPC,59,29,267,321.0,85707.0
2021070104022970,NHPC,44,29,200,321.0,64200.0
2021070104022969,NHPC,34,29,33,321.0,10593.0
2021070104022959,NHPC,29,38,10,322.0,3220.0
2021070104022953,NHPC,34,38,967,321.0,310407.0
2021070104022601,NHPC,21,40,200,320.0,64000.0
2021070104022600,NHPC,21,40,190,320.0,60800.0
2021070104022696,NHPC,21,53,50,321.0,16050.0
2021070104022667,NHPC,41,53,369,321.0,118449.0
2021070104022666,NHPC,38,32,100,320.0,32000.0
2021070104022659,NHPC,13,18,"1,000",321.0,321000.0
2021070104022606,NHPC,7,53,53,321.0,17013.0
2021070104022602,NHPC,38,40,110,320.0,35200.0
2021070104022807,NHPC,40,51,112,321.0,35952.0
2021070104022806,NHPC,40,57,310,321.0,99510.0
2021070104022792,NHPC,57,51,20,321.0,6420.0
2021070104022707,NHPC,41,51,68,321.0,21828.0
2021070104022706,NHPC,41,53,532,321.0,170772.0
2021070104022705,NHPC,21,53,100,321.0,32100.0
2021070104022952,NHPC,25,38,33,321.0,10593.0
2021070104022928,NHPC,25,6,267,321.0,85707.0
2021070104022927,NHPC,34,6,100,321.0,32100.0
2021070104022926,NHPC,22,6,50,321.0,16050.0
2021070104022925,NHPC,40,6,78,321.0,25038.0
2021070104022884,NHPC,59,38,"1,000",322.0,322000.0
2021070104022740,NICBF,13,59,"2,500",13.65,34125.0
2021070104022739,NICBF,13,56,"2,400",13.65,32760.0
2021070104023059,NICL,20,51,40,1163.0,46520.0
2021070104023004,NICL,39,48,25,1156.0,28900.0
2021070104022834,NICL,45,38,100,1165.0,116500.0
2021070104022828,NICL,35,22,10,1162.0,11620.0
2021070104022669,NICL,20,32,10,1168.0,11680.0
2021070104023058,NIL,1,36,100,1650.0,165000.0
2021070104023056,NIL,45,36,200,1650.0,330000.0
2021070104023050,NIL,36,36,48,1650.0,79200.0
2021070104023049,NIL,36,32,17,1650.0,28050.0
2021070104023036,NIL,26,29,15,1649.0,24735.0
2021070104023035,NIL,35,29,50,1649.0,82450.0
2021070104022611,NIL,47,44,103,1649.0,169847.0
2021070104022610,NIL,47,58,12,1649.0,19788.0
2021070104022609,NIL,47,45,35,1649.0,57715.0
2021070104022608,NIL,47,56,20,1649.0,32980.0
2021070104022607,NIL,47,53,30,1649.0,49470.0
2021070104022603,NIL,11,53,100,1649.0,164900.0
2021070104022620,NIL,41,39,15,1648.0,24720.0
2021070104022619,NIL,36,39,65,1648.0,107120.0
2021070104022618,NIL,22,39,20,1648.0,32960.0
2021070104022617,NIL,26,39,30,1648.0,49440.0
2021070104022616,NIL,48,39,40,1648.0,65920.0
2021070104022615,NIL,46,39,76,1648.0,125248.0
2021070104022626,NIL,21,39,55,1648.0,90640.0
2021070104022625,NIL,59,39,300,1648.0,494400.0
2021070104022624,NIL,21,39,50,1648.0,82400.0
2021070104022623,NIL,48,39,300,1648.0,494400.0
2021070104022622,NIL,6,39,30,1648.0,49440.0
2021070104022621,NIL,57,39,100,1648.0,164800.0
2021070104022632,NIL,58,39,46,1647.0,75762.0
2021070104022631,NIL,7,39,100,1647.0,164700.0
2021070104022630,NIL,45,39,80,1647.0,131760.0
2021070104022629,NIL,59,39,50,1647.0,82350.0
2021070104022628,NIL,41,39,30,1647.0,49410.0
2021070104022627,NIL,45,39,20,1648.0,32960.0
2021070104022660,NIL,1,22,100,1648.0,164800.0
2021070104022657,NIL,35,44,20,1649.0,32980.0
2021070104022636,NIL,36,39,483,1647.0,795501.0
2021070104022635,NIL,58,39,200,1647.0,329400.0
2021070104022634,NIL,44,39,200,1647.0,329400.0
2021070104022633,NIL,49,39,10,1647.0,16470.0
2021070104022701,NIL,36,54,10,1648.0,16480.0
2021070104022700,NIL,36,22,40,1648.0,65920.0
2021070104022691,NIL,38,22,40,1648.0,65920.0
2021070104022690,NIL,45,22,100,1648.0,164800.0
2021070104022670,NIL,26,22,10,1648.0,16480.0
2021070104022661,NIL,8,22,10,1648.0,16480.0
2021070104022764,NIL,4,49,10,1650.0,16500.0
2021070104022763,NIL,4,1,100,1649.0,164900.0
2021070104022711,NIL,34,49,54,1649.0,89046.0
2021070104022710,NIL,34,46,20,1649.0,32980.0
2021070104022709,NIL,34,44,27,1649.0,44523.0
2021070104022708,NIL,34,54,90,1648.0,148320.0
2021070104022818,NIL,8,19,10,1648.0,16480.0
2021070104022810,NIL,44,19,20,1648.0,32960.0
2021070104022809,NIL,32,19,70,1648.0,115360.0
2021070104022801,NIL,32,32,30,1648.0,49440.0
2021070104022800,NIL,11,32,300,1649.0,494700.0
2021070104022791,NIL,57,49,26,1650.0,42900.0
2021070104022857,NIL,42,19,50,1648.0,82400.0
2021070104022842,NIL,36,44,10,1649.0,16490.0
2021070104022841,NIL,36,41,100,1648.0,164800.0
2021070104022824,NIL,58,42,300,1649.0,494700.0
2021070104022820,NIL,8,13,37,1650.0,61050.0
2021070104022819,NIL,8,49,53,1650.0,87450.0
2021070104022922,NIL,42,52,67,1647.0,110349.0
2021070104022879,NIL,39,19,50,1648.0,82400.0
2021070104022861,NIL,42,57,33,1647.0,54351.0
2021070104022860,NIL,6,57,50,1647.0,82350.0
2021070104022859,NIL,36,57,17,1647.0,27999.0
2021070104022858,NIL,57,19,100,1648.0,164800.0
2021070104022993,NIL,8,13,50,1650.0,82500.0
2021070104022981,NIL,18,45,100,1649.0,164900.0
2021070104022943,NIL,57,13,26,1650.0,42900.0
2021070104022934,NIL,4,19,100,1648.0,164800.0
2021070104022924,NIL,48,52,143,1647.0,235521.0
2021070104022923,NIL,25,52,10,1647.0,16470.0
2021070104023034,NIL,29,29,15,1649.0,24735.0
2021070104023033,NIL,58,29,20,1649.0,32980.0
2021070104023032,NIL,34,32,13,1650.0,21450.0
2021070104023031,NIL,34,13,187,1650.0,308550.0
2021070104023024,NIL,58,4,100,1649.0,164900.0
2021070104023023,NIL,18,4,100,1649.0,164900.0
2021070104023047,NLG,56,58,112,1290.0,144480.0
2021070104023046,NLG,56,26,38,1290.0,49020.0
2021070104022999,NLG,6,26,12,1290.0,15480.0
2021070104022998,NLG,6,39,88,1290.0,113520.0
2021070104022689,NLG,45,48,50,1290.0,64500.0
2021070104022688,NLG,39,41,70,1289.0,90230.0
2021070104022687,NLG,39,41,80,1289.0,103120.0
2021070104022803,NLG,39,39,119,1289.0,153391.0
2021070104022955,NLG,39,39,431,1290.0,555990.0
2021070104022954,NLG,39,48,169,1290.0,218010.0
2021070104022903,NLG,52,48,200,1290.0,258000.0
2021070104022849,NLG,53,48,10,1290.0,12900.0
2021070104022804,NLG,52,39,81,1289.0,104409.0
2021070104023025,NMB50,20,45,300,14.8,4440.0
2021070104022964,NMBHF1,39,57,"4,161",13.29,55299.69
2021070104023022,PIC,4,33,10,1205.0,12050.0
2021070104023011,PIC,19,33,100,1205.0,120500.0
2021070104022965,PICL,8,40,15,814.0,12210.0
2021070104023020,PMHPL,21,39,345,287.0,99015.0
2021070104023019,PMHPL,21,43,155,286.0,44330.0
2021070104023010,PPCL,38,45,20,346.0,6920.0
2021070104022864,PPCL,8,45,10,348.0,3480.0
2021070104023075,PRIN,38,44,100,960.0,96000.0
2021070104023074,PRIN,38,39,50,960.0,48000.0
2021070104023073,PRIN,38,49,78,960.0,74880.0
2021070104023072,PRIN,38,51,200,960.0,192000.0
2021070104023071,PRIN,38,45,150,960.0,144000.0
2021070104023070,PRIN,38,45,60,955.0,57300.0
2021070104023038,PRIN,59,45,40,956.0,38240.0
2021070104022874,PRIN,59,45,90,960.0,86400.0
2021070104022873,PRIN,59,37,10,959.0,9590.0
2021070104023055,RADHI,43,26,51,766.0,39066.0
2021070104023054,RADHI,39,26,50,767.0,38350.0
2021070104023053,RADHI,45,26,49,767.0,37583.0
2021070104023044,RADHI,49,49,10,767.0,7670.0
2021070104023037,RADHI,22,52,66,768.0,50688.0
2021070104023006,RADHI,22,8,184,768.0,141312.0
2021070104022956,RADHI,22,8,3,767.0,2301.0
2021070104022856,RADHI,5,57,13,768.0,9984.0
2021070104022851,RADHI,19,57,25,768.0,19200.0
2021070104022846,RADHI,13,57,20,768.0,15360.0
2021070104022843,RADHI,11,57,20,768.0,15360.0
2021070104022658,RADHI,35,57,100,768.0,76800.0
2021070104022912,RBCL,38,49,10,20350.0,203500.0
2021070104022911,RBCL,47,49,10,20400.0,204000.0
2021070104022910,RBCL,55,49,10,20410.0,204100.0
2021070104022909,RBCL,43,49,10,20430.0,204300.0
2021070104022908,RBCL,39,49,10,20431.0,204310.0
2021070104022907,RBCL,28,49,30,20435.0,613050.0
2021070104022906,RBCL,32,49,35,20436.0,715260.0
2021070104022905,RBCL,1,49,10,20501.0,205010.0
2021070104022904,RBCL,57,49,10,20502.0,205020.0
2021070104022863,RBCL,29,7,20,20597.0,411940.0
2021070104022836,RBCL,36,32,10,20505.0,205050.0
2021070104023069,RHPC,58,58,60,544.0,32640.0
2021070104022951,RHPC,58,58,47,544.0,25568.0
2021070104022950,RHPC,58,25,53,543.0,28779.0
2021070104022814,RHPC,58,25,47,543.0,25521.0
2021070104022813,RHPC,58,47,30,540.0,16200.0
2021070104022812,RHPC,58,56,423,539.0,227997.0
2021070104022649,RHPC,58,58,278,539.0,149842.0
2021070104022648,RHPC,58,58,20,535.0,10700.0
2021070104022647,RHPC,58,58,540,533.0,287820.0
2021070104022646,RHPC,58,14,85,533.0,45305.0
2021070104022787,RHPC,4,46,335,532.0,178220.0
2021070104022786,RHPC,41,46,50,532.0,26600.0
2021070104022785,RHPC,21,46,50,533.0,26650.0
2021070104022784,RHPC,21,46,50,534.0,26700.0
2021070104022656,RHPC,41,38,100,532.0,53200.0
2021070104022650,RHPC,58,56,77,539.0,41503.0
2021070104022675,RHPL,17,1,40,451.0,18040.0
2021070104022672,RRHP,38,53,100,369.0,36900.0
2021070104022871,SAEF,57,13,"5,000",16.39,81950.0
2021070104022802,SGI,38,54,80,730.0,58400.0
2021070104022735,SGI,6,36,20,730.0,14600.0
2021070104022699,SGI,16,36,40,730.0,29200.0
2021070104022678,SGI,16,29,10,730.0,7300.0
2021070104023041,SHL,51,21,100,275.0,27500.0
2021070104023040,SHL,45,21,100,275.0,27500.0
2021070104023039,SHL,10,21,100,276.0,27600.0
2021070104022855,SHL,48,42,100,277.0,27700.0
2021070104022793,SHL,59,50,200,276.0,55200.0
2021070104022682,SHL,48,41,200,277.0,55400.0
2021070104023060,SHPC,5,57,10,484.0,4840.0
2021070104022833,SHPC,16,17,35,481.0,16835.0
2021070104022832,SHPC,10,17,11,481.0,5291.0
2021070104022831,SHPC,6,17,10,481.0,4810.0
2021070104022830,SHPC,58,17,20,484.0,9680.0
2021070104022944,SIC,29,42,190,1383.0,262770.0
2021070104022854,SIC,55,42,20,1383.0,27660.0
2021070104022780,SIC,28,42,10,1383.0,13830.0
2021070104022743,SIC,54,42,50,1383.0,69150.0
2021070104023048,SICL,57,14,22,1985.0,43670.0
2021070104022977,SICL,34,32,40,1985.0,79400.0
2021070104022894,SICL,7,32,10,1985.0,19850.0
2021070104022880,SICL,19,32,50,1985.0,99250.0
2021070104022872,SICL,1,34,10,1985.0,19850.0
2021070104022845,SICL,1,58,10,1985.0,19850.0
2021070104022844,SICL,1,26,20,1985.0,39700.0
2021070104022811,SICL,41,14,50,1984.0,99200.0
2021070104022781,SICL,45,26,15,1985.0,29775.0
2021070104022698,SICL,17,26,10,1985.0,19850.0
2021070104022662,SICL,22,26,20,1985.0,39700.0
2021070104022916,SJCL,58,45,10,423.0,4230.0
2021070104022915,SJCL,58,45,40,422.0,16880.0
2021070104022914,SJCL,58,29,10,422.0,4220.0
2021070104022738,SJCL,50,37,25,421.0,10525.0
2021070104022737,SJCL,14,37,70,421.0,29470.0
2021070104022736,SJCL,25,37,10,421.0,4210.0
2021070104022663,SLCF,6,54,200,10.11,2022.0
2021070104023009,SPDL,48,7,40,405.0,16200.0
2021070104023002,SPDL,57,7,100,405.0,40500.0
2021070104023001,SPDL,21,7,50,405.0,20250.0
2021070104023000,SPDL,51,7,10,405.0,4050.0
2021070104022893,SPDL,45,26,10,408.0,4080.0
2021070104022892,SPDL,45,32,92,408.0,37536.0
2021070104022685,SPDL,51,21,500,405.0,202500.0
2021070104022645,SPDL,42,6,100,405.0,40500.0
2021070104022644,SPDL,45,38,110,405.0,44550.0
2021070104022891,SPDL,45,58,30,408.0,12240.0
2021070104022890,SPDL,45,7,47,408.0,19176.0
2021070104022889,SPDL,45,52,52,408.0,21216.0
2021070104022888,SPDL,45,1,10,406.0,4060.0
2021070104022848,SPDL,51,14,40,405.0,16200.0
2021070104022744,SPDL,51,36,450,405.0,182250.0
2021070104023082,SSHL,21,34,63,318.0,20034.0
2021070104023081,SSHL,39,34,507,319.0,161733.0
2021070104022876,SSHL,21,41,10,318.0,3180.0
2021070104022875,SSHL,38,41,990,319.0,315810.0
2021070104022853,SSHL,38,58,"1,000",319.0,319000.0
2021070104022852,SSHL,38,34,10,319.0,3190.0
2021070104022684,SSHL,21,14,100,318.0,31800.0
2021070104022683,SSHL,21,57,58,318.0,18444.0
2021070104022614,SSHL,1,57,42,318.0,13356.0
2021070104022613,SSHL,1,16,100,318.0,31800.0
2021070104022612,SSHL,1,13,358,318.0,113844.0
2021070104022994,STC,32,35,35,9750.0,341250.0
2021070104023077,TRH,14,4,200,417.0,83400.0
2021070104023076,TRH,57,4,11,417.0,4587.0
2021070104022980,TRH,57,29,269,417.0,112173.0
2021070104022979,TRH,57,7,100,417.0,41700.0
2021070104022978,TRH,57,48,20,416.0,8320.0
2021070104022790,TRH,53,29,31,417.0,12927.0
2021070104022714,TRH,53,58,34,417.0,14178.0
2021070104022713,TRH,53,13,35,415.0,14525.0
2021070104022882,UIC,45,1,30,713.0,21390.0
2021070104022881,UIC,17,1,40,713.0,28520.0
2021070104023030,UMHL,16,57,50,360.0,18000.0
2021070104023029,UMHL,34,57,250,360.0,90000.0
2021070104023028,UMHL,19,57,150,360.0,54000.0
2021070104023008,UMHL,58,50,100,361.0,36100.0
2021070104022974,UMHL,3,50,398,361.0,143678.0
2021070104022789,UMHL,42,50,50,361.0,18050.0
2021070104022788,UMHL,42,58,100,361.0,36100.0
2021070104022768,UMHL,14,51,97,360.0,34920.0
2021070104022767,UMHL,36,51,13,360.0,4680.0
2021070104022677,UMHL,36,37,987,360.0,355320.0
2021070104022676,UMHL,10,37,13,360.0,4680.0
2021070104022968,UMHL,48,50,50,361.0,18050.0
2021070104022913,UMHL,14,59,400,360.0,144000.0
2021070104023042,UMRH,45,21,10,505.0,5050.0
2021070104022686,UMRH,41,21,10,509.0,5090.0
2021070104023080,UNHPL,44,21,10,350.0,3500.0
2021070104023079,UNHPL,44,32,20,350.0,7000.0
2021070104023078,UNHPL,44,57,30,349.0,10470.0
2021070104023068,UNHPL,28,58,235,345.0,81075.0
2021070104023067,UNHPL,38,58,150,345.0,51750.0
2021070104023066,UNHPL,38,58,120,345.0,41400.0
2021070104023065,UNHPL,58,58,140,345.0,48300.0
2021070104023064,UNHPL,35,58,220,346.0,76120.0
2021070104023063,UNHPL,45,58,65,346.0,22490.0
2021070104023062,UNHPL,38,58,10,348.0,3480.0
2021070104023061,UNHPL,45,58,60,348.0,20880.0
2021070104022664,UNHPL,45,58,50,348.0,17400.0
2021070104023083,UPCL,58,45,11,296.0,3256.0
2021070104023021,UPCL,4,45,300,296.0,88800.0
2021070104023003,UPCL,32,3,"1,000",295.0,295000.0
2021070104022920,UPCL,28,38,150,295.0,44250.0
2021070104022919,UPCL,48,38,200,295.0,59000.0
2021070104022918,UPCL,58,38,130,295.0,38350.0
2021070104022917,UPCL,45,38,"4,375",295.0,1290625.0
2021070104022870,UPCL,45,13,100,295.0,29500.0
2021070104022829,UPCL,49,45,100,296.0,29600.0
2021070104022798,UPCL,45,58,100,295.0,29500.0
2021070104023051,UPPER,13,59,"1,000",767.0,767000.0
2021070104023016,UPPER,43,34,160,765.0,122400.0
2021070104023015,UPPER,16,34,100,765.0,76500.0
2021070104023014,UPPER,17,34,40,765.0,30600.0
2021070104022960,UPPER,17,17,10,765.0,7650.0
2021070104022651,UPPER,34,46,78,766.0,59748.0
2021070104022777,UPPER,55,38,40,767.0,30680.0
2021070104022776,UPPER,55,56,140,767.0,107380.0
2021070104022655,UPPER,34,26,300,766.0,229800.0
2021070104022654,UPPER,34,16,100,766.0,76600.0
2021070104022653,UPPER,34,50,67,766.0,51322.0
2021070104022652,UPPER,34,59,100,766.0,76600.0
2021070104022817,UPPER,26,58,212,765.0,162180.0
2021070104022816,UPPER,47,58,55,765.0,42075.0
2021070104022815,UPPER,34,58,333,766.0,255078.0
2021070104022799,UPPER,34,59,22,766.0,16852.0
2021070104022779,UPPER,55,59,720,767.0,552240.0
2021070104022778,UPPER,55,34,100,767.0,76700.0
2021070104022899,UPPER,3,17,50,765.0,38250.0
2021070104022898,UPPER,34,17,100,765.0,76500.0
2021070104022897,UPPER,26,17,788,765.0,602820.0
2021070104022896,UPPER,57,17,250,766.0,191500.0
2021070104022877,UPPER,57,58,50,766.0,38300.0
2021070104022869,UPPER,36,59,100,767.0,76700.0
2021070104022957,UPPER,51,17,10,765.0,7650.0
2021070104022942,UPPER,52,17,14,765.0,10710.0
2021070104022902,UPPER,19,17,100,765.0,76500.0
2021070104022901,UPPER,34,17,78,765.0,59670.0
2021070104022900,UPPER,16,17,100,765.0,76500.0
2021070104022244,AHPC,6,45,100,446.0,44600.0
2021070104022243,AHPC,6,13,18,446.0,8028.0
2021070104022242,AHPC,6,38,20,445.0,8900.0
2021070104022241,AHPC,6,52,100,445.0,44500.0
2021070104022240,AHPC,6,38,750,444.0,333000.0
2021070104022239,AHPC,6,56,500,444.0,222000.0
2021070104022238,AHPC,6,17,400,444.0,177600.0
2021070104022237,AHPC,6,22,522,444.0,231768.0
2021070104022197,AHPC,4,22,50,444.0,22200.0
2021070104022190,AHPC,21,22,150,444.0,66600.0
2021070104022120,AHPC,38,22,150,444.0,66600.0
2021070104022159,AIL,19,39,10,815.0,8150.0
2021070104022360,AKJCL,14,58,10,271.0,2710.0
2021070104022519,AKPL,50,48,10,432.0,4320.0
2021070104022433,AKPL,58,44,307,431.0,132317.0
2021070104022432,AKPL,22,44,500,431.0,215500.0
2021070104022431,AKPL,7,44,40,431.0,17240.0
2021070104022430,AKPL,49,44,100,431.0,43100.0
2021070104022429,AKPL,42,44,53,431.0,22843.0
2021070104022175,AKPL,42,29,200,431.0,86200.0
2021070104022169,AKPL,57,34,321,432.0,138672.0
2021070104022168,AKPL,57,56,10,432.0,4320.0
2021070104022167,AKPL,57,8,169,432.0,73008.0
2021070104022132,AKPL,42,14,100,431.0,43100.0
2021070104022126,AKPL,51,8,200,432.0,86400.0
2021070104022396,AKPL,50,48,10,432.0,4320.0
2021070104022366,AKPL,14,48,711,432.0,307152.0
2021070104022365,AKPL,14,59,110,432.0,47520.0
2021070104022364,AKPL,14,34,179,432.0,77328.0
2021070104022219,AKPL,42,40,200,431.0,86200.0
2021070104022188,AKPL,42,47,100,431.0,43100.0
2021070104022593,API,39,52,44,389.0,17116.0
2021070104022592,API,39,57,220,389.0,85580.0
2021070104022591,API,39,57,936,389.0,364104.0
2021070104022540,API,50,57,64,389.0,24896.0
2021070104022539,API,50,36,36,389.0,14004.0
2021070104022533,API,6,36,20,389.0,7780.0
2021070104022324,API,5,44,70,389.0,27230.0
2021070104022198,API,5,58,30,389.0,11670.0
2021070104022158,API,5,28,500,389.0,194500.0
2021070104022523,API,21,36,38,389.0,14782.0
2021070104022420,API,39,36,10,389.0,3890.0
2021070104022328,API,1,44,34,388.0,13192.0
2021070104022327,API,43,44,"1,250",388.0,485000.0
2021070104022326,API,45,44,426,388.0,165288.0
2021070104022325,API,33,44,20,389.0,7780.0
2021070104022576,BARUN,20,57,600,530.0,318000.0
2021070104022555,BARUN,20,21,270,530.0,143100.0
2021070104022554,BARUN,19,21,100,531.0,53100.0
2021070104022553,BARUN,35,21,100,533.0,53300.0
2021070104022552,BARUN,16,21,50,534.0,26700.0
2021070104022551,BARUN,20,21,130,535.0,69550.0
2021070104022550,BARUN,20,21,142,535.0,75970.0
2021070104022390,BARUN,20,14,58,535.0,31030.0
2021070104022389,BARUN,58,14,23,535.0,12305.0
2021070104022388,BARUN,22,14,10,536.0,5360.0
2021070104022210,BBC,42,17,10,5495.0,54950.0
2021070104022571,BPCL,54,19,151,518.0,78218.0
2021070104022480,BPCL,54,43,50,518.0,25900.0
2021070104022140,BPCL,52,43,651,518.0,337218.0
2021070104022127,BPCL,52,43,262,519.0,135978.0
2021070104022322,BPCL,52,19,849,519.0,440631.0
2021070104022317,BPCL,52,45,300,519.0,155700.0
2021070104022502,CGH,35,35,30,1531.0,45930.0
2021070104022501,CGH,11,35,60,1531.0,91860.0
2021070104022500,CGH,10,35,100,1532.0,153200.0
2021070104022499,CGH,52,35,10,1532.0,15320.0
2021070104022498,CGH,1,35,100,1532.0,153200.0
2021070104022428,CGH,49,38,10,1534.0,15340.0
2021070104022427,CGH,14,38,10,1534.0,15340.0
2021070104022426,CGH,1,38,100,1534.0,153400.0
2021070104022314,CGH,29,3,200,1535.0,307000.0
2021070104022416,CHCL,36,45,10,660.0,6600.0
2021070104022412,CHL,14,22,55,419.0,23045.0
2021070104022135,CMF1,49,50,800,12.2,9760.0
2021070104022393,DHPL,45,25,50,268.0,13400.0
2021070104022392,DHPL,45,6,50,268.0,13400.0
2021070104022128,DHPL,21,26,"1,000",268.0,268000.0
2021070104022585,EIC,38,59,10,755.0,7550.0
2021070104022584,EIC,38,16,45,755.0,33975.0
2021070104022583,EIC,38,34,40,755.0,30200.0
2021070104022582,EIC,38,51,30,755.0,22650.0
2021070104022581,EIC,38,57,245,755.0,184975.0
2021070104022230,EIC,34,48,30,754.0,22620.0
2021070104022141,EIC,35,57,50,755.0,37750.0
2021070104022535,GIC,16,11,15,696.0,10440.0
2021070104022199,GIC,51,11,40,696.0,27840.0
2021070104022201,GIC,48,11,20,696.0,13920.0
2021070104022200,GIC,38,11,100,696.0,69600.0
2021070104022465,GIMES1,59,21,"7,027",19.12,134356.24
2021070104022464,GIMES1,4,21,"10,000",19.12,191200.0
2021070104022463,GIMES1,44,21,100,19.13,1913.0
2021070104022462,GIMES1,44,21,100,19.14,1914.0
2021070104022461,GIMES1,41,21,253,19.15,4844.95
2021070104022460,GIMES1,44,21,100,19.16,1916.0
2021070104022596,GLH,34,57,10,367.0,3670.0
2021070104022372,GLH,1,7,31,364.0,11284.0
2021070104022371,GLH,16,7,96,364.0,34944.0
2021070104022370,GLH,13,7,73,364.0,26572.0
2021070104022574,HDHPC,38,54,50,274.0,13700.0
2021070104022425,HDHPC,38,58,50,273.0,13650.0
2021070104022262,HDHPC,38,44,10,272.0,2720.0
2021070104022134,HDHPC,38,44,40,272.0,10880.0
2021070104022133,HDHPC,38,51,70,272.0,19040.0
2021070104022544,HGI,7,49,50,774.0,38700.0
2021070104022493,HGI,19,49,40,774.0,30960.0
2021070104022456,HGI,39,42,125,775.0,96875.0
2021070104022180,HGI,25,34,45,774.0,34830.0
2021070104022131,HPPL,42,57,50,413.0,20650.0
2021070104022595,HURJA,57,57,20,342.0,6840.0
2021070104022579,IGI,34,19,10,1219.0,12190.0
2021070104022578,IGI,34,34,83,1218.0,101094.0
2021070104022443,IGI,34,34,17,1218.0,20706.0
2021070104022442,IGI,34,42,500,1218.0,609000.0
2021070104022441,IGI,34,59,100,1218.0,121800.0
2021070104022148,IGI,34,57,50,1210.0,60500.0
2021070104022204,IGI,34,28,160,1210.0,193600.0
2021070104022440,IGI,34,5,200,1217.0,243400.0
2021070104022439,IGI,34,46,50,1216.0,60800.0
2021070104022438,IGI,34,57,133,1216.0,161728.0
2021070104022394,IGI,52,42,18,1211.0,21798.0
2021070104022411,JOSHI,43,32,100,286.0,28600.0
2021070104022410,JOSHI,43,55,10,286.0,2860.0
2021070104022497,KKHC,55,45,425,269.0,114325.0
2021070104022496,KKHC,51,45,250,269.0,67250.0
2021070104022495,KKHC,58,45,110,269.0,29590.0
2021070104022494,KKHC,43,45,124,269.0,33356.0
2021070104022373,KKHC,43,32,16,269.0,4304.0
2021070104022116,KKHC,43,3,10,269.0,2690.0
2021070104022115,KKHC,43,14,300,269.0,80700.0
2021070104022114,KKHC,43,38,50,269.0,13450.0
2021070104022174,KPCL,57,48,30,429.0,12870.0
2021070104022306,KPCL,32,41,10,440.0,4400.0
2021070104022312,KPCL,32,8,10,444.0,4440.0
2021070104022311,KPCL,32,41,10,444.0,4440.0
2021070104022310,KPCL,32,42,10,444.0,4440.0
2021070104022309,KPCL,32,4,10,440.0,4400.0
2021070104022308,KPCL,32,44,10,440.0,4400.0
2021070104022307,KPCL,32,41,10,440.0,4400.0
2021070104022313,KPCL,32,14,50,445.0,22250.0
2021070104022548,LEC,3,47,332,336.0,111552.0
2021070104022547,LEC,58,47,208,337.0,70096.0
2021070104022546,LEC,57,47,300,337.0,101100.0
2021070104022545,LEC,28,47,60,337.0,20220.0
2021070104022323,LEC,28,22,10,337.0,3370.0
2021070104022561,LGIL,20,16,50,782.0,39100.0
2021070104022142,LGIL,35,16,18,782.0,14076.0
2021070104022122,LUK,21,47,100,12.26,1226.0
2021070104022492,MEN,4,6,10,849.0,8490.0
2021070104022491,MEN,4,58,10,849.0,8490.0
2021070104022490,MEN,4,35,10,849.0,8490.0
2021070104022489,MEN,4,59,10,848.0,8480.0
2021070104022488,MEN,4,35,10,848.0,8480.0
2021070104022487,MEN,4,32,10,848.0,8480.0
2021070104022222,MEN,4,49,10,843.0,8430.0
2021070104022221,MEN,4,6,10,843.0,8430.0
2021070104022220,MEN,4,49,10,842.0,8420.0
2021070104022157,MEN,17,7,50,836.0,41800.0
2021070104022228,MEN,4,14,10,845.0,8450.0
2021070104022227,MEN,4,57,10,845.0,8450.0
2021070104022226,MEN,4,42,10,845.0,8450.0
2021070104022225,MEN,4,58,10,845.0,8450.0
2021070104022224,MEN,4,54,10,845.0,8450.0
2021070104022223,MEN,4,38,10,844.0,8440.0
2021070104022486,MEN,4,5,10,847.0,8470.0
2021070104022485,MEN,4,35,21,836.0,17556.0
2021070104022318,MEN,33,35,25,836.0,20900.0
2021070104022236,MEN,4,35,20,836.0,16720.0
2021070104022235,MEN,17,35,20,836.0,16720.0
2021070104022229,MEN,4,54,10,847.0,8470.0
2021070104022573,MHNL,22,17,470,325.0,152750.0
2021070104022572,MHNL,22,45,30,323.0,9690.0
2021070104022469,MHNL,26,55,40,322.0,12880.0
2021070104022468,MHNL,39,55,100,322.0,32200.0
2021070104022467,MHNL,45,55,100,322.0,32200.0
2021070104022466,MHNL,45,55,60,322.0,19320.0
2021070104022343,NBF2,14,28,500,14.0,7000.0
2021070104022299,NGPL,58,7,"10,000",459.0,4590000.0
2021070104022298,NGPL,36,7,200,459.0,91800.0
2021070104022297,NGPL,4,7,350,460.0,161000.0
2021070104022296,NGPL,11,7,100,460.0,46000.0
2021070104022295,NGPL,58,7,35,460.0,16100.0
2021070104022265,NGPL,53,29,50,461.0,23050.0
2021070104022143,NGPL,39,34,312,461.0,143832.0
2021070104022330,NHDL,43,56,76,421.0,31996.0
2021070104022329,NHDL,38,56,10,421.0,4210.0
2021070104022589,NHPC,28,53,10,321.0,3210.0
2021070104022580,NHPC,35,53,80,321.0,25680.0
2021070104022536,NHPC,49,53,30,321.0,9630.0
2021070104022532,NHPC,21,45,500,320.0,160000.0
2021070104022528,NHPC,25,53,26,321.0,8346.0
2021070104022518,NHPC,49,53,50,321.0,16050.0
2021070104022165,NHPC,48,38,"1,000",321.0,321000.0
2021070104022164,NHPC,48,38,175,321.0,56175.0
2021070104022163,NHPC,4,38,315,321.0,101115.0
2021070104022136,NHPC,4,16,15,321.0,4815.0
2021070104022124,NHPC,4,52,100,321.0,32100.0
2021070104022208,NHPC,39,42,80,321.0,25680.0
2021070104022195,NHPC,39,8,10,321.0,3210.0
2021070104022194,NHPC,39,52,10,321.0,3210.0
2021070104022179,NHPC,34,52,990,321.0,317790.0
2021070104022178,NHPC,34,38,10,321.0,3210.0
2021070104022166,NHPC,6,38,"1,500",321.0,481500.0
2021070104022362,NHPC,53,58,50,321.0,16050.0
2021070104022361,NHPC,53,53,40,321.0,12840.0
2021070104022315,NHPC,28,53,10,321.0,3210.0
2021070104022301,NHPC,11,53,100,321.0,32100.0
2021070104022300,NHPC,21,53,300,321.0,96300.0
2021070104022209,NHPC,21,42,70,320.0,22400.0
2021070104022517,NHPC,5,53,500,321.0,160500.0
2021070104022512,NHPC,49,53,200,321.0,64200.0
2021070104022437,NHPC,21,59,240,320.0,76800.0
2021070104022436,NHPC,13,59,260,321.0,83460.0
2021070104022419,NHPC,13,1,240,321.0,77040.0
2021070104022418,NHPC,53,1,210,321.0,67410.0
2021070104022391,NIBLPF,17,51,"1,000",14.94,14940.0
2021070104022137,NIBLPF,44,49,505,14.85,7499.25
2021070104022316,NICBF,59,56,100,13.65,1365.0
2021070104022562,NICL,10,38,100,1155.0,115500.0
2021070104022560,NICL,20,32,35,1168.0,40880.0
2021070104022559,NICL,20,45,50,1166.0,58300.0
2021070104022558,NICL,20,43,200,1166.0,233200.0
2021070104022557,NICL,20,16,300,1165.0,349500.0
2021070104022556,NICL,20,42,115,1162.0,133630.0
2021070104022253,NICL,55,28,57,1158.0,66006.0
2021070104022176,NICL,39,44,20,1159.0,23180.0
2021070104022374,NICL,21,28,124,1155.0,143220.0
2021070104022321,NICL,39,28,25,1155.0,28875.0
2021070104022257,NICL,49,28,40,1155.0,46200.0
2021070104022256,NICL,21,28,91,1155.0,105105.0
2021070104022255,NICL,34,28,90,1155.0,103950.0
2021070104022254,NICL,19,28,73,1155.0,84315.0
2021070104022454,NICL,20,28,373,1161.0,433053.0
2021070104022453,NICL,20,13,30,1160.0,34800.0
2021070104022452,NICL,20,21,50,1160.0,58000.0
2021070104022451,NICL,20,38,240,1160.0,278400.0
2021070104022450,NICL,20,44,88,1159.0,101992.0
2021070104022401,NICL,21,26,24,1155.0,27720.0
2021070104022542,NICL,21,1,42,1155.0,48510.0
2021070104022541,NICL,56,1,50,1156.0,57800.0
2021070104022505,NICL,14,42,35,1162.0,40670.0
2021070104022504,NICL,14,16,65,1162.0,75530.0
2021070104022478,NICL,16,16,16,1162.0,18592.0
2021070104022455,NICL,20,16,219,1162.0,254478.0
2021070104022599,NIL,14,53,100,1649.0,164900.0
2021070104022588,NIL,49,53,150,1649.0,247350.0
2021070104022577,NIL,17,53,20,1649.0,32980.0
2021070104022549,NIL,22,44,98,1649.0,161602.0
2021070104022537,NIL,45,44,12,1649.0,19788.0
2021070104022522,NIL,38,44,14,1649.0,23086.0
2021070104022156,NIL,8,25,100,1649.0,164900.0
2021070104022155,NIL,34,25,100,1649.0,164900.0
2021070104022121,NIL,18,42,18,1649.0,29682.0
2021070104022119,NIL,57,42,100,1649.0,164900.0
2021070104022118,NIL,50,42,12,1649.0,19788.0
2021070104022216,NIL,38,20,10,1648.0,16480.0
2021070104022214,NIL,21,10,10,1649.0,16490.0
2021070104022203,NIL,21,10,40,1649.0,65960.0
2021070104022185,NIL,41,10,20,1649.0,32980.0
2021070104022183,NIL,3,10,100,1649.0,164900.0
2021070104022182,NIL,3,25,400,1649.0,659600.0
2021070104022234,NIL,53,29,250,1650.0,412500.0
2021070104022233,NIL,53,32,118,1650.0,194700.0
2021070104022232,NIL,53,21,107,1649.0,176443.0
2021070104022231,NIL,53,10,20,1649.0,32980.0
2021070104022218,NIL,33,10,10,1649.0,16490.0
2021070104022217,NIL,10,20,20,1648.0,32960.0
2021070104022271,NIL,39,39,100,1648.0,164800.0
2021070104022270,NIL,47,39,300,1648.0,494400.0
2021070104022269,NIL,49,39,60,1648.0,98880.0
2021070104022268,NIL,47,39,30,1648.0,49440.0
2021070104022267,NIL,17,39,20,1648.0,32960.0
2021070104022266,NIL,10,39,80,1648.0,131840.0
2021070104022277,NIL,35,39,20,1648.0,32960.0
2021070104022276,NIL,38,39,20,1648.0,32960.0
2021070104022275,NIL,34,39,30,1648.0,49440.0
2021070104022274,NIL,1,39,15,1648.0,24720.0
2021070104022273,NIL,47,39,20,1648.0,32960.0
2021070104022272,NIL,59,39,100,1648.0,164800.0
2021070104022283,NIL,35,39,24,1648.0,39552.0
2021070104022282,NIL,57,39,10,1648.0,16480.0
2021070104022281,NIL,37,39,100,1648.0,164800.0
2021070104022280,NIL,25,39,100,1648.0,164800.0
2021070104022279,NIL,26,39,200,1648.0,329600.0
2021070104022278,NIL,44,39,100,1648.0,164800.0
2021070104022289,NIL,53,39,10,1648.0,16480.0
2021070104022288,NIL,40,39,100,1648.0,164800.0
2021070104022287,NIL,16,39,300,1648.0,494400.0
2021070104022286,NIL,38,39,20,1648.0,32960.0
2021070104022285,NIL,58,39,26,1648.0,42848.0
2021070104022284,NIL,13,39,200,1648.0,329600.0
2021070104022319,NIL,57,51,40,1649.0,65960.0
2021070104022294,NIL,14,39,189,1648.0,311472.0
2021070104022293,NIL,57,39,26,1648.0,42848.0
2021070104022292,NIL,19,39,200,1648.0,329600.0
2021070104022291,NIL,45,39,500,1648.0,824000.0
2021070104022290,NIL,34,39,100,1648.0,164800.0
2021070104022369,NIL,4,34,30,1649.0,49470.0
2021070104022368,NIL,25,34,75,1649.0,123675.0
2021070104022367,NIL,57,34,75,1649.0,123675.0
2021070104022336,NIL,57,47,75,1649.0,123675.0
2021070104022331,NIL,57,34,10,1649.0,16490.0
2021070104022320,NIL,57,45,100,1649.0,164900.0
2021070104022458,NIL,36,29,10,1649.0,16490.0
2021070104022457,NIL,34,29,90,1649.0,148410.0
2021070104022421,NIL,34,58,100,1649.0,164900.0
2021070104022415,NIL,38,49,10,1650.0,16500.0
2021070104022414,NIL,34,34,110,1649.0,181390.0
2021070104022413,NIL,13,34,10,1649.0,16490.0
2021070104022521,NIL,28,44,100,1649.0,164900.0
2021070104022520,NIL,58,44,76,1649.0,125324.0
2021070104022503,NIL,58,39,20,1649.0,32980.0
2021070104022482,NIL,46,38,24,1648.0,39552.0
2021070104022481,NIL,14,38,11,1648.0,18128.0
2021070104022479,NIL,36,18,40,1649.0,65960.0
2021070104022543,NLG,39,39,100,1289.0,128900.0
2021070104022507,NLG,38,48,34,1289.0,43826.0
2021070104022506,NLG,38,35,16,1289.0,20624.0
2021070104022435,NLG,58,35,84,1289.0,108276.0
2021070104022211,NLG,52,33,43,1289.0,55427.0
2021070104022192,NLG,34,48,50,1290.0,64500.0
2021070104022434,NLG,58,33,16,1289.0,20624.0
2021070104022359,NLG,19,33,15,1289.0,19335.0
2021070104022213,NLG,20,33,50,1289.0,64450.0
2021070104022212,NLG,53,33,100,1289.0,128900.0
2021070104022511,NMB50,58,57,100,14.71,1471.0
2021070104022125,PIC,6,57,30,1203.0,36090.0
2021070104022516,PPCL,6,11,20,345.0,6900.0
2021070104022302,PPCL,6,58,10,345.0,3450.0
2021070104022246,PPCL,3,44,255,347.0,88485.0
2021070104022341,PRIN,38,58,30,952.0,28560.0
2021070104022340,PRIN,56,58,400,953.0,381200.0
2021070104022339,PRIN,39,58,120,954.0,114480.0
2021070104022338,PRIN,41,58,50,955.0,47750.0
2021070104022337,PRIN,3,58,200,955.0,191000.0
2021070104022333,PRIN,47,38,100,955.0,95500.0
2021070104022305,PRIN,58,37,40,959.0,38360.0
2021070104022304,PRIN,58,6,50,959.0,47950.0
2021070104022303,PRIN,58,33,10,959.0,9590.0
2021070104022264,PRIN,42,38,30,955.0,28650.0
2021070104022263,PRIN,34,38,100,955.0,95500.0
2021070104022586,RADHI,6,57,20,768.0,15360.0
2021070104022531,RADHI,49,32,90,767.0,69030.0
2021070104022525,RADHI,38,45,119,766.0,91154.0
2021070104022524,RADHI,57,45,51,766.0,39066.0
2021070104022508,RADHI,47,32,25,767.0,19175.0
2021070104022459,RADHI,45,32,65,767.0,49855.0
2021070104022215,RADHI,58,41,15,768.0,11520.0
2021070104022147,RADHI,13,6,15,767.0,11505.0
2021070104022146,RADHI,21,6,50,767.0,38350.0
2021070104022145,RADHI,6,6,20,767.0,15340.0
2021070104022144,RADHI,45,6,15,768.0,11520.0
2021070104022449,RADHI,58,57,100,768.0,76800.0
2021070104022448,RADHI,45,53,120,767.0,92040.0
2021070104022424,RADHI,46,57,27,768.0,20736.0
2021070104022423,RADHI,46,41,273,768.0,209664.0
2021070104022259,RADHI,45,45,15,767.0,11505.0
2021070104022258,RADHI,13,45,85,767.0,65195.0
2021070104022598,RHPC,41,14,50,532.0,26600.0
2021070104022597,RHPC,33,14,50,532.0,26600.0
2021070104022538,RHPC,10,14,25,533.0,13325.0
2021070104022344,RHPC,45,40,60,533.0,31980.0
2021070104022196,RHPC,34,40,20,533.0,10660.0
2021070104022160,RHPC,45,40,100,533.0,53300.0
2021070104022570,RHPL,3,48,75,450.0,33750.0
2021070104022569,RHPL,41,48,100,450.0,45000.0
2021070104022568,RHPL,17,48,200,450.0,90000.0
2021070104022567,RHPL,57,48,500,450.0,225000.0
2021070104022566,RHPL,32,48,20,450.0,9000.0
2021070104022565,RHPL,45,48,50,450.0,22500.0
2021070104022251,RHPL,1,49,50,450.0,22500.0
2021070104022250,RHPL,57,49,10,450.0,4500.0
2021070104022249,RHPL,14,49,10,450.0,4500.0
2021070104022564,RHPL,8,48,"1,000",450.0,450000.0
2021070104022563,RHPL,41,48,55,450.0,24750.0
2021070104022530,RHPL,58,6,200,450.0,90000.0
2021070104022529,RHPL,58,6,55,450.0,24750.0
2021070104022483,RHPL,58,1,35,450.0,15750.0
2021070104022252,RHPL,58,49,10,450.0,4500.0
2021070104022129,SFMF,49,47,"20,000",15.6,312000.0
2021070104022363,SGI,20,43,50,727.0,36350.0
2021070104022447,SHL,29,50,100,276.0,27600.0
2021070104022446,SHL,48,50,200,276.0,55200.0
2021070104022445,SHL,21,50,200,276.0,55200.0
2021070104022417,SHL,36,41,300,277.0,83100.0
2021070104022400,SHL,14,44,700,278.0,194600.0
2021070104022399,SHL,14,52,100,277.0,27700.0
2021070104022398,SHL,14,21,200,277.0,55400.0
2021070104022193,SHL,21,50,200,276.0,55200.0
2021070104022181,SHL,21,53,100,276.0,27600.0
2021070104022117,SHL,32,57,100,276.0,27600.0
2021070104022387,SHPC,45,34,742,480.0,356160.0
2021070104022386,SHPC,7,34,100,480.0,48000.0
2021070104022385,SHPC,48,34,50,480.0,24000.0
2021070104022384,SHPC,49,34,500,480.0,240000.0
2021070104022383,SHPC,55,34,10,480.0,4800.0
2021070104022103,SHPC,28,58,500,482.0,241000.0
2021070104022102,SHPC,45,58,"2,500",483.0,1207500.0
2021070104022101,SHPC,33,58,"1,000",483.0,483000.0
2021070104022100,SHPC,45,58,"5,000",483.0,2415000.0
2021070104022109,SHPC,6,58,233,481.0,112073.0
2021070104022108,SHPC,22,58,20,482.0,9640.0
2021070104022107,SHPC,52,58,500,482.0,241000.0
2021070104022106,SHPC,42,58,200,482.0,96400.0
2021070104022105,SHPC,38,58,"1,500",482.0,723000.0
2021070104022104,SHPC,25,58,30,482.0,14460.0
2021070104022376,SHPC,26,34,100,481.0,48100.0
2021070104022375,SHPC,14,34,"1,108",481.0,532948.0
2021070104022113,SHPC,14,58,892,481.0,429052.0
2021070104022112,SHPC,52,58,"1,000",481.0,481000.0
2021070104022111,SHPC,1,58,100,481.0,48100.0
2021070104022110,SHPC,16,58,300,481.0,144300.0
2021070104022382,SHPC,29,34,300,480.0,144000.0
2021070104022381,SHPC,14,34,50,480.0,24000.0
2021070104022380,SHPC,38,34,100,480.0,48000.0
2021070104022379,SHPC,41,34,400,480.0,192000.0
2021070104022378,SHPC,32,34,20,480.0,9600.0
2021070104022377,SHPC,42,34,50,480.0,24000.0
2021070104022332,SIC,55,42,80,1382.0,110560.0
2021070104022509,SICL,45,26,40,1985.0,79400.0
2021070104022477,SICL,57,26,20,1985.0,39700.0
2021070104022444,SICL,26,26,75,1985.0,148875.0
2021070104022422,SICL,53,17,50,1986.0,99300.0
2021070104022342,SICL,26,32,50,1985.0,99250.0
2021070104022245,SICL,42,17,10,1986.0,19860.0
2021070104022527,SJCL,25,58,10,421.0,4210.0
2021070104022153,SJCL,45,29,90,422.0,37980.0
2021070104022152,SJCL,45,26,40,422.0,16880.0
2021070104022151,SJCL,45,38,40,422.0,16880.0
2021070104022150,SJCL,45,26,45,422.0,18990.0
2021070104022587,SPDL,45,41,20,405.0,8100.0
2021070104022261,SPDL,45,16,100,405.0,40500.0
2021070104022177,SPDL,45,21,500,405.0,202500.0
2021070104022590,SSHL,39,45,50,317.0,15850.0
2021070104022575,SSHL,25,13,20,318.0,6360.0
2021070104022173,SSHL,58,13,100,318.0,31800.0
2021070104022149,STC,51,35,10,9750.0,97500.0
2021070104022515,TRH,51,58,31,417.0,12927.0
2021070104022514,TRH,51,43,947,417.0,394899.0
2021070104022513,TRH,51,4,22,410.0,9020.0
2021070104022484,TRH,47,4,900,410.0,369000.0
2021070104022476,TRH,6,4,500,410.0,205000.0
2021070104022475,TRH,1,4,100,410.0,41000.0
2021070104022170,TRH,22,57,60,416.0,24960.0
2021070104022474,TRH,6,4,10,410.0,4100.0
2021070104022473,TRH,34,4,860,410.0,352600.0
2021070104022472,TRH,57,4,578,411.0,237558.0
2021070104022471,TRH,4,4,20,415.0,8300.0
2021070104022470,TRH,21,4,10,416.0,4160.0
2021070104022171,TRH,21,57,40,416.0,16640.0
2021070104022510,UIC,48,48,100,714.0,71400.0
2021070104022335,UIC,42,6,175,715.0,125125.0
2021070104022334,UIC,42,57,25,715.0,17875.0
2021070104022162,UIC,17,55,10,713.0,7130.0
2021070104022161,UIC,38,55,40,713.0,28520.0
2021070104022397,UMHL,59,39,100,360.0,36000.0
2021070104022191,UMRH,45,47,100,505.0,50500.0
2021070104022526,UMRH,58,42,10,510.0,5100.0
2021070104022395,UMRH,45,38,10,505.0,5050.0
2021070104022358,UNHPL,45,32,110,350.0,38500.0
2021070104022357,UNHPL,45,58,50,350.0,17500.0
2021070104022356,UNHPL,45,6,50,350.0,17500.0
2021070104022355,UNHPL,45,8,50,350.0,17500.0
2021070104022354,UNHPL,45,47,100,350.0,35000.0
2021070104022353,UNHPL,45,45,20,350.0,7000.0
2021070104022346,UNHPL,45,33,50,348.0,17400.0
2021070104022345,UNHPL,45,56,250,348.0,87000.0
2021070104022352,UNHPL,45,57,500,350.0,175000.0
2021070104022351,UNHPL,45,57,20,350.0,7000.0
2021070104022350,UNHPL,45,57,20,350.0,7000.0
2021070104022349,UNHPL,45,8,50,349.0,17450.0
2021070104022348,UNHPL,45,44,50,349.0,17450.0
2021070104022347,UNHPL,45,44,50,348.0,17400.0
2021070104022594,UPCL,45,48,55,295.0,16225.0
2021070104022409,UPCL,45,18,370,295.0,109150.0
2021070104022408,UPCL,28,18,500,295.0,147500.0
2021070104022407,UPCL,37,18,50,295.0,14750.0
2021070104022406,UPCL,49,18,10,295.0,2950.0
2021070104022189,UPCL,5,16,"1,000",295.0,295000.0
2021070104022154,UPCL,5,35,200,295.0,59000.0
2021070104022139,UPCL,5,45,"1,980",295.0,584100.0
2021070104022138,UPCL,42,45,20,295.0,5900.0
2021070104022130,UPCL,42,45,580,295.0,171100.0
2021070104022405,UPCL,51,18,350,295.0,103250.0
2021070104022404,UPCL,21,18,100,295.0,29500.0
2021070104022403,UPCL,5,18,620,295.0,182900.0
2021070104022260,UPCL,5,48,200,295.0,59000.0
2021070104022534,UPPER,47,58,75,765.0,57375.0
2021070104022172,UPPER,13,4,150,764.0,114600.0
2021070104022123,UPPER,45,19,10,765.0,7650.0
2021070104022202,UPPER,13,26,40,764.0,30560.0
2021070104022187,UPPER,29,28,20,765.0,15300.0
2021070104022186,UPPER,29,36,90,765.0,68850.0
2021070104022184,UPPER,38,36,10,765.0,7650.0
2021070104022248,UPPER,13,49,80,764.0,61120.0
2021070104022247,UPPER,55,49,170,765.0,130050.0
2021070104022207,UPPER,55,36,50,765.0,38250.0
2021070104022206,UPPER,55,28,80,765.0,61200.0
2021070104022205,UPPER,13,34,200,764.0,152800.0
2021070104022402,UPPER,57,46,100,766.0,76600.0
2021070104022054,AHPC,50,22,20,444.0,8880.0
2021070104021872,AHPC,49,22,100,444.0,44400.0
2021070104021871,AHPC,7,22,50,444.0,22200.0
2021070104021870,AHPC,57,22,225,444.0,99900.0
2021070104021869,AHPC,6,22,881,444.0,391164.0
2021070104022094,AKJCL,58,58,171,271.0,46341.0
2021070104022093,AKJCL,58,29,20,271.0,5420.0
2021070104022092,AKJCL,58,36,169,271.0,45799.0
2021070104022075,AKPL,42,33,21,431.0,9051.0
2021070104022050,AKPL,42,6,222,431.0,95682.0
2021070104021875,AKPL,45,8,100,432.0,43200.0
2021070104021858,AKPL,45,8,300,432.0,129600.0
2021070104021857,AKPL,17,8,60,432.0,25920.0
2021070104021856,AKPL,17,8,20,432.0,8640.0
2021070104021855,AKPL,4,8,500,432.0,216000.0
2021070104021854,AKPL,59,8,100,432.0,43200.0
2021070104021853,AKPL,17,8,551,432.0,238032.0
2021070104021839,AKPL,44,45,100,433.0,43300.0
2021070104021784,AKPL,17,21,100,432.0,43200.0
2021070104021650,AKPL,38,45,50,433.0,21650.0
2021070104022049,API,46,45,255,390.0,99450.0
2021070104022043,API,38,45,20,390.0,7800.0
2021070104022009,API,5,51,"1,000",389.0,389000.0
2021070104021979,API,58,45,10,390.0,3900.0
2021070104021936,API,5,22,300,389.0,116700.0
2021070104021896,API,52,45,50,390.0,19500.0
2021070104021738,API,45,45,35,388.0,13580.0
2021070104021736,API,47,47,98,389.0,38122.0
2021070104021735,API,47,10,102,389.0,39678.0
2021070104021697,API,45,17,50,388.0,19400.0
2021070104021891,API,5,56,100,389.0,38900.0
2021070104021880,API,39,45,10,390.0,3900.0
2021070104021863,API,55,49,600,389.0,233400.0
2021070104021862,API,55,47,392,389.0,152488.0
2021070104021845,API,45,38,10,388.0,3880.0
2021070104021777,API,39,47,10,389.0,3890.0
2021070104022062,BARUN,59,21,100,537.0,53700.0
2021070104022000,BARUN,22,21,10,537.0,5370.0
2021070104022088,BPCL,52,29,100,519.0,51900.0
2021070104022087,BPCL,52,44,164,519.0,85116.0
2021070104022086,BPCL,52,6,340,519.0,176460.0
2021070104022085,BPCL,52,59,10,518.0,5180.0
2021070104022084,BPCL,52,29,124,518.0,64232.0
2021070104021746,BPCL,58,6,150,519.0,77850.0
2021070104021745,BPCL,58,17,50,518.0,25900.0
2021070104021991,BPCL,49,29,10,518.0,5180.0
2021070104021990,BPCL,42,29,16,518.0,8288.0
2021070104021907,BPCL,42,45,24,518.0,12432.0
2021070104021919,CHCL,35,45,55,660.0,36300.0
2021070104021918,CHCL,35,40,20,660.0,13200.0
2021070104021908,CHCL,35,44,60,658.0,39480.0
2021070104021890,CHCL,32,44,100,658.0,65800.0
2021070104021889,CHCL,28,44,40,658.0,26320.0
2021070104021859,CHCL,28,22,960,658.0,631680.0
2021070104022031,CHL,55,22,100,419.0,41900.0
2021070104021687,CHL,14,34,58,419.0,24302.0
2021070104021905,CMF1,39,50,"10,000",12.44,124400.0
2021070104021904,CMF1,48,50,"1,000",12.44,12440.0
2021070104021646,DHPL,45,43,100,267.0,26700.0
2021070104022076,EIC,11,57,75,755.0,56625.0
2021070104021712,GHL,58,40,15,292.0,4380.0
2021070104021663,GIC,51,50,10,696.0,6960.0
2021070104021876,GIC,51,34,10,696.0,6960.0
2021070104022048,GLH,13,45,147,364.0,53508.0
2021070104022047,GLH,40,45,153,365.0,55845.0
2021070104021994,GLH,40,46,10,365.0,3650.0
2021070104021993,GLH,40,56,37,365.0,13505.0
2021070104021781,GLH,49,56,13,365.0,4745.0
2021070104021780,GLH,6,56,500,365.0,182500.0
2021070104021779,GLH,50,56,500,365.0,182500.0
2021070104021778,GLH,52,56,450,365.0,164250.0
2021070104021744,GLH,52,46,10,365.0,3650.0
2021070104021666,GLH,52,41,10,365.0,3650.0
2021070104022072,HDHPC,14,51,20,272.0,5440.0
2021070104022042,HDHPC,58,51,20,272.0,5440.0
2021070104022008,HDHPC,32,51,50,272.0,13600.0
2021070104022007,HDHPC,58,51,50,272.0,13600.0
2021070104022006,HDHPC,43,51,150,273.0,40950.0
2021070104021961,HDHPC,38,54,40,274.0,10960.0
2021070104021960,HDHPC,38,34,60,274.0,16440.0
2021070104021879,HDHPC,43,38,50,273.0,13650.0
2021070104021786,HDHPC,4,21,100,273.0,27300.0
2021070104021709,HDHPC,38,34,500,274.0,137000.0
2021070104021603,HDHPC,4,58,50,273.0,13650.0
2021070104021820,HGI,29,42,200,775.0,155000.0
2021070104021819,HGI,29,13,100,775.0,77500.0
2021070104021661,HGI,25,6,50,774.0,38700.0
2021070104021830,HPPL,14,57,10,411.0,4110.0
2021070104021774,HPPL,4,42,183,410.0,75030.0
2021070104021773,HPPL,42,42,227,410.0,93070.0
2021070104021670,HPPL,42,14,68,410.0,27880.0
2021070104021669,HPPL,58,14,32,410.0,13120.0
2021070104021608,HURJA,57,35,385,342.0,131670.0
2021070104021607,HURJA,58,35,100,342.0,34200.0
2021070104022073,IGI,34,5,115,1210.0,139150.0
2021070104022044,IGI,34,28,"1,300",1210.0,1573000.0
2021070104021973,IGI,34,33,100,1210.0,121000.0
2021070104021818,IGI,11,28,180,1212.0,218160.0
2021070104021906,IGI,56,28,60,1211.0,72660.0
2021070104021951,JOSHI,43,52,100,283.0,28300.0
2021070104021950,JOSHI,43,6,90,283.0,25470.0
2021070104021949,JOSHI,43,35,20,283.0,5660.0
2021070104021910,JOSHI,1,52,250,282.0,70500.0
2021070104021760,JOSHI,1,6,25,282.0,7050.0
2021070104021759,JOSHI,1,13,50,282.0,14100.0
2021070104021758,JOSHI,1,59,175,281.0,49175.0
2021070104021708,JOSHI,41,59,195,281.0,54795.0
2021070104021639,JOSHI,1,59,70,281.0,19670.0
2021070104021638,JOSHI,6,59,160,281.0,44960.0
2021070104022064,KKHC,33,58,50,269.0,13450.0
2021070104021954,KKHC,54,58,20,269.0,5380.0
2021070104021641,KKHC,53,58,15,269.0,4035.0
2021070104021686,KPCL,58,58,10,433.0,4330.0
2021070104021832,KPCL,39,48,100,430.0,43000.0
2021070104021831,KPCL,58,48,90,433.0,38970.0
2021070104021838,KPCL,58,48,100,429.0,42900.0
2021070104021837,KPCL,34,48,500,429.0,214500.0
2021070104021836,KPCL,33,48,40,429.0,17160.0
2021070104021835,KPCL,41,48,500,430.0,215000.0
2021070104021834,KPCL,45,48,10,430.0,4300.0
2021070104021833,KPCL,7,48,300,430.0,129000.0
2021070104021888,LEC,28,26,138,337.0,46506.0
2021070104021849,LEC,26,26,70,337.0,23590.0
2021070104021755,LEC,11,26,80,337.0,26960.0
2021070104021754,LEC,35,26,122,337.0,41114.0
2021070104021750,LEC,35,55,78,337.0,26286.0
2021070104021749,LEC,17,55,20,337.0,6740.0
2021070104021737,LEC,17,58,10,337.0,3370.0
2021070104021674,LEC,17,45,20,337.0,6740.0
2021070104021865,LGIL,35,49,150,781.0,117150.0
2021070104021654,LGIL,37,17,76,777.0,59052.0
2021070104021653,LGIL,33,17,200,780.0,156000.0
2021070104021652,LGIL,10,17,324,780.0,252720.0
2021070104021651,LGIL,45,17,200,781.0,156200.0
2021070104021860,MEN,17,58,10,836.0,8360.0
2021070104021756,MEN,17,50,10,836.0,8360.0
2021070104022069,MHNL,45,58,60,323.0,19380.0
2021070104021909,MHNL,57,3,30,324.0,9720.0
2021070104021903,MHNL,45,58,40,323.0,12920.0
2021070104021842,NGPL,53,39,15,462.0,6930.0
2021070104021827,NGPL,39,49,50,461.0,23050.0
2021070104021826,NGPL,39,29,28,461.0,12908.0
2021070104021813,NGPL,10,29,200,461.0,92200.0
2021070104022071,NHPC,4,14,20,321.0,6420.0
2021070104022070,NHPC,4,58,50,321.0,16050.0
2021070104022068,NHPC,52,38,100,322.0,32200.0
2021070104022046,NHPC,21,55,27,321.0,8667.0
2021070104022032,NHPC,29,38,10,322.0,3220.0
2021070104021999,NHPC,21,44,73,321.0,23433.0
2021070104021610,NHPC,57,38,10,321.0,3210.0
2021070104021609,NHPC,40,38,897,321.0,287937.0
2021070104021606,NHPC,40,17,103,321.0,33063.0
2021070104021605,NHPC,52,17,397,321.0,127437.0
2021070104021616,NHPC,34,38,140,321.0,44940.0
2021070104021615,NHPC,43,38,500,321.0,160500.0
2021070104021614,NHPC,58,38,10,321.0,3210.0
2021070104021613,NHPC,42,38,"1,000",321.0,321000.0
2021070104021612,NHPC,38,38,500,321.0,160500.0
2021070104021611,NHPC,42,38,"1,000",321.0,321000.0
2021070104021622,NHPC,58,38,50,321.0,16050.0
2021070104021621,NHPC,51,38,200,321.0,64200.0
2021070104021620,NHPC,59,38,"3,000",321.0,963000.0
2021070104021619,NHPC,34,38,160,321.0,51360.0
2021070104021618,NHPC,56,38,100,321.0,32100.0
2021070104021617,NHPC,17,38,470,321.0,150870.0
2021070104021628,NHPC,1,38,200,321.0,64200.0
2021070104021627,NHPC,6,38,"1,000",321.0,321000.0
2021070104021626,NHPC,38,38,100,321.0,32100.0
2021070104021625,NHPC,52,38,300,321.0,96300.0
2021070104021624,NHPC,21,38,100,321.0,32100.0
2021070104021623,NHPC,10,38,300,321.0,96300.0
2021070104021634,NHPC,57,38,500,321.0,160500.0
2021070104021633,NHPC,42,38,48,321.0,15408.0
2021070104021632,NHPC,4,38,100,321.0,32100.0
2021070104021631,NHPC,29,38,"1,500",321.0,481500.0
2021070104021630,NHPC,1,38,500,321.0,160500.0
2021070104021629,NHPC,14,38,100,321.0,32100.0
2021070104021747,NHPC,3,38,520,322.0,167440.0
2021070104021719,NHPC,20,38,300,322.0,96600.0
2021070104021716,NHPC,50,38,200,322.0,64400.0
2021070104021696,NHPC,14,38,200,322.0,64400.0
2021070104021667,NHPC,59,6,20,321.0,6420.0
2021070104021635,NHPC,59,38,"1,495",321.0,479895.0
2021070104021937,NHPC,36,22,85,321.0,27285.0
2021070104021932,NHPC,44,38,20,322.0,6440.0
2021070104021795,NHPC,36,58,15,321.0,4815.0
2021070104021794,NHPC,59,58,485,321.0,155685.0
2021070104021793,NHPC,59,38,"1,000",321.0,321000.0
2021070104021748,NHPC,3,38,10,322.0,3220.0
2021070104021956,NHPC,32,42,117,321.0,37557.0
2021070104021942,NHPC,32,22,383,321.0,122943.0
2021070104021941,NHPC,3,22,10,321.0,3210.0
2021070104021940,NHPC,54,22,10,321.0,3210.0
2021070104021939,NHPC,40,22,200,321.0,64200.0
2021070104021938,NHPC,14,22,292,321.0,93732.0
2021070104021998,NHPC,57,44,10,321.0,3210.0
2021070104021997,NHPC,44,44,167,321.0,53607.0
2021070104021992,NHPC,38,38,200,322.0,64400.0
2021070104021959,NHPC,44,42,133,321.0,42693.0
2021070104021958,NHPC,42,42,50,321.0,16050.0
2021070104021957,NHPC,32,42,300,321.0,96300.0
2021070104021811,NIBSF1,32,17,"1,478",14.63,21623.14
2021070104022030,NICL,19,52,27,1155.0,31185.0
2021070104022029,NICL,45,52,30,1158.0,34740.0
2021070104022028,NICL,10,52,43,1158.0,49794.0
2021070104021955,NICL,10,21,57,1158.0,66006.0
2021070104021953,NICL,34,21,10,1158.0,11580.0
2021070104021952,NICL,34,42,90,1155.0,103950.0
2021070104021900,NICL,19,42,100,1155.0,115500.0
2021070104021883,NICL,55,42,25,1155.0,28875.0
2021070104021882,NICL,34,42,50,1155.0,57750.0
2021070104021881,NICL,56,42,75,1155.0,86625.0
2021070104021877,NICL,33,57,200,1156.0,231200.0
2021070104021843,NICL,51,21,10,1158.0,11580.0
2021070104022080,NIL,50,46,88,1649.0,145112.0
2021070104022079,NIL,55,46,50,1649.0,82450.0
2021070104022078,NIL,43,46,130,1649.0,214370.0
2021070104022077,NIL,50,46,240,1649.0,395760.0
2021070104022063,NIL,50,34,10,1649.0,16490.0
2021070104022060,NIL,38,44,20,1649.0,32980.0
2021070104021644,NIL,16,13,39,1649.0,64311.0
2021070104021602,NIL,41,13,10,1649.0,16490.0
2021070104021600,NIL,59,13,183,1649.0,301767.0
2021070104021664,NIL,47,45,50,1648.0,82400.0
2021070104021662,NIL,58,6,34,1649.0,56066.0
2021070104021649,NIL,34,6,44,1649.0,72556.0
2021070104021648,NIL,34,38,88,1649.0,145112.0
2021070104021647,NIL,34,13,118,1649.0,194582.0
2021070104021645,NIL,28,13,50,1649.0,82450.0
2021070104021693,NIL,38,7,45,1650.0,74250.0
2021070104021692,NIL,38,47,15,1650.0,24750.0
2021070104021691,NIL,38,25,40,1649.0,65960.0
2021070104021679,NIL,21,25,20,1649.0,32980.0
2021070104021678,NIL,21,6,30,1649.0,49470.0
2021070104021675,NIL,22,6,23,1649.0,37927.0
2021070104021713,NIL,29,41,80,1649.0,131920.0
2021070104021711,NIL,29,34,20,1649.0,32980.0
2021070104021710,NIL,48,34,60,1649.0,98940.0
2021070104021707,NIL,47,34,20,1649.0,32980.0
2021070104021695,NIL,34,45,200,1650.0,330000.0
2021070104021694,NIL,34,7,41,1650.0,67650.0
2021070104021766,NIL,41,56,50,1649.0,82450.0
2021070104021763,NIL,41,58,35,1649.0,57715.0
2021070104021728,NIL,41,51,150,1649.0,247350.0
2021070104021723,NIL,43,14,10,1650.0,16500.0
2021070104021722,NIL,43,57,20,1650.0,33000.0
2021070104021714,NIL,47,41,63,1648.0,103824.0
2021070104021772,NIL,58,49,65,1650.0,107250.0
2021070104021771,NIL,58,14,30,1650.0,49500.0
2021070104021770,NIL,34,52,35,1649.0,57715.0
2021070104021769,NIL,32,52,100,1649.0,164900.0
2021070104021768,NIL,41,52,15,1649.0,24735.0
2021070104021767,NIL,41,52,50,1649.0,82450.0
2021070104021806,NIL,58,59,30,1649.0,49470.0
2021070104021805,NIL,32,59,20,1649.0,32980.0
2021070104021804,NIL,21,59,100,1649.0,164900.0
2021070104021803,NIL,34,59,100,1649.0,164900.0
2021070104021802,NIL,22,59,45,1649.0,74205.0
2021070104021775,NIL,42,49,41,1650.0,67650.0
2021070104021816,NIL,17,18,18,1649.0,29682.0
2021070104021815,NIL,17,59,48,1649.0,79152.0
2021070104021810,NIL,48,59,30,1649.0,49470.0
2021070104021809,NIL,45,59,100,1649.0,164900.0
2021070104021808,NIL,42,59,40,1649.0,65960.0
2021070104021807,NIL,58,59,41,1649.0,67609.0
2021070104021841,NIL,59,22,39,1649.0,64311.0
2021070104021840,NIL,59,34,11,1649.0,18139.0
2021070104021829,NIL,29,34,100,1649.0,164900.0
2021070104021822,NIL,38,34,25,1649.0,41225.0
2021070104021821,NIL,38,34,20,1649.0,32980.0
2021070104021817,NIL,17,34,34,1649.0,56066.0
2021070104021878,NIL,57,29,50,1649.0,82450.0
2021070104021874,NIL,42,29,12,1649.0,19788.0
2021070104021866,NIL,32,29,50,1649.0,82450.0
2021070104021861,NIL,10,29,14,1649.0,23086.0
2021070104021847,NIL,57,29,93,1649.0,153357.0
2021070104021846,NIL,57,22,11,1649.0,18139.0
2021070104021921,NIL,42,22,15,1650.0,24750.0
2021070104021920,NIL,42,47,85,1650.0,140250.0
2021070104021899,NIL,22,57,50,1649.0,82450.0
2021070104021898,NIL,51,57,90,1649.0,148410.0
2021070104021895,NIL,1,57,360,1649.0,593640.0
2021070104021894,NIL,1,25,140,1649.0,230860.0
2021070104021976,NIL,7,50,50,1649.0,82450.0
2021070104021975,NIL,45,50,75,1649.0,123675.0
2021070104021974,NIL,16,50,100,1649.0,164900.0
2021070104021947,NIL,16,25,100,1649.0,164900.0
2021070104021946,NIL,49,25,100,1649.0,164900.0
2021070104021945,NIL,22,25,50,1649.0,82450.0
2021070104022010,NIL,28,44,100,1650.0,165000.0
2021070104022003,NIL,41,44,40,1650.0,66000.0
2021070104022002,NIL,41,22,10,1650.0,16500.0
2021070104021989,NIL,34,22,20,1650.0,33000.0
2021070104021978,NIL,17,50,55,1649.0,90695.0
2021070104021977,NIL,51,50,20,1649.0,32980.0
2021070104022059,NIL,58,44,50,1649.0,82450.0
2021070104022058,NIL,16,44,20,1649.0,32980.0
2021070104022057,NIL,55,44,10,1649.0,16490.0
2021070104022033,NIL,38,44,60,1650.0,99000.0
2021070104022027,NIL,17,7,45,1649.0,74205.0
2021070104022012,NIL,34,49,5,1649.0,8245.0
2021070104021995,NLG,52,58,10,1289.0,12890.0
2021070104021916,NLG,52,25,47,1289.0,60583.0
2021070104021892,NLG,56,25,100,1289.0,128900.0
2021070104021867,NLG,56,10,100,1288.0,128800.0
2021070104021944,OHL,45,3,100,673.0,67300.0
2021070104021796,OHL,45,45,25,673.0,16825.0
2021070104021785,OHL,45,44,46,673.0,30958.0
2021070104021765,OHL,45,50,73,672.0,49056.0
2021070104021690,OHL,3,50,10,672.0,6720.0
2021070104021689,OHL,51,50,100,673.0,67300.0
2021070104021688,OHL,36,50,13,673.0,8749.0
2021070104021757,PIC,53,33,10,1215.0,12150.0
2021070104022066,PICL,7,29,137,813.0,111381.0
2021070104022005,PICL,3,40,25,814.0,20350.0
2021070104021933,PICL,3,43,50,814.0,40700.0
2021070104021828,PICL,3,6,70,814.0,56980.0
2021070104021792,PICL,4,29,63,816.0,51408.0
2021070104021791,PICL,4,35,200,816.0,163200.0
2021070104021790,PICL,4,44,200,815.0,163000.0
2021070104021789,PICL,4,4,37,815.0,30155.0
2021070104021604,PICL,3,42,50,814.0,40700.0
2021070104022056,PMHPL,51,43,49,285.0,13965.0
2021070104022055,PMHPL,49,43,51,285.0,14535.0
2021070104021917,PPCL,6,45,390,345.0,134550.0
2021070104021637,PPCL,43,45,60,346.0,20760.0
2021070104021935,PRIN,34,59,100,955.0,95500.0
2021070104021934,PRIN,35,59,100,956.0,95600.0
2021070104022011,RADHI,58,32,20,769.0,15380.0
2021070104021887,RADHI,57,52,49,766.0,37534.0
2021070104021868,RADHI,57,36,100,766.0,76600.0
2021070104021848,RADHI,45,8,17,767.0,13039.0
2021070104021844,RADHI,50,14,50,767.0,38350.0
2021070104021727,RADHI,22,36,47,766.0,36002.0
2021070104021658,RADHI,34,16,20,766.0,15320.0
2021070104021657,RADHI,42,16,150,766.0,114900.0
2021070104021656,RADHI,44,16,20,766.0,15320.0
2021070104021655,RADHI,33,16,14,766.0,10724.0
2021070104021726,RADHI,17,36,10,766.0,7660.0
2021070104021725,RADHI,8,36,15,766.0,11490.0
2021070104021724,RADHI,42,36,28,766.0,21448.0
2021070104021685,RADHI,34,14,10,767.0,7670.0
2021070104021660,RADHI,42,16,22,766.0,16852.0
2021070104021659,RADHI,58,16,74,766.0,56684.0
2021070104021825,RBCL,34,47,30,20502.0,615060.0
2021070104021824,RBCL,57,47,10,20503.0,205030.0
2021070104021823,RBCL,33,47,10,20505.0,205050.0
2021070104022053,RHPC,14,40,120,533.0,63960.0
2021070104022045,RHPC,59,58,100,534.0,53400.0
2021070104021927,RHPC,57,58,50,534.0,26700.0
2021070104021680,RHPC,39,58,100,535.0,53500.0
2021070104022091,RHPL,58,29,60,452.0,27120.0
2021070104022090,RHPL,58,47,40,451.0,18040.0
2021070104022026,RHPL,38,47,100,451.0,45100.0
2021070104022025,RHPL,19,47,10,451.0,4510.0
2021070104022024,RHPL,45,47,100,451.0,45100.0
2021070104022023,RHPL,41,47,200,451.0,90200.0
2021070104021740,RHPL,47,22,500,452.0,226000.0
2021070104021739,RHPL,6,22,50,452.0,22600.0
2021070104021717,RHPL,6,26,70,452.0,31640.0
2021070104021643,RHPL,6,17,30,452.0,13560.0
2021070104021642,RHPL,16,17,70,452.0,31640.0
2021070104021981,RHPL,8,8,10,451.0,4510.0
2021070104021980,RHPL,21,8,60,452.0,27120.0
2021070104021798,RHPL,21,33,10,452.0,4520.0
2021070104021797,RHPL,21,22,30,452.0,13560.0
2021070104021742,RHPL,42,22,50,452.0,22600.0
2021070104021741,RHPL,47,22,50,452.0,22600.0
2021070104022022,RHPL,21,47,100,451.0,45100.0
2021070104022021,RHPL,1,47,100,451.0,45100.0
2021070104022020,RHPL,17,47,100,451.0,45100.0
2021070104022019,RHPL,35,47,60,451.0,27060.0
2021070104022018,RHPL,28,47,100,451.0,45100.0
2021070104022017,RHPL,8,47,90,451.0,40590.0
2021070104022065,SGI,20,25,10,727.0,7270.0
2021070104022015,SHL,56,49,300,275.0,82500.0
2021070104022014,SHL,47,49,200,275.0,55000.0
2021070104022013,SHL,7,49,100,275.0,27500.0
2021070104022004,SHL,33,14,100,276.0,27600.0
2021070104021972,SHL,39,44,100,278.0,27800.0
2021070104022099,SHPC,45,58,500,483.0,241500.0
2021070104022098,SHPC,5,58,"1,000",483.0,483000.0
2021070104022097,SHPC,39,58,50,483.0,24150.0
2021070104022096,SHPC,58,58,10,483.0,4830.0
2021070104022095,SHPC,3,58,25,484.0,12100.0
2021070104022081,SHPC,3,45,75,484.0,36300.0
2021070104021636,SHPC,49,36,200,484.0,96800.0
2021070104021850,SHPC,49,55,177,484.0,85668.0
2021070104021782,SHPC,48,34,200,485.0,97000.0
2021070104021721,SHPC,3,34,221,485.0,107185.0
2021070104021668,SHPC,58,34,20,485.0,9700.0
2021070104021930,SHPC,26,39,35,484.0,16940.0
2021070104021929,SHPC,14,39,137,484.0,66308.0
2021070104021851,SHPC,14,55,863,484.0,417692.0
2021070104021963,SHPC,6,45,10,484.0,4840.0
2021070104021962,SHPC,19,45,15,484.0,7260.0
2021070104021931,SHPC,19,39,35,484.0,16940.0
2021070104022052,SIC,35,11,50,1381.0,69050.0
2021070104022051,SIC,53,11,50,1381.0,69050.0
2021070104021873,SIC,42,42,20,1382.0,27640.0
2021070104021893,SICL,26,40,75,1985.0,148875.0
2021070104021814,SICL,42,40,25,1985.0,49625.0
2021070104021753,SICL,29,50,5,1985.0,9925.0
2021070104021752,SICL,29,14,60,1985.0,119100.0
2021070104021751,SICL,29,49,20,1985.0,39700.0
2021070104021734,SICL,28,1,70,1981.0,138670.0
2021070104021673,SICL,49,57,20,1984.0,39680.0
2021070104021672,SICL,34,57,30,1984.0,59520.0
2021070104021671,SICL,46,57,12,1984.0,23808.0
2021070104021601,SICL,22,34,26,1985.0,51610.0
2021070104021733,SICL,49,1,70,1982.0,138740.0
2021070104021732,SICL,11,1,10,1982.0,19820.0
2021070104021731,SICL,14,1,10,1982.0,19820.0
2021070104021730,SICL,36,1,13,1983.0,25779.0
2021070104021729,SICL,17,1,27,1984.0,53568.0
2021070104021715,SICL,48,34,12,1985.0,23820.0
2021070104022083,SJCL,45,26,200,422.0,84400.0
2021070104021852,SJCL,45,25,20,421.0,8420.0
2021070104021783,SJCL,45,57,10,421.0,4210.0
2021070104021743,SJCL,4,32,135,420.0,56700.0
2021070104021985,SPDL,45,56,100,405.0,40500.0
2021070104021984,SPDL,45,49,25,405.0,10125.0
2021070104021983,SPDL,45,45,61,405.0,24705.0
2021070104021982,SPDL,45,58,"1,080",405.0,437400.0
2021070104021665,SPDL,32,57,40,404.0,16160.0
2021070104022082,SSHL,39,22,20,317.0,6340.0
2021070104021948,SSHL,39,38,15,317.0,4755.0
2021070104021788,SSHL,39,42,408,317.0,129336.0
2021070104021787,SSHL,43,42,92,317.0,29164.0
2021070104021683,SSHL,38,13,522,318.0,165996.0
2021070104021682,SSHL,38,56,200,318.0,63600.0
2021070104021681,SSHL,38,52,277,318.0,88086.0
2021070104021764,STC,58,35,10,9750.0,97500.0
2021070104021720,STC,58,35,10,9750.0,97500.0
2021070104022089,TRH,22,34,100,416.0,41600.0
2021070104021988,TRH,22,45,10,416.0,4160.0
2021070104021987,TRH,22,3,200,416.0,83200.0
2021070104021986,TRH,22,3,130,416.0,54080.0
2021070104021864,TRH,47,3,100,416.0,41600.0
2021070104021762,UMHL,59,21,180,360.0,64800.0
2021070104021761,UMHL,26,21,90,360.0,32400.0
2021070104021886,UMHL,59,53,80,360.0,28800.0
2021070104021885,UMHL,45,53,100,360.0,36000.0
2021070104021884,UMHL,59,53,320,360.0,115200.0
2021070104022074,UMHL,59,57,14,360.0,5040.0
2021070104022061,UMHL,59,48,300,360.0,108000.0
2021070104021943,UMHL,17,50,10,361.0,3610.0
2021070104021996,UMRH,45,47,100,505.0,50500.0
2021070104021812,UMRH,41,48,10,510.0,5100.0
2021070104022067,UNHPL,1,57,20,347.0,6940.0
2021070104021928,UNHPL,45,45,50,346.0,17300.0
2021070104021901,UNHPL,45,45,100,346.0,34600.0
2021070104022041,UPCL,45,18,50,295.0,14750.0
2021070104022040,UPCL,49,18,500,295.0,147500.0
2021070104022039,UPCL,29,18,100,295.0,29500.0
2021070104022038,UPCL,43,18,100,295.0,29500.0
2021070104022037,UPCL,35,18,300,295.0,88500.0
2021070104022036,UPCL,32,18,200,295.0,59000.0
2021070104021800,UPCL,49,18,"1,000",296.0,296000.0
2021070104021799,UPCL,38,18,300,296.0,88800.0
2021070104021776,UPCL,38,39,100,296.0,29600.0
2021070104021718,UPCL,4,34,10,297.0,2970.0
2021070104021677,UPCL,38,35,10,296.0,2960.0
2021070104021676,UPCL,56,28,"1,000",297.0,297000.0
2021070104022035,UPCL,17,18,200,295.0,59000.0
2021070104022034,UPCL,28,18,"1,093",295.0,322435.0
2021070104022001,UPCL,28,34,90,295.0,26550.0
2021070104021897,UPCL,48,18,100,296.0,29600.0
2021070104021801,UPCL,21,18,50,296.0,14800.0
2021070104022016,UPPER,57,19,40,765.0,30600.0
2021070104021971,UPPER,39,46,322,766.0,246652.0
2021070104021970,UPPER,39,38,15,766.0,11490.0
2021070104021684,UPPER,16,49,50,765.0,38250.0
2021070104021640,UPPER,58,49,22,765.0,16830.0
2021070104021703,UPPER,46,13,10,764.0,7640.0
2021070104021702,UPPER,4,13,150,764.0,114600.0
2021070104021701,UPPER,49,13,250,764.0,191000.0
2021070104021700,UPPER,11,13,86,764.0,65704.0
2021070104021699,UPPER,33,13,100,764.0,76400.0
2021070104021698,UPPER,55,13,83,764.0,63412.0
2021070104021706,UPPER,52,13,391,764.0,298724.0
2021070104021705,UPPER,20,13,10,764.0,7640.0
2021070104021704,UPPER,54,13,30,764.0,22920.0
2021070104021914,UPPER,51,48,86,764.0,65704.0
2021070104021913,UPPER,16,48,30,764.0,22920.0
2021070104021912,UPPER,49,48,100,764.0,76400.0
2021070104021911,UPPER,52,48,109,764.0,83276.0
2021070104021902,UPPER,58,49,50,765.0,38250.0
2021070104021926,UPPER,38,57,10,764.0,7640.0
2021070104021925,UPPER,36,57,32,764.0,24448.0
2021070104021924,UPPER,22,57,11,764.0,8404.0
2021070104021923,UPPER,53,57,100,764.0,76400.0
2021070104021922,UPPER,51,57,14,764.0,10696.0
2021070104021915,UPPER,19,49,85,765.0,65025.0
2021070104021969,UPPER,39,47,20,766.0,15320.0
2021070104021968,UPPER,39,14,45,765.0,34425.0
2021070104021967,UPPER,39,33,94,765.0,71910.0
2021070104021966,UPPER,39,49,220,765.0,168300.0
2021070104021965,UPPER,39,57,304,764.0,232256.0
2021070104021964,UPPER,39,32,980,764.0,748720.0
2021070104021593,AHPC,6,22,119,444.0,52836.0
2021070104021573,AHPC,32,22,500,444.0,222000.0
2021070104021572,AHPC,44,22,"1,100",444.0,488400.0
2021070104021571,AHPC,26,22,483,444.0,214452.0
2021070104021465,AHPC,26,22,17,444.0,7548.0
2021070104021464,AHPC,28,22,50,444.0,22200.0
2021070104021463,AHPC,20,22,233,444.0,103452.0
2021070104021356,AHPC,20,34,150,444.0,66600.0
2021070104021452,AIL,42,19,20,815.0,16300.0
2021070104021451,AIL,42,44,10,815.0,8150.0
2021070104021450,AIL,42,58,10,815.0,8150.0
2021070104021449,AIL,42,41,60,815.0,48900.0
2021070104021299,AIL,48,4,10,813.0,8130.0
2021070104021555,AKJCL,52,36,10,271.0,2710.0
2021070104021523,AKJCL,58,45,10,270.0,2700.0
2021070104021160,AKJCL,58,58,20,270.0,5400.0
2021070104021597,AKPL,17,42,289,432.0,124848.0
2021070104021471,AKPL,26,45,284,433.0,122972.0
2021070104021470,AKPL,26,14,500,433.0,216500.0
2021070104021469,AKPL,26,53,216,433.0,93528.0
2021070104021439,AKPL,28,53,50,433.0,21650.0
2021070104021389,AKPL,50,53,70,433.0,30310.0
2021070104021374,AKPL,17,36,60,432.0,25920.0
2021070104021233,AKPL,3,36,10,432.0,4320.0
2021070104021232,AKPL,3,36,25,432.0,10800.0
2021070104021231,AKPL,3,57,140,432.0,60480.0
2021070104021214,AKPL,50,57,10,432.0,4320.0
2021070104021149,AKPL,42,57,"1,500",431.0,646500.0
2021070104021556,API,52,14,800,389.0,311200.0
2021070104021536,API,10,14,200,389.0,77800.0
2021070104021532,API,50,59,110,389.0,42790.0
2021070104021525,API,26,45,50,390.0,19500.0
2021070104021518,API,28,45,10,390.0,3900.0
2021070104021512,API,50,8,84,389.0,32676.0
2021070104021185,API,26,56,25,390.0,9750.0
2021070104021152,API,42,26,47,390.0,18330.0
2021070104021114,API,48,57,155,389.0,60295.0
2021070104021113,API,42,57,100,389.0,38900.0
2021070104021112,API,16,57,178,389.0,69242.0
2021070104021436,API,42,59,100,389.0,38900.0
2021070104021435,API,58,59,31,389.0,12059.0
2021070104021434,API,48,59,345,389.0,134205.0
2021070104021430,API,13,45,100,390.0,39000.0
2021070104021334,API,11,45,500,390.0,195000.0
2021070104021186,API,26,45,360,390.0,140400.0
2021070104021511,API,53,8,100,389.0,38900.0
2021070104021510,API,5,8,16,389.0,6224.0
2021070104021508,API,10,45,100,390.0,39000.0
2021070104021496,API,58,45,50,390.0,19500.0
2021070104021473,API,49,45,60,390.0,23400.0
2021070104021437,API,5,59,24,389.0,9336.0
2021070104021105,BARUN,45,39,50,539.0,26950.0
2021070104021228,BPCL,42,6,200,519.0,103800.0
2021070104021305,CGH,13,49,10,1533.0,15330.0
2021070104021300,CGH,13,55,10,1533.0,15330.0
2021070104021586,CHCL,51,40,50,660.0,33000.0
2021070104021498,CHCL,33,40,100,660.0,66000.0
2021070104021428,CHCL,21,40,230,660.0,151800.0
2021070104021427,CHCL,21,7,20,660.0,13200.0
2021070104021315,CHCL,35,33,700,659.0,461300.0
2021070104021314,CHCL,35,48,225,659.0,148275.0
2021070104021225,CHCL,49,48,45,659.0,29655.0
2021070104021468,CHL,21,34,100,419.0,41900.0
2021070104021237,CHL,58,34,32,419.0,13408.0
2021070104021205,CHL,58,17,10,419.0,4190.0
2021070104021192,CMF1,48,44,"2,000",12.44,24880.0
2021070104021441,DHPL,45,16,251,267.0,67017.0
2021070104021341,DHPL,58,16,49,267.0,13083.0
2021070104021196,DHPL,58,26,151,267.0,40317.0
2021070104021195,DHPL,52,26,100,267.0,26700.0
2021070104021194,DHPL,17,26,149,267.0,39783.0
2021070104021564,EIC,33,57,10,755.0,7550.0
2021070104021563,EIC,40,57,120,755.0,90600.0
2021070104021481,EIC,40,22,100,755.0,75500.0
2021070104021480,EIC,28,43,100,756.0,75600.0
2021070104021479,EIC,28,43,44,756.0,33264.0
2021070104021181,EIC,40,35,10,755.0,7550.0
2021070104021173,EIC,40,36,10,755.0,7550.0
2021070104021204,GHL,46,42,95,290.0,27550.0
2021070104021524,GIC,6,55,10,696.0,6960.0
2021070104021513,GIC,6,45,10,696.0,6960.0
2021070104021494,GIC,6,45,10,696.0,6960.0
2021070104021438,GIC,6,8,10,696.0,6960.0
2021070104021302,GIC,6,58,10,696.0,6960.0
2021070104021345,GLH,52,4,10,365.0,3650.0
2021070104021337,GLH,52,46,10,365.0,3650.0
2021070104021580,HDHPC,4,57,100,273.0,27300.0
2021070104021554,HDHPC,41,34,200,274.0,54800.0
2021070104021501,HDHPC,5,34,300,274.0,82200.0
2021070104021500,HDHPC,5,59,200,274.0,54800.0
2021070104021493,HDHPC,14,59,20,274.0,5480.0
2021070104021462,HDHPC,41,59,30,274.0,8220.0
2021070104021136,HDHPC,45,14,500,274.0,137000.0
2021070104021227,HDHPC,34,58,15,275.0,4125.0
2021070104021226,HDHPC,34,25,185,275.0,50875.0
2021070104021140,HDHPC,45,25,15,275.0,4125.0
2021070104021139,HDHPC,45,14,100,275.0,27500.0
2021070104021138,HDHPC,45,48,250,275.0,68750.0
2021070104021137,HDHPC,45,18,135,275.0,37125.0
2021070104021344,HGI,25,7,200,774.0,154800.0
2021070104021312,HGI,55,3,100,775.0,77500.0
2021070104021183,HPPL,58,41,50,410.0,20500.0
2021070104021182,HPPL,13,41,130,410.0,53300.0
2021070104021528,HURJA,38,45,20,341.0,6820.0
2021070104021472,HURJA,34,58,11,341.0,3751.0
2021070104021569,IGI,21,34,45,1213.0,54585.0
2021070104021568,IGI,32,34,70,1213.0,84910.0
2021070104021567,IGI,55,34,20,1214.0,24280.0
2021070104021526,IGI,58,57,50,1216.0,60800.0
2021070104021115,IGI,16,57,17,1216.0,20672.0
2021070104021426,IGI,58,34,50,1215.0,60750.0
2021070104021590,JOSHI,6,58,20,281.0,5620.0
2021070104021413,JOSHI,6,57,20,281.0,5620.0
2021070104021412,JOSHI,6,17,50,281.0,14050.0
2021070104021317,KEF,26,18,100,10.15,1015.0
2021070104021535,KKHC,33,32,16,267.0,4272.0
2021070104021509,KKHC,53,58,10,269.0,2690.0
2021070104021515,LEC,16,47,100,338.0,33800.0
2021070104021514,LEC,34,47,100,338.0,33800.0
2021070104021476,LEC,42,55,20,339.0,6780.0
2021070104021230,LEC,58,55,10,339.0,3390.0
2021070104021213,LEC,14,55,20,339.0,6780.0
2021070104021179,LEC,22,55,10,339.0,3390.0
2021070104021178,LEC,13,55,842,339.0,285438.0
2021070104021507,LGIL,10,6,11,780.0,8580.0
2021070104021467,LGIL,10,43,165,780.0,128700.0
2021070104021466,LGIL,49,43,25,780.0,19500.0
2021070104021429,LGIL,49,21,175,780.0,136500.0
2021070104021247,LGIL,1,34,200,780.0,156000.0
2021070104021246,LGIL,22,34,100,780.0,78000.0
2021070104021239,LGIL,57,34,157,785.0,123245.0
2021070104021238,LGIL,45,34,290,786.0,227940.0
2021070104021245,LGIL,57,34,100,781.0,78100.0
2021070104021244,LGIL,25,34,50,781.0,39050.0
2021070104021243,LGIL,57,34,100,781.0,78100.0
2021070104021242,LGIL,35,34,100,782.0,78200.0
2021070104021241,LGIL,35,34,100,784.0,78400.0
2021070104021240,LGIL,58,34,300,785.0,235500.0
2021070104021110,MEN,4,7,10,837.0,8370.0
2021070104021151,NEF,7,7,855,14.25,12183.75
2021070104021150,NEF,7,57,"1,007",14.24,14339.68
2021070104021531,NGPL,36,29,272,461.0,125392.0
2021070104021424,NGPL,38,22,100,461.0,46100.0
2021070104021423,NGPL,58,22,50,462.0,23100.0
2021070104021187,NGPL,58,50,27,463.0,12501.0
2021070104021589,NHDL,38,56,40,421.0,16840.0
2021070104021588,NHDL,57,56,49,421.0,20629.0
2021070104021587,NHDL,16,56,10,425.0,4250.0
2021070104021251,NHDL,16,56,10,426.0,4260.0
2021070104021250,NHDL,14,56,240,426.0,102240.0
2021070104021495,NHPC,57,38,10,322.0,3220.0
2021070104021478,NHPC,16,38,150,322.0,48300.0
2021070104021461,NHPC,41,38,"1,500",322.0,483000.0
2021070104021456,NHPC,16,38,300,322.0,96600.0
2021070104021362,NHPC,4,38,300,322.0,96600.0
2021070104021342,NHPC,52,35,200,321.0,64200.0
2021070104021122,NHPC,16,36,450,322.0,144900.0
2021070104021109,NHPC,57,36,10,322.0,3220.0
2021070104021108,NHPC,14,36,200,322.0,64400.0
2021070104021310,NHPC,7,38,14,322.0,4508.0
2021070104021309,NHPC,7,36,30,322.0,9660.0
2021070104021229,NHPC,3,36,10,322.0,3220.0
2021070104021206,NHPC,41,36,200,322.0,64400.0
2021070104021197,NHPC,52,1,215,321.0,69015.0
2021070104021123,NHPC,16,36,550,322.0,177100.0
2021070104021444,NICBF,26,57,200,13.46,2692.0
2021070104021148,NICGF,41,42,"1,000",14.7,14700.0
2021070104021596,NICL,10,58,45,1159.0,52155.0
2021070104021595,NICL,10,43,25,1158.0,28950.0
2021070104021594,NICL,10,58,30,1158.0,34740.0
2021070104021551,NICL,20,28,"1,269",1154.0,1464426.0
2021070104021550,NICL,33,28,50,1154.0,57700.0
2021070104021549,NICL,52,28,50,1154.0,57700.0
2021070104021425,NICL,55,45,50,1158.0,57900.0
2021070104021336,NICL,28,32,28,1155.0,32340.0
2021070104021180,NICL,10,32,50,1157.0,57850.0
2021070104021162,NICL,28,47,200,1155.0,231000.0
2021070104021542,NICL,48,28,102,1155.0,117810.0
2021070104021541,NICL,14,28,50,1155.0,57750.0
2021070104021540,NICL,28,28,422,1155.0,487410.0
2021070104021539,NICL,45,28,50,1156.0,57800.0
2021070104021538,NICL,10,28,50,1158.0,57900.0
2021070104021537,NICL,20,28,10,1158.0,11580.0
2021070104021548,NICL,11,28,50,1154.0,57700.0
2021070104021547,NICL,57,28,15,1155.0,17325.0
2021070104021546,NICL,16,28,48,1155.0,55440.0
2021070104021545,NICL,57,28,50,1155.0,57750.0
2021070104021544,NICL,14,28,100,1155.0,115500.0
2021070104021543,NICL,5,28,10,1155.0,11550.0
2021070104021599,NIL,32,41,4,1650.0,6600.0
2021070104021598,NIL,57,41,26,1650.0,42900.0
2021070104021583,NIL,59,45,17,1649.0,28033.0
2021070104021582,NIL,38,45,20,1649.0,32980.0
2021070104021581,NIL,57,45,13,1649.0,21437.0
2021070104021575,NIL,29,41,100,1650.0,165000.0
2021070104021129,NIL,52,14,10,1650.0,16500.0
2021070104021124,NIL,39,39,39,1649.0,64311.0
2021070104021116,NIL,39,38,200,1649.0,329800.0
2021070104021111,NIL,39,6,100,1649.0,164900.0
2021070104021155,NIL,57,11,165,1650.0,272250.0
2021070104021154,NIL,57,7,35,1650.0,57750.0
2021070104021153,NIL,45,7,15,1650.0,24750.0
2021070104021146,NIL,8,49,35,1650.0,57750.0
2021070104021145,NIL,45,49,160,1650.0,264000.0
2021070104021144,NIL,45,14,40,1650.0,66000.0
2021070104021188,NIL,39,14,96,1649.0,158304.0
2021070104021177,NIL,17,33,100,1650.0,165000.0
2021070104021172,NIL,34,33,104,1650.0,171600.0
2021070104021170,NIL,29,33,20,1650.0,33000.0
2021070104021169,NIL,29,35,45,1650.0,74250.0
2021070104021168,NIL,29,11,35,1650.0,57750.0
2021070104021217,NIL,44,32,10,1650.0,16500.0
2021070104021216,NIL,44,33,136,1650.0,224400.0
2021070104021215,NIL,45,33,30,1650.0,49500.0
2021070104021193,NIL,34,33,10,1650.0,16500.0
2021070104021190,NIL,1,33,100,1650.0,165000.0
2021070104021189,NIL,52,14,24,1649.0,39576.0
2021070104021326,NIL,25,52,45,1650.0,74250.0
2021070104021316,NIL,52,45,80,1649.0,131920.0
2021070104021303,NIL,52,13,112,1649.0,184688.0
2021070104021301,NIL,25,52,15,1650.0,24750.0
2021070104021249,NIL,45,52,100,1650.0,165000.0
2021070104021218,NIL,44,52,54,1650.0,89100.0
2021070104021365,NIL,38,10,300,1649.0,494700.0
2021070104021364,NIL,52,10,34,1649.0,56066.0
2021070104021340,NIL,45,45,84,1650.0,138600.0
2021070104021339,NIL,45,52,116,1650.0,191400.0
2021070104021338,NIL,57,52,30,1650.0,49500.0
2021070104021328,NIL,21,52,100,1650.0,165000.0
2021070104021371,NIL,33,10,50,1649.0,82450.0
2021070104021370,NIL,39,10,40,1649.0,65960.0
2021070104021369,NIL,38,10,48,1649.0,79152.0
2021070104021368,NIL,48,10,100,1649.0,164900.0
2021070104021367,NIL,57,10,100,1649.0,164900.0
2021070104021366,NIL,56,10,100,1649.0,164900.0
2021070104021457,NIL,45,42,50,1649.0,82450.0
2021070104021410,NIL,16,51,105,1649.0,173145.0
2021070104021409,NIL,16,10,89,1649.0,146761.0
2021070104021387,NIL,22,10,50,1649.0,82450.0
2021070104021375,NIL,38,10,50,1649.0,82450.0
2021070104021372,NIL,51,10,39,1649.0,64311.0
2021070104021506,NIL,38,22,34,1650.0,56100.0
2021070104021505,NIL,38,14,50,1650.0,82500.0
2021070104021504,NIL,38,14,16,1650.0,26400.0
2021070104021460,NIL,45,14,84,1650.0,138600.0
2021070104021459,NIL,45,14,350,1650.0,577500.0
2021070104021458,NIL,45,45,16,1650.0,26400.0
2021070104021560,NIL,57,42,87,1649.0,143463.0
2021070104021527,NIL,21,41,20,1650.0,33000.0
2021070104021522,NIL,32,50,40,1650.0,66000.0
2021070104021521,NIL,32,22,16,1650.0,26400.0
2021070104021519,NIL,59,22,100,1650.0,165000.0
2021070104021516,NIL,7,22,50,1650.0,82500.0
2021070104021559,NLG,32,48,21,1290.0,27090.0
2021070104021558,NLG,32,48,39,1290.0,50310.0
2021070104021557,NLG,32,25,40,1289.0,51560.0
2021070104021503,NLG,21,25,10,1289.0,12890.0
2021070104021147,NLG,53,48,10,1290.0,12900.0
2021070104021248,NMB50,50,45,"1,000",14.8,14800.0
2021070104021592,OHL,36,42,47,673.0,31631.0
2021070104021591,OHL,57,42,53,673.0,35669.0
2021070104021579,OHL,57,17,22,673.0,14806.0
2021070104021361,OHL,57,53,25,673.0,16825.0
2021070104021307,OHL,57,38,90,673.0,60570.0
2021070104021207,OHL,3,45,10,672.0,6720.0
2021070104021174,OHL,41,38,50,673.0,33650.0
2021070104021161,OHL,1,38,50,673.0,33650.0
2021070104021411,PICL,3,52,75,814.0,61050.0
2021070104021566,PMHPL,41,43,145,286.0,41470.0
2021070104021565,PMHPL,41,10,145,286.0,41470.0
2021070104021335,PMHPL,49,58,10,285.0,2850.0
2021070104021360,PRIN,38,57,100,957.0,95700.0
2021070104021355,PRIN,14,38,30,959.0,28770.0
2021070104021354,PRIN,14,57,170,958.0,162860.0
2021070104021171,PRIN,54,57,30,958.0,28740.0
2021070104021520,RADHI,58,14,200,767.0,153400.0
2021070104021517,RADHI,58,14,40,767.0,30680.0
2021070104021585,RHPC,14,22,80,533.0,42640.0
2021070104021584,RHPC,14,22,100,533.0,53300.0
2021070104021176,RHPC,59,58,200,535.0,107000.0
2021070104021577,RHPL,16,25,30,452.0,13560.0
2021070104021576,RHPL,17,25,10,452.0,4520.0
2021070104021234,RHPL,17,29,10,452.0,4520.0
2021070104021390,RRHP,20,29,10,366.0,3660.0
2021070104021497,SGI,20,3,10,727.0,7270.0
2021070104021388,SGI,36,49,10,728.0,7280.0
2021070104021308,SGI,36,32,10,728.0,7280.0
2021070104021418,SHL,51,21,100,279.0,27900.0
2021070104021417,SHL,51,6,311,279.0,86769.0
2021070104021353,SHL,17,6,189,279.0,52731.0
2021070104021352,SHL,17,35,100,278.0,27800.0
2021070104021351,SHL,17,45,400,278.0,111200.0
2021070104021350,SHL,17,21,350,278.0,97300.0
2021070104021254,SHL,17,32,120,274.0,32880.0
2021070104021253,SHL,17,17,"2,000",274.0,548000.0
2021070104021252,SHL,17,34,500,274.0,137000.0
2021070104021219,SHL,49,21,"1,000",274.0,274000.0
2021070104021184,SHL,58,46,100,274.0,27400.0
2021070104021260,SHL,17,41,100,275.0,27500.0
2021070104021259,SHL,17,29,200,275.0,55000.0
2021070104021258,SHL,17,42,150,275.0,41250.0
2021070104021257,SHL,17,38,150,275.0,41250.0
2021070104021256,SHL,17,45,850,275.0,233750.0
2021070104021255,SHL,17,22,140,274.0,38360.0
2021070104021266,SHL,17,52,300,275.0,82500.0
2021070104021265,SHL,17,14,100,275.0,27500.0
2021070104021264,SHL,17,20,100,275.0,27500.0
2021070104021263,SHL,17,36,100,275.0,27500.0
2021070104021262,SHL,17,10,300,275.0,82500.0
2021070104021261,SHL,17,22,200,275.0,55000.0
2021070104021272,SHL,17,42,100,275.0,27500.0
2021070104021271,SHL,17,19,100,275.0,27500.0
2021070104021270,SHL,17,45,100,275.0,27500.0
2021070104021269,SHL,17,43,500,275.0,137500.0
2021070104021268,SHL,17,29,100,275.0,27500.0
2021070104021267,SHL,17,29,100,275.0,27500.0
2021070104021278,SHL,17,1,150,276.0,41400.0
2021070104021277,SHL,17,4,100,276.0,27600.0
2021070104021276,SHL,17,45,100,276.0,27600.0
2021070104021275,SHL,17,14,626,276.0,172776.0
2021070104021274,SHL,17,55,600,276.0,165600.0
2021070104021273,SHL,17,34,100,275.0,27500.0
2021070104021284,SHL,17,1,100,277.0,27700.0
2021070104021283,SHL,17,57,"1,150",277.0,318550.0
2021070104021282,SHL,17,38,100,277.0,27700.0
2021070104021281,SHL,17,41,100,276.0,27600.0
2021070104021280,SHL,17,11,200,276.0,55200.0
2021070104021279,SHL,17,47,100,276.0,27600.0
2021070104021290,SHL,17,21,225,277.0,62325.0
2021070104021289,SHL,17,7,500,277.0,138500.0
2021070104021288,SHL,17,48,100,277.0,27700.0
2021070104021287,SHL,17,17,700,277.0,193900.0
2021070104021286,SHL,17,45,300,277.0,83100.0
2021070104021285,SHL,17,7,"1,000",277.0,277000.0
2021070104021296,SHL,17,52,100,278.0,27800.0
2021070104021295,SHL,17,22,100,278.0,27800.0
2021070104021294,SHL,17,57,100,278.0,27800.0
2021070104021293,SHL,17,36,500,278.0,139000.0
2021070104021292,SHL,17,36,"1,000",278.0,278000.0
2021070104021291,SHL,17,32,200,278.0,55600.0
2021070104021349,SHL,17,42,100,278.0,27800.0
2021070104021348,SHL,17,58,100,278.0,27800.0
2021070104021347,SHL,17,58,100,278.0,27800.0
2021070104021346,SHL,17,7,161,278.0,44758.0
2021070104021298,SHL,17,7,339,278.0,94242.0
2021070104021297,SHL,17,26,100,278.0,27800.0
2021070104021475,SHPC,42,34,200,485.0,97000.0
2021070104021447,SHPC,6,34,10,485.0,4850.0
2021070104021331,SHPC,42,34,49,485.0,23765.0
2021070104021330,SHPC,14,34,410,485.0,198850.0
2021070104021329,SHPC,58,34,10,486.0,4860.0
2021070104021333,SHPC,17,34,250,485.0,121250.0
2021070104021332,SHPC,59,34,100,485.0,48500.0
2021070104021446,SHPC,49,8,123,484.0,59532.0
2021070104021445,SHPC,25,8,77,484.0,37268.0
2021070104021311,SIC,34,26,50,1381.0,69050.0
2021070104021212,SIC,25,52,36,1380.0,49680.0
2021070104021211,SIC,45,52,10,1380.0,13800.0
2021070104021210,SIC,37,52,20,1380.0,27600.0
2021070104021209,SIC,42,52,10,1380.0,13800.0
2021070104021208,SIC,37,52,24,1380.0,33120.0
2021070104021553,SICL,46,14,10,1984.0,19840.0
2021070104021552,SICL,29,14,50,1985.0,99250.0
2021070104021534,SICL,46,34,30,1985.0,59550.0
2021070104021502,SICL,21,34,10,1985.0,19850.0
2021070104021433,SICL,49,50,170,1985.0,337450.0
2021070104021432,SICL,49,38,30,1985.0,59550.0
2021070104021159,SICL,34,32,11,1985.0,21835.0
2021070104021158,SICL,44,32,50,1985.0,99250.0
2021070104021157,SICL,42,32,26,1985.0,51610.0
2021070104021156,SICL,51,32,20,1985.0,39700.0
2021070104021203,SICL,41,17,80,1986.0,158880.0
2021070104021202,SICL,41,53,20,1985.0,39700.0
2021070104021201,SICL,11,53,10,1985.0,19850.0
2021070104021200,SICL,19,53,20,1985.0,39700.0
2021070104021199,SICL,58,53,30,1985.0,59550.0
2021070104021198,SICL,25,53,20,1985.0,39700.0
2021070104021416,SICL,34,38,20,1985.0,39700.0
2021070104021414,SICL,17,38,50,1985.0,99250.0
2021070104021381,SICL,46,32,18,1984.0,35712.0
2021070104021359,SICL,46,14,60,1984.0,119040.0
2021070104021358,SICL,13,14,10,1984.0,19840.0
2021070104021357,SICL,40,14,30,1984.0,59520.0
2021070104021386,SIL,34,33,76,1075.0,81700.0
2021070104021385,SIL,34,52,100,1073.0,107300.0
2021070104021384,SIL,34,48,55,1073.0,59015.0
2021070104021383,SIL,34,10,100,1071.0,107100.0
2021070104021382,SIL,34,35,169,1069.0,180661.0
2021070104021164,SIL,49,35,20,1069.0,21380.0
2021070104021120,SIL,41,35,20,1069.0,21380.0
2021070104021119,SIL,35,35,110,1069.0,117590.0
2021070104021118,SIL,49,35,20,1071.0,21420.0
2021070104021117,SIL,41,35,21,1071.0,22491.0
2021070104021570,SJCL,4,3,20,420.0,8400.0
2021070104021562,SJCL,4,8,40,420.0,16800.0
2021070104021486,SJCL,35,57,10,421.0,4210.0
2021070104021485,SJCL,35,35,190,421.0,79990.0
2021070104021477,SJCL,14,35,10,421.0,4210.0
2021070104021398,SJCL,4,44,62,420.0,26040.0
2021070104021121,SJCL,57,58,25,421.0,10525.0
2021070104021106,SJCL,58,58,25,421.0,10525.0
2021070104021391,SJCL,4,44,190,420.0,79800.0
2021070104021313,SJCL,4,25,10,420.0,4200.0
2021070104021128,SJCL,4,26,195,420.0,81900.0
2021070104021127,SJCL,4,26,100,420.0,42000.0
2021070104021126,SJCL,4,26,80,420.0,33600.0
2021070104021125,SJCL,57,26,125,421.0,52625.0
2021070104021397,SJCL,4,44,50,420.0,21000.0
2021070104021396,SJCL,4,44,50,420.0,21000.0
2021070104021395,SJCL,4,44,100,420.0,42000.0
2021070104021394,SJCL,4,44,200,420.0,84000.0
2021070104021393,SJCL,4,44,200,420.0,84000.0
2021070104021392,SJCL,4,44,148,420.0,62160.0
2021070104021499,SPDL,5,17,440,404.0,177760.0
2021070104021236,SPDL,53,17,10,404.0,4040.0
2021070104021530,SSHL,43,34,108,317.0,34236.0
2021070104021529,SSHL,13,34,92,317.0,29164.0
2021070104021343,SSHL,13,41,283,317.0,89711.0
2021070104021143,SSHL,21,52,23,318.0,7314.0
2021070104021142,SSHL,21,50,177,318.0,56286.0
2021070104021131,SSHL,13,29,225,317.0,71325.0
2021070104021130,SSHL,5,29,275,317.0,87175.0
2021070104021107,SSHL,5,1,50,317.0,15850.0
2021070104021304,TRH,22,3,70,416.0,29120.0
2021070104021163,TRH,22,43,38,417.0,15846.0
2021070104021578,UMHL,53,50,10,361.0,3610.0
2021070104021455,UMHL,26,52,100,360.0,36000.0
2021070104021454,UMHL,26,50,80,360.0,28800.0
2021070104021453,UMHL,26,58,230,359.0,82570.0
2021070104021221,UMHL,45,53,50,359.0,17950.0
2021070104021220,UMHL,45,35,80,359.0,28720.0
2021070104021135,UMHL,34,35,120,359.0,43080.0
2021070104021134,UMHL,34,57,500,359.0,179500.0
2021070104021133,UMHL,34,18,300,359.0,107700.0
2021070104021132,UMHL,34,14,80,359.0,28720.0
2021070104021306,UMHL,45,20,130,359.0,46670.0
2021070104021235,UMHL,3,49,24,358.0,8592.0
2021070104021222,UMHL,45,20,370,359.0,132830.0
2021070104021405,UMHL,26,1,100,360.0,36000.0
2021070104021404,UMHL,26,14,100,360.0,36000.0
2021070104021403,UMHL,26,57,500,360.0,180000.0
2021070104021373,UMHL,45,50,200,359.0,71800.0
2021070104021440,UMHL,45,58,170,359.0,61030.0
2021070104021415,UMHL,34,50,500,360.0,180000.0
2021070104021407,UMHL,26,50,110,360.0,39600.0
2021070104021406,UMHL,26,14,190,360.0,68400.0
2021070104021325,UMRH,34,47,30,515.0,15450.0
2021070104021324,UMRH,34,34,20,514.0,10280.0
2021070104021323,UMRH,34,48,10,510.0,5100.0
2021070104021322,UMRH,34,51,10,510.0,5100.0
2021070104021321,UMRH,34,42,50,507.0,25350.0
2021070104021320,UMRH,34,29,10,505.0,5050.0
2021070104021101,UMRH,34,51,10,505.0,5050.0
2021070104021100,UMRH,34,57,10,505.0,5050.0
2021070104021319,UMRH,34,53,10,505.0,5050.0
2021070104021318,UMRH,34,22,10,505.0,5050.0
2021070104021104,UMRH,34,57,50,505.0,25250.0
2021070104021103,UMRH,34,52,20,505.0,10100.0
2021070104021102,UMRH,34,41,10,505.0,5050.0
2021070104021533,UNHPL,45,44,30,346.0,10380.0
2021070104021484,UNHPL,45,56,210,348.0,73080.0
2021070104021483,UNHPL,45,57,250,347.0,86750.0
2021070104021482,UNHPL,45,40,40,347.0,13880.0
2021070104021448,UNHPL,45,48,20,346.0,6920.0
2021070104021175,UNHPL,45,52,20,346.0,6920.0
2021070104021443,UPCL,38,11,90,296.0,26640.0
2021070104021442,UPCL,22,11,10,296.0,2960.0
2021070104021408,UPCL,38,45,50,297.0,14850.0
2021070104021167,UPCL,39,21,200,297.0,59400.0
2021070104021166,UPCL,39,42,100,297.0,29700.0
2021070104021165,UPCL,39,28,280,297.0,83160.0
2021070104021574,UPPER,52,49,38,765.0,29070.0
2021070104021561,UPPER,55,50,40,764.0,30560.0
2021070104021224,UPPER,19,28,80,766.0,61280.0
2021070104021223,UPPER,19,59,20,766.0,15320.0
2021070104021191,UPPER,44,8,40,765.0,30600.0
2021070104021141,UPPER,17,59,80,766.0,61280.0
2021070104021379,UPPER,13,3,100,765.0,76500.0
2021070104021378,UPPER,4,3,50,765.0,38250.0
2021070104021377,UPPER,43,3,50,765.0,38250.0
2021070104021376,UPPER,57,3,100,765.0,76500.0
2021070104021363,UPPER,21,28,10,766.0,7660.0
2021070104021327,UPPER,44,25,46,765.0,35190.0
2021070104021419,UPPER,57,28,50,766.0,38300.0
2021070104021402,UPPER,29,17,45,765.0,34425.0
2021070104021401,UPPER,38,17,75,765.0,57375.0
2021070104021400,UPPER,29,17,500,765.0,382500.0
2021070104021399,UPPER,13,17,380,765.0,290700.0
2021070104021380,UPPER,13,35,20,765.0,15300.0
2021070104021474,UPPER,29,29,50,766.0,38300.0
2021070104021431,UPPER,29,49,10,765.0,7650.0
2021070104021422,UPPER,47,57,20,767.0,15340.0
2021070104021421,UPPER,47,45,30,766.0,22980.0
2021070104021420,UPPER,57,45,10,766.0,7660.0
2021070104021492,UPPER,34,49,20,765.0,15300.0
2021070104021491,UPPER,46,49,100,765.0,76500.0
2021070104021490,UPPER,20,49,10,765.0,7650.0
2021070104021489,UPPER,38,49,230,765.0,175950.0
2021070104021488,UPPER,29,49,145,765.0,110925.0
2021070104021487,UPPER,29,49,30,766.0,22980.0
2021070104021054,AHPC,20,17,26,444.0,11544.0
2021070104021053,AHPC,49,17,374,444.0,166056.0
2021070104020943,AHPC,49,28,126,444.0,55944.0
2021070104020942,AHPC,57,28,24,444.0,10656.0
2021070104020908,AHPC,58,22,52,445.0,23140.0
2021070104020803,AHPC,57,32,26,444.0,11544.0
2021070104020691,AHPC,6,22,500,445.0,222500.0
2021070104020690,AHPC,6,34,500,445.0,222500.0
2021070104021005,AIL,35,41,440,815.0,358600.0
2021070104021004,AIL,35,41,10,815.0,8150.0
2021070104021003,AIL,35,34,50,814.0,40700.0
2021070104020977,AIL,48,38,60,813.0,48780.0
2021070104020976,AIL,17,38,40,814.0,32560.0
2021070104020811,AIL,17,4,10,814.0,8140.0
2021070104020783,AIL,48,3,10,813.0,8130.0
2021070104020700,AIL,45,52,10,814.0,8140.0
2021070104020699,AIL,45,32,141,814.0,114774.0
2021070104020698,AIL,45,34,10,814.0,8140.0
2021070104020809,AKJCL,58,8,20,270.0,5400.0
2021070104020790,AKJCL,21,36,20,271.0,5420.0
2021070104021041,AKPL,50,57,10,432.0,4320.0
2021070104021040,AKPL,42,45,"1,000",431.0,431000.0
2021070104021023,AKPL,58,57,30,432.0,12960.0
2021070104020981,AKPL,42,36,170,431.0,73270.0
2021070104020883,AKPL,50,57,10,432.0,4320.0
2021070104020831,AKPL,42,58,600,431.0,258600.0
2021070104020794,AKPL,25,45,50,432.0,21600.0
2021070104020782,AKPL,50,45,10,432.0,4320.0
2021070104020734,AKPL,42,35,10,431.0,4310.0
2021070104020703,AKPL,58,45,100,432.0,43200.0
2021070104021015,API,16,49,193,390.0,75270.0
2021070104021014,API,16,37,807,390.0,314730.0
2021070104020970,API,16,47,22,389.0,8558.0
2021070104020969,API,34,47,100,389.0,38900.0
2021070104020968,API,16,47,100,389.0,38900.0
2021070104020967,API,3,47,278,389.0,108142.0
2021070104020746,API,43,5,62,390.0,24180.0
2021070104020909,API,21,37,100,390.0,39000.0
2021070104020884,API,22,37,20,390.0,7800.0
2021070104020867,API,3,26,11,389.0,4279.0
2021070104020834,API,3,38,200,389.0,77800.0
2021070104020749,API,3,41,10,389.0,3890.0
2021070104020747,API,43,37,63,390.0,24570.0
2021070104020687,BARUN,14,39,20,539.0,10780.0
2021070104020686,BARUN,14,22,40,538.0,21520.0
2021070104020966,BPCL,52,36,45,516.0,23220.0
2021070104020946,BPCL,34,6,"1,310",519.0,679890.0
2021070104020945,BPCL,34,47,500,518.0,259000.0
2021070104020944,BPCL,34,59,190,518.0,98420.0
2021070104020738,BPCL,35,49,100,517.0,51700.0
2021070104020692,BPCL,47,29,47,517.0,24299.0
2021070104020812,BPCL,4,22,40,517.0,20680.0
2021070104020793,BPCL,32,22,60,517.0,31020.0
2021070104020739,BPCL,52,49,402,516.0,207432.0
2021070104020829,BPCL,4,29,13,517.0,6721.0
2021070104020875,BPCL,52,45,53,516.0,27348.0
2021070104020874,BPCL,4,45,47,517.0,24299.0
2021070104021022,CGH,17,58,10,1531.0,15310.0
2021070104021021,CGH,47,58,10,1532.0,15320.0
2021070104021009,CGH,47,55,10,1532.0,15320.0
2021070104020899,CGH,47,45,10,1532.0,15320.0
2021070104020842,CGH,17,39,10,1531.0,15310.0
2021070104020640,CGH,17,39,10,1531.0,15310.0
2021070104020802,CHCL,42,48,10,659.0,6590.0
2021070104020641,CHCL,36,26,"1,012",658.0,665896.0
2021070104021063,CMF1,51,42,300,12.49,3747.0
2021070104020722,DHPL,17,44,20,267.0,5340.0
2021070104020921,GIC,41,17,10,697.0,6970.0
2021070104020861,GIC,43,29,10,697.0,6970.0
2021070104020840,GIC,43,4,10,697.0,6970.0
2021070104021035,GLH,52,56,130,365.0,47450.0
2021070104021034,GLH,34,56,15,365.0,5475.0
2021070104021033,GLH,34,56,40,365.0,14600.0
2021070104021032,GLH,59,56,200,365.0,73000.0
2021070104021031,GLH,44,56,80,365.0,29200.0
2021070104021030,GLH,22,56,100,365.0,36500.0
2021070104020701,GLH,34,39,10,366.0,3660.0
2021070104021029,GLH,34,56,10,365.0,3650.0
2021070104021028,GLH,43,56,50,365.0,18250.0
2021070104021027,GLH,41,56,10,365.0,3650.0
2021070104021026,GLH,44,56,65,365.0,23725.0
2021070104020902,GLH,29,39,10,366.0,3660.0
2021070104020788,GLH,34,16,10,366.0,3660.0
2021070104020759,HDHPC,6,18,65,275.0,17875.0
2021070104020758,HDHPC,6,38,50,275.0,13750.0
2021070104020757,HDHPC,6,49,100,275.0,27500.0
2021070104020756,HDHPC,6,57,50,275.0,13750.0
2021070104020755,HDHPC,6,43,50,275.0,13750.0
2021070104020754,HDHPC,6,44,225,275.0,61875.0
2021070104020696,HDHPC,7,49,20,274.0,5480.0
2021070104020635,HDHPC,26,49,130,274.0,35620.0
2021070104020634,HDHPC,26,42,120,274.0,32880.0
2021070104020633,HDHPC,26,49,50,274.0,13700.0
2021070104020753,HDHPC,6,4,30,275.0,8250.0
2021070104020752,HDHPC,6,29,10,274.0,2740.0
2021070104020751,HDHPC,6,36,420,274.0,115080.0
2021070104020723,HDHPC,25,36,580,274.0,158920.0
2021070104020711,HDHPC,25,33,420,274.0,115080.0
2021070104020697,HDHPC,7,33,80,274.0,21920.0
2021070104020872,HGI,25,57,175,774.0,135450.0
2021070104020871,HGI,25,44,30,773.0,23190.0
2021070104020796,HGI,21,57,100,774.0,77400.0
2021070104020632,HGI,17,57,25,774.0,19350.0
2021070104020631,HGI,17,19,15,774.0,11610.0
2021070104021084,HPPL,13,42,20,410.0,8200.0
2021070104021083,HPPL,13,55,10,410.0,4100.0
2021070104020761,HPPL,58,55,130,410.0,53300.0
2021070104020760,HPPL,58,52,20,410.0,8200.0
2021070104021064,IGI,32,10,50,1216.0,60800.0
2021070104021019,IGI,55,34,30,1214.0,36420.0
2021070104021018,IGI,1,34,50,1214.0,60700.0
2021070104021044,KKHC,14,29,10,268.0,2680.0
2021070104020695,KKHC,33,52,16,267.0,4272.0
2021070104020962,KPCL,58,29,10,433.0,4330.0
2021070104020961,KPCL,58,11,80,433.0,34640.0
2021070104020600,KPCL,32,48,10,435.0,4350.0
2021070104020819,LEC,13,19,40,339.0,13560.0
2021070104020786,LEC,13,46,118,339.0,40002.0
2021070104020785,LEC,17,46,290,339.0,98310.0
2021070104020784,LEC,50,46,30,339.0,10170.0
2021070104021092,LGIL,45,1,10,786.0,7860.0
2021070104021045,LGIL,57,57,30,785.0,23550.0
2021070104020928,LGIL,35,6,24,787.0,18888.0
2021070104020927,LGIL,35,36,120,786.0,94320.0
2021070104020926,LGIL,35,35,45,786.0,35370.0
2021070104020925,LGIL,35,13,11,786.0,8646.0
2021070104020878,LGIL,26,13,65,786.0,51090.0
2021070104020866,LGIL,56,13,200,786.0,157200.0
2021070104020865,LGIL,45,13,200,786.0,157200.0
2021070104020864,LGIL,38,13,10,786.0,7860.0
2021070104020863,LGIL,44,13,100,786.0,78600.0
2021070104021016,MEN,4,3,10,837.0,8370.0
2021070104020881,MEN,4,55,50,837.0,41850.0
2021070104020870,MEN,33,34,200,840.0,168000.0
2021070104020869,MEN,33,33,10,838.0,8380.0
2021070104020868,MEN,33,32,10,838.0,8380.0
2021070104020821,MEN,4,41,10,837.0,8370.0
2021070104020643,MEN,46,10,10,837.0,8370.0
2021070104021024,MHNL,42,17,20,325.0,6500.0
2021070104020741,MHNL,42,34,30,325.0,9750.0
2021070104020763,NEF,7,36,"24,851",14.2,352884.2
2021070104021017,NGPL,58,29,33,463.0,15279.0
2021070104020889,NGPL,58,21,40,463.0,18520.0
2021070104020735,NGPL,58,43,33,460.0,15180.0
2021070104021082,NHPC,51,42,20,322.0,6440.0
2021070104021081,NHPC,41,42,65,322.0,20930.0
2021070104021080,NHPC,59,42,100,322.0,32200.0
2021070104021079,NHPC,16,42,100,322.0,32200.0
2021070104021078,NHPC,58,42,100,322.0,32200.0
2021070104021077,NHPC,22,42,20,322.0,6440.0
2021070104020797,NHPC,58,26,500,322.0,161000.0
2021070104020762,NHPC,58,55,50,322.0,16100.0
2021070104020748,NHPC,58,57,10,322.0,3220.0
2021070104020713,NHPC,58,51,100,322.0,32200.0
2021070104020642,NHPC,50,22,100,323.0,32300.0
2021070104020901,NHPC,57,21,30,322.0,9660.0
2021070104020900,NHPC,45,21,200,322.0,64400.0
2021070104020841,NHPC,58,32,"7,507",322.0,2417254.0
2021070104020830,NHPC,58,22,"1,015",322.0,326830.0
2021070104020820,NHPC,58,22,800,323.0,258400.0
2021070104020813,NHPC,58,33,39,322.0,12558.0
2021070104020915,NHPC,55,55,"3,000",322.0,966000.0
2021070104020914,NHPC,55,55,"1,000",322.0,322000.0
2021070104020913,NHPC,51,55,200,322.0,64400.0
2021070104020912,NHPC,33,55,"1,000",322.0,322000.0
2021070104020911,NHPC,19,55,20,322.0,6440.0
2021070104020910,NHPC,57,55,70,322.0,22540.0
2021070104020947,NHPC,28,42,"1,390",322.0,447580.0
2021070104020938,NHPC,21,58,78,323.0,25194.0
2021070104020937,NHPC,21,57,100,323.0,32300.0
2021070104020936,NHPC,21,14,500,323.0,161500.0
2021070104020935,NHPC,21,22,322,323.0,104006.0
2021070104020916,NHPC,28,55,610,322.0,196420.0
2021070104020953,NHPC,11,42,50,322.0,16100.0
2021070104020952,NHPC,26,42,300,322.0,96600.0
2021070104020951,NHPC,22,42,50,322.0,16100.0
2021070104020950,NHPC,29,42,"1,500",322.0,483000.0
2021070104020949,NHPC,29,42,"1,500",322.0,483000.0
2021070104020948,NHPC,4,42,10,322.0,3220.0
2021070104020983,NHPC,51,33,200,322.0,64400.0
2021070104020982,NHPC,57,33,30,322.0,9660.0
2021070104020979,NHPC,59,34,50,323.0,16150.0
2021070104020975,NHPC,57,14,70,322.0,22540.0
2021070104020957,NHPC,46,34,100,323.0,32300.0
2021070104020954,NHPC,57,42,200,322.0,64400.0
2021070104020989,NHPC,40,34,200,323.0,64600.0
2021070104020988,NHPC,38,33,490,322.0,157780.0
2021070104020987,NHPC,4,33,120,322.0,38640.0
2021070104020986,NHPC,45,33,50,322.0,16100.0
2021070104020985,NHPC,50,33,100,322.0,32200.0
2021070104020984,NHPC,54,33,10,322.0,3220.0
2021070104020995,NHPC,22,44,350,322.0,112700.0
2021070104020994,NHPC,39,44,50,322.0,16100.0
2021070104020993,NHPC,46,44,"1,000",322.0,322000.0
2021070104020992,NHPC,40,44,500,322.0,161000.0
2021070104020991,NHPC,57,44,400,322.0,128800.0
2021070104020990,NHPC,38,44,10,322.0,3220.0
