Transact. No.,Symbol,Buyer,Seller,Quantity,Rate,Amount
2021070604014891,AHPC,32,26,541,433.0,234253.0
2021070604014776,AHPC,32,45,420,433.0,181860.0
2021070604014766,AHPC,32,52,13,433.0,5629.0
2021070604015203,AHPC,14,13,20,432.0,8640.0
2021070604015124,AHPC,38,26,250,433.0,108250.0
2021070604015112,AHPC,14,40,50,432.0,21600.0
2021070604014894,AHPC,36,26,30,433.0,12990.0
2021070604014893,AHPC,37,26,100,433.0,43300.0
2021070604014892,AHPC,40,26,16,433.0,6928.0
2021070604015062,AKJCL,45,49,40,259.0,10360.0
2021070604014903,AKJCL,45,14,60,259.0,15540.0
2021070604014902,AKJCL,49,14,100,259.0,25900.0
2021070604014901,AKJCL,42,14,10,259.0,2590.0
2021070604014900,AKJCL,53,14,30,259.0,7770.0
2021070604014793,AKJCL,25,49,15,260.0,3900.0
2021070604015209,AKPL,33,55,200,422.0,84400.0
2021070604015208,AKPL,33,49,10,422.0,4220.0
2021070604015207,AKPL,33,57,17,422.0,7174.0
2021070604015179,AKPL,29,16,500,421.0,210500.0
2021070604015097,AKPL,40,57,300,422.0,126600.0
2021070604015068,AKPL,14,57,200,422.0,84400.0
2021070604014913,AKPL,40,57,100,422.0,42200.0
2021070604015205,API,57,1,10,368.0,3680.0
2021070604015120,API,32,4,90,367.0,33030.0
2021070604015108,API,57,1,81,368.0,29808.0
2021070604015107,API,57,41,30,368.0,11040.0
2021070604015106,API,57,56,240,367.0,88080.0
2021070604015105,API,57,44,100,366.0,36600.0
2021070604014848,API,26,32,120,365.0,43800.0
2021070604014771,API,57,1,486,366.0,177876.0
2021070604014770,API,57,37,14,366.0,5124.0
2021070604014769,API,49,37,200,366.0,73200.0
2021070604014990,API,48,20,100,365.0,36500.0
2021070604014989,API,44,20,50,365.0,18250.0
2021070604014988,API,26,20,67,365.0,24455.0
2021070604014987,API,58,20,26,366.0,9516.0
2021070604014931,API,58,1,454,366.0,166164.0
2021070604014854,API,40,1,60,366.0,21960.0
2021070604015104,API,57,17,49,366.0,17934.0
2021070604015103,API,39,58,100,365.0,36500.0
2021070604014994,API,39,20,57,365.0,20805.0
2021070604014993,API,7,20,500,365.0,182500.0
2021070604014992,API,41,20,100,365.0,36500.0
2021070604014991,API,58,20,100,365.0,36500.0
2021070604015184,BARUN,17,14,25,503.0,12575.0
2021070604015183,BARUN,13,14,25,503.0,12575.0
2021070604015182,BARUN,25,14,50,506.0,25300.0
2021070604014905,BARUN,25,44,104,506.0,52624.0
2021070604014904,BARUN,25,26,30,504.0,15120.0
2021070604014873,BARUN,45,26,50,504.0,25200.0
2021070604014780,BARUN,46,26,200,504.0,100800.0
2021070604014779,BARUN,13,26,20,505.0,10100.0
2021070604014880,BBC,48,26,10,5685.0,56850.0
2021070604014879,BBC,44,26,10,5685.0,56850.0
2021070604014811,BBC,14,51,10,5686.0,56860.0
2021070604015167,BPCL,46,34,10,504.0,5040.0
2021070604014755,BPCL,58,57,200,501.0,100200.0
2021070604014754,BPCL,29,57,10,501.0,5010.0
2021070604014753,BPCL,1,57,143,501.0,71643.0
2021070604014929,BPCL,52,35,13,502.0,6526.0
2021070604014774,BPCL,1,57,500,502.0,251000.0
2021070604014756,BPCL,26,57,447,501.0,223947.0
2021070604015185,CGH,48,17,10,1545.0,15450.0
2021070604015178,CHCL,59,57,10,648.0,6480.0
2021070604014951,CHCL,22,57,50,648.0,32400.0
2021070604014829,CHCL,13,45,25,646.0,16150.0
2021070604014828,CHCL,14,45,50,647.0,32350.0
2021070604014827,CHCL,58,45,20,647.0,12940.0
2021070604014826,CHCL,51,45,20,647.0,12940.0
2021070604014825,CHCL,51,45,30,647.0,19410.0
2021070604014824,CHCL,11,45,10,648.0,6480.0
2021070604015201,CHL,38,57,50,448.0,22400.0
2021070604015144,CHL,21,34,34,445.0,15130.0
2021070604015095,CHL,38,34,466,447.0,208302.0
2021070604015071,CHL,38,52,294,447.0,131418.0
2021070604015070,CHL,38,32,240,443.0,106320.0
2021070604015044,CHL,43,32,500,443.0,221500.0
2021070604015043,CHL,3,32,200,444.0,88800.0
2021070604015042,CHL,55,32,50,444.0,22200.0
2021070604015041,CHL,21,32,500,445.0,222500.0
2021070604015040,CHL,49,32,10,446.0,4460.0
2021070604014861,CHL,35,52,37,447.0,16539.0
2021070604015129,CMF2,4,58,"25,000",13.3,332500.0
2021070604015168,DHPL,16,32,200,252.0,50400.0
2021070604015077,DHPL,47,45,60,254.0,15240.0
2021070604014996,DHPL,34,45,10,254.0,2540.0
2021070604014926,EIC,32,57,10,740.0,7400.0
2021070604014938,GHL,39,35,290,274.0,79460.0
2021070604014937,GHL,39,17,50,274.0,13700.0
2021070604014936,GHL,39,35,30,274.0,8220.0
2021070604014935,GHL,39,17,80,274.0,21920.0
2021070604014817,GHL,39,34,500,273.0,136500.0
2021070604014816,GHL,39,51,50,271.0,13550.0
2021070604014798,GHL,49,35,30,270.0,8100.0
2021070604015172,GLH,58,58,10,351.0,3510.0
2021070604015170,GLH,58,6,20,351.0,7020.0
2021070604015094,GLH,58,51,10,351.0,3510.0
2021070604014950,GLH,58,10,10,351.0,3510.0
2021070604015128,HDHPC,11,19,220,260.0,57200.0
2021070604015127,HDHPC,59,19,20,260.0,5200.0
2021070604015126,HDHPC,5,19,122,260.0,31720.0
2021070604015069,HDHPC,57,28,58,261.0,15138.0
2021070604014948,HDHPC,5,50,100,260.0,26000.0
2021070604014801,HDHPC,5,43,128,260.0,33280.0
2021070604014787,HDHPC,46,22,117,260.0,30420.0
2021070604014800,HDHPC,17,43,72,260.0,18720.0
2021070604014792,HDHPC,17,22,78,260.0,20280.0
2021070604014791,HDHPC,49,22,60,260.0,15600.0
2021070604014790,HDHPC,8,22,30,260.0,7800.0
2021070604014789,HDHPC,29,22,50,260.0,13000.0
2021070604014788,HDHPC,52,22,"1,000",260.0,260000.0
2021070604014849,HGI,58,7,35,753.0,26355.0
2021070604014796,HGI,58,37,10,753.0,7530.0
2021070604015166,HPPL,48,57,85,400.0,34000.0
2021070604014986,HPPL,6,13,100,399.0,39900.0
2021070604015141,HURJA,49,29,80,342.0,27360.0
2021070604015165,JOSHI,45,13,200,263.0,52600.0
2021070604015067,JOSHI,25,13,50,263.0,13150.0
2021070604015048,JOSHI,49,13,200,263.0,52600.0
2021070604014876,JOSHI,22,58,33,262.0,8646.0
2021070604014875,JOSHI,41,58,100,262.0,26200.0
2021070604014874,JOSHI,54,58,267,262.0,69954.0
2021070604014830,JOSHI,11,13,100,263.0,26300.0
2021070604014773,JOSHI,36,13,50,263.0,13150.0
2021070604015111,KKHC,51,21,89,255.0,22695.0
2021070604014983,KKHC,51,7,15,255.0,3825.0
2021070604014928,KKHC,51,26,150,255.0,38250.0
2021070605000012,KLBSL,16,58,30,1614.0,48420.0
2021070605000011,KLBSL,16,34,50,1612.0,80600.0
2021070605000010,KLBSL,16,41,90,1600.0,144000.0
2021070605000009,KLBSL,57,17,40,1591.0,63640.0
2021070605000008,KLBSL,16,17,50,1591.0,79550.0
2021070605000007,KLBSL,16,25,20,1590.0,31800.0
2021070605000006,KLBSL,29,25,60,1590.0,95400.0
2021070605000005,KLBSL,4,25,20,1591.0,31820.0
2021070605000004,KLBSL,37,25,20,1595.0,31900.0
2021070605000003,KLBSL,16,35,55,1596.0,87780.0
2021070605000002,KLBSL,37,35,23,1596.0,36708.0
2021070605000001,KLBSL,37,5,27,1596.0,43092.0
2021070604014916,KPCL,34,54,10,422.0,4220.0
2021070604014957,LEC,39,45,190,344.0,65360.0
2021070604014956,LEC,39,46,200,344.0,68800.0
2021070604014955,LEC,39,57,10,344.0,3440.0
2021070604014954,LEC,39,58,10,344.0,3440.0
2021070604014953,LEC,39,13,300,343.0,102900.0
2021070604014952,LEC,39,7,290,343.0,99470.0
2021070604014855,LEC,58,7,10,343.0,3430.0
2021070604014762,LEC,34,35,10,340.0,3400.0
2021070604014930,LEMF,53,17,100,14.0,1400.0
2021070604014807,LGIL,13,22,100,772.0,77200.0
2021070604014806,LGIL,13,57,100,772.0,77200.0
2021070604014805,LGIL,13,46,370,772.0,285640.0
2021070604014804,LGIL,13,6,45,772.0,34740.0
2021070604014803,LGIL,13,33,50,772.0,38600.0
2021070604015140,MEN,58,26,63,869.0,54747.0
2021070604015139,MEN,58,47,10,869.0,8690.0
2021070604015138,MEN,58,17,500,853.0,426500.0
2021070604015137,MEN,58,55,20,852.0,17040.0
2021070604015136,MEN,58,26,27,852.0,23004.0
2021070604015135,MEN,58,28,380,851.0,323380.0
2021070604014946,MEN,46,26,23,852.0,19596.0
2021070604015150,NBF2,13,49,800,14.22,11376.0
2021070604015149,NBF2,13,58,100,14.15,1415.0
2021070604015148,NBF2,13,21,100,14.05,1405.0
2021070604014914,NGPL,41,42,350,452.0,158200.0
2021070604014844,NGPL,41,42,10,453.0,4530.0
2021070604014802,NGPL,45,42,440,453.0,199320.0
2021070604014763,NGPL,45,45,50,453.0,22650.0
2021070604015174,NHPC,34,32,25,293.0,7325.0
2021070604015122,NHPC,43,58,100,292.0,29200.0
2021070604015121,NHPC,43,55,40,292.0,11680.0
2021070604015118,NHPC,53,32,188,293.0,55084.0
2021070604015117,NHPC,53,36,312,293.0,91416.0
2021070604015116,NHPC,45,36,50,293.0,14650.0
2021070604014765,NHPC,51,49,15,293.0,4395.0
2021070604014764,NHPC,49,49,20,293.0,5860.0
2021070604014758,NHPC,6,49,15,293.0,4395.0
2021070604014757,NHPC,37,49,"1,000",293.0,293000.0
2021070604014810,NHPC,58,49,100,292.0,29200.0
2021070604014799,NHPC,17,49,120,293.0,35160.0
2021070604014785,NHPC,58,1,129,292.0,37668.0
2021070604014784,NHPC,19,1,50,292.0,14600.0
2021070604014783,NHPC,59,1,20,292.0,5840.0
2021070604014782,NHPC,53,1,71,292.0,20732.0
2021070604014867,NHPC,52,58,10,293.0,2930.0
2021070604014866,NHPC,52,5,300,293.0,87900.0
2021070604014865,NHPC,52,38,500,293.0,146500.0
2021070604014864,NHPC,52,57,100,293.0,29300.0
2021070604014863,NHPC,52,42,300,293.0,87900.0
2021070604014862,NHPC,52,49,217,293.0,63581.0
2021070604014984,NHPC,58,56,36,292.0,10512.0
2021070604014941,NHPC,45,36,120,293.0,35160.0
2021070604014927,NHPC,26,36,100,293.0,29300.0
2021070604014895,NHPC,58,48,735,292.0,214620.0
2021070604014881,NHPC,33,36,50,293.0,14650.0
2021070604014868,NHPC,52,36,173,293.0,50689.0
2021070604015053,NHPC,38,14,50,292.0,14600.0
2021070604015052,NHPC,56,14,30,292.0,8760.0
2021070604015051,NHPC,49,14,100,292.0,29200.0
2021070604015050,NHPC,58,14,370,292.0,108040.0
2021070604015004,NHPC,58,36,200,293.0,58600.0
2021070604014985,NHPC,58,56,630,292.0,183960.0
2021070604015091,NHPC,43,16,290,292.0,84680.0
2021070604015090,NHPC,58,16,300,292.0,87600.0
2021070604015089,NHPC,52,16,410,292.0,119720.0
2021070604015056,NHPC,52,14,90,292.0,26280.0
2021070604015055,NHPC,33,14,300,292.0,87600.0
2021070604015054,NHPC,57,14,60,292.0,17520.0
2021070604014768,NIBLPF,11,58,505,14.35,7246.75
2021070604015206,NICBF,17,19,"1,000",13.5,13500.0
2021070604015079,NICBF,17,47,"1,000",13.49,13490.0
2021070604014761,NICGF,4,44,"6,800",14.84,100912.0
2021070604015200,NICL,35,20,85,1040.0,88400.0
2021070604015199,NICL,41,20,200,1040.0,208000.0
2021070604015198,NICL,45,20,150,1041.0,156150.0
2021070604015197,NICL,34,20,20,1041.0,20820.0
2021070604015196,NICL,51,20,20,1041.0,20820.0
2021070604015195,NICL,28,20,100,1041.0,104100.0
2021070604014918,NICL,59,22,150,1046.0,156900.0
2021070604014917,NICL,59,34,98,1046.0,102508.0
2021070604014897,NICL,22,34,100,1046.0,104600.0
2021070604014890,NICL,10,34,50,1046.0,52300.0
2021070604014883,NICL,21,34,152,1046.0,158992.0
2021070604014760,NICL,21,47,50,1046.0,52300.0
2021070604015011,NICL,43,56,20,1045.0,20900.0
2021070604014981,NICL,10,40,152,1046.0,158992.0
2021070604014980,NICL,10,17,48,1046.0,50208.0
2021070604014933,NICL,51,17,100,1046.0,104600.0
2021070604014932,NICL,59,17,52,1047.0,54444.0
2021070604014919,NICL,59,6,200,1047.0,209400.0
2021070604015017,NICL,34,56,50,1044.0,52200.0
2021070604015016,NICL,50,56,25,1044.0,26100.0
2021070604015015,NICL,55,56,100,1044.0,104400.0
2021070604015014,NICL,47,56,50,1045.0,52250.0
2021070604015013,NICL,40,56,200,1045.0,209000.0
2021070604015012,NICL,14,56,200,1045.0,209000.0
2021070604015180,NICL,21,14,20,1045.0,20900.0
2021070604015096,NICL,17,58,46,1045.0,48070.0
2021070604015092,NICL,29,58,20,1045.0,20900.0
2021070604015020,NICL,5,56,135,1043.0,140805.0
2021070604015019,NICL,17,56,200,1044.0,208800.0
2021070604015018,NICL,58,56,20,1044.0,20880.0
2021070604015194,NICL,21,20,50,1042.0,52100.0
2021070604015193,NICL,45,20,10,1042.0,10420.0
2021070604015192,NICL,26,20,100,1043.0,104300.0
2021070604015191,NICL,5,20,100,1043.0,104300.0
2021070604015190,NICL,5,20,65,1043.0,67795.0
2021070604015181,NICL,21,40,30,1046.0,31380.0
2021070604015152,NIL,58,57,100,1336.0,133600.0
2021070604014869,NIL,6,57,50,1336.0,66800.0
2021070604015102,NLG,41,48,50,1260.0,63000.0
2021070604015101,NLG,35,48,50,1260.0,63000.0
2021070604015100,NLG,13,48,30,1260.0,37800.0
2021070604015099,NLG,6,48,343,1260.0,432180.0
2021070604015098,NLG,19,48,20,1261.0,25220.0
2021070604014889,NLG,19,53,80,1261.0,100880.0
2021070604014888,NLG,57,53,20,1261.0,25220.0
2021070604014887,NLG,43,53,100,1262.0,126200.0
2021070604015039,OHL,20,25,44,725.0,31900.0
2021070604015038,OHL,20,39,610,725.0,442250.0
2021070604015037,OHL,20,56,100,723.0,72300.0
2021070604015036,OHL,20,41,51,721.0,36771.0
2021070604015035,OHL,20,38,50,721.0,36050.0
2021070604015034,OHL,20,58,30,720.0,21600.0
2021070604015027,OHL,20,58,50,717.0,35850.0
2021070604015026,OHL,20,10,70,715.0,50050.0
2021070604015025,OHL,20,13,42,715.0,30030.0
2021070604015024,OHL,20,44,340,715.0,243100.0
2021070604014815,OHL,21,33,150,714.0,107100.0
2021070604015033,OHL,20,21,50,720.0,36000.0
2021070604015032,OHL,20,33,50,720.0,36000.0
2021070604015031,OHL,20,45,75,720.0,54000.0
2021070604015030,OHL,20,16,88,720.0,63360.0
2021070604015029,OHL,20,33,50,718.0,35900.0
2021070604015028,OHL,20,17,300,718.0,215400.0
2021070604015075,PIC,50,21,10,1198.0,11980.0
2021070604014775,PIC,34,42,20,1196.0,23920.0
2021070604015169,PICL,4,38,10,798.0,7980.0
2021070604015003,PICL,22,58,10,793.0,7930.0
2021070604014915,PICL,34,58,10,793.0,7930.0
2021070604014877,PICL,32,38,100,793.0,79300.0
2021070604015065,PPCL,10,38,15,333.0,4995.0
2021070604015064,PPCL,41,38,10,333.0,3330.0
2021070604015063,PPCL,47,38,75,333.0,24975.0
2021070604015177,PRIN,57,48,53,944.0,50032.0
2021070604015176,PRIN,7,48,60,944.0,56640.0
2021070604015175,PRIN,10,48,37,945.0,34965.0
2021070604015173,PRIN,10,36,"1,163",945.0,1099035.0
2021070604015002,PRIN,34,36,25,945.0,23625.0
2021070604015001,PRIN,43,36,100,945.0,94500.0
2021070604015000,PRIN,21,36,25,945.0,23625.0
2021070604014999,PRIN,32,36,50,945.0,47250.0
2021070604014998,PRIN,54,36,80,947.0,75760.0
2021070604014997,PRIN,46,36,10,948.0,9480.0
2021070604015211,RADHI,5,50,31,750.0,23250.0
2021070604015210,RADHI,5,59,69,750.0,51750.0
2021070604015134,RADHI,5,59,50,750.0,37500.0
2021070604015080,RADHI,25,59,30,750.0,22500.0
2021070604015076,RADHI,45,59,25,750.0,18750.0
2021070604015058,RADHI,57,59,100,750.0,75000.0
2021070604014794,RADHI,41,32,486,750.0,364500.0
2021070604014781,RADHI,41,41,48,750.0,36000.0
2021070604015006,RADHI,43,59,10,750.0,7500.0
2021070604014899,RADHI,42,59,70,750.0,52500.0
2021070604014882,RADHI,38,59,100,750.0,75000.0
2021070604014814,RADHI,52,59,10,750.0,7500.0
2021070604014812,RADHI,22,59,36,750.0,27000.0
2021070604014795,RADHI,22,32,14,750.0,10500.0
2021070604015113,RBCL,50,55,30,22052.0,661560.0
2021070604014886,RBCL,50,39,10,22052.0,220520.0
2021070604014820,RBCL,32,20,10,22300.0,223000.0
2021070604014759,RBCL,16,39,10,22100.0,221000.0
2021070604015204,RHPC,58,34,60,513.0,30780.0
2021070604015151,RHPC,58,34,40,513.0,20520.0
2021070604015147,RHPC,49,45,170,512.0,87040.0
2021070604015146,RHPC,52,45,130,512.0,66560.0
2021070604015010,RHPC,48,58,200,513.0,102600.0
2021070604015145,RHPL,54,45,80,429.0,34320.0
2021070604015005,RHPL,38,47,100,431.0,43100.0
2021070604014912,RHPL,54,43,"1,529",429.0,655941.0
2021070604014911,RHPL,10,43,300,429.0,128700.0
2021070604014910,RHPL,6,43,30,429.0,12870.0
2021070604014909,RHPL,57,43,11,429.0,4719.0
2021070604014908,RHPL,16,43,20,429.0,8580.0
2021070604014907,RHPL,10,43,100,430.0,43000.0
2021070604014906,RHPL,36,43,10,430.0,4300.0
2021070604014859,RHPL,51,35,50,431.0,21550.0
2021070604014797,RHPL,28,47,50,432.0,21600.0
2021070604015162,RRHP,16,57,417,361.0,150537.0
2021070604015161,RRHP,47,57,30,361.0,10830.0
2021070604015160,RRHP,42,57,60,362.0,21720.0
2021070604015159,RRHP,40,57,50,362.0,18100.0
2021070604015158,RRHP,14,57,200,362.0,72400.0
2021070604015157,RRHP,45,57,50,362.0,18100.0
2021070604015156,RRHP,10,57,10,362.0,3620.0
2021070604015155,RRHP,33,57,283,362.0,102446.0
2021070604015154,RRHP,55,57,30,363.0,10890.0
2021070604015007,RRHP,36,4,10,364.0,3640.0
2021070604014884,RRHP,10,4,40,364.0,14560.0
2021070604014767,SFMF,50,44,"1,650",15.5,25575.0
2021070604015087,SGI,41,47,10,716.0,7160.0
2021070604015086,SGI,41,57,50,715.0,35750.0
2021070604015085,SGI,41,29,10,715.0,7150.0
2021070604015084,SGI,41,56,10,715.0,7150.0
2021070604015083,SGI,41,4,10,712.0,7120.0
2021070604015082,SGI,41,37,315,712.0,224280.0
2021070604015081,SGI,41,32,20,711.0,14220.0
2021070604014979,SGI,19,58,10,710.0,7100.0
2021070604014925,SGI,19,42,10,710.0,7100.0
2021070604015189,SHL,48,49,100,266.0,26600.0
2021070604015188,SHL,52,49,100,266.0,26600.0
2021070604015187,SHL,36,49,100,266.0,26600.0
2021070604015186,SHL,43,49,100,267.0,26700.0
2021070604015142,SHL,6,57,100,266.0,26600.0
2021070604015008,SHL,52,22,100,267.0,26700.0
2021070604014843,SHL,10,7,165,266.0,43890.0
2021070604014733,SHL,48,38,100,266.0,26600.0
2021070604014732,SHL,51,38,219,266.0,58254.0
2021070604014731,SHL,32,38,100,266.0,26600.0
2021070604014819,SHPC,44,53,187,477.0,89199.0
2021070604014818,SHPC,44,53,113,477.0,53901.0
2021070604014786,SHPC,44,29,35,477.0,16695.0
2021070604014920,SHPC,44,41,239,477.0,114003.0
2021070604015057,SHPC,44,14,90,477.0,42930.0
2021070604015022,SHPC,44,45,546,477.0,260442.0
2021070604015021,SHPC,44,45,224,477.0,106848.0
2021070604014995,SHPC,44,51,100,477.0,47700.0
2021070604014949,SHPC,44,1,250,477.0,119250.0
2021070604015123,SIC,57,36,50,1325.0,66250.0
2021070604015119,SICL,26,16,10,1960.0,19600.0
2021070604014947,SICL,41,43,13,1959.0,25467.0
2021070604014940,SICL,42,16,52,1960.0,101920.0
2021070604014939,SICL,42,58,38,1960.0,74480.0
2021070604014809,SJCL,45,34,300,412.0,123600.0
2021070604015212,SPDL,13,26,22,396.0,8712.0
2021070604014934,SPDL,28,26,300,396.0,118800.0
2021070604014734,SPDL,57,20,25,396.0,9900.0
2021070604015115,SSHL,43,50,10,310.0,3100.0
2021070604015114,SSHL,11,50,90,310.0,27900.0
2021070604015093,SSHL,11,56,10,310.0,3100.0
2021070604014808,STC,22,4,10,9930.0,99300.0
2021070604015163,TRH,46,42,895,407.0,364265.0
2021070604015088,UIC,57,48,200,730.0,146000.0
2021070604015078,UIC,57,16,158,730.0,115340.0
2021070604015046,UIC,25,16,142,730.0,103660.0
2021070604015045,UIC,25,22,158,730.0,115340.0
2021070604014978,UIC,50,22,100,730.0,73000.0
2021070604014851,UIC,25,22,242,730.0,176660.0
2021070604014735,UIC,25,44,"1,730",727.0,1257710.0
2021070604014741,UIC,25,34,906,728.0,659568.0
2021070604014740,UIC,25,57,100,728.0,72800.0
2021070604014739,UIC,25,34,200,727.0,145400.0
2021070604014738,UIC,25,33,10,727.0,7270.0
2021070604014737,UIC,25,50,70,727.0,50890.0
2021070604014736,UIC,25,51,50,727.0,36350.0
2021070604014747,UIC,25,40,300,730.0,219000.0
2021070604014746,UIC,25,34,100,729.0,72900.0
2021070604014745,UIC,25,48,25,728.0,18200.0
2021070604014744,UIC,25,25,20,728.0,14560.0
2021070604014743,UIC,25,1,534,728.0,388752.0
2021070604014742,UIC,25,5,100,728.0,72800.0
2021070604014831,UIC,25,14,100,731.0,73100.0
2021070604014752,UIC,25,41,100,730.0,73000.0
2021070604014751,UIC,25,25,50,730.0,36500.0
2021070604014750,UIC,25,21,50,730.0,36500.0
2021070604014749,UIC,25,26,200,730.0,146000.0
2021070604014748,UIC,25,51,100,730.0,73000.0
2021070604014837,UIC,25,5,500,733.0,366500.0
2021070604014836,UIC,25,5,"1,250",733.0,916250.0
2021070604014835,UIC,25,38,24,733.0,17592.0
2021070604014834,UIC,25,26,50,733.0,36650.0
2021070604014833,UIC,25,1,20,732.0,14640.0
2021070604014832,UIC,25,6,100,732.0,73200.0
2021070604014846,UIC,25,17,113,730.0,82490.0
2021070604014842,UIC,25,59,31,736.0,22816.0
2021070604014841,UIC,25,7,100,736.0,73600.0
2021070604014840,UIC,25,38,50,735.0,36750.0
2021070604014839,UIC,25,14,100,735.0,73500.0
2021070604014838,UIC,25,50,175,734.0,128450.0
2021070604015133,UMHL,3,16,500,341.0,170500.0
2021070604015132,UMHL,3,43,200,341.0,68200.0
2021070604015131,UMHL,3,58,50,341.0,17050.0
2021070604015061,UMHL,34,52,290,340.0,98600.0
2021070604015060,UMHL,34,52,200,340.0,68000.0
2021070604015059,UMHL,38,52,10,340.0,3400.0
2021070604014942,UMHL,48,58,100,341.0,34100.0
2021070604014872,UMHL,48,20,30,342.0,10260.0
2021070604014860,UMHL,59,20,100,342.0,34200.0
2021070604014858,UMHL,34,59,"1,000",341.0,341000.0
2021070604014856,UMHL,34,10,491,341.0,167431.0
2021070604014943,UMHL,26,58,50,341.0,17050.0
2021070604015125,UMRH,49,36,10,482.0,4820.0
2021070604015074,UNHPL,29,25,80,338.0,27040.0
2021070604015073,UNHPL,29,57,50,338.0,16900.0
2021070604015072,UNHPL,29,56,10,338.0,3380.0
2021070604015066,UNHPL,6,38,90,336.0,30240.0
2021070604015049,UNHPL,51,56,10,338.0,3380.0
2021070604015143,UPCL,3,36,10,281.0,2810.0
2021070604014922,UPCL,3,36,10,281.0,2810.0
2021070604014898,UPCL,38,4,40,280.0,11200.0
2021070604014896,UPCL,38,19,100,280.0,28000.0
2021070604014853,UPCL,38,22,50,280.0,14000.0
2021070604014852,UPCL,38,51,200,280.0,56000.0
2021070604014823,UPCL,33,51,195,280.0,54600.0
2021070604014822,UPCL,33,45,200,280.0,56000.0
2021070604014821,UPCL,33,56,20,280.0,5600.0
2021070604015202,UPPER,34,55,20,716.0,14320.0
2021070604015171,UPPER,34,55,10,716.0,7160.0
2021070604015164,UPPER,29,55,10,716.0,7160.0
2021070604015153,UPPER,50,55,50,716.0,35800.0
2021070604015130,UPPER,17,55,150,716.0,107400.0
2021070604015110,UPPER,43,55,20,716.0,14320.0
2021070604014725,UPPER,16,5,180,718.0,129240.0
2021070604014772,UPPER,38,39,20,719.0,14380.0
2021070604014730,UPPER,8,5,910,716.0,651560.0
2021070604014729,UPPER,17,5,20,717.0,14340.0
2021070604014728,UPPER,41,5,100,717.0,71700.0
2021070604014727,UPPER,59,5,250,717.0,179250.0
2021070604014726,UPPER,55,5,10,718.0,7180.0
2021070604014850,UPPER,45,37,30,718.0,21540.0
2021070604014847,UPPER,54,37,50,718.0,35900.0
2021070604014845,UPPER,41,47,50,718.0,35900.0
2021070604014813,UPPER,59,47,50,718.0,35900.0
2021070604014778,UPPER,19,47,20,718.0,14360.0
2021070604014777,UPPER,50,47,100,718.0,71800.0
2021070604014885,UPPER,33,37,250,718.0,179500.0
2021070604014878,UPPER,38,37,11,718.0,7898.0
2021070604014871,UPPER,48,55,100,717.0,71700.0
2021070604014870,UPPER,36,55,250,717.0,179250.0
2021070604014857,UPPER,49,37,10,718.0,7180.0
2021070604014958,UPPER,49,55,100,717.0,71700.0
2021070604014945,UPPER,49,39,20,718.0,14360.0
2021070604014944,UPPER,49,49,10,718.0,7180.0
2021070604014924,UPPER,29,17,56,718.0,40208.0
2021070604014923,UPPER,29,37,43,718.0,30874.0
2021070604014921,UPPER,38,37,70,718.0,50260.0
2021070604014964,UPPER,33,55,100,716.0,71600.0
2021070604014963,UPPER,7,55,50,716.0,35800.0
2021070604014962,UPPER,16,55,150,716.0,107400.0
2021070604014961,UPPER,28,55,20,716.0,14320.0
2021070604014960,UPPER,58,55,100,716.0,71600.0
2021070604014959,UPPER,8,55,215,716.0,153940.0
2021070604014970,UPPER,21,55,50,716.0,35800.0
2021070604014969,UPPER,58,55,40,716.0,28640.0
2021070604014968,UPPER,55,55,100,716.0,71600.0
2021070604014967,UPPER,48,55,100,716.0,71600.0
2021070604014966,UPPER,57,55,10,716.0,7160.0
2021070604014965,UPPER,4,55,100,716.0,71600.0
2021070604014976,UPPER,25,55,20,716.0,14320.0
2021070604014975,UPPER,47,55,30,716.0,21480.0
2021070604014974,UPPER,13,55,20,716.0,14320.0
2021070604014973,UPPER,57,55,500,716.0,358000.0
2021070604014972,UPPER,45,55,80,716.0,57280.0
2021070604014971,UPPER,41,55,300,716.0,214800.0
2021070604015109,UPPER,54,55,10,716.0,7160.0
2021070604015047,UPPER,14,55,50,716.0,35800.0
2021070604015023,UPPER,38,55,40,716.0,28640.0
2021070604015009,UPPER,58,55,10,716.0,7160.0
2021070604014982,UPPER,57,55,100,716.0,71600.0
2021070604014977,UPPER,49,55,200,716.0,143200.0
2021070604014668,AHPC,32,14,10,433.0,4330.0
2021070604014603,AHPC,32,34,16,433.0,6928.0
2021070604014593,AHPC,43,34,50,433.0,21650.0
2021070604014523,AHPC,14,47,847,432.0,365904.0
2021070604014522,AHPC,53,47,50,432.0,21600.0
2021070604014521,AHPC,49,47,100,432.0,43200.0
2021070604014459,AHPC,36,34,34,434.0,14756.0
2021070604014458,AHPC,36,22,116,434.0,50344.0
2021070604014514,AHPC,21,47,50,433.0,21650.0
2021070604014513,AHPC,25,47,100,433.0,43300.0
2021070604014512,AHPC,49,47,500,433.0,216500.0
2021070604014511,AHPC,40,47,233,433.0,100889.0
2021070604014470,AHPC,40,6,47,433.0,20351.0
2021070604014469,AHPC,7,6,53,433.0,22949.0
2021070604014520,AHPC,48,47,100,432.0,43200.0
2021070604014519,AHPC,45,47,230,432.0,99360.0
2021070604014518,AHPC,33,47,100,432.0,43200.0
2021070604014517,AHPC,6,47,150,432.0,64800.0
2021070604014516,AHPC,21,47,50,432.0,21600.0
2021070604014515,AHPC,45,47,500,432.0,216000.0
2021070604014324,AIL,59,44,20,802.0,16040.0
2021070604014323,AIL,59,26,10,802.0,8020.0
2021070604014322,AIL,59,35,18,802.0,14436.0
2021070604014658,AKJCL,25,8,10,260.0,2600.0
2021070604014574,AKJCL,25,17,10,260.0,2600.0
2021070604014358,AKJCL,25,8,20,260.0,5200.0
2021070604014313,AKJCL,34,54,10,259.0,2590.0
2021070604014677,AKPL,29,16,250,421.0,105250.0
2021070604014617,AKPL,29,48,"1,000",421.0,421000.0
2021070604014606,AKPL,34,57,183,422.0,77226.0
2021070604014605,AKPL,34,45,"1,000",422.0,422000.0
2021070604014604,AKPL,34,36,"1,817",422.0,766774.0
2021070604014508,AKPL,58,36,113,422.0,47686.0
2021070604014298,AKPL,36,16,86,421.0,36206.0
2021070604014304,AKPL,29,16,242,421.0,101882.0
2021070604014303,AKPL,21,16,12,421.0,5052.0
2021070604014302,AKPL,58,16,200,421.0,84200.0
2021070604014301,AKPL,45,16,100,421.0,42100.0
2021070604014300,AKPL,46,16,50,421.0,21050.0
2021070604014299,AKPL,21,16,10,421.0,4210.0
2021070604014656,API,3,37,"1,000",366.0,366000.0
2021070604014643,API,22,37,16,366.0,5856.0
2021070604014566,API,57,37,240,366.0,87840.0
2021070604014490,API,26,48,100,365.0,36500.0
2021070604014485,API,26,8,10,365.0,3650.0
2021070604014431,API,57,42,170,366.0,62220.0
2021070604014430,API,57,33,570,366.0,208620.0
2021070604014359,API,6,33,30,366.0,10980.0
2021070604014232,API,26,28,398,365.0,145270.0
2021070604014229,API,26,58,44,365.0,16060.0
2021070604014228,API,16,58,200,365.0,73000.0
2021070604014227,API,57,58,"1,261",365.0,460265.0
2021070604014654,BARUN,25,14,20,506.0,10120.0
2021070604014475,BARUN,25,48,30,505.0,15150.0
2021070604014409,BARUN,6,48,60,505.0,30300.0
2021070604014337,BARUN,6,22,40,505.0,20200.0
2021070604014336,BARUN,45,22,460,505.0,232300.0
2021070604014709,BPCL,38,57,100,502.0,50200.0
2021070604014637,BPCL,1,43,50,501.0,25050.0
2021070604014489,BPCL,33,38,10,501.0,5010.0
2021070604014441,BPCL,38,57,100,502.0,50200.0
2021070604014356,BPCL,33,37,90,501.0,45090.0
2021070604014355,BPCL,39,37,10,501.0,5010.0
2021070604014327,BPCL,41,57,50,502.0,25100.0
2021070604014231,BPCL,39,48,20,501.0,10020.0
2021070604014352,CHCL,52,45,10,648.0,6480.0
2021070604014351,CHCL,45,45,100,648.0,64800.0
2021070604014350,CHCL,42,45,35,648.0,22680.0
2021070604014297,CHCL,6,8,100,649.0,64900.0
2021070604014659,CHL,58,57,100,448.0,44800.0
2021070604014626,CHL,22,57,10,448.0,4480.0
2021070604014335,CMF2,58,10,499,13.4,6686.6
2021070604014334,CMF2,58,38,100,13.4,1340.0
2021070604014333,CMF2,58,38,100,13.4,1340.0
2021070604014586,DHPL,47,19,10,253.0,2530.0
2021070604014233,DHPL,47,14,30,253.0,7590.0
2021070604014652,EIC,45,57,40,740.0,29600.0
2021070604014561,EIC,34,57,50,740.0,37000.0
2021070604014581,GHL,58,51,50,271.0,13550.0
2021070604014510,GHL,49,16,10,270.0,2700.0
2021070604014436,GHL,49,16,30,270.0,8100.0
2021070604014403,GHL,49,13,30,270.0,8100.0
2021070604014717,GIC,3,58,10,682.0,6820.0
2021070604014716,GIC,3,14,10,682.0,6820.0
2021070604014669,GIC,34,10,10,680.0,6800.0
2021070604014622,GIC,34,29,10,680.0,6800.0
2021070604014621,GIC,41,29,90,680.0,61200.0
2021070604014347,GIC,43,42,10,683.0,6830.0
2021070604014509,GIMES1,51,44,"18,000",19.05,342900.0
2021070604014638,GLH,58,58,10,352.0,3520.0
2021070604014607,GLH,58,51,10,351.0,3510.0
2021070604014567,GLH,58,32,10,351.0,3510.0
2021070604014438,GLH,58,19,10,351.0,3510.0
2021070604014433,GLH,58,36,10,351.0,3510.0
2021070604014328,GLH,58,57,10,351.0,3510.0
2021070604014597,HDHPC,46,37,500,260.0,130000.0
2021070604014468,HDHPC,46,45,40,260.0,10400.0
2021070604014426,HDHPC,29,28,250,261.0,65250.0
2021070604014425,HDHPC,29,45,470,261.0,122670.0
2021070604014424,HDHPC,29,50,50,261.0,13050.0
2021070604014311,HDHPC,58,50,100,261.0,26100.0
2021070604014488,HGI,58,45,250,753.0,188250.0
2021070604014487,HGI,22,45,50,753.0,37650.0
2021070604014486,HGI,32,45,200,754.0,150800.0
2021070604014679,IGI,45,56,90,1190.0,107100.0
2021070604014678,IGI,45,45,40,1190.0,47600.0
2021070604014545,JOSHI,33,13,500,263.0,131500.0
2021070604014541,JOSHI,54,39,33,262.0,8646.0
2021070604014540,JOSHI,58,39,17,262.0,4454.0
2021070604014365,KEF,48,1,200,10.14,2028.0
2021070604014594,LEC,58,7,10,343.0,3430.0
2021070604014364,LEC,34,35,10,338.0,3380.0
2021070604014330,LUK,1,42,500,12.26,6130.0
2021070604014308,LUK,1,22,100,12.26,1226.0
2021070604014615,MEN,26,14,10,822.0,8220.0
2021070604014614,MEN,41,14,30,838.0,25140.0
2021070604014481,MEN,41,36,10,838.0,8380.0
2021070604014715,MHNL,6,29,160,311.0,49760.0
2021070604014664,MHNL,6,49,50,311.0,15550.0
2021070604014590,NEF,56,58,483,14.21,6863.43
2021070604014536,NGPL,5,42,180,455.0,81900.0
2021070604014535,NGPL,5,17,320,454.0,145280.0
2021070604014526,NGPL,14,17,152,454.0,69008.0
2021070604014525,NGPL,14,42,348,453.0,157644.0
2021070604014446,NGPL,56,42,200,453.0,90600.0
2021070604014445,NGPL,59,42,100,453.0,45300.0
2021070604014444,NGPL,3,42,210,453.0,95130.0
2021070604014332,NGPL,21,42,100,454.0,45400.0
2021070604014331,NGPL,58,42,42,454.0,19068.0
2021070604014546,NHDL,39,35,60,412.0,24720.0
2021070604014718,NHPC,53,57,150,292.0,43800.0
2021070604014708,NHPC,53,10,779,292.0,227468.0
2021070604014707,NHPC,51,10,50,292.0,14600.0
2021070604014706,NHPC,52,10,50,292.0,14600.0
2021070604014705,NHPC,35,10,50,292.0,14600.0
2021070604014704,NHPC,57,10,100,292.0,29200.0
2021070604014237,NHPC,19,57,100,293.0,29300.0
2021070604014236,NHPC,19,57,100,293.0,29300.0
2021070604014235,NHPC,32,57,100,293.0,29300.0
2021070604014234,NHPC,41,57,207,293.0,60651.0
2021070604014243,NHPC,19,57,150,293.0,43950.0
2021070604014242,NHPC,17,57,50,293.0,14650.0
2021070604014241,NHPC,29,57,100,293.0,29300.0
2021070604014240,NHPC,55,57,500,293.0,146500.0
2021070604014239,NHPC,18,57,50,293.0,14650.0
2021070604014238,NHPC,58,57,100,293.0,29300.0
2021070604014249,NHPC,13,57,25,293.0,7325.0
2021070604014248,NHPC,38,57,40,293.0,11720.0
2021070604014247,NHPC,43,57,100,293.0,29300.0
2021070604014246,NHPC,4,57,100,293.0,29300.0
2021070604014245,NHPC,20,57,200,293.0,58600.0
2021070604014244,NHPC,1,57,100,293.0,29300.0
2021070604014255,NHPC,21,57,500,293.0,146500.0
2021070604014254,NHPC,42,57,50,293.0,14650.0
2021070604014253,NHPC,47,57,500,293.0,146500.0
2021070604014252,NHPC,25,57,50,293.0,14650.0
2021070604014251,NHPC,33,57,"1,000",293.0,293000.0
2021070604014250,NHPC,44,57,20,293.0,5860.0
2021070604014291,NHPC,35,16,392,293.0,114856.0
2021070604014260,NHPC,35,57,608,293.0,178144.0
2021070604014259,NHPC,26,57,50,293.0,14650.0
2021070604014258,NHPC,41,57,50,293.0,14650.0
2021070604014257,NHPC,38,57,50,293.0,14650.0
2021070604014256,NHPC,22,57,100,293.0,29300.0
2021070604014315,NHPC,59,28,467,293.0,136831.0
2021070604014307,NHPC,47,45,46,294.0,13524.0
2021070604014306,NHPC,59,10,"1,000",293.0,293000.0
2021070604014294,NHPC,59,16,533,293.0,156169.0
2021070604014293,NHPC,59,16,50,293.0,14650.0
2021070604014292,NHPC,56,16,25,293.0,7325.0
2021070604014389,NHPC,6,42,50,293.0,14650.0
2021070604014388,NHPC,32,42,17,293.0,4981.0
2021070604014320,NHPC,32,52,33,293.0,9669.0
2021070604014319,NHPC,44,52,100,293.0,29300.0
2021070604014318,NHPC,13,52,367,293.0,107531.0
2021070604014316,NHPC,13,28,133,293.0,38969.0
2021070604014456,NHPC,32,13,178,293.0,52154.0
2021070604014455,NHPC,59,13,322,293.0,94346.0
2021070604014449,NHPC,39,45,30,294.0,8820.0
2021070604014394,NHPC,35,45,200,294.0,58800.0
2021070604014391,NHPC,59,42,178,293.0,52154.0
2021070604014390,NHPC,25,42,400,293.0,117200.0
2021070604014493,NHPC,53,53,100,293.0,29300.0
2021070604014492,NHPC,45,53,167,293.0,48931.0
2021070604014483,NHPC,57,45,100,294.0,29400.0
2021070604014480,NHPC,45,21,33,293.0,9669.0
2021070604014479,NHPC,38,21,100,293.0,29300.0
2021070604014478,NHPC,32,21,22,293.0,6446.0
2021070604014533,NHPC,38,57,50,293.0,14650.0
2021070604014532,NHPC,38,57,30,293.0,8790.0
2021070604014531,NHPC,55,57,"1,000",293.0,293000.0
2021070604014530,NHPC,49,57,30,293.0,8790.0
2021070604014529,NHPC,53,57,67,293.0,19631.0
2021070604014494,NHPC,53,53,33,293.0,9669.0
2021070604014572,NHPC,57,14,187,293.0,54791.0
2021070604014571,NHPC,51,14,200,293.0,58600.0
2021070604014570,NHPC,52,14,613,293.0,179609.0
2021070604014543,NHPC,52,42,387,293.0,113391.0
2021070604014542,NHPC,11,42,13,293.0,3809.0
2021070604014534,NHPC,11,57,317,293.0,92881.0
2021070604014599,NHPC,34,49,150,293.0,43950.0
2021070604014598,NHPC,11,49,100,293.0,29300.0
2021070604014595,NHPC,54,49,100,293.0,29300.0
2021070604014585,NHPC,42,49,200,293.0,58600.0
2021070604014583,NHPC,38,49,50,293.0,14650.0
2021070604014582,NHPC,57,49,813,293.0,238209.0
2021070604014685,NHPC,6,10,10,292.0,2920.0
2021070604014684,NHPC,41,10,123,292.0,35916.0
2021070604014683,NHPC,57,10,100,292.0,29200.0
2021070604014682,NHPC,8,10,"2,000",292.0,584000.0
2021070604014681,NHPC,35,10,200,292.0,58400.0
2021070604014613,NHPC,42,49,200,293.0,58600.0
2021070604014691,NHPC,38,10,100,292.0,29200.0
2021070604014690,NHPC,58,10,"1,700",292.0,496400.0
2021070604014689,NHPC,58,10,"1,700",292.0,496400.0
2021070604014688,NHPC,19,10,500,292.0,146000.0
2021070604014687,NHPC,51,10,120,292.0,35040.0
2021070604014686,NHPC,8,10,200,292.0,58400.0
2021070604014697,NHPC,10,10,250,292.0,73000.0
2021070604014696,NHPC,21,10,500,292.0,146000.0
2021070604014695,NHPC,49,10,200,292.0,58400.0
2021070604014694,NHPC,47,10,50,292.0,14600.0
2021070604014693,NHPC,17,10,150,292.0,43800.0
2021070604014692,NHPC,48,10,200,292.0,58400.0
2021070604014703,NHPC,34,10,300,292.0,87600.0
2021070604014702,NHPC,21,10,68,292.0,19856.0
2021070604014701,NHPC,6,10,100,292.0,29200.0
2021070604014700,NHPC,20,10,100,292.0,29200.0
2021070604014699,NHPC,57,10,100,292.0,29200.0
2021070604014698,NHPC,16,10,200,292.0,58400.0
2021070604014653,NICL,21,46,79,1046.0,82634.0
2021070604014591,NICL,21,46,119,1045.0,124355.0
2021070604014575,NICL,28,46,10,1045.0,10450.0
2021070604014573,NICL,10,46,71,1045.0,74195.0
2021070604014507,NICL,10,14,250,1045.0,261250.0
2021070604014498,NICL,10,26,290,1045.0,303050.0
2021070604014264,NICL,28,43,30,1049.0,31470.0
2021070604014263,NICL,47,43,50,1049.0,52450.0
2021070604014262,NICL,21,43,285,1050.0,299250.0
2021070604014230,NICL,21,49,115,1050.0,120750.0
2021070604014226,NICL,42,49,10,1050.0,10500.0
2021070604014225,NICL,48,49,75,1050.0,78750.0
2021070604014371,NICL,6,43,100,1048.0,104800.0
2021070604014370,NICL,56,43,100,1048.0,104800.0
2021070604014369,NICL,10,43,"1,000",1048.0,1048000.0
2021070604014368,NICL,43,43,60,1048.0,62880.0
2021070604014367,NICL,20,43,765,1049.0,802485.0
2021070604014265,NICL,20,43,235,1049.0,246515.0
2021070604014377,NICL,16,43,100,1045.0,104500.0
2021070604014376,NICL,34,43,106,1045.0,110770.0
2021070604014375,NICL,10,43,100,1047.0,104700.0
2021070604014374,NICL,36,43,50,1047.0,52350.0
2021070604014373,NICL,5,43,100,1047.0,104700.0
2021070604014372,NICL,7,43,250,1047.0,261750.0
2021070604014383,NICL,38,43,100,1045.0,104500.0
2021070604014382,NICL,16,43,20,1045.0,20900.0
2021070604014381,NICL,10,43,100,1045.0,104500.0
2021070604014380,NICL,45,43,50,1045.0,52250.0
2021070604014379,NICL,6,43,100,1045.0,104500.0
2021070604014378,NICL,57,43,50,1045.0,52250.0
2021070604014471,NICL,10,40,50,1045.0,52250.0
2021070604014460,NICL,10,43,439,1045.0,458755.0
2021070604014437,NICL,21,43,400,1045.0,418000.0
2021070604014386,NICL,43,43,50,1045.0,52250.0
2021070604014385,NICL,55,43,100,1045.0,104500.0
2021070604014384,NICL,44,43,10,1045.0,10450.0
2021070604014636,NIL,37,42,155,1335.0,206925.0
2021070604014635,NIL,37,34,101,1335.0,134835.0
2021070604014634,NIL,14,34,50,1335.0,66750.0
2021070604014633,NIL,14,34,100,1335.0,133500.0
2021070604014632,NIL,48,34,20,1335.0,26700.0
2021070604014631,NIL,45,34,29,1335.0,38715.0
2021070604014428,NIL,44,45,60,1335.0,80100.0
2021070604014366,NIL,43,57,40,1336.0,53440.0
2021070604014354,NIL,58,57,38,1336.0,50768.0
2021070604014353,NIL,21,57,28,1336.0,37408.0
2021070604014312,NIL,36,49,100,1337.0,133700.0
2021070604014616,NIL,45,41,25,1335.0,33375.0
2021070604014524,NIL,45,45,30,1335.0,40050.0
2021070604014462,NIL,45,38,16,1335.0,21360.0
2021070604014461,NIL,14,38,84,1335.0,112140.0
2021070604014443,NIL,36,57,30,1336.0,40080.0
2021070604014429,NIL,56,45,40,1335.0,53400.0
2021070604014667,OHL,33,44,450,715.0,321750.0
2021070604014655,PIC,34,36,600,1196.0,717600.0
2021070604014609,PIC,25,21,10,1198.0,11980.0
2021070604014477,PICL,6,38,50,794.0,39700.0
2021070604014662,PPCL,47,45,70,333.0,23310.0
2021070604014661,PPCL,55,45,30,334.0,10020.0
2021070604014660,PPCL,14,45,100,334.0,33400.0
2021070604014491,PRIN,54,48,20,947.0,18940.0
2021070604014434,PRIN,26,59,100,949.0,94900.0
2021070604014261,PRIN,59,36,10,950.0,9500.0
2021070604014612,RADHI,41,44,216,750.0,162000.0
2021070604014611,RADHI,39,44,50,750.0,37500.0
2021070604014610,RADHI,47,44,34,750.0,25500.0
2021070604014565,RADHI,47,13,100,750.0,75000.0
2021070604014467,RADHI,47,44,16,750.0,12000.0
2021070604014427,RADHI,6,44,34,750.0,25500.0
2021070604014408,RADHI,6,47,176,750.0,132000.0
2021070604014392,RADHI,34,8,25,749.0,18725.0
2021070604014349,RADHI,13,47,24,750.0,18000.0
2021070604014348,RADHI,13,55,10,750.0,7500.0
2021070604014296,RADHI,42,21,8,750.0,6000.0
2021070604014295,RADHI,29,21,10,750.0,7500.0
2021070604014562,RBCL,39,16,10,22375.0,223750.0
2021070604014472,RBCL,39,33,10,22375.0,223750.0
2021070604014666,RHPC,48,26,100,513.0,51300.0
2021070604014639,RHPC,26,41,52,513.0,26676.0
2021070604014407,RHPC,14,18,196,514.0,100744.0
2021070604014608,RHPL,22,47,20,432.0,8640.0
2021070604014310,RHPL,51,38,10,430.0,4300.0
2021070604014309,RHPL,51,43,10,430.0,4300.0
2021070604014290,RHPL,52,43,300,430.0,129000.0
2021070604014289,RHPL,4,43,100,430.0,43000.0
2021070604014288,RHPL,51,43,100,430.0,43000.0
2021070604014269,RHPL,10,43,100,430.0,43000.0
2021070604014268,RHPL,46,43,10,430.0,4300.0
2021070604014267,RHPL,22,43,60,430.0,25800.0
2021070604014266,RHPL,42,43,35,431.0,15085.0
2021070604014275,RHPL,42,43,20,430.0,8600.0
2021070604014274,RHPL,58,43,25,430.0,10750.0
2021070604014273,RHPL,53,43,50,430.0,21500.0
2021070604014272,RHPL,51,43,100,430.0,43000.0
2021070604014271,RHPL,48,43,70,430.0,30100.0
2021070604014270,RHPL,37,43,"1,000",430.0,430000.0
2021070604014281,RHPL,43,43,65,430.0,27950.0
2021070604014280,RHPL,58,43,150,430.0,64500.0
2021070604014279,RHPL,58,43,10,430.0,4300.0
2021070604014278,RHPL,22,43,50,430.0,21500.0
2021070604014277,RHPL,46,43,60,430.0,25800.0
2021070604014276,RHPL,59,43,200,430.0,86000.0
2021070604014287,RHPL,16,43,500,430.0,215000.0
2021070604014286,RHPL,52,43,200,430.0,86000.0
2021070604014285,RHPL,49,43,200,430.0,86000.0
2021070604014284,RHPL,38,43,20,430.0,8600.0
2021070604014283,RHPL,25,43,30,430.0,12900.0
2021070604014282,RHPL,13,43,35,430.0,15050.0
2021070604014602,RRHP,55,57,10,363.0,3630.0
2021070604014601,RRHP,6,57,190,363.0,68970.0
2021070604014600,RRHP,14,57,220,363.0,79860.0
2021070604014497,RRHP,58,16,10,365.0,3650.0
2021070604014496,RRHP,58,57,50,365.0,18250.0
2021070604014495,RRHP,58,51,10,364.0,3640.0
2021070604014452,RRHP,14,54,10,363.0,3630.0
2021070604014676,SEF,6,22,"3,400",13.58,46172.0
2021070604014675,SEF,25,22,"5,000",13.58,67900.0
2021070604014674,SEF,6,22,"5,000",13.58,67900.0
2021070604014673,SEF,6,22,"5,000",13.59,67950.0
2021070604014672,SEF,52,22,"1,000",13.6,13600.0
2021070604014671,SEF,52,22,500,13.6,6800.0
2021070604014670,SEF,10,22,100,13.62,1362.0
2021070604014592,SFMF,50,4,100,15.5,1550.0
2021070604014596,SGI,19,3,10,710.0,7100.0
2021070604014422,SGI,19,52,10,710.0,7100.0
2021070604014473,SHL,29,22,100,267.0,26700.0
2021070604014344,SHL,57,20,200,266.0,53200.0
2021070604014343,SHL,42,20,130,266.0,34580.0
2021070604014342,SHL,38,20,100,266.0,26600.0
2021070604014341,SHL,22,20,200,266.0,53200.0
2021070604014340,SHL,46,20,100,266.0,26600.0
2021070604014339,SHL,41,20,100,266.0,26600.0
2021070604014338,SHL,16,20,100,266.0,26600.0
2021070604014584,SHPC,44,59,90,477.0,42930.0
2021070604014630,SIC,22,22,86,1321.0,113606.0
2021070604014629,SIC,43,22,50,1321.0,66050.0
2021070604014628,SIC,17,22,300,1321.0,396300.0
2021070604014627,SIC,17,22,24,1322.0,31728.0
2021070604014527,SIC,49,22,40,1323.0,52920.0
2021070604014417,SIC,34,22,50,1325.0,66250.0
2021070604014711,SICL,45,58,77,1959.0,150843.0
2021070604014620,SICL,41,13,13,1952.0,25376.0
2021070604014619,SICL,41,13,50,1953.0,97650.0
2021070604014618,SICL,1,13,16,1955.0,31280.0
2021070604014439,SICL,58,58,50,1959.0,97950.0
2021070604014387,SICL,57,58,23,1959.0,45057.0
2021070604014317,SICL,41,22,43,1952.0,83936.0
2021070604014641,SJCL,53,47,90,412.0,37080.0
2021070604014640,SJCL,53,51,10,412.0,4120.0
2021070604014474,SJCL,17,16,40,411.0,16440.0
2021070604014314,SJCL,58,51,10,413.0,4130.0
2021070604014559,SLCF,48,25,"8,300",10.29,85407.0
2021070604014558,SLCF,48,35,100,10.17,1017.0
2021070604014557,SLCF,48,21,100,10.17,1017.0
2021070604014556,SLCF,48,45,200,10.15,2030.0
2021070604014555,SLCF,48,58,100,10.15,1015.0
2021070604014548,SLCF,48,57,200,10.05,2010.0
2021070604014554,SLCF,48,6,150,10.15,1522.5
2021070604014553,SLCF,48,58,100,10.1,1010.0
2021070604014552,SLCF,48,58,400,10.1,4040.0
2021070604014551,SLCF,48,45,100,10.1,1010.0
2021070604014550,SLCF,48,45,100,10.1,1010.0
2021070604014549,SLCF,48,6,150,10.1,1515.0
2021070604014651,SPDL,57,34,275,396.0,108900.0
2021070604014650,SPDL,52,34,20,396.0,7920.0
2021070604014649,SPDL,38,34,75,396.0,29700.0
2021070604014648,SPDL,16,34,100,396.0,39600.0
2021070604014647,SPDL,57,34,30,396.0,11880.0
2021070604014646,SPDL,43,34,200,396.0,79200.0
2021070604014645,SPDL,33,34,200,396.0,79200.0
2021070604014644,SPDL,14,34,100,396.0,39600.0
2021070604014453,SPDL,32,20,60,397.0,23820.0
2021070604014357,SPDL,49,20,10,397.0,3970.0
2021070604014346,SPDL,44,20,200,397.0,79400.0
2021070604014345,SPDL,21,20,200,397.0,79400.0
2021070604014393,SSHL,8,54,93,313.0,29109.0
2021070604014406,STC,55,47,10,9931.0,99310.0
2021070604014405,STC,39,47,15,9931.0,148965.0
2021070604014580,TRH,19,47,200,408.0,81600.0
2021070604014579,TRH,58,47,30,408.0,12240.0
2021070604014578,TRH,13,47,50,408.0,20400.0
2021070604014577,TRH,26,47,100,408.0,40800.0
2021070604014576,TRH,7,47,200,408.0,81600.0
2021070604014547,TRH,7,17,200,408.0,81600.0
2021070604014326,TRH,7,48,100,408.0,40800.0
2021070604014325,TRH,45,48,100,408.0,40800.0
2021070604014665,UIC,38,56,200,726.0,145200.0
2021070604014506,UIC,43,56,300,726.0,217800.0
2021070604014505,UIC,43,34,200,726.0,145200.0
2021070604014482,UIC,57,34,250,725.0,181250.0
2021070604014404,UIC,57,34,100,725.0,72500.0
2021070604014305,UIC,45,36,100,725.0,72500.0
2021070604014680,UMHL,41,20,59,342.0,20178.0
2021070604014589,UMHL,34,4,509,341.0,173569.0
2021070604014588,UMHL,51,4,50,341.0,17050.0
2021070604014587,UMHL,42,4,11,341.0,3751.0
2021070604014560,UMHL,45,20,20,342.0,6840.0
2021070604014435,UMHL,41,20,200,342.0,68400.0
2021070604014321,UMHL,36,20,200,342.0,68400.0
2021070604014466,UMRH,34,38,100,491.0,49100.0
2021070604014465,UMRH,34,26,10,490.0,4900.0
2021070604014464,UMRH,34,38,200,490.0,98000.0
2021070604014463,UMRH,34,56,10,484.0,4840.0
2021070604014657,UNHPL,6,21,70,336.0,23520.0
2021070604014451,UNHPL,22,14,136,337.0,45832.0
2021070604014450,UNHPL,29,14,284,337.0,95708.0
2021070604014360,UNHPL,29,6,45,337.0,15165.0
2021070604014329,UNHPL,29,32,601,337.0,202537.0
2021070604014663,UPCL,58,56,65,280.0,18200.0
2021070604014414,UPCL,49,22,56,279.0,15624.0
2021070604014413,UPCL,6,22,20,279.0,5580.0
2021070604014412,UPCL,32,22,100,279.0,27900.0
2021070604014411,UPCL,14,22,50,279.0,13950.0
2021070604014539,UPCL,33,56,115,280.0,32200.0
2021070604014538,UPCL,33,49,305,280.0,85400.0
2021070604014537,UPCL,33,28,580,280.0,162400.0
2021070604014454,UPCL,32,28,50,280.0,14000.0
2021070604014416,UPCL,14,22,17,279.0,4743.0
2021070604014415,UPCL,33,22,100,279.0,27900.0
2021070604014724,UPPER,59,5,100,718.0,71800.0
2021070604014723,UPPER,17,5,200,718.0,143600.0
2021070604014722,UPPER,44,5,100,718.0,71800.0
2021070604014721,UPPER,6,5,50,718.0,35900.0
2021070604014720,UPPER,45,5,20,718.0,14360.0
2021070604014719,UPPER,51,5,60,718.0,43080.0
2021070604014396,UPPER,38,56,10,717.0,7170.0
2021070604014395,UPPER,59,33,600,718.0,430800.0
2021070604014363,UPPER,29,33,60,718.0,43080.0
2021070604014362,UPPER,56,33,15,718.0,10770.0
2021070604014361,UPPER,56,42,35,718.0,25130.0
2021070604014402,UPPER,19,56,70,717.0,50190.0
2021070604014401,UPPER,34,56,100,717.0,71700.0
2021070604014400,UPPER,33,56,100,717.0,71700.0
2021070604014399,UPPER,55,56,100,717.0,71700.0
2021070604014398,UPPER,13,56,10,717.0,7170.0
2021070604014397,UPPER,45,56,110,717.0,78870.0
2021070604014423,UPPER,55,36,10,718.0,7180.0
2021070604014421,UPPER,1,36,255,718.0,183090.0
2021070604014420,UPPER,1,59,100,718.0,71800.0
2021070604014419,UPPER,1,40,100,718.0,71800.0
2021070604014418,UPPER,1,33,45,718.0,32310.0
2021070604014410,UPPER,47,33,80,718.0,57440.0
2021070604014457,UPPER,32,36,50,718.0,35900.0
2021070604014448,UPPER,19,25,30,717.0,21510.0
2021070604014447,UPPER,56,36,20,718.0,14360.0
2021070604014442,UPPER,38,36,120,718.0,86160.0
2021070604014440,UPPER,58,36,10,718.0,7180.0
2021070604014432,UPPER,6,36,30,718.0,21540.0
2021070604014502,UPPER,38,13,100,717.0,71700.0
2021070604014501,UPPER,49,13,100,717.0,71700.0
2021070604014500,UPPER,34,13,10,717.0,7170.0
2021070604014499,UPPER,57,13,50,717.0,35850.0
2021070604014484,UPPER,56,36,20,718.0,14360.0
2021070604014476,UPPER,57,54,50,717.0,35850.0
2021070604014564,UPPER,14,26,415,718.0,297970.0
2021070604014563,UPPER,14,36,85,718.0,61030.0
2021070604014544,UPPER,46,36,100,718.0,71800.0
2021070604014528,UPPER,54,36,200,718.0,143600.0
2021070604014504,UPPER,8,13,190,716.0,136040.0
2021070604014503,UPPER,29,13,50,717.0,35850.0
2021070604014642,UPPER,49,50,200,719.0,143800.0
2021070604014625,UPPER,54,19,15,718.0,10770.0
2021070604014624,UPPER,42,19,50,718.0,35900.0
2021070604014623,UPPER,36,19,115,718.0,82570.0
2021070604014569,UPPER,36,26,85,718.0,61030.0
2021070604014568,UPPER,36,42,800,718.0,574400.0
2021070604014714,UPPER,4,39,50,719.0,35950.0
2021070604014713,UPPER,6,39,41,719.0,29479.0
2021070604014712,UPPER,6,50,59,719.0,42421.0
2021070604014710,UPPER,51,25,40,718.0,28720.0
2021070604014158,AHPC,7,7,47,433.0,20351.0
2021070604014150,AHPC,26,34,100,433.0,43300.0
2021070604014017,AHPC,51,34,50,434.0,21700.0
2021070604014002,AHPC,25,34,50,434.0,21700.0
2021070604014212,AIL,26,39,10,801.0,8010.0
2021070604014167,AIL,26,56,50,801.0,40050.0
2021070604014011,AIL,26,38,100,801.0,80100.0
2021070604013999,AIL,26,38,10,801.0,8010.0
2021070604013854,AIL,26,36,200,801.0,160200.0
2021070604013779,AIL,35,46,10,800.0,8000.0
2021070604014214,AKPL,36,22,14,421.0,5894.0
2021070604014213,AKPL,57,22,157,421.0,66097.0
2021070604014189,AKPL,57,43,50,421.0,21050.0
2021070604014112,AKPL,57,48,43,421.0,18103.0
2021070604014111,AKPL,50,48,15,421.0,6315.0
2021070604014110,AKPL,36,48,100,421.0,42100.0
2021070604013743,AKPL,26,16,500,421.0,210500.0
2021070604013742,AKPL,29,16,55,421.0,23155.0
2021070604013991,AKPL,40,58,50,422.0,21100.0
2021070604013990,AKPL,40,33,433,422.0,182726.0
2021070604013989,AKPL,40,42,200,422.0,84400.0
2021070604013988,AKPL,40,16,60,422.0,25320.0
2021070604013987,AKPL,40,25,248,422.0,104656.0
2021070604013744,AKPL,46,16,45,421.0,18945.0
2021070604014037,AKPL,53,36,70,422.0,29540.0
2021070604014036,AKPL,53,49,30,422.0,12660.0
2021070604014015,AKPL,40,48,145,421.0,61045.0
2021070604014014,AKPL,45,48,200,421.0,84200.0
2021070604014013,AKPL,39,48,200,421.0,84200.0
2021070604014012,AKPL,46,48,155,421.0,65255.0
2021070604014109,AKPL,57,48,142,421.0,59782.0
2021070604014105,AKPL,57,38,13,421.0,5473.0
2021070604014100,AKPL,14,36,"1,000",422.0,422000.0
2021070604014076,AKPL,57,59,345,421.0,145245.0
2021070604014075,AKPL,58,59,100,421.0,42100.0
2021070604014074,AKPL,40,59,55,421.0,23155.0
2021070604014168,API,57,35,739,365.0,269735.0
2021070604014159,API,21,35,200,365.0,73000.0
2021070604014152,API,21,35,50,365.0,18250.0
2021070604014136,API,35,35,50,365.0,18250.0
2021070604014129,API,26,35,"1,000",365.0,365000.0
2021070604014101,API,49,35,50,365.0,18250.0
2021070604013819,API,58,58,100,367.0,36700.0
2021070604013818,API,58,58,200,367.0,73400.0
2021070604013908,API,19,35,220,366.0,80520.0
2021070604013907,API,43,35,100,366.0,36600.0
2021070604013906,API,38,35,30,366.0,10980.0
2021070604013905,API,34,35,10,366.0,3660.0
2021070604013904,API,8,35,30,366.0,10980.0
2021070604013825,API,25,58,50,367.0,18350.0
2021070604013914,API,1,35,100,365.0,36500.0
2021070604013913,API,41,35,50,365.0,18250.0
2021070604013912,API,49,35,855,365.0,312075.0
2021070604013911,API,58,35,27,366.0,9882.0
2021070604013910,API,36,35,100,366.0,36600.0
2021070604013909,API,59,35,500,366.0,183000.0
2021070604013920,API,11,35,200,365.0,73000.0
2021070604013919,API,29,35,500,365.0,182500.0
2021070604013918,API,45,35,10,365.0,3650.0
2021070604013917,API,8,35,400,365.0,146000.0
2021070604013916,API,48,35,300,365.0,109500.0
2021070604013915,API,57,35,10,365.0,3650.0
2021070604013926,API,25,35,40,365.0,14600.0
2021070604013925,API,34,35,300,365.0,109500.0
2021070604013924,API,26,35,50,365.0,18250.0
2021070604013923,API,49,35,"1,000",365.0,365000.0
2021070604013922,API,17,35,50,365.0,18250.0
2021070604013921,API,11,35,"1,000",365.0,365000.0
2021070604013932,API,47,35,100,365.0,36500.0
2021070604013931,API,28,35,100,365.0,36500.0
2021070604013930,API,17,35,200,365.0,73000.0
2021070604013929,API,21,35,10,365.0,3650.0
2021070604013928,API,14,35,30,365.0,10950.0
2021070604013927,API,51,35,135,365.0,49275.0
2021070604013938,API,42,35,10,365.0,3650.0
2021070604013937,API,57,35,20,365.0,7300.0
2021070604013936,API,58,35,100,365.0,36500.0
2021070604013935,API,39,35,25,365.0,9125.0
2021070604013934,API,41,35,200,365.0,73000.0
2021070604013933,API,16,35,200,365.0,73000.0
2021070604013944,API,11,35,100,365.0,36500.0
2021070604013943,API,16,35,100,365.0,36500.0
2021070604013942,API,22,35,200,365.0,73000.0
2021070604013941,API,42,35,100,365.0,36500.0
2021070604013940,API,5,35,50,365.0,18250.0
2021070604013939,API,34,35,50,365.0,18250.0
2021070604013950,API,4,35,50,365.0,18250.0
2021070604013949,API,32,35,200,365.0,73000.0
2021070604013948,API,58,35,20,365.0,7300.0
2021070604013947,API,21,35,50,365.0,18250.0
2021070604013946,API,19,35,140,365.0,51100.0
2021070604013945,API,7,35,100,365.0,36500.0
2021070604013956,API,42,35,100,365.0,36500.0
2021070604013955,API,42,35,275,365.0,100375.0
2021070604013954,API,50,35,100,365.0,36500.0
2021070604013953,API,32,35,300,365.0,109500.0
2021070604013952,API,14,35,30,365.0,10950.0
2021070604013951,API,16,35,10,365.0,3650.0
2021070604014062,API,39,19,160,364.0,58240.0
2021070604014051,API,39,11,40,364.0,14560.0
2021070604013984,API,47,35,215,365.0,78475.0
2021070604013959,API,32,35,200,365.0,73000.0
2021070604013958,API,35,35,200,365.0,73000.0
2021070604013957,API,41,35,100,365.0,36500.0
2021070604014071,API,36,35,15,365.0,5475.0
2021070604014067,API,50,19,20,364.0,7280.0
2021070604014066,API,42,19,250,364.0,91000.0
2021070604014065,API,47,19,50,364.0,18200.0
2021070604014064,API,5,19,10,364.0,3640.0
2021070604014063,API,45,19,10,364.0,3640.0
2021070604014205,BARUN,45,13,40,505.0,20200.0
2021070604014209,BBC,48,43,10,5685.0,56850.0
2021070604013738,BBC,7,22,10,5685.0,56850.0
2021070604014194,BPCL,39,58,50,501.0,25050.0
2021070604014187,BPCL,58,57,38,502.0,19076.0
2021070604013996,BPCL,39,45,50,501.0,25050.0
2021070604014140,CGH,44,35,35,1535.0,53725.0
2021070604014139,CGH,43,35,10,1535.0,15350.0
2021070604014138,CGH,17,35,20,1535.0,30700.0
2021070604014137,CGH,57,35,35,1536.0,53760.0
2021070604013902,CGH,49,17,10,1540.0,15400.0
2021070604013843,CHCL,45,39,25,650.0,16250.0
2021070604014190,CHL,43,57,10,448.0,4480.0
2021070604014050,CMF1,6,46,100,12.67,1267.0
2021070604013730,CMF1,33,46,330,12.67,4181.1
2021070604013729,CMF1,33,10,500,12.6,6300.0
2021070604013728,CMF1,33,47,"20,000",12.6,252000.0
2021070604013727,CMF1,33,49,"8,670",12.54,108721.8
2021070604013726,CMF1,33,47,500,12.53,6265.0
2021070604013851,DHPL,57,14,10,253.0,2530.0
2021070604013850,DHPL,57,14,15,253.0,3795.0
2021070604014116,EIC,45,42,450,741.0,333450.0
2021070604014115,EIC,45,13,200,741.0,148200.0
2021070604014114,EIC,45,1,300,740.0,222000.0
2021070604014113,EIC,45,45,220,740.0,162800.0
2021070604013896,GIC,41,49,10,680.0,6800.0
2021070604013845,GIC,41,36,10,680.0,6800.0
2021070604013844,GIC,41,46,10,680.0,6800.0
2021070604013824,GIC,43,49,75,682.0,51150.0
2021070604013823,GIC,43,51,10,681.0,6810.0
2021070604013822,GIC,43,14,12,681.0,8172.0
2021070604014010,GIMES1,51,44,"10,000",19.05,190500.0
2021070604014009,GIMES1,51,44,"10,000",19.05,190500.0
2021070604014008,GIMES1,51,44,"10,000",19.05,190500.0
2021070604014007,GIMES1,17,44,"2,000",19.05,38100.0
2021070604013986,GLH,58,58,10,351.0,3510.0
2021070604013963,GLH,16,58,70,351.0,24570.0
2021070604013962,GLH,16,32,10,351.0,3510.0
2021070604013961,GLH,16,49,10,351.0,3510.0
2021070604013960,GLH,16,32,10,351.0,3510.0
2021070604013898,GLH,8,40,10,350.0,3500.0
2021070604013829,GLH,8,21,10,350.0,3500.0
2021070604014141,HDHPC,46,52,100,260.0,26000.0
2021070604014070,HDHPC,49,50,50,261.0,13050.0
2021070604014033,HDHPC,45,10,100,261.0,26100.0
2021070604013737,HDHPC,58,10,350,261.0,91350.0
2021070604013973,HGI,22,7,82,753.0,61746.0
2021070604013972,HGI,58,7,20,753.0,15060.0
2021070604013971,HGI,17,7,20,753.0,15060.0
2021070604014204,HPPL,49,57,25,400.0,10000.0
2021070604014203,HPPL,17,57,100,400.0,40000.0
2021070604014202,HPPL,44,57,15,400.0,6000.0
2021070604014201,HPPL,34,57,900,400.0,360000.0
2021070604014200,HPPL,22,57,40,400.0,16000.0
2021070604014199,HPPL,6,57,25,400.0,10000.0
2021070604013873,HPPL,21,19,100,400.0,40000.0
2021070604013872,HPPL,11,19,50,400.0,20000.0
2021070604013871,HPPL,6,19,90,400.0,36000.0
2021070604013870,HPPL,17,19,80,401.0,32080.0
2021070604014198,HPPL,39,57,50,400.0,20000.0
2021070604014197,HPPL,48,57,260,401.0,104260.0
2021070604014166,HPPL,48,44,40,401.0,16040.0
2021070604014047,HPPL,39,45,50,400.0,20000.0
2021070604014046,HPPL,34,45,220,400.0,88000.0
2021070604013874,HPPL,34,19,680,400.0,272000.0
2021070604014035,HURJA,49,19,120,338.0,40560.0
2021070604013974,HURJA,1,19,380,338.0,128440.0
2021070604014188,JOSHI,33,13,100,263.0,26300.0
2021070604013741,JOSHI,47,13,100,263.0,26300.0
2021070604014185,KKHC,51,49,146,255.0,37230.0
2021070604014184,KKHC,50,49,44,255.0,11220.0
2021070604014034,KKHC,50,8,40,255.0,10200.0
2021070604013981,KKHC,50,14,416,255.0,106080.0
2021070604013980,KKHC,6,14,84,255.0,21420.0
2021070604013883,KPCL,32,59,140,425.0,59500.0
2021070604013882,KPCL,32,25,20,424.0,8480.0
2021070604013881,KPCL,32,17,50,424.0,21200.0
2021070604013880,KPCL,32,22,10,423.0,4230.0
2021070604013879,KPCL,32,41,10,423.0,4230.0
2021070604013878,KPCL,32,41,10,423.0,4230.0
2021070604013887,KPCL,32,58,10,430.0,4300.0
2021070604013886,KPCL,32,48,10,428.0,4280.0
2021070604013885,KPCL,32,33,10,428.0,4280.0
2021070604013884,KPCL,32,58,10,425.0,4250.0
2021070604014146,LEC,58,58,10,344.0,3440.0
2021070604014145,LEC,58,28,10,343.0,3430.0
2021070604014144,LEC,58,38,10,340.0,3400.0
2021070604014143,LEC,58,46,70,340.0,23800.0
2021070604013747,LEC,6,46,30,340.0,10200.0
2021070604014027,MEN,58,28,10,853.0,8530.0
2021070604013970,MEN,41,36,10,838.0,8380.0
2021070604013852,MHNL,41,49,10,312.0,3120.0
2021070604013746,NBF2,56,5,200,14.01,2802.0
2021070604013869,NEF,56,48,450,14.21,6394.5
2021070604014049,NHDL,21,35,20,412.0,8240.0
2021070604013903,NHDL,20,17,10,411.0,4110.0
2021070604014208,NHPC,41,25,293,293.0,85849.0
2021070604014207,NHPC,41,25,70,293.0,20510.0
2021070604014206,NHPC,45,25,137,293.0,40141.0
2021070604014195,NHPC,28,45,20,294.0,5880.0
2021070604014193,NHPC,45,28,63,293.0,18459.0
2021070604014192,NHPC,4,28,200,293.0,58600.0
2021070604013749,NHPC,33,56,19,294.0,5586.0
2021070604013725,NHPC,33,26,81,294.0,23814.0
2021070604013784,NHPC,19,10,20,294.0,5880.0
2021070604013783,NHPC,45,10,10,294.0,2940.0
2021070604013782,NHPC,45,10,100,294.0,29400.0
2021070604013780,NHPC,21,36,29,294.0,8526.0
2021070604013751,NHPC,21,56,71,294.0,20874.0
2021070604013750,NHPC,28,56,10,294.0,2940.0
2021070604013790,NHPC,44,10,100,294.0,29400.0
2021070604013789,NHPC,37,10,"1,000",294.0,294000.0
2021070604013788,NHPC,34,10,10,294.0,2940.0
2021070604013787,NHPC,58,10,503,294.0,147882.0
2021070604013786,NHPC,20,10,900,294.0,264600.0
2021070604013785,NHPC,4,10,100,294.0,29400.0
2021070604013796,NHPC,49,10,10,294.0,2940.0
2021070604013795,NHPC,21,10,500,294.0,147000.0
2021070604013794,NHPC,57,10,300,294.0,88200.0
2021070604013793,NHPC,19,10,20,294.0,5880.0
2021070604013792,NHPC,45,10,50,294.0,14700.0
2021070604013791,NHPC,34,10,100,294.0,29400.0
2021070604013802,NHPC,14,10,200,294.0,58800.0
2021070604013801,NHPC,3,10,90,294.0,26460.0
2021070604013800,NHPC,3,10,250,294.0,73500.0
2021070604013799,NHPC,11,10,60,294.0,17640.0
2021070604013798,NHPC,48,10,50,294.0,14700.0
2021070604013797,NHPC,13,10,50,294.0,14700.0
2021070604013808,NHPC,58,10,100,294.0,29400.0
2021070604013807,NHPC,35,10,10,294.0,2940.0
2021070604013806,NHPC,41,10,100,294.0,29400.0
2021070604013805,NHPC,42,10,20,294.0,5880.0
2021070604013804,NHPC,34,10,20,294.0,5880.0
2021070604013803,NHPC,51,10,200,294.0,58800.0
2021070604013814,NHPC,46,4,300,294.0,88200.0
2021070604013813,NHPC,46,4,477,294.0,140238.0
2021070604013812,NHPC,8,4,23,294.0,6762.0
2021070604013811,NHPC,8,10,27,294.0,7938.0
2021070604013810,NHPC,45,10,50,294.0,14700.0
2021070604013809,NHPC,58,10,50,294.0,14700.0
2021070604013859,NHPC,35,20,161,294.0,47334.0
2021070604013828,NHPC,35,38,839,294.0,246666.0
2021070604013827,NHPC,46,38,223,294.0,65562.0
2021070604013817,NHPC,43,38,40,295.0,11800.0
2021070604013816,NHPC,25,38,45,295.0,13275.0
2021070604013815,NHPC,25,51,205,295.0,60475.0
2021070604013865,NHPC,29,20,100,293.0,29300.0
2021070604013864,NHPC,25,20,100,293.0,29300.0
2021070604013863,NHPC,40,20,500,293.0,146500.0
2021070604013862,NHPC,57,20,100,293.0,29300.0
2021070604013861,NHPC,57,20,60,294.0,17640.0
2021070604013860,NHPC,20,20,100,294.0,29400.0
2021070604014028,NHPC,58,45,80,294.0,23520.0
2021070604014016,NHPC,7,36,50,293.0,14650.0
2021070604013982,NHPC,45,45,500,294.0,147000.0
2021070604013969,NHPC,42,45,300,294.0,88200.0
2021070604013876,NHPC,58,38,25,295.0,7375.0
2021070604013866,NHPC,7,20,139,293.0,40727.0
2021070604014082,NHPC,7,54,150,293.0,43950.0
2021070604014081,NHPC,7,50,138,293.0,40434.0
2021070604014080,NHPC,34,50,100,293.0,29300.0
2021070604014079,NHPC,58,50,300,293.0,87900.0
2021070604014078,NHPC,7,50,212,293.0,62116.0
2021070604014056,NHPC,7,25,99,293.0,29007.0
2021070604014174,NHPC,1,38,50,293.0,14650.0
2021070604014173,NHPC,7,38,212,293.0,62116.0
2021070604014164,NHPC,45,45,100,294.0,29400.0
2021070604014127,NHPC,7,58,500,293.0,146500.0
2021070604014122,NHPC,7,45,50,294.0,14700.0
2021070604014085,NHPC,6,45,450,294.0,132300.0
2021070604014191,NHPC,13,28,437,293.0,128041.0
2021070604014179,NHPC,13,38,"1,563",293.0,457959.0
2021070604014178,NHPC,58,38,100,293.0,29300.0
2021070604014177,NHPC,45,38,"1,000",293.0,293000.0
2021070604014176,NHPC,41,38,25,293.0,7325.0
2021070604014175,NHPC,13,38,50,293.0,14650.0
2021070604014044,NIBLPF,11,22,"3,349",14.35,48058.15
2021070604014043,NIBLPF,34,22,"10,000",14.35,143500.0
2021070604014042,NIBLPF,49,22,"10,000",14.35,143500.0
2021070604014041,NIBLPF,14,22,"3,500",14.35,50225.0
2021070604014040,NIBLPF,19,22,"5,444",14.36,78175.84
2021070604014039,NIBLPF,11,22,"5,000",14.4,72000.0
2021070604014038,NIBLPF,43,22,"6,707",14.41,96647.87
2021070604013736,NIBSF1,57,22,"4,950",14.12,69894.0
2021070604013735,NIBSF1,52,22,"30,000",14.12,423600.0
2021070604013734,NIBSF1,34,22,"10,000",14.13,141300.0
2021070604013733,NIBSF1,18,22,"2,000",14.13,28260.0
2021070604013732,NIBSF1,26,22,"1,050",14.13,14836.5
2021070604013731,NIBSF1,34,22,"8,000",14.14,113120.0
2021070604014128,NICGF,4,44,"24,000",14.84,356160.0
2021070604014224,NICL,10,49,50,1050.0,52500.0
2021070604014223,NICL,37,49,20,1050.0,21000.0
2021070604014222,NICL,42,49,200,1050.0,210000.0
2021070604014221,NICL,58,49,30,1050.0,31500.0
2021070604014087,NICL,58,6,70,1050.0,73500.0
2021070604013978,NICL,58,25,200,1050.0,210000.0
2021070604013839,NICL,50,32,112,1054.0,118048.0
2021070604013773,NICL,55,26,50,1050.0,52500.0
2021070604013772,NICL,40,26,25,1050.0,26250.0
2021070604013771,NICL,56,26,20,1050.0,21000.0
2021070604013977,NICL,47,25,100,1050.0,105000.0
2021070604013976,NICL,45,25,100,1050.0,105000.0
2021070604013975,NICL,40,25,100,1050.0,105000.0
2021070604013877,NICL,58,58,50,1054.0,52700.0
2021070604013856,NICL,6,58,50,1054.0,52700.0
2021070604013840,NICL,50,58,188,1054.0,198152.0
2021070604014210,NIL,21,59,22,1336.0,29392.0
2021070604014181,NIL,1,59,78,1336.0,104208.0
2021070604014125,NIL,1,29,172,1336.0,229792.0
2021070604014124,NIL,55,29,50,1336.0,66800.0
2021070604014123,NIL,5,29,28,1336.0,37408.0
2021070604014099,NIL,5,54,44,1336.0,58784.0
2021070604013979,NIL,25,11,50,1337.0,66850.0
2021070604013768,NIL,58,36,50,1338.0,66900.0
2021070604014098,NIL,10,54,50,1336.0,66800.0
2021070604014097,NIL,29,54,50,1336.0,66800.0
2021070604014096,NIL,54,54,50,1336.0,66800.0
2021070604014031,NIL,26,29,20,1337.0,26740.0
2021070604014030,NIL,49,29,20,1337.0,26740.0
2021070604014029,NIL,25,29,40,1337.0,53480.0
2021070604014020,OHL,33,22,50,715.0,35750.0
2021070604014003,PIC,34,25,37,1196.0,44252.0
2021070604013997,PICL,42,42,100,799.0,79900.0
2021070604014069,PMHPL,48,36,190,269.0,51110.0
2021070604013855,PMHPL,47,51,10,268.0,2680.0
2021070604013821,PMHPL,47,28,10,268.0,2680.0
2021070604014133,PPCL,47,45,100,333.0,33300.0
2021070604013983,PPCL,47,45,145,333.0,48285.0
2021070604014170,RADHI,58,21,20,750.0,15000.0
2021070604014169,RADHI,22,21,62,750.0,46500.0
2021070604014157,RADHI,22,32,88,750.0,66000.0
2021070604014156,RADHI,29,32,150,750.0,112500.0
2021070604014155,RADHI,58,32,150,750.0,112500.0
2021070604014154,RADHI,43,32,150,750.0,112500.0
2021070604013831,RADHI,47,45,100,752.0,75200.0
2021070604013830,RADHI,47,26,11,751.0,8261.0
2021070604013820,RADHI,43,26,39,751.0,29289.0
2021070604014023,RADHI,58,21,10,750.0,7500.0
2021070604013895,RADHI,32,43,20,751.0,15020.0
2021070604013894,RADHI,57,43,19,752.0,14288.0
2021070604013853,RADHI,57,49,21,752.0,15792.0
2021070604013833,RADHI,47,49,79,752.0,59408.0
2021070604013832,RADHI,47,57,60,752.0,45120.0
2021070604014153,RADHI,34,32,40,750.0,30000.0
2021070604014072,RADHI,54,59,200,751.0,150200.0
2021070604014068,RADHI,51,43,11,751.0,8261.0
2021070604014026,RADHI,34,21,60,750.0,45000.0
2021070604014025,RADHI,52,21,20,750.0,15000.0
2021070604014024,RADHI,17,21,10,750.0,7500.0
2021070604014001,RBCL,41,3,30,22396.0,671880.0
2021070604013994,RBCL,48,3,29,22396.0,649484.0
2021070604013993,RBCL,48,44,10,22396.0,223960.0
2021070604013992,RBCL,48,1,10,22368.0,223680.0
2021070604013893,RBCL,48,49,10,22360.0,223600.0
2021070604013892,RBCL,48,54,30,22350.0,670500.0
2021070604013891,RBCL,48,10,10,22350.0,223500.0
2021070604013890,RBCL,48,6,10,22300.0,223000.0
2021070604013889,RBCL,48,17,21,22299.0,468279.0
2021070604013888,RBCL,48,40,10,22298.0,222980.0
2021070604013849,RBCL,50,40,10,22298.0,222980.0
2021070604014186,RHPC,26,29,340,513.0,174420.0
2021070604014183,RHPC,57,29,100,513.0,51300.0
2021070604014182,RHPC,57,29,250,513.0,128250.0
2021070604014135,RHPC,45,29,200,513.0,102600.0
2021070604013838,RHPC,52,32,70,512.0,35840.0
2021070604013837,RHPC,32,32,150,512.0,76800.0
2021070604013836,RHPC,4,32,30,512.0,15360.0
2021070604013835,RHPC,14,32,50,512.0,25600.0
2021070604013834,RHPC,38,32,50,512.0,25600.0
2021070604013766,RHPC,43,29,10,513.0,5130.0
2021070604013748,RHPC,14,29,100,513.0,51300.0
2021070604014121,RHPL,17,47,175,432.0,75600.0
2021070604014120,RHPL,17,56,10,432.0,4320.0
2021070604014119,RHPL,17,16,70,431.0,30170.0
2021070604014118,RHPL,17,36,245,431.0,105595.0
2021070604014083,RHPL,58,36,55,431.0,23705.0
2021070604014060,RHPL,58,10,345,431.0,148695.0
2021070604014059,RHPL,57,10,25,431.0,10775.0
2021070604014058,RHPL,38,10,100,431.0,43100.0
2021070604014057,RHPL,41,10,30,431.0,12930.0
2021070604014000,RHPL,41,51,20,431.0,8620.0
2021070604014045,SAEF,4,47,"10,840",16.54,179293.6
2021070604013901,SAEF,4,47,"9,160",16.53,151414.8
2021070604013900,SAEF,4,37,"5,000",16.52,82600.0
2021070604014220,SGI,19,51,10,710.0,7100.0
2021070604014163,SGI,19,46,10,710.0,7100.0
2021070604014130,SHL,52,22,350,267.0,93450.0
2021070604013759,SHL,16,6,500,266.0,133000.0
2021070604014093,SHPC,44,34,762,477.0,363474.0
2021070604014092,SHPC,44,34,"1,000",477.0,477000.0
2021070604014091,SHPC,44,34,"2,000",477.0,954000.0
2021070604013770,SHPC,28,38,56,477.0,26712.0
2021070604013769,SHPC,45,38,44,477.0,20988.0
2021070604014090,SHPC,1,34,200,477.0,95400.0
2021070604014089,SHPC,56,34,500,477.0,238500.0
2021070604014088,SHPC,28,34,944,477.0,450288.0
2021070604014022,SIC,4,22,50,1325.0,66250.0
2021070604014021,SIC,4,36,50,1325.0,66250.0
2021070604013967,SIC,34,35,44,1323.0,58212.0
2021070604013966,SIC,56,35,40,1323.0,52920.0
2021070604013965,SIC,52,35,16,1323.0,21168.0
2021070604014172,SICL,51,22,500,1953.0,976500.0
2021070604014171,SICL,39,22,14,1955.0,27370.0
2021070604014165,SICL,39,34,16,1955.0,31280.0
2021070604014117,SICL,39,34,10,1955.0,19550.0
2021070604014077,SICL,42,58,125,1959.0,244875.0
2021070604014053,SICL,50,58,225,1959.0,440775.0
2021070604014052,SICL,50,36,25,1958.0,48950.0
2021070604014019,SICL,41,13,10,1952.0,19520.0
2021070604014108,SIGS2,58,11,100,14.1,1410.0
2021070604014107,SIGS2,58,19,500,14.0,7000.0
2021070604014219,SIL,45,1,180,1029.0,185220.0
2021070604014218,SIL,29,1,100,1030.0,103000.0
2021070604014217,SIL,57,1,100,1030.0,103000.0
2021070604014216,SIL,41,1,95,1031.0,97945.0
2021070604014215,SIL,41,1,10,1031.0,10310.0
2021070604014131,SIL,6,33,60,1035.0,62100.0
2021070604014073,SIL,22,33,10,1035.0,10350.0
2021070604014180,SJCL,6,45,125,412.0,51500.0
2021070604014148,SJCL,17,36,150,411.0,61650.0
2021070604014147,SJCL,6,36,150,411.0,61650.0
2021070604013985,SJCL,32,20,500,412.0,206000.0
2021070604013745,SJCL,32,45,75,413.0,30975.0
2021070604013740,SJCL,32,47,400,413.0,165200.0
2021070604013739,SJCL,32,32,25,412.0,10300.0
2021070604014102,SPDL,57,34,200,397.0,79400.0
2021070604013897,SSHL,8,16,32,313.0,10016.0
2021070604013857,SSHL,34,38,10,313.0,3130.0
2021070604013826,SSHL,34,38,10,313.0,3130.0
2021070604014086,TRH,49,10,25,409.0,10225.0
2021070604013868,UIC,25,44,70,727.0,50890.0
2021070604013867,UIC,25,40,100,726.0,72600.0
2021070604013765,UIC,57,40,100,726.0,72600.0
2021070604014142,UMHL,42,49,100,341.0,34100.0
2021070604014095,UMHL,42,45,229,341.0,78089.0
2021070604014094,UMHL,58,45,71,341.0,24211.0
2021070604013781,UMHL,58,43,15,341.0,5115.0
2021070604014005,UMHL,58,29,64,341.0,21824.0
2021070604014004,UMHL,58,43,15,341.0,5115.0
2021070604013899,UMHL,35,43,250,341.0,85250.0
2021070604014196,UMRH,34,42,40,484.0,19360.0
2021070604014126,UMRH,34,57,100,484.0,48400.0
2021070604014104,UNHPL,29,28,70,337.0,23590.0
2021070604014103,UNHPL,51,28,30,337.0,10110.0
2021070604014106,UPCL,58,28,30,280.0,8400.0
2021070604014211,UPPER,49,42,15,718.0,10770.0
2021070604014162,UPPER,8,34,90,716.0,64440.0
2021070604014161,UPPER,49,34,10,717.0,7170.0
2021070604014160,UPPER,49,35,30,717.0,21510.0
2021070604014151,UPPER,21,35,10,717.0,7170.0
2021070604014149,UPPER,8,42,50,716.0,35800.0
2021070604013752,UPPER,46,35,40,716.0,28640.0
2021070604013758,UPPER,16,14,40,717.0,28680.0
2021070604013757,UPPER,16,32,600,717.0,430200.0
2021070604013756,UPPER,16,37,514,717.0,368538.0
2021070604013755,UPPER,16,19,200,717.0,143400.0
2021070604013754,UPPER,48,28,30,716.0,21480.0
2021070604013753,UPPER,46,28,20,716.0,14320.0
2021070604013767,UPPER,59,49,98,716.0,70168.0
2021070604013764,UPPER,58,49,50,716.0,35800.0
2021070604013763,UPPER,34,49,50,716.0,35800.0
2021070604013762,UPPER,28,49,100,716.0,71600.0
2021070604013761,UPPER,48,49,152,716.0,108832.0
2021070604013760,UPPER,51,49,50,717.0,35850.0
2021070604013841,UPPER,38,21,200,715.0,143000.0
2021070604013778,UPPER,14,49,250,716.0,179000.0
2021070604013777,UPPER,38,22,130,715.0,92950.0
2021070604013776,UPPER,41,22,750,715.0,536250.0
2021070604013775,UPPER,55,22,100,715.0,71500.0
2021070604013774,UPPER,34,22,20,715.0,14300.0
2021070604013875,UPPER,58,49,75,716.0,53700.0
2021070604013858,UPPER,45,49,50,716.0,35800.0
2021070604013848,UPPER,54,49,100,716.0,71600.0
2021070604013847,UPPER,32,49,100,716.0,71600.0
2021070604013846,UPPER,4,49,100,716.0,71600.0
2021070604013842,UPPER,51,49,50,716.0,35800.0
2021070604013968,UPPER,57,49,10,716.0,7160.0
2021070604013964,UPPER,38,54,50,715.0,35750.0
2021070604014048,UPPER,57,49,100,716.0,71600.0
2021070604014032,UPPER,57,49,500,716.0,358000.0
2021070604014018,UPPER,17,49,100,716.0,71600.0
2021070604014006,UPPER,45,49,20,716.0,14320.0
2021070604013998,UPPER,39,49,20,716.0,14320.0
2021070604013995,UPPER,11,49,25,716.0,17900.0
2021070604014134,UPPER,8,4,70,716.0,50120.0
2021070604014132,UPPER,47,35,10,717.0,7170.0
2021070604014084,UPPER,8,35,40,716.0,28640.0
2021070604014061,UPPER,8,49,435,716.0,311460.0
2021070604014055,UPPER,47,49,15,716.0,10740.0
2021070604014054,UPPER,33,49,50,716.0,35800.0
2021070604013548,AHPC,36,52,10,435.0,4350.0
2021070604013547,AHPC,36,28,50,434.0,21700.0
2021070604013390,AHPC,4,52,43,435.0,18705.0
2021070604013389,AHPC,4,22,115,434.0,49910.0
2021070604013388,AHPC,4,22,115,434.0,49910.0
2021070604013387,AHPC,4,34,100,433.0,43300.0
2021070604013386,AHPC,4,58,327,433.0,141591.0
2021070604013229,AHPC,4,58,50,433.0,21650.0
2021070604013228,AHPC,38,58,60,433.0,25980.0
2021070604013227,AHPC,3,58,63,433.0,27279.0
2021070604013709,AIL,26,36,500,801.0,400500.0
2021070604013525,AIL,49,36,10,801.0,8010.0
2021070604013524,AIL,45,36,290,801.0,232290.0
2021070604013382,AIL,45,6,10,801.0,8010.0
2021070604013381,AIL,41,6,10,801.0,8010.0
2021070604013371,AIL,41,52,10,801.0,8010.0
2021070604013630,AKJCL,58,14,10,261.0,2610.0
2021070604013618,AKPL,29,17,20,421.0,8420.0
2021070604013582,AKPL,46,25,87,422.0,36714.0
2021070604013427,AKPL,46,25,50,422.0,21100.0
2021070604013413,AKPL,43,25,55,422.0,23210.0
2021070604013317,AKPL,32,25,500,422.0,211000.0
2021070604013311,AKPL,21,25,10,422.0,4220.0
2021070604013310,AKPL,34,25,50,422.0,21100.0
2021070604013617,API,43,28,102,368.0,37536.0
2021070604013616,API,43,41,58,368.0,21344.0
2021070604013615,API,43,22,40,367.0,14680.0
2021070604013585,API,45,22,50,367.0,18350.0
2021070604013584,API,32,22,50,367.0,18350.0
2021070604013583,API,54,22,40,367.0,14680.0
2021070604013252,API,41,41,20,368.0,7360.0
2021070604013225,API,34,37,30,369.0,11070.0
2021070604013644,BARUN,25,42,200,505.0,101000.0
2021070604013563,BARUN,17,42,300,505.0,151500.0
2021070604013292,BARUN,17,21,200,505.0,101000.0
2021070604013604,BBC,7,57,10,5700.0,57000.0
2021070604013643,BPCL,17,45,30,503.0,15090.0
2021070604013562,BPCL,17,45,170,503.0,85510.0
2021070604013561,BPCL,17,17,30,503.0,15090.0
2021070604013493,BPCL,39,39,147,501.0,73647.0
2021070604013420,BPCL,49,39,53,501.0,26553.0
2021070604013264,BPCL,51,57,127,501.0,63627.0
2021070604013419,BPCL,49,39,17,501.0,8517.0
2021070604013416,BPCL,22,39,10,501.0,5010.0
2021070604013265,BPCL,51,39,73,501.0,36573.0
2021070604013685,CGH,57,34,10,1536.0,15360.0
2021070604013330,CGH,17,59,20,1535.0,30700.0
2021070604013550,CHCL,55,39,50,650.0,32500.0
2021070604013549,CHCL,55,28,50,649.0,32450.0
2021070604013367,CHCL,42,39,30,650.0,19500.0
2021070604013708,CHL,35,36,30,447.0,13410.0
2021070604013707,CHL,35,56,11,447.0,4917.0
2021070604013706,CHL,35,56,11,447.0,4917.0
2021070604013705,CHL,35,56,11,447.0,4917.0
2021070604013634,DHPL,57,48,73,253.0,18469.0
2021070604013357,DHPL,57,57,50,253.0,12650.0
2021070604013288,DHPL,10,45,29,254.0,7366.0
2021070604013287,DHPL,10,45,11,254.0,2794.0
2021070604013620,GHL,34,36,18,271.0,4878.0
2021070604013704,GIC,26,14,50,681.0,34050.0
2021070604013383,GIC,49,36,10,681.0,6810.0
2021070604013571,GIC,34,36,10,681.0,6810.0
2021070604013492,GIC,34,17,10,681.0,6810.0
2021070604013418,GIC,19,56,10,682.0,6820.0
2021070604013417,GIC,19,45,10,682.0,6820.0
2021070604013610,GIC,34,49,20,682.0,13640.0
2021070604013609,GIC,34,56,40,682.0,27280.0
2021070604013586,GIC,34,57,10,681.0,6810.0
2021070604013703,GIC,34,14,20,681.0,13620.0
2021070604013566,GLH,8,57,10,350.0,3500.0
2021070604013434,GLH,57,10,10,350.0,3500.0
2021070604013398,GLH,49,36,10,350.0,3500.0
2021070604013358,GLH,49,6,10,350.0,3500.0
2021070604013318,GLH,49,54,10,350.0,3500.0
2021070604013701,HDHPC,58,48,150,261.0,39150.0
2021070604013693,HDHPC,46,3,500,260.0,130000.0
2021070604013613,HDHPC,46,45,200,260.0,52000.0
2021070604013595,HDHPC,46,37,193,260.0,50180.0
2021070604013594,HDHPC,21,37,10,260.0,2600.0
2021070604013593,HDHPC,57,37,110,260.0,28600.0
2021070604013557,HDHPC,45,29,300,260.0,78000.0
2021070604013393,HDHPC,45,50,36,260.0,9360.0
2021070604013370,HDHPC,45,48,50,261.0,13050.0
2021070604013369,HDHPC,45,11,250,261.0,65250.0
2021070604013592,HDHPC,14,37,100,260.0,26000.0
2021070604013591,HDHPC,5,37,200,260.0,52000.0
2021070604013590,HDHPC,57,37,100,260.0,26000.0
2021070604013589,HDHPC,42,37,65,260.0,16900.0
2021070604013588,HDHPC,40,37,100,260.0,26000.0
2021070604013587,HDHPC,45,37,122,260.0,31720.0
2021070604013291,HGI,22,54,50,755.0,37750.0
2021070604013627,HURJA,1,38,120,338.0,40560.0
2021070604013619,HURJA,38,36,200,338.0,67600.0
2021070604013639,IGI,16,38,145,1185.0,171825.0
2021070604013638,IGI,48,38,100,1185.0,118500.0
2021070604013266,IGI,21,6,10,1191.0,11910.0
2021070604013290,IGI,11,44,190,1195.0,227050.0
2021070604013289,IGI,11,21,10,1194.0,11940.0
2021070604013267,IGI,45,6,20,1191.0,23820.0
2021070604013335,IGI,25,38,152,1190.0,180880.0
2021070604013328,IGI,25,6,20,1190.0,23800.0
2021070604013327,IGI,45,6,10,1191.0,11910.0
2021070604013341,IGI,33,38,30,1190.0,35700.0
2021070604013340,IGI,57,38,40,1190.0,47600.0
2021070604013339,IGI,35,38,23,1190.0,27370.0
2021070604013338,IGI,13,38,100,1190.0,119000.0
2021070604013337,IGI,35,38,20,1190.0,23800.0
2021070604013336,IGI,10,38,20,1190.0,23800.0
2021070604013345,IGI,29,38,200,1190.0,238000.0
2021070604013344,IGI,4,38,100,1190.0,119000.0
2021070604013343,IGI,7,38,50,1190.0,59500.0
2021070604013342,IGI,50,38,10,1190.0,11900.0
2021070604013408,IGI,36,36,30,1186.0,35580.0
2021070604013407,IGI,54,36,10,1189.0,11890.0
2021070604013637,IGI,36,38,10,1186.0,11860.0
2021070604013720,KEF,48,49,200,10.14,2028.0
2021070604013628,KEF,48,59,500,10.14,5070.0
2021070604013347,KEF,48,51,200,10.14,2028.0
2021070604013611,KKHC,6,35,50,255.0,12750.0
2021070604013372,LEC,58,58,10,344.0,3440.0
2021070604013275,LEC,58,16,20,343.0,6860.0
2021070604013274,LEC,58,49,10,343.0,3430.0
2021070604013273,LEC,58,45,40,342.0,13680.0
2021070604013272,LEC,58,57,40,342.0,13680.0
2021070604013271,LEC,58,50,50,341.0,17050.0
2021070604013270,LEC,58,43,10,341.0,3410.0
2021070604013269,LEC,58,48,20,341.0,6820.0
2021070604013268,LEC,58,58,30,341.0,10230.0
2021070604013645,LEMF,49,5,"2,500",13.75,34375.0
2021070604013631,LGIL,7,36,115,768.0,88320.0
2021070604013596,LGIL,35,36,100,769.0,76900.0
2021070604013577,LGIL,7,43,60,768.0,46080.0
2021070604013576,LGIL,38,43,20,768.0,15360.0
2021070604013575,LGIL,38,43,10,768.0,7680.0
2021070604013574,LGIL,58,43,10,768.0,7680.0
2021070604013573,LGIL,42,43,100,768.0,76800.0
2021070604013546,LGIL,39,36,50,769.0,38450.0
2021070604013545,LGIL,38,36,20,769.0,15380.0
2021070604013544,LGIL,44,36,185,769.0,142265.0
2021070604013543,LGIL,33,36,230,770.0,177100.0
2021070604013312,LGIL,33,58,20,770.0,15400.0
2021070604013698,MEN,58,28,10,853.0,8530.0
2021070604013697,MEN,58,26,90,852.0,76680.0
2021070604013667,MEN,41,22,10,838.0,8380.0
2021070604013666,MEN,41,49,100,838.0,83800.0
2021070604013665,MEN,41,3,500,838.0,419000.0
2021070604013664,MEN,41,57,10,837.0,8370.0
2021070604013299,MEN,58,5,10,835.0,8350.0
2021070604013298,MEN,58,57,10,835.0,8350.0
2021070604013305,MEN,58,34,10,836.0,8360.0
2021070604013304,MEN,58,38,10,836.0,8360.0
2021070604013303,MEN,58,7,10,836.0,8360.0
2021070604013302,MEN,58,48,10,836.0,8360.0
2021070604013301,MEN,58,40,10,835.0,8350.0
2021070604013300,MEN,58,42,10,835.0,8350.0
2021070604013601,MEN,41,26,10,837.0,8370.0
2021070604013600,MEN,41,21,10,837.0,8370.0
2021070604013599,MEN,41,52,10,837.0,8370.0
2021070604013598,MEN,41,5,130,837.0,108810.0
2021070604013597,MEN,41,28,90,837.0,75330.0
2021070604013306,MEN,58,28,10,837.0,8370.0
2021070604013404,NBF2,56,40,"3,300",14.02,46266.0
2021070604013355,NBF2,37,40,800,14.02,11216.0
2021070604013354,NBF2,37,40,"2,000",14.02,28040.0
2021070604013353,NBF2,58,40,400,14.02,5608.0
2021070604013647,NGPL,58,57,58,454.0,26332.0
2021070604013646,NGPL,41,57,42,454.0,19068.0
2021070604013433,NGPL,41,48,100,454.0,45400.0
2021070604013378,NGPL,52,17,28,455.0,12740.0
2021070604013377,NGPL,52,45,12,455.0,5460.0
2021070604013352,NGPL,3,36,50,453.0,22650.0
2021070604013641,NHDL,14,35,90,412.0,37080.0
2021070604013724,NHPC,17,26,20,294.0,5880.0
2021070604013723,NHPC,55,26,100,294.0,29400.0
2021070604013722,NHPC,33,26,50,294.0,14700.0
2021070604013721,NHPC,58,26,134,294.0,39396.0
2021070604013716,NHPC,58,4,150,294.0,44100.0
2021070604013695,NHPC,43,51,90,295.0,26550.0
2021070604013348,NHPC,21,7,250,295.0,73750.0
2021070604013346,NHPC,19,7,100,295.0,29500.0
2021070604013329,NHPC,40,33,30,294.0,8820.0
2021070604013313,NHPC,45,7,250,295.0,73750.0
2021070604013296,NHPC,41,7,50,295.0,14750.0
2021070604013394,NHPC,58,51,250,295.0,73750.0
2021070604013385,NHPC,8,51,50,295.0,14750.0
2021070604013384,NHPC,34,51,200,295.0,59000.0
2021070604013380,NHPC,39,51,790,295.0,233050.0
2021070604013379,NHPC,39,51,10,295.0,2950.0
2021070604013363,NHPC,40,38,100,294.0,29400.0
2021070604013465,NHPC,21,20,200,294.0,58800.0
2021070604013464,NHPC,49,20,50,294.0,14700.0
2021070604013463,NHPC,51,20,10,294.0,2940.0
2021070604013462,NHPC,56,20,100,294.0,29400.0
2021070604013461,NHPC,40,20,130,294.0,38220.0
2021070604013428,NHPC,36,51,75,295.0,22125.0
2021070604013471,NHPC,16,20,"1,200",294.0,352800.0
2021070604013470,NHPC,48,20,"1,000",294.0,294000.0
2021070604013469,NHPC,51,20,100,294.0,29400.0
2021070604013468,NHPC,58,20,100,294.0,29400.0
2021070604013467,NHPC,48,20,300,294.0,88200.0
2021070604013466,NHPC,10,20,300,294.0,88200.0
2021070604013477,NHPC,53,20,100,294.0,29400.0
2021070604013476,NHPC,35,20,60,294.0,17640.0
2021070604013475,NHPC,8,20,"1,000",294.0,294000.0
2021070604013474,NHPC,57,20,"2,000",294.0,588000.0
2021070604013473,NHPC,58,20,"1,000",294.0,294000.0
2021070604013472,NHPC,22,20,500,294.0,147000.0
2021070604013483,NHPC,32,20,500,294.0,147000.0
2021070604013482,NHPC,14,20,"1,000",294.0,294000.0
2021070604013481,NHPC,44,20,"1,000",294.0,294000.0
2021070604013480,NHPC,45,20,100,294.0,29400.0
2021070604013479,NHPC,46,20,95,294.0,27930.0
2021070604013478,NHPC,57,20,100,294.0,29400.0
2021070604013489,NHPC,40,20,100,294.0,29400.0
2021070604013488,NHPC,41,20,300,294.0,88200.0
2021070604013487,NHPC,21,20,100,294.0,29400.0
2021070604013486,NHPC,40,20,100,294.0,29400.0
2021070604013485,NHPC,51,20,50,294.0,14700.0
2021070604013484,NHPC,58,20,100,294.0,29400.0
2021070604013530,NHPC,40,22,200,294.0,58800.0
2021070604013529,NHPC,32,22,100,294.0,29400.0
2021070604013528,NHPC,32,22,300,294.0,88200.0
2021070604013527,NHPC,21,22,195,294.0,57330.0
2021070604013491,NHPC,49,51,10,295.0,2950.0
2021070604013490,NHPC,21,20,305,294.0,89670.0
2021070604013567,NHPC,1,51,100,295.0,29500.0
2021070604013535,NHPC,58,38,116,294.0,34104.0
2021070604013534,NHPC,13,38,20,294.0,5880.0
2021070604013533,NHPC,13,22,80,294.0,23520.0
2021070604013532,NHPC,4,22,50,294.0,14700.0
2021070604013531,NHPC,35,22,75,294.0,22050.0
2021070604013682,NHPC,1,51,50,295.0,14750.0
2021070604013649,NHPC,48,51,30,295.0,8850.0
2021070604013635,NHPC,58,7,100,294.0,29400.0
2021070604013633,NHPC,21,51,50,295.0,14750.0
2021070604013608,NHPC,58,6,500,294.0,147000.0
2021070604013581,NHPC,34,51,100,295.0,29500.0
2021070604013432,NIBSF1,34,54,"2,000",14.14,28280.0
2021070604013431,NIBSF1,22,54,"4,000",14.14,56560.0
2021070604013430,NIBSF1,10,54,"10,000",14.15,141500.0
2021070604013560,NICGF,33,44,"19,200",14.84,284928.0
2021070604013559,NICGF,33,13,"10,800",14.82,160056.0
2021070604013719,NICL,56,37,40,1050.0,42000.0
2021070604013718,NICL,51,37,10,1050.0,10500.0
2021070604013717,NICL,57,37,200,1050.0,210000.0
2021070604013440,NICL,45,1,200,1055.0,211000.0
2021070604013250,NICL,19,56,70,1050.0,73500.0
2021070604013235,NICL,19,10,323,1050.0,339150.0
2021070604013234,NICL,19,10,177,1050.0,185850.0
2021070604013233,NICL,19,36,50,1050.0,52500.0
2021070604013690,NIL,38,54,55,1339.0,73645.0
2021070604013689,NIL,38,6,45,1339.0,60255.0
2021070604013569,NIL,45,48,50,1338.0,66900.0
2021070604013498,NIL,25,36,10,1337.0,13370.0
2021070604013497,NIL,36,36,15,1338.0,20070.0
2021070604013494,NIL,36,40,50,1338.0,66900.0
2021070604013307,NIL,4,6,35,1339.0,46865.0
2021070604013249,NIL,18,40,30,1340.0,40200.0
2021070604013415,NIL,29,40,15,1338.0,20070.0
2021070604013376,NIL,45,40,45,1338.0,60210.0
2021070604013362,NIL,25,40,50,1338.0,66900.0
2021070604013361,NIL,41,40,50,1338.0,66900.0
2021070604013360,NIL,34,40,50,1338.0,66900.0
2021070604013359,NIL,26,40,30,1338.0,40140.0
2021070604013678,NLG,25,40,70,1268.0,88760.0
2021070604013281,NLG,25,40,10,1268.0,12680.0
2021070604013280,NLG,25,55,100,1265.0,126500.0
2021070604013279,NLG,25,52,10,1262.0,12620.0
2021070604013541,NMB50,43,22,"9,400",14.58,137052.0
2021070604013540,NMB50,45,22,"2,000",14.6,29200.0
2021070604013539,NMB50,45,22,"2,000",14.6,29200.0
2021070604013538,NMB50,34,22,"10,000",14.7,147000.0
2021070604013537,NMB50,44,22,"1,600",14.7,23520.0
2021070604013715,OHL,48,25,20,715.0,14300.0
2021070604013686,OHL,29,25,200,715.0,143000.0
2021070604013626,OHL,46,25,80,715.0,57200.0
2021070604013625,OHL,46,17,220,715.0,157300.0
2021070604013624,OHL,21,17,100,716.0,71600.0
2021070604013651,PIC,16,32,115,1199.0,137885.0
2021070604013622,PIC,50,32,20,1199.0,23980.0
2021070604013621,PIC,43,32,29,1199.0,34771.0
2021070604013674,PPCL,47,35,30,333.0,9990.0
2021070604013558,PPCL,47,45,100,334.0,33400.0
2021070604013655,PRIN,21,43,125,947.0,118375.0
2021070604013654,PRIN,59,43,100,950.0,95000.0
2021070604013653,PRIN,50,43,275,950.0,261250.0
2021070604013687,RADHI,59,26,200,751.0,150200.0
2021070604013677,RADHI,29,29,500,751.0,375500.0
2021070604013652,RADHI,29,29,30,752.0,22560.0
2021070604013623,RADHI,29,29,50,752.0,37600.0
2021070604013579,RADHI,57,29,420,752.0,315840.0
2021070604013578,RADHI,57,49,80,752.0,60160.0
2021070604013435,RADHI,32,32,220,751.0,165220.0
2021070604013405,RADHI,32,21,80,751.0,60080.0
2021070604013294,RADHI,1,49,70,752.0,52640.0
2021070604013293,RADHI,1,28,200,752.0,150400.0
2021070604013283,RADHI,28,8,25,751.0,18775.0
2021070604013251,RADHI,28,57,50,751.0,37550.0
2021070604013442,RADHI,41,38,20,750.0,15000.0
2021070604013441,RADHI,13,38,531,750.0,398250.0
2021070604013439,RADHI,13,32,69,750.0,51750.0
2021070604013438,RADHI,58,32,20,750.0,15000.0
2021070604013437,RADHI,57,32,100,750.0,75000.0
2021070604013436,RADHI,48,32,168,750.0,126000.0
2021070604013448,RADHI,25,38,500,749.0,374500.0
2021070604013447,RADHI,50,38,10,749.0,7490.0
2021070604013446,RADHI,47,38,50,749.0,37450.0
2021070604013445,RADHI,48,38,50,749.0,37450.0
2021070604013444,RADHI,57,38,11,749.0,8239.0
2021070604013443,RADHI,41,38,50,749.0,37450.0
2021070604013454,RADHI,52,38,200,748.0,149600.0
2021070604013453,RADHI,57,38,50,748.0,37400.0
2021070604013452,RADHI,58,38,10,748.0,7480.0
2021070604013451,RADHI,34,38,50,749.0,37450.0
2021070604013450,RADHI,32,38,50,749.0,37450.0
2021070604013449,RADHI,57,38,100,749.0,74900.0
2021070604013460,RADHI,57,38,106,748.0,79288.0
2021070604013459,RADHI,1,38,20,748.0,14960.0
2021070604013458,RADHI,58,38,20,748.0,14960.0
2021070604013457,RADHI,34,38,22,748.0,16456.0
2021070604013456,RADHI,34,38,50,748.0,37400.0
2021070604013455,RADHI,22,38,100,748.0,74800.0
2021070604013694,RBCL,50,21,10,22200.0,222000.0
2021070604013676,RBCL,10,45,10,22199.0,221990.0
2021070604013675,RBCL,10,33,10,22199.0,221990.0
2021070604013278,RBCL,45,49,20,22072.0,441440.0
2021070604013661,RHPC,58,18,291,514.0,149574.0
2021070604013660,RHPC,3,18,32,515.0,16480.0
2021070604013659,RHPC,34,18,55,515.0,28325.0
2021070604013658,RHPC,4,18,50,515.0,25750.0
2021070604013657,RHPC,14,18,294,515.0,151410.0
2021070604013656,RHPC,52,18,82,516.0,42312.0
2021070604013542,RHPC,52,59,18,516.0,9288.0
2021070604013614,RHPL,10,55,200,431.0,86200.0
2021070604013412,RHPL,22,8,30,430.0,12900.0
2021070604013411,RHPL,50,8,20,432.0,8640.0
2021070604013316,RHPL,45,45,42,433.0,18186.0
2021070604013315,RHPL,45,58,10,433.0,4330.0
2021070604013314,RHPL,45,34,48,433.0,20784.0
2021070604013257,RHPL,21,38,200,430.0,86000.0
2021070604013256,RHPL,25,38,20,430.0,8600.0
2021070604013255,RHPL,50,38,630,430.0,270900.0
2021070604013254,RHPL,17,38,100,431.0,43100.0
2021070604013253,RHPL,41,38,60,431.0,25860.0
2021070604013263,RHPL,22,38,110,430.0,47300.0
2021070604013262,RHPL,11,38,10,430.0,4300.0
2021070604013261,RHPL,53,38,150,430.0,64500.0
2021070604013260,RHPL,44,38,500,430.0,215000.0
2021070604013259,RHPL,46,38,20,430.0,8600.0
2021070604013258,RHPL,16,38,200,430.0,86000.0
2021070604013526,RRHP,33,49,100,364.0,36400.0
2021070604013334,SAEF,33,47,"20,840",16.53,344485.2
2021070604013333,SAEF,33,37,"5,000",16.52,82600.0
2021070604013332,SAEF,33,38,"1,000",16.5,16500.0
2021070604013331,SAEF,33,48,"3,160",16.43,51918.8
2021070604013326,SEF,10,22,"9,900",13.62,134838.0
2021070604013325,SEF,4,22,"9,500",13.62,129390.0
2021070604013324,SEF,6,22,"1,000",13.63,13630.0
2021070604013323,SEF,34,22,"9,600",13.63,130848.0
2021070604013322,SEF,3,22,"20,000",13.64,272800.0
2021070604013688,SGI,19,38,10,710.0,7100.0
2021070604013580,SGI,19,17,10,710.0,7100.0
2021070604013570,SGI,39,32,80,711.0,56880.0
2021070604013673,SHL,16,29,100,266.0,26600.0
2021070604013642,SHL,48,22,150,267.0,40050.0
2021070604013684,SHPC,38,59,200,478.0,95600.0
2021070604013683,SHPC,28,59,40,478.0,19120.0
2021070604013680,SHPC,28,49,360,478.0,172080.0
2021070604013679,SHPC,28,49,150,478.0,71700.0
2021070604013668,SHPC,28,20,500,478.0,239000.0
2021070604013612,SHPC,28,21,500,478.0,239000.0
2021070604013640,SICL,41,36,200,1958.0,391600.0
2021070604013523,SICL,55,58,21,1950.0,40950.0
2021070604013522,SICL,49,58,115,1950.0,224250.0
2021070604013521,SICL,45,58,400,1950.0,780000.0
2021070604013520,SICL,52,58,20,1950.0,39000.0
2021070604013519,SICL,44,58,20,1950.0,39000.0
2021070604013500,SICL,39,58,20,1958.0,39160.0
2021070604013499,SICL,14,58,55,1958.0,107690.0
2021070604013282,SICL,14,45,45,1958.0,88110.0
2021070604013506,SICL,58,58,100,1953.0,195300.0
2021070604013505,SICL,42,58,25,1953.0,48825.0
2021070604013504,SICL,53,58,100,1955.0,195500.0
2021070604013503,SICL,28,58,133,1956.0,260148.0
2021070604013502,SICL,34,58,12,1957.0,23484.0
2021070604013501,SICL,4,58,200,1957.0,391400.0
2021070604013512,SICL,52,58,63,1951.0,122913.0
2021070604013511,SICL,11,58,20,1951.0,39020.0
2021070604013510,SICL,41,58,200,1952.0,390400.0
2021070604013509,SICL,29,58,10,1952.0,19520.0
2021070604013508,SICL,4,58,250,1952.0,488000.0
2021070604013507,SICL,51,58,50,1953.0,97650.0
2021070604013518,SICL,47,58,30,1950.0,58500.0
2021070604013517,SICL,56,58,20,1950.0,39000.0
2021070604013516,SICL,34,58,20,1950.0,39000.0
2021070604013515,SICL,40,58,40,1950.0,78000.0
2021070604013514,SICL,22,58,26,1951.0,50726.0
2021070604013513,SICL,32,58,50,1951.0,97550.0
2021070604013368,SIL,57,33,20,1035.0,20700.0
2021070604013556,SJCL,52,32,30,412.0,12360.0
2021070604013555,SJCL,41,32,50,412.0,20600.0
2021070604013554,SJCL,33,32,15,412.0,6180.0
2021070604013553,SJCL,14,32,50,412.0,20600.0
2021070604013552,SJCL,57,32,10,412.0,4120.0
2021070604013551,SJCL,22,32,20,412.0,8240.0
2021070604013700,SSHL,34,59,100,313.0,31300.0
2021070604013605,SSHL,34,20,500,313.0,156500.0
2021070604013236,SSHL,34,16,100,313.0,31300.0
2021070604013536,STC,46,35,10,9932.0,99320.0
2021070604013321,TRH,10,57,23,410.0,9430.0
2021070604013320,TRH,10,42,200,410.0,82000.0
2021070604013319,TRH,10,49,110,410.0,45100.0
2021070604013681,UIC,45,45,50,725.0,36250.0
2021070604013410,UIC,25,40,220,724.0,159280.0
2021070604013409,UIC,45,40,50,725.0,36250.0
2021070604013702,UMHL,38,22,300,340.0,102000.0
2021070604013391,UMHL,46,1,100,340.0,34000.0
2021070604013496,UMHL,38,50,90,340.0,30600.0
2021070604013403,UMHL,41,50,110,340.0,37400.0
2021070604013402,UMHL,41,25,141,340.0,47940.0
2021070604013401,UMHL,41,1,249,340.0,84660.0
2021070604013397,UMHL,49,1,70,340.0,23800.0
2021070604013692,UNHPL,42,32,100,338.0,33800.0
2021070604013691,UNHPL,58,32,25,338.0,8450.0
2021070604013632,UNHPL,29,32,10,339.0,3390.0
2021070604013714,UPCL,41,28,250,280.0,70000.0
2021070604013713,UPCL,39,28,50,280.0,14000.0
2021070604013712,UPCL,49,28,100,280.0,28000.0
2021070604013711,UPCL,59,28,200,280.0,56000.0
2021070604013710,UPCL,3,28,240,280.0,67200.0
2021070604013395,UPCL,45,14,10,281.0,2810.0
2021070604013392,UPCL,41,11,190,280.0,53200.0
2021070604013286,UPCL,41,50,215,280.0,60200.0
2021070604013285,UPCL,41,50,10,280.0,2800.0
2021070604013284,UPCL,52,50,225,280.0,63000.0
2021070604013406,UPCL,1,22,200,281.0,56200.0
2021070604013396,UPCL,45,22,290,281.0,81490.0
2021070604013662,UPCL,47,17,10,280.0,2800.0
2021070604013603,UPCL,47,32,120,280.0,33600.0
2021070604013602,UPCL,41,32,80,280.0,22400.0
2021070604013699,UPCL,3,49,50,280.0,14000.0
2021070604013672,UPCL,3,3,110,280.0,30800.0
2021070604013671,UPCL,4,3,20,280.0,5600.0
2021070604013670,UPCL,51,3,300,280.0,84000.0
2021070604013669,UPCL,47,3,70,280.0,19600.0
2021070604013696,UPPER,8,39,500,716.0,358000.0
2021070604013663,UPPER,34,43,80,715.0,57200.0
2021070604013650,UPPER,26,43,100,715.0,71500.0
2021070604013648,UPPER,42,43,30,715.0,21450.0
2021070604013237,UPPER,11,45,88,712.0,62656.0
2021070604013232,UPPER,49,45,190,715.0,135850.0
2021070604013231,UPPER,14,45,239,715.0,170885.0
2021070604013230,UPPER,14,49,61,713.0,43493.0
2021070604013226,UPPER,43,49,19,713.0,13547.0
2021070604013243,UPPER,35,45,100,712.0,71200.0
2021070604013242,UPPER,17,45,200,712.0,142400.0
2021070604013241,UPPER,38,45,20,712.0,14240.0
2021070604013240,UPPER,13,45,40,712.0,28480.0
2021070604013239,UPPER,38,45,100,712.0,71200.0
2021070604013238,UPPER,58,45,100,712.0,71200.0
2021070604013248,UPPER,19,45,200,715.0,143000.0
2021070604013247,UPPER,50,45,85,711.0,60435.0
2021070604013246,UPPER,34,45,100,712.0,71200.0
2021070604013245,UPPER,42,45,50,712.0,35600.0
2021070604013244,UPPER,26,45,50,712.0,35600.0
2021070604013295,UPPER,42,45,500,715.0,357500.0
2021070604013277,UPPER,45,45,500,715.0,357500.0
2021070604013276,UPPER,58,45,137,715.0,97955.0
2021070604013309,UPPER,41,32,100,713.0,71300.0
2021070604013308,UPPER,11,45,10,715.0,7150.0
2021070604013297,UPPER,32,14,50,712.0,35600.0
2021070604013350,UPPER,56,16,50,712.0,35600.0
2021070604013349,UPPER,17,16,245,712.0,174440.0
2021070604013373,UPPER,50,40,70,715.0,50050.0
2021070604013366,UPPER,53,40,30,715.0,21450.0
2021070604013365,UPPER,16,45,384,715.0,274560.0
2021070604013364,UPPER,16,16,95,712.0,67640.0
2021070604013356,UPPER,11,16,10,712.0,7120.0
2021070604013351,UPPER,45,16,100,712.0,71200.0
2021070604013400,UPPER,56,57,45,715.0,32175.0
2021070604013399,UPPER,40,57,50,715.0,35750.0
2021070604013375,UPPER,43,57,100,715.0,71500.0
2021070604013374,UPPER,50,57,100,715.0,71500.0
2021070604013425,UPPER,57,48,100,713.0,71300.0
2021070604013424,UPPER,28,48,100,713.0,71300.0
2021070604013423,UPPER,44,48,500,713.0,356500.0
2021070604013422,UPPER,44,48,500,713.0,356500.0
2021070604013421,UPPER,55,57,50,715.0,35750.0
2021070604013414,UPPER,21,57,20,715.0,14300.0
2021070604013568,UPPER,6,8,10,715.0,7150.0
2021070604013565,UPPER,13,8,30,715.0,21450.0
2021070604013564,UPPER,13,59,70,715.0,50050.0
2021070604013495,UPPER,29,59,30,715.0,21450.0
2021070604013429,UPPER,46,57,135,715.0,96525.0
2021070604013426,UPPER,48,48,118,712.0,84016.0
2021070604013636,UPPER,54,43,30,715.0,21450.0
2021070604013629,UPPER,45,35,500,715.0,357500.0
2021070604013607,UPPER,16,8,5,715.0,3575.0
2021070604013606,UPPER,42,8,50,715.0,35750.0
2021070604013572,UPPER,21,8,10,715.0,7150.0
2021070604013098,AHPC,3,5,437,433.0,189221.0
2021070604013097,AHPC,36,5,500,433.0,216500.0
2021070604013096,AHPC,57,5,63,433.0,27279.0
2021070604013080,AHPC,57,5,37,433.0,16021.0
2021070604013079,AHPC,32,5,963,433.0,416979.0
2021070604013074,AHPC,36,52,200,435.0,87000.0
2021070604013064,AHPC,32,5,105,433.0,45465.0
2021070604013029,AHPC,32,5,"1,000",433.0,433000.0
2021070604012853,AHPC,32,57,125,433.0,54125.0
2021070604012852,AHPC,57,57,10,434.0,4340.0
2021070604012851,AHPC,49,57,25,434.0,10850.0
2021070604012850,AHPC,52,57,50,434.0,21700.0
2021070604013070,AHPC,32,5,37,433.0,16021.0
2021070604013069,AHPC,59,5,963,433.0,416979.0
2021070604013068,AHPC,59,5,537,433.0,232521.0
2021070604013067,AHPC,7,5,100,433.0,43300.0
2021070604013066,AHPC,32,5,200,433.0,86600.0
2021070604013065,AHPC,32,5,58,433.0,25114.0
2021070604013153,AIL,41,42,10,801.0,8010.0
2021070604013036,AIL,35,35,10,802.0,8020.0
2021070604013035,AIL,6,35,15,802.0,12030.0
2021070604013034,AIL,45,35,57,802.0,45714.0
2021070604012799,AIL,45,50,10,802.0,8020.0
2021070604012796,AIL,42,42,10,805.0,8050.0
2021070604013224,API,34,34,25,369.0,9225.0
2021070604013223,API,34,57,600,369.0,221400.0
2021070604013222,API,34,34,230,369.0,84870.0
2021070604013221,API,34,6,100,369.0,36900.0
2021070604013220,API,34,49,215,369.0,79335.0
2021070604013217,API,41,10,40,367.0,14680.0
2021070604013038,API,57,45,866,367.0,317822.0
2021070604013022,API,49,55,50,368.0,18400.0
2021070604012891,API,42,55,35,368.0,12880.0
2021070604012793,API,14,55,200,368.0,73600.0
2021070604012736,API,51,55,60,368.0,22080.0
2021070604013044,API,39,45,100,366.0,36600.0
2021070604013043,API,26,45,694,366.0,254004.0
2021070604013042,API,38,45,100,367.0,36700.0
2021070604013041,API,38,45,20,367.0,7340.0
2021070604013040,API,19,45,20,367.0,7340.0
2021070604013039,API,52,45,100,367.0,36700.0
2021070604013050,API,57,45,100,366.0,36600.0
2021070604013049,API,17,45,200,366.0,73200.0
2021070604013048,API,19,45,200,366.0,73200.0
2021070604013047,API,33,45,10,366.0,3660.0
2021070604013046,API,33,45,10,366.0,3660.0
2021070604013045,API,33,45,10,366.0,3660.0
2021070604013122,API,44,10,100,367.0,36700.0
2021070604013099,API,6,10,60,367.0,22020.0
2021070604013084,API,47,55,55,368.0,20240.0
2021070604013053,API,8,45,20,366.0,7320.0
2021070604013052,API,32,45,500,366.0,183000.0
2021070604013051,API,22,45,50,366.0,18300.0
2021070604013166,BBC,38,10,10,5733.0,57330.0
2021070604013165,BBC,22,10,10,5733.0,57330.0
2021070604013164,BBC,35,10,40,5733.0,229320.0
2021070604013163,BBC,28,10,40,5733.0,229320.0
2021070604013162,BBC,36,10,25,5782.0,144550.0
2021070604013118,BPCL,46,14,13,500.0,6500.0
2021070604012830,BPCL,46,39,100,500.0,50000.0
2021070604012800,BPCL,17,57,100,501.0,50100.0
2021070604012797,BPCL,46,52,60,500.0,30000.0
2021070604012769,BPCL,46,39,100,500.0,50000.0
2021070604012760,BPCL,46,39,100,500.0,50000.0
2021070604012759,BPCL,46,42,24,500.0,12000.0
2021070604013161,CGH,17,35,10,1535.0,15350.0
2021070604012812,CGH,6,57,50,1540.0,77000.0
2021070604012801,CGH,43,58,10,1541.0,15410.0
2021070604013105,CHCL,42,39,15,650.0,9750.0
2021070604013104,CHCL,42,40,35,650.0,22750.0
2021070604012795,CHCL,38,49,20,647.0,12940.0
2021070604012794,CHCL,48,49,280,647.0,181160.0
2021070604013087,CHL,35,54,180,446.0,80280.0
2021070604013031,CHL,35,54,200,446.0,89200.0
2021070604012828,CHL,35,22,50,446.0,22300.0
2021070604013111,CMF2,58,58,"8,000",13.3,106400.0
2021070604012883,DHPL,57,51,100,253.0,25300.0
2021070604012816,DHPL,57,51,100,253.0,25300.0
2021070604012807,GHL,6,36,380,271.0,102980.0
2021070604013033,GIC,49,36,10,681.0,6810.0
2021070604013020,GIC,41,49,5,682.0,3410.0
2021070604013019,GIC,57,49,50,682.0,34100.0
2021070604012835,GIC,42,49,10,682.0,6820.0
2021070604013198,GLH,49,35,10,350.0,3500.0
2021070604013136,GLH,49,14,59,350.0,20650.0
2021070604013135,GLH,57,14,20,350.0,7000.0
2021070604013134,GLH,50,14,90,350.0,31500.0
2021070604013133,GLH,25,14,70,350.0,24500.0
2021070604013132,GLH,34,14,20,350.0,7000.0
2021070604013131,GLH,21,14,56,350.0,19600.0
2021070604013130,GLH,17,14,185,350.0,64750.0
2021070604013075,GLH,48,56,10,350.0,3500.0
2021070604012804,GLH,48,36,10,350.0,3500.0
2021070604012785,GLH,48,56,10,350.0,3500.0
2021070604013207,HDHPC,45,56,322,260.0,83720.0
2021070604013206,HDHPC,47,56,100,260.0,26000.0
2021070604013205,HDHPC,42,56,250,260.0,65000.0
2021070604013204,HDHPC,14,56,50,260.0,13000.0
2021070604013203,HDHPC,29,56,153,260.0,39780.0
2021070604013202,HDHPC,11,56,150,260.0,39000.0
2021070604013143,HDHPC,45,56,90,261.0,23490.0
2021070604013024,HDHPC,34,49,70,261.0,18270.0
2021070604013023,HDHPC,5,49,80,261.0,20880.0
2021070604012815,HDHPC,49,36,20,262.0,5240.0
2021070604013201,HDHPC,34,56,10,260.0,2600.0
2021070604013200,HDHPC,17,56,85,260.0,22100.0
2021070604013199,HDHPC,49,56,380,261.0,99180.0
2021070604013152,HDHPC,49,48,10,261.0,2610.0
2021070604013151,HDHPC,49,56,110,261.0,28710.0
2021070604013148,HDHPC,45,56,300,261.0,78300.0
2021070604013216,HGI,41,54,100,755.0,75500.0
2021070604013146,HGI,17,54,100,755.0,75500.0
2021070604013145,HGI,42,54,250,755.0,188750.0
2021070604013211,IGI,21,6,40,1191.0,47640.0
2021070604013107,IGI,28,21,84,1194.0,100296.0
2021070604013121,JOSHI,58,41,48,262.0,12576.0
2021070604013120,JOSHI,42,41,10,262.0,2620.0
2021070604013119,JOSHI,32,41,10,262.0,2620.0
2021070604013102,JOSHI,35,13,100,263.0,26300.0
2021070604012745,JOSHI,13,13,100,263.0,26300.0
2021070604012744,JOSHI,47,13,100,263.0,26300.0
2021070604012834,KEF,48,49,"36,410",10.12,368469.2
2021070604012833,KEF,48,58,300,10.1,3030.0
2021070604012814,KKHC,6,54,66,255.0,16830.0
2021070604012813,KKHC,13,54,34,255.0,8670.0
2021070604013106,LEC,6,56,10,340.0,3400.0
2021070604013025,LEC,58,28,10,341.0,3410.0
2021070604012848,LEC,6,49,10,340.0,3400.0
2021070604013091,LGIL,41,29,100,770.0,77000.0
2021070604013090,LGIL,55,29,100,770.0,77000.0
2021070604013089,LGIL,34,29,145,770.0,111650.0
2021070604013088,LGIL,10,29,"1,000",770.0,770000.0
2021070604013032,LGIL,46,29,20,771.0,15420.0
2021070604013027,LUK,1,34,"3,000",12.26,36780.0
2021070604013026,LUK,58,34,500,12.27,6135.0
2021070604013150,MEN,58,5,400,820.0,328000.0
2021070604013149,MEN,46,5,100,821.0,82100.0
2021070604013110,MEN,58,5,"3,620",820.0,2968400.0
2021070604013109,MEN,38,5,300,821.0,246300.0
2021070604013108,MEN,46,5,80,821.0,65680.0
2021070604013095,MEN,46,38,10,821.0,8210.0
2021070604012862,MEN,38,51,10,825.0,8250.0
2021070604012861,MEN,38,34,10,825.0,8250.0
2021070604012860,MEN,38,14,10,825.0,8250.0
2021070604012827,MEN,46,36,10,821.0,8210.0
2021070604012868,MEN,38,58,10,830.0,8300.0
2021070604012867,MEN,38,45,10,830.0,8300.0
2021070604012866,MEN,38,43,10,830.0,8300.0
2021070604012865,MEN,38,41,10,829.0,8290.0
2021070604012864,MEN,38,41,20,829.0,16580.0
2021070604012863,MEN,38,59,10,825.0,8250.0
2021070604012874,MEN,38,5,500,833.0,416500.0
2021070604012873,MEN,38,22,10,830.0,8300.0
2021070604012872,MEN,38,59,10,830.0,8300.0
2021070604012871,MEN,38,52,10,830.0,8300.0
2021070604012870,MEN,38,38,100,830.0,83000.0
2021070604012869,MEN,38,4,10,830.0,8300.0
2021070604012880,MEN,38,45,10,833.0,8330.0
2021070604012879,MEN,38,54,100,833.0,83300.0
2021070604012878,MEN,38,47,10,833.0,8330.0
2021070604012877,MEN,38,14,383,833.0,319039.0
2021070604012876,MEN,38,34,10,833.0,8330.0
2021070604012875,MEN,38,29,110,833.0,91630.0
2021070604013093,MHNL,41,34,30,312.0,9360.0
2021070604013103,NBF2,58,3,500,14.02,7010.0
2021070604013142,NGPL,3,57,10,453.0,4530.0
2021070604012775,NGPL,3,32,10,453.0,4530.0
2021070604013190,NHPC,57,7,100,295.0,29500.0
2021070604013175,NHPC,40,52,740,294.0,217560.0
2021070604013174,NHPC,58,52,500,294.0,147000.0
2021070604013173,NHPC,35,52,100,294.0,29400.0
2021070604013172,NHPC,38,52,10,294.0,2940.0
2021070604013171,NHPC,58,52,500,294.0,147000.0
2021070604012761,NHPC,10,20,"5,488",295.0,1618960.0
2021070604012767,NHPC,58,20,169,295.0,49855.0
2021070604012766,NHPC,57,20,150,295.0,44250.0
2021070604012765,NHPC,17,20,"3,000",295.0,885000.0
2021070604012764,NHPC,49,20,25,295.0,7375.0
2021070604012763,NHPC,57,20,500,295.0,147500.0
2021070604012762,NHPC,38,20,50,295.0,14750.0
2021070604012829,NHPC,58,51,350,295.0,103250.0
2021070604012798,NHPC,58,51,50,295.0,14750.0
2021070604012791,NHPC,57,57,120,295.0,35400.0
2021070604012787,NHPC,49,57,40,295.0,11800.0
2021070604012786,NHPC,48,57,32,295.0,9440.0
2021070604012768,NHPC,48,20,118,295.0,34810.0
2021070604013170,NHPC,47,52,100,294.0,29400.0
2021070604013169,NHPC,5,52,500,294.0,147000.0
2021070604013168,NHPC,3,52,20,294.0,5880.0
2021070604013167,NHPC,39,52,30,294.0,8820.0
2021070604012858,NHPC,44,7,100,295.0,29500.0
2021070604012841,NHPC,58,7,650,295.0,191750.0
2021070604013158,NICL,19,43,52,1050.0,54600.0
