Transact. No.,Symbol,Buyer,Seller,Quantity,Rate,Amount
2021070704016293,AHPC,21,45,30,424.0,12720.0
2021070704016247,AHPC,41,45,10,424.0,4240.0
2021070704016173,AHPC,40,57,75,423.0,31725.0
2021070704015985,AHPC,40,26,825,423.0,348975.0
2021070704015984,AHPC,4,26,175,423.0,74025.0
2021070704016284,AIL,40,1,65,791.0,51415.0
2021070704016046,AIL,40,49,10,791.0,7910.0
2021070704015969,AKJCL,14,54,20,255.0,5100.0
2021070704016291,AKPL,58,19,87,427.0,37149.0
2021070704016290,AKPL,58,59,13,426.0,5538.0
2021070704015971,AKPL,57,28,50,424.0,21200.0
2021070704016264,API,38,39,350,360.0,126000.0
2021070704016263,API,38,37,150,360.0,54000.0
2021070704016259,API,13,37,10,360.0,3600.0
2021070704016191,API,29,37,265,360.0,95400.0
2021070704016190,API,29,56,235,360.0,84600.0
2021070704016084,API,25,34,100,359.0,35900.0
2021070704016083,API,17,34,100,359.0,35900.0
2021070704016082,API,19,34,100,359.0,35900.0
2021070704015958,API,16,56,100,360.0,36000.0
2021070704016311,BARUN,57,49,301,490.0,147490.0
2021070704016310,BARUN,17,49,40,490.0,19600.0
2021070704016309,BARUN,42,49,19,490.0,9310.0
2021070704016308,BARUN,36,49,50,490.0,24500.0
2021070704016307,BARUN,7,49,100,490.0,49000.0
2021070704016306,BARUN,39,49,100,491.0,49100.0
2021070704015927,BARUN,41,49,10,497.0,4970.0
2021070704015926,BARUN,11,49,30,497.0,14910.0
2021070704015925,BARUN,20,49,10,497.0,4970.0
2021070704015924,BARUN,48,49,50,498.0,24900.0
2021070704016299,BARUN,43,49,100,498.0,49800.0
2021070704016044,BARUN,13,49,50,496.0,24800.0
2021070704016305,BARUN,35,49,50,492.0,24600.0
2021070704016304,BARUN,35,49,300,495.0,148500.0
2021070704016303,BARUN,51,49,100,495.0,49500.0
2021070704016302,BARUN,22,49,100,495.0,49500.0
2021070704016301,BARUN,44,49,30,495.0,14850.0
2021070704016300,BARUN,35,49,10,495.0,4950.0
2021070704016362,BBC,8,49,10,5590.0,55900.0
2021070704016288,BBC,51,49,10,5600.0,56000.0
2021070704016172,BBC,43,49,10,5610.0,56100.0
2021070704016063,BBC,43,49,20,5620.0,112400.0
2021070704016371,BPCL,21,48,100,497.0,49700.0
2021070704016341,BPCL,14,38,500,497.0,248500.0
2021070704016313,BPCL,22,38,100,497.0,49700.0
2021070704015937,BPCL,55,51,100,496.0,49600.0
2021070704015905,BPCL,17,38,350,497.0,173950.0
2021070704015904,BPCL,17,43,100,497.0,49700.0
2021070704015903,BPCL,17,57,10,497.0,4970.0
2021070704015902,BPCL,17,38,340,497.0,168980.0
2021070704016045,BPCL,42,38,30,497.0,14910.0
2021070704016122,BPCL,53,32,41,496.0,20336.0
2021070704016121,BPCL,35,32,20,496.0,9920.0
2021070704016120,BPCL,55,32,39,496.0,19344.0
2021070704016057,BPCL,52,38,20,497.0,9940.0
2021070704016338,CGH,34,1,50,1514.0,75700.0
2021070704016337,CGH,34,17,40,1513.0,60520.0
2021070704016367,CHCL,34,57,50,648.0,32400.0
2021070704016339,CHCL,7,57,10,648.0,6480.0
2021070704016326,CHCL,49,45,20,647.0,12940.0
2021070704015986,CHCL,49,22,100,647.0,64700.0
2021070704016287,CHL,56,58,300,441.0,132300.0
2021070704016267,CHL,56,39,340,441.0,149940.0
2021070704016266,CHL,38,39,10,443.0,4430.0
2021070704016052,CHL,56,21,243,441.0,107163.0
2021070704016051,CHL,52,21,10,442.0,4420.0
2021070704016050,CHL,58,21,31,442.0,13702.0
2021070704016042,CHL,58,58,69,442.0,30498.0
2021070704016041,CHL,16,58,31,443.0,13733.0
2021070704016385,DHPL,11,58,100,246.0,24600.0
2021070704016325,DHPL,11,56,10,246.0,2460.0
2021070704015935,DHPL,49,5,395,246.0,97170.0
2021070704016289,EIC,45,35,100,739.0,73900.0
2021070704016205,EIC,45,48,34,739.0,25126.0
2021070704016204,EIC,57,48,66,739.0,48774.0
2021070704016085,EIC,57,57,34,739.0,25126.0
2021070704015968,EIC,51,44,90,740.0,66600.0
2021070704015967,EIC,51,19,60,740.0,44400.0
2021070704016357,GHL,48,51,20,265.0,5300.0
2021070704016347,GHL,49,32,15,266.0,3990.0
2021070704016271,GHL,51,26,30,265.0,7950.0
2021070704016270,GHL,26,26,100,265.0,26500.0
2021070704016269,GHL,11,26,170,265.0,45050.0
2021070704015945,GIC,42,33,10,685.0,6850.0
2021070704015946,GIC,42,56,10,685.0,6850.0
2021070704016149,GIMES1,4,7,200,19.29,3858.0
2021070704016148,GIMES1,4,21,"1,000",19.16,19160.0
2021070704016147,GIMES1,4,22,"1,800",19.15,34470.0
2021070704016040,GLH,57,29,30,342.0,10260.0
2021070704016358,HDHPC,13,48,10,252.0,2520.0
2021070704016354,HDHPC,49,48,10,252.0,2520.0
2021070704016345,HDHPC,32,48,110,252.0,27720.0
2021070704016344,HDHPC,32,49,50,252.0,12600.0
2021070704016343,HDHPC,32,56,240,252.0,60480.0
2021070704016340,HDHPC,42,56,120,252.0,30240.0
2021070704015896,HDHPC,51,53,450,251.0,112950.0
2021070704015895,HDHPC,58,53,50,252.0,12600.0
2021070704016143,HDHPC,58,49,50,251.0,12550.0
2021070704016039,HDHPC,51,56,600,252.0,151200.0
2021070704016015,HDHPC,34,56,40,252.0,10080.0
2021070704016014,HDHPC,58,48,100,251.0,25100.0
2021070704015898,HDHPC,58,53,"1,400",251.0,351400.0
2021070704015897,HDHPC,14,53,100,251.0,25100.0
2021070704016001,HGI,25,45,65,760.0,49400.0
2021070704016000,HGI,25,6,100,759.0,75900.0
2021070704015999,HGI,25,39,100,759.0,75900.0
2021070704015998,HGI,25,25,40,758.0,30320.0
2021070704015997,HGI,25,53,50,758.0,37900.0
2021070704015996,HGI,25,4,145,750.0,108750.0
2021070704016201,HURJA,46,58,160,335.0,53600.0
2021070704016200,HURJA,17,58,40,336.0,13440.0
2021070704015995,HURJA,17,48,60,336.0,20160.0
2021070704016071,JOSHI,42,57,110,260.0,28600.0
2021070704016031,JOSHI,14,5,20,260.0,5200.0
2021070705000005,KLBSL,52,53,10,1615.0,16150.0
2021070705000004,KLBSL,20,43,110,1595.0,175450.0
2021070705000003,KLBSL,26,43,100,1596.0,159600.0
2021070705000002,KLBSL,18,26,60,1620.0,97200.0
2021070705000001,KLBSL,17,17,9,1615.0,14535.0
2021070704016360,KPCL,32,3,20,415.0,8300.0
2021070704015951,KPCL,5,57,240,414.0,99360.0
2021070704016125,KPCL,39,28,200,415.0,83000.0
2021070704016141,KPCL,42,42,300,413.0,123900.0
2021070704016126,KPCL,39,32,800,415.0,332000.0
2021070704016182,KPCL,5,32,200,415.0,83000.0
2021070704016181,KPCL,42,49,200,413.0,82600.0
2021070704016295,KPCL,5,3,30,415.0,12450.0
2021070704016127,LEC,58,49,20,335.0,6700.0
2021070704016070,LGIL,25,50,20,772.0,15440.0
2021070704016069,LGIL,25,48,100,768.0,76800.0
2021070704016068,LGIL,25,19,200,767.0,153400.0
2021070704016067,LGIL,25,34,300,766.0,229800.0
2021070704015972,LGIL,10,34,200,766.0,153200.0
2021070704015950,LGIL,10,21,200,766.0,153200.0
2021070704015949,LGIL,10,21,300,767.0,230100.0
2021070704016209,LUK,1,22,250,12.14,3035.0
2021070704016171,MEN,1,6,10,847.0,8470.0
2021070704016038,MHNL,28,41,85,303.0,25755.0
2021070704016037,MHNL,49,41,15,303.0,4545.0
2021070704015966,MHNL,11,41,15,304.0,4560.0
2021070704015965,MHNL,58,41,20,304.0,6080.0
2021070704016004,NEF,34,7,241,14.21,3424.61
2021070704016076,NGPL,40,42,100,441.0,44100.0
2021070704016075,NGPL,39,42,125,441.0,55125.0
2021070704016074,NGPL,58,42,10,441.0,4410.0
2021070704016073,NGPL,21,42,50,441.0,22050.0
2021070704016072,NGPL,33,42,94,441.0,41454.0
2021070704016013,NGPL,33,16,10,441.0,4410.0
2021070704015894,NGPL,33,1,74,441.0,32634.0
2021070704016056,NHDL,45,53,190,401.0,76190.0
2021070704016055,NHDL,48,53,200,402.0,80400.0
2021070704016054,NHDL,50,53,50,403.0,20150.0
2021070704016053,NHDL,58,53,10,403.0,4030.0
2021070704016324,NHPC,38,38,100,288.0,28800.0
2021070704016294,NHPC,35,38,10,288.0,2880.0
2021070704016280,NHPC,35,38,70,288.0,20160.0
2021070704016279,NHPC,35,14,30,288.0,8640.0
2021070704016246,NHPC,13,13,459,287.0,131733.0
2021070704016245,NHPC,43,13,100,287.0,28700.0
2021070704016030,NHPC,35,4,400,288.0,115200.0
2021070704016028,NHPC,35,45,220,288.0,63360.0
2021070704015994,NHPC,35,33,78,288.0,22464.0
2021070704015993,NHPC,17,33,200,288.0,57600.0
2021070704015992,NHPC,40,33,222,288.0,63936.0
2021070704015976,NHPC,35,43,200,289.0,57800.0
2021070704016139,NHPC,53,10,25,288.0,7200.0
2021070704016138,NHPC,35,10,"1,000",288.0,288000.0
2021070704016137,NHPC,59,10,100,288.0,28800.0
2021070704016136,NHPC,35,10,302,288.0,86976.0
2021070704016133,NHPC,21,43,100,289.0,28900.0
2021070704016132,NHPC,22,43,20,289.0,5780.0
2021070704016214,NHPC,48,13,"1,500",288.0,432000.0
2021070704016213,NHPC,22,13,100,288.0,28800.0
2021070704016212,NHPC,57,13,15,288.0,4320.0
2021070704016211,NHPC,42,13,327,288.0,94176.0
2021070704016189,NHPC,42,14,100,288.0,28800.0
2021070704016140,NHPC,42,10,73,288.0,21024.0
2021070704016220,NHPC,52,13,500,287.0,143500.0
2021070704016219,NHPC,28,13,200,287.0,57400.0
2021070704016218,NHPC,32,13,500,287.0,143500.0
2021070704016217,NHPC,58,13,10,287.0,2870.0
2021070704016216,NHPC,22,13,50,287.0,14350.0
2021070704016215,NHPC,17,13,20,287.0,5740.0
2021070704016226,NHPC,59,13,100,287.0,28700.0
2021070704016225,NHPC,35,13,50,287.0,14350.0
2021070704016224,NHPC,29,13,100,287.0,28700.0
2021070704016223,NHPC,58,13,20,287.0,5740.0
2021070704016222,NHPC,57,13,50,287.0,14350.0
2021070704016221,NHPC,56,13,100,287.0,28700.0
2021070704016232,NHPC,45,13,"1,000",287.0,287000.0
2021070704016231,NHPC,20,13,100,287.0,28700.0
2021070704016230,NHPC,58,13,400,287.0,114800.0
2021070704016229,NHPC,7,13,30,287.0,8610.0
2021070704016228,NHPC,45,13,50,287.0,14350.0
2021070704016227,NHPC,58,13,100,287.0,28700.0
2021070704016238,NHPC,55,13,100,287.0,28700.0
2021070704016237,NHPC,28,13,"5,000",287.0,1435000.0
2021070704016236,NHPC,47,13,10,287.0,2870.0
2021070704016235,NHPC,42,13,100,287.0,28700.0
2021070704016234,NHPC,7,13,100,287.0,28700.0
2021070704016233,NHPC,32,13,200,287.0,57400.0
2021070704016244,NHPC,59,13,100,287.0,28700.0
2021070704016243,NHPC,57,13,696,287.0,199752.0
2021070704016242,NHPC,50,13,50,287.0,14350.0
2021070704016241,NHPC,44,13,10,287.0,2870.0
2021070704016240,NHPC,56,13,10,287.0,2870.0
2021070704016239,NHPC,48,13,30,287.0,8610.0
2021070704016316,NIBLPF,49,22,"5,000",14.45,72250.0
2021070704016370,NICL,39,44,20,1010.0,20200.0
2021070704016369,NICL,41,17,10,1007.0,10070.0
2021070704016361,NICL,56,17,10,1007.0,10070.0
2021070704016352,NICL,58,39,10,1006.0,10060.0
2021070704016342,NICL,17,44,50,1007.0,50350.0
2021070704016250,NICL,10,44,450,1007.0,453150.0
2021070704015957,NICL,34,34,20,1008.0,20160.0
2021070704015919,NICL,29,34,100,1008.0,100800.0
2021070704015910,NICL,47,34,130,1008.0,131040.0
2021070704015909,NICL,47,49,60,1008.0,60480.0
2021070704015908,NICL,47,51,10,1008.0,10080.0
2021070704015983,NICL,17,39,50,1007.0,50350.0
2021070704015981,NICL,41,39,100,1007.0,100700.0
2021070704015980,NICL,10,39,90,1007.0,90630.0
2021070704015979,NICL,51,39,100,1008.0,100800.0
2021070704015978,NICL,56,39,20,1008.0,20160.0
2021070704015977,NICL,34,39,80,1008.0,80640.0
2021070704016249,NICL,10,39,"1,050",1007.0,1057350.0
2021070704016208,NICL,41,39,100,1007.0,100700.0
2021070704016131,NICL,56,39,10,1007.0,10070.0
2021070704016065,NICL,13,39,300,1007.0,302100.0
2021070704016043,NICL,41,39,50,1007.0,50350.0
2021070704016007,NICL,56,39,50,1007.0,50350.0
2021070704016363,NIL,40,38,30,1322.0,39660.0
2021070704016265,NIL,29,38,100,1322.0,132200.0
2021070704016199,NIL,44,35,50,1322.0,66100.0
2021070704016198,NIL,43,35,50,1323.0,66150.0
2021070704016184,NIL,32,38,60,1324.0,79440.0
2021070704016183,NIL,32,57,40,1324.0,52960.0
2021070704016146,NIL,52,57,23,1324.0,30452.0
2021070704015911,NIL,43,49,50,1322.0,66100.0
2021070704016368,NLG,25,35,10,1249.0,12490.0
2021070704016203,NLG,44,10,500,1248.0,624000.0
2021070704016188,NLG,6,39,255,1241.0,316455.0
2021070704015939,NLG,6,13,270,1250.0,337500.0
2021070704015944,NLG,6,58,105,1250.0,131250.0
2021070704015943,NLG,6,33,100,1250.0,125000.0
2021070704015942,NLG,6,56,175,1250.0,218750.0
2021070704015941,NLG,6,34,50,1250.0,62500.0
2021070704015940,NLG,6,39,300,1250.0,375000.0
2021070704016187,NLG,36,39,30,1241.0,37230.0
2021070704016186,NLG,54,39,15,1242.0,18630.0
2021070704016384,OHL,49,35,330,702.0,231660.0
2021070704016383,OHL,49,35,50,701.0,35050.0
2021070704016382,OHL,49,49,20,700.0,14000.0
2021070704016381,OHL,49,33,100,690.0,69000.0
2021070704016334,OHL,49,49,480,700.0,336000.0
2021070704016333,OHL,49,3,200,699.0,139800.0
2021070704016155,OHL,17,48,216,690.0,149040.0
2021070704016058,OHL,17,56,100,690.0,69000.0
2021070704016161,OHL,48,48,120,690.0,82800.0
2021070704016160,OHL,44,48,100,690.0,69000.0
2021070704016159,OHL,17,48,100,690.0,69000.0
2021070704016158,OHL,18,48,200,690.0,138000.0
2021070704016157,OHL,7,48,30,690.0,20700.0
2021070704016156,OHL,46,48,70,690.0,48300.0
2021070704016332,OHL,49,11,300,695.0,208500.0
2021070704016331,OHL,49,49,20,691.0,13820.0
2021070704016274,OHL,25,49,90,691.0,62190.0
2021070704016273,OHL,25,48,20,690.0,13800.0
2021070704016162,OHL,19,48,144,690.0,99360.0
2021070704016281,PIC,29,33,100,1180.0,118000.0
2021070704016180,PIC,57,53,11,1183.0,13013.0
2021070704016025,PIC,7,53,50,1183.0,59150.0
2021070704016356,PICL,17,53,250,794.0,198500.0
2021070704016355,PICL,17,36,140,794.0,111160.0
2021070704016380,PMHPL,43,45,10,270.0,2700.0
2021070704016260,PMHPL,55,58,30,268.0,8040.0
2021070704016375,PPCL,11,32,50,327.0,16350.0
2021070704016081,PRIN,59,34,20,949.0,18980.0
2021070704016080,PRIN,59,43,100,948.0,94800.0
2021070704016079,PRIN,59,29,10,947.0,9470.0
2021070704016078,PRIN,59,50,50,945.0,47250.0
2021070704016376,RADHI,46,25,60,722.0,43320.0
2021070704016258,RADHI,45,53,120,718.0,86160.0
2021070704016257,RADHI,33,53,30,718.0,21540.0
2021070704016256,RADHI,4,53,50,718.0,35900.0
2021070704016255,RADHI,19,53,50,718.0,35900.0
2021070704016254,RADHI,57,53,250,721.0,180250.0
2021070704015907,RADHI,5,41,35,722.0,25270.0
2021070704015893,RADHI,45,41,200,722.0,144400.0
2021070704016017,RADHI,22,41,100,722.0,72200.0
2021070704016012,RADHI,6,6,55,721.0,39655.0
2021070704015947,RADHI,42,41,10,722.0,7220.0
2021070704015929,RADHI,6,41,57,722.0,41154.0
2021070704015923,RADHI,6,42,20,721.0,14420.0
2021070704015922,RADHI,54,42,80,721.0,57680.0
2021070704016098,RADHI,46,47,60,720.0,43200.0
2021070704016097,RADHI,38,47,100,720.0,72000.0
2021070704016096,RADHI,52,47,20,720.0,14400.0
2021070704016093,RADHI,20,51,1,720.0,720.0
2021070704016092,RADHI,32,51,50,721.0,36050.0
2021070704016091,RADHI,6,51,54,721.0,38934.0
2021070704016104,RADHI,58,47,50,720.0,36000.0
2021070704016103,RADHI,34,47,10,720.0,7200.0
2021070704016102,RADHI,32,47,50,720.0,36000.0
2021070704016101,RADHI,4,47,25,720.0,18000.0
2021070704016100,RADHI,57,47,200,720.0,144000.0
2021070704016099,RADHI,53,47,20,720.0,14400.0
2021070704016110,RADHI,57,47,100,719.0,71900.0
2021070704016109,RADHI,54,47,10,719.0,7190.0
2021070704016108,RADHI,42,47,100,719.0,71900.0
2021070704016107,RADHI,49,47,50,720.0,36000.0
2021070704016106,RADHI,4,47,100,720.0,72000.0
2021070704016105,RADHI,52,47,10,720.0,7200.0
2021070704016116,RADHI,55,47,100,718.0,71800.0
2021070704016115,RADHI,37,47,100,718.0,71800.0
2021070704016114,RADHI,55,47,60,718.0,43080.0
2021070704016113,RADHI,45,47,100,719.0,71900.0
2021070704016112,RADHI,58,47,100,719.0,71900.0
2021070704016111,RADHI,58,47,10,719.0,7190.0
2021070704016153,RADHI,59,25,305,722.0,220210.0
2021070704016152,RADHI,59,40,20,722.0,14440.0
2021070704016151,RADHI,59,41,175,722.0,126350.0
2021070704016119,RADHI,11,47,50,718.0,35900.0
2021070704016118,RADHI,42,47,50,718.0,35900.0
2021070704016117,RADHI,29,47,20,718.0,14360.0
2021070704016124,RHPC,52,21,10,498.0,4980.0
2021070704016322,RHPL,21,36,200,430.0,86000.0
2021070704016321,RHPL,21,45,70,430.0,30100.0
2021070704016320,RHPL,21,51,20,430.0,8600.0
2021070704016319,RHPL,21,57,70,429.0,30030.0
2021070704016318,RHPL,21,32,80,428.0,34240.0
2021070704016317,RHPL,21,56,230,427.0,98210.0
2021070704015970,RHPL,41,45,70,427.0,29890.0
2021070704016268,RHPL,19,56,50,427.0,21350.0
2021070704016176,RHPL,1,56,220,427.0,93940.0
2021070704016175,RHPL,1,44,40,427.0,17080.0
2021070704016174,RHPL,1,46,40,427.0,17080.0
2021070704016154,RHPL,41,44,10,427.0,4270.0
2021070704016128,RHPL,41,35,20,427.0,8540.0
2021070704016365,RRHP,52,38,275,351.0,96525.0
2021070704016123,RRHP,10,38,50,351.0,17550.0
2021070704016062,RRHP,38,36,58,350.0,20300.0
2021070704016061,RRHP,45,36,40,350.0,14000.0
2021070704016060,RRHP,45,36,40,350.0,14000.0
2021070704016059,RRHP,56,36,62,350.0,21700.0
2021070704016192,SAEF,47,7,"2,500",16.28,40700.0
2021070704015991,SAEF,26,5,"2,000",16.36,32720.0
2021070704016372,SEF,47,17,"1,500",13.75,20625.0
2021070704016066,SEF,47,22,"10,000",13.75,137500.0
2021070704016378,SFMF,22,17,"1,000",15.25,15250.0
2021070704016346,SFMF,42,22,100,15.5,1550.0
2021070704016328,SFMF,13,22,"1,000",15.5,15500.0
2021070704016374,SHL,33,25,100,259.0,25900.0
2021070704016373,SHL,33,11,300,259.0,77700.0
2021070704016251,SHL,59,11,200,259.0,51800.0
2021070704016064,SHL,53,35,457,256.0,116992.0
2021070704016029,SHL,51,35,100,257.0,25700.0
2021070704015990,SHL,38,35,100,257.0,25700.0
2021070704015914,SHL,25,35,100,256.0,25600.0
2021070704015913,SHL,28,35,"1,000",256.0,256000.0
2021070704015912,SHL,55,35,500,256.0,128000.0
2021070704015989,SHL,7,35,300,257.0,77100.0
2021070704015988,SHL,44,35,120,257.0,30840.0
2021070704015948,SHL,44,58,100,257.0,25700.0
2021070704015917,SHL,53,35,138,256.0,35328.0
2021070704015916,SHL,59,35,100,256.0,25600.0
2021070704015915,SHL,19,35,"1,000",256.0,256000.0
2021070704016323,SHPC,43,34,50,481.0,24050.0
2021070704015962,SHPC,43,28,50,480.0,24000.0
2021070704016248,SIC,25,56,10,1315.0,13150.0
2021070704016008,SIC,25,11,60,1315.0,78900.0
2021070704015963,SIC,25,43,30,1315.0,39450.0
2021070704016315,SICL,28,44,10,1935.0,19350.0
2021070704016150,SICL,58,44,10,1935.0,19350.0
2021070704016018,SICL,51,44,50,1935.0,96750.0
2021070704016364,SIL,36,38,10,1034.0,10340.0
2021070704016353,SJCL,56,45,40,410.0,16400.0
2021070704016314,SJCL,56,21,20,410.0,8200.0
2021070704016202,SJCL,56,46,20,410.0,8200.0
2021070704016094,SJCL,39,55,50,411.0,20550.0
2021070704016011,SJCL,4,22,5,410.0,2050.0
2021070704016010,SJCL,55,22,50,410.0,20500.0
2021070704016009,SJCL,28,22,45,410.0,18450.0
2021070704016002,SJCL,28,45,40,410.0,16400.0
2021070704015961,SJCL,28,36,15,410.0,6150.0
2021070704015960,SJCL,19,36,90,410.0,36900.0
2021070704015959,SJCL,11,36,25,410.0,10250.0
2021070704016272,SPDL,58,25,10,398.0,3980.0
2021070704016253,SSHL,44,38,50,299.0,14950.0
2021070704015982,SSHL,54,33,100,300.0,30000.0
2021070704015900,SSHL,44,33,80,299.0,23920.0
2021070704015899,SSHL,25,33,20,299.0,5980.0
2021070704016377,STC,56,3,10,9915.0,99150.0
2021070704016095,STC,37,37,10,9825.0,98250.0
2021070704016312,TRH,57,47,10,409.0,4090.0
2021070704016286,TRH,54,47,50,409.0,20450.0
2021070704016197,TRH,54,59,240,409.0,98160.0
2021070704016196,TRH,54,1,500,409.0,204500.0
2021070704016195,TRH,54,10,30,409.0,12270.0
2021070704016194,TRH,54,49,180,409.0,73620.0
2021070704016135,TRH,34,49,10,409.0,4090.0
2021070704016207,UIC,25,45,20,729.0,14580.0
2021070704016206,UIC,25,25,30,728.0,21840.0
2021070704016090,UIC,50,25,50,728.0,36400.0
2021070704016089,UIC,50,57,50,728.0,36400.0
2021070704015936,UIC,25,25,20,729.0,14580.0
2021070704015920,UIC,25,17,30,728.0,21840.0
2021070704016366,UMHL,13,51,10,338.0,3380.0
2021070704016359,UMHL,32,51,50,338.0,16900.0
2021070704016210,UMHL,48,43,100,337.0,33700.0
2021070704016144,UMHL,48,47,100,337.0,33700.0
2021070704016130,UMHL,48,51,27,337.0,9099.0
2021070704016129,UMHL,19,51,200,337.0,67400.0
2021070704016034,UMHL,48,33,80,336.0,26880.0
2021070704016033,UMHL,39,33,20,337.0,6740.0
2021070704015921,UMRH,58,22,50,458.0,22900.0
2021070704016283,UMRH,1,5,10,457.0,4570.0
2021070704016087,UMRH,29,5,100,457.0,45700.0
2021070704016086,UMRH,58,5,90,458.0,41220.0
2021070704015928,UMRH,7,36,50,464.0,23200.0
2021070704016292,UNHPL,38,57,10,341.0,3410.0
2021070704016252,UNHPL,58,59,130,340.0,44200.0
2021070704016193,UNHPL,38,59,10,340.0,3400.0
2021070704016179,UNHPL,21,33,60,337.0,20220.0
2021070704016178,UNHPL,58,33,40,338.0,13520.0
2021070704016142,UNHPL,42,59,10,340.0,3400.0
2021070704015954,UNHPL,59,1,920,338.0,310960.0
2021070704015918,UNHPL,45,58,100,337.0,33700.0
2021070704016036,UNHPL,58,38,40,338.0,13520.0
2021070704016035,UNHPL,58,10,"1,920",338.0,648960.0
2021070704015975,UNHPL,21,38,96,337.0,32352.0
2021070704015974,UNHPL,51,38,14,337.0,4718.0
2021070704015973,UNHPL,45,38,"1,890",337.0,636930.0
2021070704015955,UNHPL,59,10,80,338.0,27040.0
2021070704016336,UPCL,52,35,165,272.0,44880.0
2021070704016335,UPCL,41,35,35,273.0,9555.0
2021070704016296,UPCL,41,13,15,273.0,4095.0
2021070704016282,UPCL,52,1,10,272.0,2720.0
2021070704016134,UPCL,34,13,50,273.0,13650.0
2021070704016003,UPCL,6,45,50,274.0,13700.0
2021070704015906,UPCL,33,48,20,273.0,5460.0
2021070704015901,UPCL,33,51,80,273.0,21840.0
2021070704015987,UPCL,26,45,50,273.0,13650.0
2021070704015964,UPCL,26,48,32,273.0,8736.0
2021070704015956,UPCL,43,48,50,273.0,13650.0
2021070704015953,UPCL,52,48,109,272.0,29648.0
2021070704015952,UPCL,52,48,295,272.0,80240.0
2021070704016387,UPPER,29,58,10,677.0,6770.0
2021070704016386,UPPER,16,58,35,677.0,23695.0
2021070704016379,UPPER,16,46,50,677.0,33850.0
2021070704016351,UPPER,16,52,40,677.0,27080.0
2021070704016350,UPPER,16,46,130,677.0,88010.0
2021070704015930,UPPER,26,45,50,676.0,33800.0
2021070704015938,UPPER,52,45,20,676.0,13520.0
2021070704015934,UPPER,58,45,50,676.0,33800.0
2021070704015933,UPPER,50,45,100,676.0,67600.0
2021070704015932,UPPER,49,45,50,676.0,33800.0
2021070704015931,UPPER,51,45,100,676.0,67600.0
2021070704016021,UPPER,49,29,10,675.0,6750.0
2021070704016020,UPPER,36,29,30,675.0,20250.0
2021070704016019,UPPER,36,29,50,675.0,33750.0
2021070704016016,UPPER,53,14,50,676.0,33800.0
2021070704016006,UPPER,38,14,20,676.0,13520.0
2021070704016005,UPPER,38,45,630,676.0,425880.0
2021070704016032,UPPER,53,14,300,676.0,202800.0
2021070704016027,UPPER,45,14,30,676.0,20280.0
2021070704016026,UPPER,42,14,100,676.0,67600.0
2021070704016024,UPPER,38,29,360,675.0,243000.0
2021070704016023,UPPER,59,29,20,675.0,13500.0
2021070704016022,UPPER,4,29,30,675.0,20250.0
2021070704016088,UPPER,40,20,20,676.0,13520.0
2021070704016077,UPPER,59,55,50,677.0,33850.0
2021070704016049,UPPER,40,21,"1,070",676.0,723320.0
2021070704016048,UPPER,45,21,70,676.0,47320.0
2021070704016047,UPPER,53,21,200,676.0,135200.0
2021070704016165,UPPER,46,55,50,676.0,33800.0
2021070704016164,UPPER,36,55,100,676.0,67600.0
2021070704016163,UPPER,40,55,20,676.0,13520.0
2021070704016145,UPPER,40,52,20,676.0,13520.0
2021070704016177,UPPER,48,55,10,677.0,6770.0
2021070704016170,UPPER,32,55,60,675.0,40500.0
2021070704016169,UPPER,6,55,10,675.0,6750.0
2021070704016168,UPPER,38,55,140,675.0,94500.0
2021070704016167,UPPER,59,55,100,676.0,67600.0
2021070704016166,UPPER,13,55,20,676.0,13520.0
2021070704016275,UPPER,45,29,50,676.0,33800.0
2021070704016262,UPPER,42,29,200,676.0,135200.0
2021070704016261,UPPER,29,29,30,676.0,20280.0
2021070704016185,UPPER,4,55,250,677.0,169250.0
2021070704016297,UPPER,36,32,405,677.0,274185.0
2021070704016285,UPPER,52,32,85,677.0,57545.0
2021070704016278,UPPER,49,32,10,677.0,6770.0
2021070704016277,UPPER,49,55,20,677.0,13540.0
2021070704016276,UPPER,49,29,20,676.0,13520.0
2021070704016349,UPPER,16,21,90,677.0,60930.0
2021070704016348,UPPER,16,13,155,677.0,104935.0
2021070704016330,UPPER,1,19,18,676.0,12168.0
2021070704016329,UPPER,58,13,200,677.0,135400.0
2021070704016327,UPPER,45,13,100,677.0,67700.0
2021070704016298,UPPER,36,13,95,677.0,64315.0
2021070704015853,AHPC,55,32,50,422.0,21100.0
2021070704015630,AHPC,55,41,40,422.0,16880.0
2021070704015530,AIL,5,46,10,793.0,7930.0
2021070704015464,AIL,33,49,420,795.0,333900.0
2021070704015490,AKJCL,14,32,20,255.0,5100.0
2021070704015860,AKPL,57,57,40,424.0,16960.0
2021070704015859,AKPL,26,57,60,424.0,25440.0
2021070704015846,AKPL,26,35,500,424.0,212000.0
2021070704015695,AKPL,26,35,140,424.0,59360.0
2021070704015682,AKPL,42,35,70,424.0,29680.0
2021070704015681,AKPL,34,35,290,424.0,122960.0
2021070704015783,API,57,44,50,360.0,18000.0
2021070704015671,API,13,25,292,358.0,104536.0
2021070704015670,API,34,25,300,358.0,107400.0
2021070704015669,API,34,25,300,358.0,107400.0
2021070704015668,API,56,25,75,358.0,26850.0
2021070704015667,API,32,25,100,358.0,35800.0
2021070704015441,API,6,19,170,361.0,61370.0
2021070704015520,API,39,5,280,359.0,100520.0
2021070704015519,API,14,5,500,359.0,179500.0
2021070704015518,API,56,5,30,359.0,10770.0
2021070704015517,API,57,5,190,360.0,68400.0
2021070704015510,API,48,25,170,361.0,61370.0
2021070704015489,API,6,29,330,362.0,119460.0
2021070704015575,API,38,25,10,359.0,3590.0
2021070704015574,API,33,25,200,359.0,71800.0
2021070704015573,API,29,25,50,359.0,17950.0
2021070704015572,API,17,25,300,359.0,107700.0
2021070704015571,API,39,25,220,359.0,78980.0
2021070704015558,API,21,25,10,361.0,3610.0
2021070704015581,API,16,25,100,358.0,35800.0
2021070704015580,API,25,25,100,358.0,35800.0
2021070704015579,API,58,25,12,358.0,4296.0
2021070704015578,API,58,25,100,358.0,35800.0
2021070704015577,API,44,25,"1,000",358.0,358000.0
2021070704015576,API,51,25,100,358.0,35800.0
2021070704015660,API,17,25,10,359.0,3590.0
2021070704015586,API,8,25,267,358.0,95586.0
2021070704015585,API,49,25,100,358.0,35800.0
2021070704015584,API,51,25,16,358.0,5728.0
2021070704015583,API,6,25,700,358.0,250600.0
2021070704015582,API,38,25,25,358.0,8950.0
2021070704015666,API,8,25,50,358.0,17900.0
2021070704015665,API,10,25,50,358.0,17900.0
2021070704015664,API,46,25,20,358.0,7160.0
2021070704015663,API,8,25,233,358.0,83414.0
2021070704015662,API,50,25,500,359.0,179500.0
2021070704015661,API,29,25,70,359.0,25130.0
2021070704015836,BARUN,20,49,490,497.0,243530.0
2021070704015835,BARUN,32,49,50,498.0,24900.0
2021070704015834,BARUN,50,49,10,498.0,4980.0
2021070704015414,BARUN,39,51,39,498.0,19422.0
2021070704015887,BPCL,55,38,111,496.0,55056.0
2021070704015886,BPCL,39,38,20,496.0,9920.0
2021070704015885,BPCL,51,38,20,496.0,9920.0
2021070704015884,BPCL,49,38,30,496.0,14880.0
2021070704015883,BPCL,34,38,200,496.0,99200.0
2021070704015882,BPCL,47,38,100,496.0,49600.0
2021070704015483,BPCL,45,26,40,496.0,19840.0
2021070704015587,BPCL,17,46,"1,000",497.0,497000.0
2021070704015485,BPCL,42,26,40,496.0,19840.0
2021070704015484,BPCL,58,26,20,496.0,9920.0
2021070704015863,BPCL,34,38,100,496.0,49600.0
2021070704015862,BPCL,42,38,40,496.0,19840.0
2021070704015858,BPCL,42,5,20,496.0,9920.0
2021070704015851,BPCL,39,38,160,497.0,79520.0
2021070704015850,BPCL,39,46,340,497.0,168980.0
2021070704015849,BPCL,48,46,500,497.0,248500.0
2021070704015869,BPCL,57,38,100,496.0,49600.0
2021070704015868,BPCL,11,38,"1,600",496.0,793600.0
2021070704015867,BPCL,52,38,500,496.0,248000.0
2021070704015866,BPCL,50,38,200,496.0,99200.0
2021070704015865,BPCL,49,38,95,496.0,47120.0
2021070704015864,BPCL,49,38,100,496.0,49600.0
2021070704015875,BPCL,49,38,20,496.0,9920.0
2021070704015874,BPCL,21,38,50,496.0,24800.0
2021070704015873,BPCL,58,38,100,496.0,49600.0
2021070704015872,BPCL,25,38,25,496.0,12400.0
2021070704015871,BPCL,39,38,30,496.0,14880.0
2021070704015870,BPCL,7,38,50,496.0,24800.0
2021070704015881,BPCL,44,38,210,496.0,104160.0
2021070704015880,BPCL,48,38,37,496.0,18352.0
2021070704015879,BPCL,25,38,70,496.0,34720.0
2021070704015878,BPCL,49,38,70,496.0,34720.0
2021070704015877,BPCL,56,38,72,496.0,35712.0
2021070704015876,BPCL,21,38,50,496.0,24800.0
2021070704015824,CGH,47,6,10,1512.0,15120.0
2021070704015723,CGH,5,56,20,1513.0,30260.0
2021070704015861,CHCL,49,40,500,647.0,323500.0
2021070704015552,CHCL,49,14,100,647.0,64700.0
2021070704015423,CHCL,49,48,97,647.0,62759.0
2021070704015422,CHCL,49,48,"1,500",647.0,970500.0
2021070704015421,CHCL,58,48,20,647.0,12940.0
2021070704015420,CHCL,14,48,54,647.0,34938.0
2021070704015396,CHCL,19,22,38,648.0,24624.0
2021070704015419,CHCL,52,48,101,647.0,65347.0
2021070704015418,CHCL,45,48,"1,000",647.0,647000.0
2021070704015417,CHCL,29,48,130,648.0,84240.0
2021070704015416,CHCL,7,48,150,648.0,97200.0
2021070704015415,CHCL,11,48,138,648.0,89424.0
2021070704015397,CHCL,11,22,62,648.0,40176.0
2021070704015888,CHL,38,26,10,444.0,4440.0
2021070704015823,CHL,16,28,19,443.0,8417.0
2021070704015761,CHL,49,26,200,444.0,88800.0
2021070704015560,CHL,38,26,10,444.0,4440.0
2021070704015482,CHL,51,32,50,443.0,22150.0
2021070704015729,CMF2,4,49,"2,500",13.3,33250.0
2021070704015694,CMF2,4,14,200,13.3,2660.0
2021070704015544,DHPL,38,45,300,245.0,73500.0
2021070704015508,DHPL,38,45,30,245.0,7350.0
2021070704015507,DHPL,45,45,20,245.0,4900.0
2021070704015506,DHPL,34,45,350,245.0,85750.0
2021070704015654,EIC,7,19,50,740.0,37000.0
2021070704015653,EIC,29,19,40,740.0,29600.0
2021070704015749,GHL,11,21,30,265.0,7950.0
2021070704015527,GHL,19,26,300,265.0,79500.0
2021070704015744,GIC,42,26,10,683.0,6830.0
2021070704015713,GIC,42,41,10,683.0,6830.0
2021070704015511,GIC,42,35,10,678.0,6780.0
2021070704015492,GIC,42,38,10,678.0,6780.0
2021070704015567,GIC,42,34,10,679.0,6790.0
2021070704015566,GIC,42,16,10,679.0,6790.0
2021070704015565,GIC,42,59,80,679.0,54320.0
2021070704015562,GIC,42,46,10,678.0,6780.0
2021070704015706,GIC,42,35,10,679.0,6790.0
2021070704015676,GIC,38,14,15,678.0,10170.0
2021070704015675,GIC,42,14,85,678.0,57630.0
2021070704015712,GIC,42,51,10,682.0,6820.0
2021070704015711,GIC,42,57,10,681.0,6810.0
2021070704015710,GIC,42,49,100,680.0,68000.0
2021070704015709,GIC,42,53,10,680.0,6800.0
2021070704015708,GIC,42,16,10,680.0,6800.0
2021070704015707,GIC,42,46,10,680.0,6800.0
2021070704015762,GIMES1,48,38,"3,797",19.09,72484.73
2021070704015830,GLH,55,29,20,343.0,6860.0
2021070704015633,GLH,55,46,10,343.0,3430.0
2021070704015599,GLH,55,45,10,343.0,3430.0
2021070704015554,GLH,55,5,10,343.0,3430.0
2021070704015843,HDHPC,58,18,50,252.0,12600.0
2021070704015838,HDHPC,32,18,50,252.0,12600.0
2021070704015837,HDHPC,59,18,100,252.0,25200.0
2021070704015758,HDHPC,59,25,100,252.0,25200.0
2021070704015717,HDHPC,51,45,50,251.0,12550.0
2021070704015716,HDHPC,8,45,100,251.0,25100.0
2021070704015547,HDHPC,34,35,30,252.0,7560.0
2021070704015546,HDHPC,35,35,40,252.0,10080.0
2021070704015545,HDHPC,38,35,313,252.0,78876.0
2021070704015440,HDHPC,38,54,150,252.0,37800.0
2021070704015408,HDHPC,3,56,70,253.0,17710.0
2021070704015610,HDHPC,56,19,20,252.0,5040.0
2021070704015609,HDHPC,52,19,30,252.0,7560.0
2021070704015608,HDHPC,34,19,10,252.0,2520.0
2021070704015607,HDHPC,29,19,63,252.0,15876.0
2021070704015549,HDHPC,29,35,87,252.0,21924.0
2021070704015548,HDHPC,58,35,30,252.0,7560.0
2021070704015715,HDHPC,29,45,130,251.0,32630.0
2021070704015714,HDHPC,45,45,20,252.0,5040.0
2021070704015705,HDHPC,45,19,105,252.0,26460.0
2021070704015672,HDHPC,49,19,20,252.0,5040.0
2021070704015612,HDHPC,41,19,190,252.0,47880.0
2021070704015611,HDHPC,45,19,50,252.0,12600.0
2021070704015856,HGI,7,4,130,750.0,97500.0
2021070704015855,HGI,57,4,85,750.0,63750.0
2021070704015854,HGI,13,4,40,751.0,30040.0
2021070704015742,HPPL,39,42,16,393.0,6288.0
2021070704015740,HPPL,6,56,240,394.0,94560.0
2021070704015437,HPPL,47,56,300,394.0,118200.0
2021070704015436,HPPL,16,56,50,394.0,19700.0
2021070704015435,HPPL,58,56,200,394.0,78800.0
2021070704015434,HPPL,41,56,20,394.0,7880.0
2021070704015433,HPPL,34,56,900,394.0,354600.0
2021070704015432,HPPL,20,56,100,394.0,39400.0
2021070704015431,HPPL,54,56,90,394.0,35460.0
2021070704015410,HPPL,54,45,100,394.0,39400.0
2021070704015844,HURJA,46,25,250,335.0,83750.0
2021070704015602,HURJA,17,48,90,336.0,30240.0
2021070704015538,HURJA,17,32,10,336.0,3360.0
2021070704015491,HURJA,16,32,10,336.0,3360.0
2021070704015569,IGI,48,55,570,1190.0,678300.0
2021070704015568,IGI,48,5,200,1189.0,237800.0
2021070704015592,IGI,57,43,11,1183.0,13013.0
2021070704015591,IGI,57,43,500,1184.0,592000.0
2021070704015590,IGI,16,43,25,1184.0,29600.0
2021070704015589,IGI,59,43,20,1185.0,23700.0
2021070704015588,IGI,8,43,10,1185.0,11850.0
2021070704015570,IGI,48,16,10,1190.0,11900.0
2021070704015593,IGI,48,43,434,1183.0,513422.0
2021070704015847,JOSHI,40,21,15,260.0,3900.0
2021070704015754,JOSHI,42,57,20,261.0,5220.0
2021070704015753,JOSHI,6,57,20,261.0,5220.0
2021070704015512,JOSHI,50,41,50,262.0,13100.0
2021070704015697,KKHC,38,1,100,247.0,24700.0
2021070704015751,KPCL,45,57,30,414.0,12420.0
2021070704015750,KPCL,52,57,30,414.0,12420.0
2021070704015645,LGIL,10,35,30,770.0,23100.0
2021070704015644,LGIL,10,8,"2,495",770.0,1921150.0
2021070704015643,LGIL,10,7,10,769.0,7690.0
2021070704015642,LGIL,10,52,100,769.0,76900.0
2021070704015641,LGIL,10,6,260,769.0,199940.0
2021070704015640,LGIL,10,3,80,769.0,61520.0
2021070704015561,MEN,33,45,10,840.0,8400.0
2021070704015774,MHNL,58,41,80,304.0,24320.0
2021070704015773,MHNL,29,41,20,304.0,6080.0
2021070704015678,MHNL,29,51,30,304.0,9120.0
2021070704015495,MHNL,35,16,130,305.0,39650.0
2021070704015629,NGPL,7,58,20,444.0,8880.0
2021070704015522,NGPL,33,42,22,441.0,9702.0
2021070704015521,NGPL,4,42,19,442.0,8398.0
2021070704015890,NHPC,40,43,222,289.0,64158.0
2021070704015826,NHPC,45,43,30,289.0,8670.0
2021070704015771,NHPC,43,35,300,288.0,86400.0
2021070704015770,NHPC,6,35,299,288.0,86112.0
2021070704015701,NHPC,6,43,200,289.0,57800.0
2021070704015632,NHPC,42,43,839,289.0,242471.0
2021070704015398,NHPC,21,57,47,288.0,13536.0
2021070704015395,NHPC,21,38,153,288.0,44064.0
2021070704015394,NHPC,52,38,200,288.0,57600.0
2021070704015393,NHPC,32,38,147,288.0,42336.0
2021070704015488,NHPC,40,4,222,288.0,63936.0
2021070704015476,NHPC,22,4,50,288.0,14400.0
2021070704015463,NHPC,38,4,64,288.0,18432.0
2021070704015447,NHPC,22,8,167,289.0,48263.0
2021070704015446,NHPC,22,57,133,288.0,38304.0
2021070704015399,NHPC,41,57,20,288.0,5760.0
2021070704015631,NHPC,42,8,161,289.0,46529.0
2021070704015625,NHPC,6,49,75,288.0,21600.0
2021070704015623,NHPC,7,49,15,288.0,4320.0
2021070704015600,NHPC,47,8,450,289.0,130050.0
2021070704015598,NHPC,7,36,10,288.0,2880.0
2021070704015555,NHPC,6,36,200,288.0,57600.0
2021070704015772,NICBF,5,49,100,13.5,1350.0
2021070704015748,NICL,10,29,170,1007.0,171190.0
2021070704015747,NICL,10,28,40,1007.0,40280.0
2021070704015743,NICL,39,28,200,1007.0,201400.0
2021070704015704,NICL,56,28,10,1007.0,10070.0
2021070704015680,NICL,58,57,140,1006.0,140840.0
2021070704015679,NICL,56,57,10,1007.0,10070.0
2021070704015452,NICL,14,11,100,1006.0,100600.0
2021070704015400,NICL,14,33,38,1006.0,38228.0
2021070704015470,NICL,37,43,80,1005.0,80400.0
2021070704015469,NICL,45,43,20,1005.0,20100.0
2021070704015468,NICL,32,43,10,1005.0,10050.0
2021070704015467,NICL,39,43,10,1005.0,10050.0
2021070704015466,NICL,45,43,50,1005.0,50250.0
2021070704015465,NICL,33,43,100,1005.0,100500.0
2021070704015493,NICL,14,7,200,1006.0,201200.0
2021070704015475,NICL,44,43,100,1004.0,100400.0
2021070704015474,NICL,33,43,100,1004.0,100400.0
2021070704015473,NICL,37,43,80,1005.0,80400.0
2021070704015472,NICL,45,43,400,1005.0,402000.0
2021070704015471,NICL,35,43,50,1005.0,50250.0
2021070704015501,NICL,32,46,25,1003.0,25075.0
2021070704015500,NICL,58,46,200,1003.0,200600.0
2021070704015499,NICL,46,46,10,1004.0,10040.0
2021070704015498,NICL,42,46,30,1004.0,30120.0
2021070704015497,NICL,34,46,50,1005.0,50250.0
2021070704015496,NICL,6,46,80,1006.0,80480.0
2021070704015659,NICL,5,14,100,1007.0,100700.0
2021070704015601,NICL,43,19,100,1007.0,100700.0
2021070704015505,NICL,28,46,279,1002.0,279558.0
2021070704015504,NICL,21,46,50,1002.0,50100.0
2021070704015503,NICL,55,46,21,1002.0,21042.0
2021070704015502,NICL,20,46,20,1003.0,20060.0
2021070704015650,NIL,34,13,250,1325.0,331250.0
2021070704015443,NLG,25,13,50,1250.0,62500.0
2021070704015429,NLG,6,57,35,1240.0,43400.0
2021070704015845,NLG,25,13,10,1250.0,12500.0
2021070704015646,NLG,47,44,35,1245.0,43575.0
2021070704015494,NLG,6,44,965,1245.0,1201425.0
2021070704015509,NMB50,34,49,100,14.52,1452.0
2021070704015782,OHL,34,49,100,691.0,69100.0
2021070704015739,OHL,17,38,684,690.0,471960.0
2021070704015738,OHL,33,38,200,691.0,138200.0
2021070704015737,OHL,39,38,500,691.0,345500.0
2021070704015736,OHL,46,38,10,691.0,6910.0
2021070704015735,OHL,14,38,120,691.0,82920.0
2021070704015618,OHL,50,38,10,692.0,6920.0
2021070704015617,OHL,38,38,575,692.0,397900.0
2021070704015616,OHL,3,38,50,693.0,34650.0
2021070704015615,OHL,29,38,100,693.0,69300.0
2021070704015614,OHL,56,38,200,693.0,138600.0
2021070704015613,OHL,29,38,300,694.0,208200.0
2021070704015734,OHL,58,38,42,691.0,29022.0
2021070704015733,OHL,25,38,104,691.0,71864.0
2021070704015732,OHL,56,38,300,692.0,207600.0
2021070704015621,OHL,25,38,396,691.0,273636.0
2021070704015620,OHL,22,38,213,691.0,147183.0
2021070704015619,OHL,39,38,100,692.0,69200.0
2021070704015781,PIC,19,45,46,1180.0,54280.0
2021070704015780,PIC,11,45,30,1180.0,35400.0
2021070704015779,PIC,17,45,10,1180.0,11800.0
2021070704015778,PIC,33,45,84,1180.0,99120.0
2021070704015702,PIC,33,44,50,1180.0,59000.0
2021070704015698,PIC,29,53,100,1183.0,118300.0
2021070704015647,PIC,21,53,20,1183.0,23660.0
2021070704015442,PIC,39,53,100,1183.0,118300.0
2021070704015634,PICL,44,14,10,791.0,7910.0
2021070704015460,PICL,58,10,121,790.0,95590.0
2021070704015459,PICL,7,10,79,791.0,62489.0
2021070704015451,PICL,7,56,71,791.0,56161.0
2021070704015409,PICL,52,56,29,791.0,22939.0
2021070704015700,PPCL,39,32,30,326.0,9780.0
2021070704015699,PPCL,39,51,32,326.0,10432.0
2021070704015757,PRIN,45,50,200,945.0,189000.0
2021070704015848,RADHI,45,41,335,722.0,241870.0
2021070704015769,RADHI,54,53,20,721.0,14420.0
2021070704015725,RADHI,4,41,100,722.0,72200.0
2021070704015677,RADHI,14,41,20,722.0,14440.0
2021070704015674,RADHI,45,11,30,720.0,21600.0
2021070704015673,RADHI,41,11,50,721.0,36050.0
2021070704015457,RADHI,33,32,30,722.0,21660.0
2021070704015456,RADHI,33,39,232,722.0,167504.0
2021070704015448,RADHI,4,39,100,722.0,72200.0
2021070704015412,RADHI,33,39,370,722.0,267140.0
2021070704015411,RADHI,33,1,130,721.0,93730.0
2021070704015534,RADHI,21,41,30,722.0,21660.0
2021070704015526,RADHI,45,47,135,720.0,97200.0
2021070704015525,RADHI,32,47,100,721.0,72100.0
2021070704015524,RADHI,29,47,100,721.0,72100.0
2021070704015523,RADHI,42,47,65,721.0,46865.0
2021070704015458,RADHI,33,41,238,722.0,171836.0
2021070704015768,RHPC,49,56,100,500.0,50000.0
2021070704015767,RHPC,48,56,43,500.0,21500.0
2021070704015691,RHPC,48,48,157,500.0,78500.0
2021070704015690,RHPC,33,48,205,500.0,102500.0
2021070704015689,RHPC,21,48,300,500.0,150000.0
2021070704015688,RHPC,13,48,100,500.0,50000.0
2021070704015557,RHPC,44,41,50,501.0,25050.0
2021070704015556,RHPC,18,41,200,501.0,100200.0
2021070704015687,RHPC,51,48,50,500.0,25000.0
2021070704015686,RHPC,32,48,500,500.0,250000.0
2021070704015685,RHPC,14,48,500,500.0,250000.0
2021070704015684,RHPC,7,48,500,500.0,250000.0
2021070704015683,RHPC,4,48,188,501.0,94188.0
2021070704015637,RHPC,4,45,12,501.0,6012.0
2021070704015730,RHPL,21,45,30,429.0,12870.0
2021070704015728,RHPL,21,29,500,429.0,214500.0
2021070704015455,RHPL,41,40,10,427.0,4270.0
2021070704015454,RHPL,44,40,20,428.0,8560.0
2021070704015533,SAEF,34,5,200,16.36,3272.0
2021070704015532,SAEF,47,5,"42,300",16.36,692028.0
2021070704015531,SAEF,26,5,"9,500",16.37,155515.0
2021070704015766,SGI,34,11,170,708.0,120360.0
2021070704015765,SGI,47,11,20,708.0,14160.0
2021070704015764,SGI,58,11,10,709.0,7090.0
2021070704015741,SGI,58,38,10,709.0,7090.0
2021070704015516,SGI,58,7,10,709.0,7090.0
2021070704015820,SHL,11,35,200,257.0,51400.0
2021070704015819,SHL,14,35,500,257.0,128500.0
2021070704015818,SHL,33,35,500,257.0,128500.0
2021070704015817,SHL,17,35,100,257.0,25700.0
2021070704015816,SHL,57,35,"1,000",257.0,257000.0
2021070704015815,SHL,1,35,100,257.0,25700.0
2021070704015784,SHL,45,35,500,259.0,129500.0
2021070704015763,SHL,36,43,100,259.0,25900.0
2021070704015790,SHL,45,35,100,259.0,25900.0
2021070704015789,SHL,33,35,135,259.0,34965.0
2021070704015788,SHL,59,35,"1,000",259.0,259000.0
2021070704015787,SHL,36,35,200,259.0,51800.0
2021070704015786,SHL,7,35,100,259.0,25900.0
2021070704015785,SHL,32,35,200,259.0,51800.0
2021070704015796,SHL,47,35,100,258.0,25800.0
2021070704015795,SHL,35,35,100,258.0,25800.0
2021070704015794,SHL,32,35,100,258.0,25800.0
2021070704015793,SHL,51,35,100,258.0,25800.0
2021070704015792,SHL,13,35,100,258.0,25800.0
2021070704015791,SHL,48,35,200,258.0,51600.0
2021070704015802,SHL,28,35,200,258.0,51600.0
2021070704015801,SHL,58,35,100,258.0,25800.0
2021070704015800,SHL,47,35,300,258.0,77400.0
2021070704015799,SHL,3,35,600,258.0,154800.0
2021070704015798,SHL,49,35,500,258.0,129000.0
2021070704015797,SHL,51,35,100,258.0,25800.0
2021070704015808,SHL,49,35,200,257.0,51400.0
2021070704015807,SHL,34,35,100,258.0,25800.0
2021070704015806,SHL,47,35,100,258.0,25800.0
2021070704015805,SHL,58,35,200,258.0,51600.0
2021070704015804,SHL,8,35,100,258.0,25800.0
2021070704015803,SHL,5,35,500,258.0,129000.0
2021070704015814,SHL,40,35,100,257.0,25700.0
2021070704015813,SHL,53,35,"1,000",257.0,257000.0
2021070704015812,SHL,52,35,200,257.0,51400.0
2021070704015811,SHL,36,35,100,257.0,25700.0
2021070704015810,SHL,10,35,200,257.0,51400.0
2021070704015809,SHL,28,35,"1,000",257.0,257000.0
2021070704015624,SHPC,21,51,50,480.0,24000.0
2021070704015428,SHPC,21,26,500,481.0,240500.0
2021070704015427,SHPC,21,16,300,481.0,144300.0
2021070704015426,SHPC,21,58,50,481.0,24050.0
2021070704015425,SHPC,21,40,50,480.0,24000.0
2021070704015424,SHPC,21,6,220,480.0,105600.0
2021070704015622,SHPC,21,57,336,480.0,161280.0
2021070704015535,SHPC,5,41,50,478.0,23900.0
2021070704015439,SHPC,21,19,100,481.0,48100.0
2021070704015430,SHPC,21,45,50,481.0,24050.0
2021070704015831,SICL,52,57,10,1948.0,19480.0
2021070704015731,SICL,52,57,10,1948.0,19480.0
2021070704015407,SICL,41,42,19,1941.0,36879.0
2021070704015553,SIGS2,46,53,100,14.0,1400.0
2021070704015529,SIL,36,7,135,1034.0,139590.0
2021070704015528,SIL,42,38,60,1038.0,62280.0
2021070704015486,SIL,11,38,197,1038.0,204486.0
2021070704015857,SJCL,44,21,40,411.0,16440.0
2021070704015752,SJCL,50,45,40,410.0,16400.0
2021070704015594,SJCL,50,7,10,410.0,4100.0
2021070704015551,SJCL,13,36,60,412.0,24720.0
2021070704015539,SLCF,48,54,110,10.29,1131.9
2021070704015777,SPDL,42,46,290,393.0,113970.0
2021070704015776,SPDL,1,46,150,393.0,58950.0
2021070704015775,SPDL,49,46,50,394.0,19700.0
2021070704015597,SPDL,51,57,60,395.0,23700.0
2021070704015537,SPDL,49,49,90,394.0,35460.0
2021070704015536,SPDL,57,49,170,394.0,66980.0
2021070704015445,SPDL,22,57,25,395.0,9875.0
2021070704015444,SPDL,57,57,15,395.0,5925.0
2021070704015821,SSHL,7,33,100,300.0,30000.0
2021070704015658,SSHL,39,33,50,300.0,15000.0
2021070704015657,SSHL,53,33,"1,000",300.0,300000.0
2021070704015656,SSHL,11,33,90,300.0,27000.0
2021070704015655,SSHL,47,33,500,300.0,150000.0
2021070704015596,SSHL,49,28,61,301.0,18361.0
2021070704015564,SSHL,6,28,91,301.0,27391.0
2021070704015550,STC,34,57,20,9825.0,196500.0
2021070704015892,TRH,54,22,75,407.0,30525.0
2021070704015891,TRH,54,51,20,407.0,8140.0
2021070704015833,TRH,58,13,50,404.0,20200.0
2021070704015829,TRH,58,10,75,404.0,30300.0
2021070704015724,TRH,58,52,50,404.0,20200.0
2021070704015841,UIC,51,58,100,725.0,72500.0
2021070704015840,UIC,29,58,50,725.0,36250.0
2021070704015839,UIC,59,58,50,726.0,36300.0
2021070704015756,UIC,7,19,100,728.0,72800.0
2021070704015889,UMHL,39,18,80,337.0,26960.0
2021070704015842,UMHL,47,18,20,337.0,6740.0
2021070704015760,UMHL,51,22,80,337.0,26960.0
2021070704015759,UMHL,51,18,18,337.0,6066.0
2021070704015651,UMHL,48,7,10,336.0,3360.0
2021070704015405,UMHL,34,58,50,336.0,16800.0
2021070704015404,UMHL,48,58,30,336.0,10080.0
2021070704015403,UMHL,39,58,"1,000",336.0,336000.0
2021070704015402,UMHL,38,58,100,336.0,33600.0
2021070704015401,UMHL,52,58,208,336.0,69888.0
2021070704015406,UMHL,20,58,12,336.0,4032.0
2021070704015541,UMHL,34,57,12,336.0,4032.0
2021070704015540,UMHL,20,57,88,336.0,29568.0
2021070704015852,UMRH,7,5,20,465.0,9300.0
2021070704015693,UMRH,58,45,60,457.0,27420.0
2021070704015692,UMRH,38,45,40,457.0,18280.0
2021070704015453,UMRH,58,22,10,465.0,4650.0
2021070704015755,UNHPL,54,1,20,338.0,6760.0
2021070704015603,UNHPL,57,1,50,338.0,16900.0
2021070704015543,UNHPL,16,1,10,338.0,3380.0
2021070704015542,UNHPL,34,1,"1,000",338.0,338000.0
2021070704015515,UNHPL,51,58,900,339.0,305100.0
2021070704015832,UPCL,33,38,100,273.0,27300.0
2021070704015825,UPCL,43,38,100,273.0,27300.0
2021070704015746,UPCL,52,38,105,272.0,28560.0
2021070704015745,UPCL,42,38,95,272.0,25840.0
2021070704015438,UPCL,38,13,50,273.0,13650.0
2021070704015627,UPCL,22,13,175,273.0,47775.0
2021070704015626,UPCL,44,13,200,273.0,54600.0
2021070704015639,UPCL,42,21,25,272.0,6800.0
2021070704015638,UPCL,22,21,25,273.0,6825.0
2021070704015628,UPCL,22,7,500,273.0,136500.0
2021070704015828,UPPER,36,56,450,675.0,303750.0
2021070704015827,UPPER,55,56,100,676.0,67600.0
2021070704015822,UPPER,57,55,50,677.0,33850.0
2021070704015727,UPPER,6,55,10,677.0,6770.0
2021070704015462,UPPER,17,5,175,677.0,118475.0
2021070704015461,UPPER,17,48,25,677.0,16925.0
2021070704015450,UPPER,21,38,10,675.0,6750.0
2021070704015449,UPPER,41,38,50,675.0,33750.0
2021070704015413,UPPER,57,48,100,677.0,67700.0
2021070704015487,UPPER,36,5,200,677.0,135400.0
2021070704015481,UPPER,13,34,50,675.0,33750.0
2021070704015480,UPPER,45,34,100,675.0,67500.0
2021070704015479,UPPER,6,34,50,675.0,33750.0
2021070704015478,UPPER,45,34,100,675.0,67500.0
2021070704015477,UPPER,40,34,100,675.0,67500.0
2021070704015563,UPPER,34,28,100,675.0,67500.0
2021070704015559,UPPER,49,5,40,677.0,27080.0
2021070704015514,UPPER,59,19,20,675.0,13500.0
2021070704015513,UPPER,13,19,50,675.0,33750.0
2021070704015635,UPPER,34,45,60,675.0,40500.0
2021070704015606,UPPER,34,45,40,675.0,27000.0
2021070704015605,UPPER,36,55,260,677.0,176020.0
2021070704015604,UPPER,36,5,65,677.0,44005.0
2021070704015595,UPPER,20,5,20,677.0,13540.0
2021070704015703,UPPER,36,50,30,676.0,20280.0
2021070704015696,UPPER,6,50,50,676.0,33800.0
2021070704015652,UPPER,45,55,50,677.0,33850.0
2021070704015649,UPPER,13,59,70,675.0,47250.0
2021070704015648,UPPER,13,59,60,675.0,40500.0
2021070704015636,UPPER,13,45,40,675.0,27000.0
2021070704015726,UPPER,6,50,10,676.0,6760.0
2021070704015722,UPPER,57,34,5,675.0,3375.0
2021070704015721,UPPER,57,57,20,675.0,13500.0
2021070704015720,UPPER,37,57,50,675.0,33750.0
2021070704015719,UPPER,13,57,30,675.0,20250.0
2021070704015718,UPPER,57,50,10,676.0,6760.0
2021070704015106,AHPC,55,58,85,422.0,35870.0
2021070704015105,AHPC,46,58,135,425.0,57375.0
2021070704015062,AHPC,46,45,100,425.0,42500.0
2021070704015367,AIL,33,57,50,795.0,39750.0
2021070704015271,AIL,33,38,10,795.0,7950.0
2021070704015270,AIL,33,29,10,795.0,7950.0
2021070704015269,AIL,33,25,10,795.0,7950.0
2021070704015252,AIL,35,36,10,794.0,7940.0
2021070704015251,AIL,35,14,40,794.0,31760.0
2021070704014896,AIL,48,35,100,790.0,79000.0
2021070704014895,AIL,29,35,40,790.0,31600.0
2021070704014894,AIL,6,35,50,790.0,39500.0
2021070704014893,AIL,44,35,189,790.0,149310.0
2021070704014902,AIL,13,35,50,790.0,39500.0
2021070704014901,AIL,50,35,10,790.0,7900.0
2021070704014900,AIL,46,35,25,790.0,19750.0
2021070704014899,AIL,17,35,15,790.0,11850.0
2021070704014898,AIL,43,35,30,790.0,23700.0
2021070704014897,AIL,59,35,25,790.0,19750.0
2021070704014981,AIL,5,19,10,793.0,7930.0
2021070704014907,AIL,45,35,99,790.0,78210.0
2021070704014906,AIL,34,35,50,790.0,39500.0
2021070704014905,AIL,34,35,30,790.0,23700.0
2021070704014904,AIL,28,35,50,790.0,39500.0
2021070704014903,AIL,38,35,10,790.0,7900.0
2021070704015382,AKPL,34,6,10,424.0,4240.0
2021070704015381,AKPL,22,6,70,424.0,29680.0
2021070704015380,AKPL,35,6,20,425.0,8500.0
2021070704015314,AKPL,35,21,50,425.0,21250.0
2021070704015313,AKPL,22,6,30,424.0,12720.0
2021070704015312,AKPL,41,6,70,424.0,29680.0
2021070704015246,AKPL,51,21,100,425.0,42500.0
2021070704015175,AKPL,41,57,100,424.0,42400.0
2021070704015304,API,57,57,10,360.0,3600.0
2021070704015298,API,45,57,30,360.0,10800.0
2021070704015297,API,8,57,200,360.0,72000.0
2021070704015296,API,58,57,20,360.0,7200.0
2021070704015295,API,28,57,40,360.0,14400.0
2021070704015211,API,28,25,410,360.0,147600.0
2021070704015085,API,26,19,100,361.0,36100.0
2021070704015033,API,35,19,30,361.0,10830.0
2021070704015210,API,56,25,100,360.0,36000.0
2021070704015209,API,45,25,20,360.0,7200.0
2021070704015208,API,50,25,50,360.0,18000.0
2021070704015207,API,34,25,120,360.0,43200.0
2021070704015119,API,34,36,10,360.0,3600.0
2021070704015100,API,5,19,200,361.0,72200.0
2021070704015277,BPCL,22,46,100,497.0,49700.0
2021070704015236,BPCL,49,46,100,497.0,49700.0
2021070704015114,BPCL,45,40,10,496.0,4960.0
2021070704015113,BPCL,28,40,200,496.0,99200.0
2021070704015112,BPCL,33,40,200,496.0,99200.0
2021070704015111,BPCL,42,40,90,496.0,44640.0
2021070704014946,BPCL,16,46,20,497.0,9940.0
2021070704014945,BPCL,39,46,50,497.0,24850.0
2021070704015029,BPCL,46,40,190,496.0,94240.0
2021070704014977,BPCL,58,46,100,497.0,49700.0
2021070704014976,BPCL,58,46,10,497.0,4970.0
2021070704014949,BPCL,16,46,20,497.0,9940.0
2021070704014948,BPCL,39,46,500,497.0,248500.0
2021070704014947,BPCL,16,46,20,497.0,9940.0
2021070704015091,BPCL,16,46,20,497.0,9940.0
2021070704015052,BPCL,29,46,100,497.0,49700.0
2021070704015036,BPCL,16,46,20,497.0,9940.0
2021070704015032,BPCL,42,40,110,496.0,54560.0
2021070704015031,BPCL,42,40,100,496.0,49600.0
2021070704015030,BPCL,57,40,100,496.0,49600.0
2021070704015287,CGH,5,11,10,1514.0,15140.0
2021070704015135,CGH,47,34,10,1512.0,15120.0
2021070704015042,CGH,55,34,10,1514.0,15140.0
2021070704015041,CGH,55,11,10,1514.0,15140.0
2021070704014967,CGH,4,42,50,1515.0,75750.0
2021070704014966,CGH,32,42,30,1515.0,45450.0
2021070704014965,CGH,55,42,10,1515.0,15150.0
2021070704014917,CGH,55,4,10,1515.0,15150.0
2021070704015025,CHCL,19,57,62,648.0,40176.0
2021070704015024,CHCL,53,57,50,648.0,32400.0
2021070704015023,CHCL,17,57,25,648.0,16200.0
2021070704015203,CMF1,59,14,"1,000",12.34,12340.0
2021070704015202,CMF1,57,14,"2,000",12.35,24700.0
2021070704015289,CMF2,4,49,200,13.3,2660.0
2021070704015302,DHPL,51,53,20,249.0,4980.0
2021070704015250,DHPL,51,53,20,249.0,4980.0
2021070704015378,GHL,49,26,10,265.0,2650.0
2021070704014953,GHL,49,16,10,265.0,2650.0
2021070704015022,GIC,42,52,40,678.0,27120.0
2021070704014975,GIC,42,35,195,678.0,132210.0
2021070704015197,GLH,37,33,330,343.0,113190.0
2021070704015181,GLH,57,52,150,342.0,51300.0
2021070704015180,GLH,38,52,50,342.0,17100.0
2021070704014909,GLH,8,33,50,343.0,17150.0
2021070704014908,GLH,42,33,70,343.0,24010.0
2021070704015264,HDHPC,38,29,128,252.0,32256.0
2021070704015183,HDHPC,38,39,"2,000",252.0,504000.0
2021070704015120,HDHPC,38,51,254,252.0,64008.0
2021070704015109,HDHPC,38,6,85,252.0,21420.0
2021070704015087,HDHPC,38,36,70,252.0,17640.0
2021070704015086,HDHPC,58,36,330,252.0,83160.0
2021070704015061,HDHPC,57,29,22,253.0,5566.0
2021070704015060,HDHPC,57,54,278,253.0,70334.0
2021070704015056,HDHPC,45,54,152,253.0,38456.0
2021070704015307,HGI,57,45,215,750.0,161250.0
2021070704015306,HGI,25,45,285,750.0,213750.0
2021070704014934,IGI,17,55,100,1190.0,119000.0
2021070704015013,JOSHI,6,57,450,261.0,117450.0
2021070704014955,JOSHI,40,57,20,262.0,5240.0
2021070704014943,KEF,50,44,100,10.01,1001.0
2021070704015238,KKHC,21,49,45,245.0,11025.0
2021070704015237,KKHC,4,49,149,245.0,36505.0
2021070704015066,KKHC,4,41,51,245.0,12495.0
2021070704015065,KKHC,58,41,14,245.0,3430.0
2021070704015064,KKHC,58,41,35,246.0,8610.0
2021070704014979,KKHC,17,53,184,246.0,45264.0
2021070704014978,KKHC,36,53,20,246.0,4920.0
2021070704014913,KPCL,5,44,20,415.0,8300.0
2021070704014933,KPCL,5,7,10,415.0,4150.0
2021070704015383,LEC,34,58,100,338.0,33800.0
2021070704015067,LEC,26,52,20,334.0,6680.0
2021070704015069,LEC,32,52,30,334.0,10020.0
2021070704015068,LEC,5,52,200,334.0,66800.0
2021070704015280,LGIL,10,7,100,766.0,76600.0
2021070704015053,LGIL,44,42,200,765.0,153000.0
2021070704014973,LGIL,25,3,20,769.0,15380.0
2021070704015387,MEN,33,29,10,840.0,8400.0
2021070704015370,MEN,33,11,10,840.0,8400.0
2021070704015369,MEN,33,58,10,840.0,8400.0
2021070704015368,MEN,33,51,28,840.0,23520.0
2021070704015088,MEN,42,36,10,835.0,8350.0
2021070704015195,NGPL,4,7,12,442.0,5304.0
2021070704015182,NGPL,4,36,10,442.0,4420.0
2021070704015102,NHDL,22,45,180,403.0,72540.0
2021070704015366,NHPC,32,35,153,288.0,44064.0
2021070704015365,NHPC,42,35,141,288.0,40608.0
2021070704015364,NHPC,58,35,50,288.0,14400.0
2021070704015363,NHPC,21,35,200,288.0,57600.0
2021070704015362,NHPC,51,35,29,288.0,8352.0
2021070704015361,NHPC,34,35,100,288.0,28800.0
2021070704014919,NHPC,48,38,120,291.0,34920.0
2021070704014918,NHPC,48,4,380,291.0,110580.0
2021070704015097,NHPC,8,35,100,290.0,29000.0
2021070704015096,NHPC,42,35,200,290.0,58000.0
2021070704015095,NHPC,47,35,500,290.0,145000.0
2021070704015094,NHPC,45,35,68,290.0,19720.0
2021070704015093,NHPC,17,35,166,290.0,48140.0
2021070704015028,NHPC,17,41,100,290.0,29000.0
2021070704015253,NHPC,32,47,50,289.0,14450.0
2021070704015176,NHPC,28,6,172,290.0,49880.0
2021070704015134,NHPC,46,6,100,290.0,29000.0
2021070704015133,NHPC,43,6,134,290.0,38860.0
2021070704015099,NHPC,43,35,866,290.0,251140.0
2021070704015098,NHPC,6,35,100,290.0,29000.0
2021070704015259,NHPC,4,47,30,289.0,8670.0
2021070704015258,NHPC,35,47,500,289.0,144500.0
2021070704015257,NHPC,53,47,300,289.0,86700.0
2021070704015256,NHPC,28,47,100,289.0,28900.0
2021070704015255,NHPC,49,47,150,289.0,43350.0
2021070704015254,NHPC,52,47,237,289.0,68493.0
2021070704015273,NHPC,32,8,10,289.0,2890.0
2021070704015272,NHPC,17,8,577,289.0,166753.0
2021070704015263,NHPC,17,47,423,289.0,122247.0
2021070704015262,NHPC,57,47,100,289.0,28900.0
2021070704015261,NHPC,21,47,10,289.0,2890.0
2021070704015260,NHPC,54,47,100,289.0,28900.0
2021070704015342,NHPC,43,35,200,288.0,57600.0
2021070704015341,NHPC,49,35,"1,107",288.0,318816.0
2021070704015301,NHPC,58,8,10,289.0,2890.0
2021070704015276,NHPC,57,8,200,289.0,57800.0
2021070704015275,NHPC,42,8,25,289.0,7225.0
2021070704015274,NHPC,57,8,100,289.0,28900.0
2021070704015348,NHPC,43,35,300,288.0,86400.0
2021070704015347,NHPC,8,35,10,288.0,2880.0
2021070704015346,NHPC,6,35,100,288.0,28800.0
2021070704015345,NHPC,25,35,50,288.0,14400.0
2021070704015344,NHPC,58,35,100,288.0,28800.0
2021070704015343,NHPC,44,35,200,288.0,57600.0
2021070704015354,NHPC,19,35,60,288.0,17280.0
2021070704015353,NHPC,14,35,300,288.0,86400.0
2021070704015352,NHPC,17,35,100,288.0,28800.0
2021070704015351,NHPC,34,35,100,288.0,28800.0
2021070704015350,NHPC,56,35,200,288.0,57600.0
2021070704015349,NHPC,25,35,50,288.0,14400.0
2021070704015360,NHPC,58,35,500,288.0,144000.0
2021070704015359,NHPC,19,35,50,288.0,14400.0
2021070704015358,NHPC,53,35,200,288.0,57600.0
2021070704015357,NHPC,47,35,450,288.0,129600.0
2021070704015356,NHPC,57,35,10,288.0,2880.0
2021070704015355,NHPC,17,35,240,288.0,69120.0
2021070704015388,NICL,47,33,50,1006.0,50300.0
2021070704015379,NICL,21,33,50,1006.0,50300.0
2021070704015292,NICL,7,33,100,1006.0,100600.0
2021070704015291,NICL,56,33,10,1006.0,10060.0
2021070704015290,NICL,35,33,52,1006.0,52312.0
2021070704015121,NICL,35,36,68,1006.0,68408.0
2021070704014962,NICL,39,48,430,1005.0,432150.0
2021070704014961,NICL,57,48,200,1005.0,201000.0
2021070704014960,NICL,42,48,20,1005.0,20100.0
2021070704015116,NICL,32,19,400,1007.0,402800.0
2021070704015059,NICL,35,56,100,1006.0,100600.0
2021070704015058,NICL,35,16,280,1006.0,281680.0
2021070704015057,NICL,11,16,100,1006.0,100600.0
2021070704015040,NICL,45,17,30,1005.0,30150.0
2021070704015039,NICL,39,17,70,1005.0,70350.0
2021070704015386,NIL,13,13,243,1325.0,321975.0
2021070704015385,NIL,13,53,47,1324.0,62228.0
2021070704015384,NIL,13,43,10,1323.0,13230.0
2021070704015126,NIL,48,47,150,1319.0,197850.0
2021070704015125,NIL,34,47,100,1319.0,131900.0
2021070704015124,NIL,52,47,20,1319.0,26380.0
2021070704015008,NIL,54,45,50,1320.0,66000.0
2021070704015007,NIL,34,45,60,1320.0,79200.0
2021070704015123,NIL,52,47,30,1319.0,39570.0
2021070704015122,NIL,58,47,20,1320.0,26400.0
2021070704015012,NIL,52,45,20,1319.0,26380.0
2021070704015011,NIL,41,45,100,1320.0,132000.0
2021070704015010,NIL,41,45,50,1320.0,66000.0
2021070704015009,NIL,25,45,20,1320.0,26400.0
2021070704014920,NLG,25,13,20,1250.0,25000.0
2021070704014912,OHL,49,49,100,703.0,70300.0
2021070704015228,PIC,33,57,90,1180.0,106200.0
2021070704015389,PICL,43,56,200,791.0,158200.0
2021070704015300,PICL,16,51,100,791.0,79100.0
2021070704015239,PMHPL,55,29,10,268.0,2680.0
2021070704014942,PMHPL,41,45,10,267.0,2670.0
2021070704015090,PPCL,39,33,75,325.0,24375.0
2021070704015089,PPCL,39,33,125,325.0,40625.0
2021070704015054,PPCL,6,51,50,326.0,16300.0
2021070704015017,PPCL,39,41,55,325.0,17875.0
2021070704015268,PRIN,7,58,35,940.0,32900.0
2021070704015267,PRIN,41,58,50,940.0,47000.0
2021070704015266,PRIN,35,58,20,940.0,18800.0
2021070704015265,PRIN,38,58,395,940.0,371300.0
2021070704015308,RADHI,42,1,65,721.0,46865.0
2021070704015222,RADHI,42,16,80,720.0,57600.0
2021070704015204,RADHI,36,16,100,720.0,72000.0
2021070704015200,RADHI,42,16,10,720.0,7200.0
2021070704015184,RADHI,50,16,50,720.0,36000.0
2021070704015179,RADHI,21,16,20,720.0,14400.0
2021070704014983,RADHI,42,47,50,721.0,36050.0
2021070704014982,RADHI,21,47,75,721.0,54075.0
2021070704014937,RADHI,59,39,50,722.0,36100.0
2021070704014936,RADHI,29,39,18,722.0,12996.0
2021070704014935,RADHI,48,39,80,722.0,57760.0
2021070704014911,RADHI,52,16,100,723.0,72300.0
2021070704014989,RADHI,57,47,50,720.0,36000.0
2021070704014988,RADHI,22,47,25,720.0,18000.0
2021070704014987,RADHI,52,47,60,720.0,43200.0
2021070704014986,RADHI,22,47,30,720.0,21600.0
2021070704014985,RADHI,43,47,10,720.0,7200.0
2021070704014984,RADHI,58,47,110,720.0,79200.0
2021070704014995,RADHI,19,47,300,720.0,216000.0
2021070704014994,RADHI,47,47,25,720.0,18000.0
2021070704014993,RADHI,58,47,100,720.0,72000.0
2021070704014992,RADHI,58,47,100,720.0,72000.0
2021070704014991,RADHI,52,47,70,720.0,50400.0
2021070704014990,RADHI,45,47,40,720.0,28800.0
2021070704015001,RADHI,44,47,100,720.0,72000.0
2021070704015000,RADHI,59,47,200,720.0,144000.0
2021070704014999,RADHI,42,47,100,720.0,72000.0
2021070704014998,RADHI,32,47,20,720.0,14400.0
2021070704014997,RADHI,51,47,50,720.0,36000.0
2021070704014996,RADHI,17,47,20,720.0,14400.0
2021070704015015,RADHI,6,47,10,720.0,7200.0
2021070704015006,RADHI,51,47,25,720.0,18000.0
2021070704015005,RADHI,5,47,100,720.0,72000.0
2021070704015004,RADHI,54,47,100,720.0,72000.0
2021070704015003,RADHI,58,47,100,720.0,72000.0
2021070704015002,RADHI,17,47,100,720.0,72000.0
2021070704015178,RADHI,43,16,50,720.0,36000.0
2021070704015177,RADHI,35,16,60,720.0,43200.0
2021070704015055,RADHI,35,35,217,720.0,156240.0
2021070704015038,RADHI,28,35,88,720.0,63360.0
2021070704015021,RADHI,28,47,112,720.0,80640.0
2021070704015016,RADHI,49,47,18,720.0,12960.0
2021070704015092,RHPL,41,55,10,427.0,4270.0
2021070704014939,RHPL,22,7,10,426.0,4260.0
2021070704015248,RRHP,56,49,38,350.0,13300.0
2021070704015247,RRHP,57,49,162,350.0,56700.0
2021070704014914,RRHP,57,14,100,350.0,35000.0
2021070704015315,SHL,49,35,100,260.0,26000.0
2021070704015249,SHL,36,17,100,259.0,25900.0
2021070704014910,SHL,47,35,430,260.0,111800.0
2021070704015283,SHPC,52,58,320,477.0,152640.0
2021070704015282,SHPC,28,58,500,477.0,238500.0
2021070704015281,SHPC,28,58,180,478.0,86040.0
2021070704015103,SHPC,3,40,"1,000",478.0,478000.0
2021070704014944,SHPC,5,58,10,479.0,4790.0
2021070704015279,SHPC,28,58,20,478.0,9560.0
2021070704015278,SHPC,28,16,100,478.0,47800.0
2021070704015104,SHPC,41,40,100,478.0,47800.0
2021070704015206,SIC,32,39,30,1315.0,39450.0
2021070704015205,SIC,32,16,130,1315.0,170950.0
2021070704015226,SICL,53,29,223,1930.0,430390.0
2021070704015225,SICL,47,29,100,1930.0,193000.0
2021070704015224,SICL,54,29,10,1931.0,19310.0
2021070704015223,SICL,53,29,30,1940.0,58200.0
2021070704015083,SIL,48,16,150,1038.0,155700.0
2021070704015082,SIL,48,40,10,1038.0,10380.0
2021070704015081,SIL,48,10,"1,005",1038.0,1043190.0
2021070704015080,SIL,48,29,404,1037.0,418948.0
2021070704015079,SIL,48,57,20,1035.0,20700.0
2021070704015078,SIL,48,39,100,1035.0,103500.0
2021070704015026,SIL,42,44,39,1032.0,40248.0
2021070704015077,SIL,48,4,15,1035.0,15525.0
2021070704015076,SIL,48,16,85,1035.0,87975.0
2021070704015075,SIL,48,8,730,1034.0,754820.0
2021070704015074,SIL,48,14,10,1034.0,10340.0
2021070704015073,SIL,48,50,63,1034.0,65142.0
2021070704015027,SIL,42,19,10,1032.0,10320.0
2021070704015084,SJCL,34,36,10,412.0,4120.0
2021070704015063,SJCL,50,17,50,410.0,20500.0
2021070704014956,SJCL,21,14,100,410.0,41000.0
2021070704014938,SJCL,21,47,200,410.0,82000.0
2021070704015194,SLCF,48,25,690,10.29,7100.1
2021070704015193,SLCF,48,55,100,10.29,1029.0
2021070704015192,SLCF,48,42,"5,000",10.29,51450.0
2021070704015191,SLCF,48,25,"4,000",10.28,41120.0
2021070704015190,SLCF,48,17,100,10.27,1027.0
2021070704015189,SLCF,48,49,"1,000",10.25,10250.0
2021070704015188,SLCF,48,42,100,10.25,1025.0
2021070704015187,SLCF,48,28,"2,000",10.24,20480.0
2021070704015186,SLCF,48,28,"2,000",10.24,20480.0
2021070704015311,SPDL,57,53,50,395.0,19750.0
2021070704015118,SPDL,57,58,"1,000",395.0,395000.0
2021070704014980,SPDL,57,49,55,396.0,21780.0
2021070704015392,SSHL,6,11,59,301.0,17759.0
2021070704015391,SSHL,55,11,50,301.0,15050.0
2021070704015390,SSHL,32,11,91,301.0,27391.0
2021070704015294,SSHL,32,7,109,301.0,32809.0
2021070704015293,SSHL,8,7,91,301.0,27391.0
2021070704015117,SSHL,8,45,50,301.0,15050.0
2021070704014959,STC,11,53,40,9825.0,393000.0
2021070704014958,STC,19,53,10,9825.0,98250.0
2021070704015288,TRH,45,10,"2,000",406.0,812000.0
2021070704015244,TRH,45,47,10,405.0,4050.0
2021070704015243,TRH,45,10,500,405.0,202500.0
2021070704015242,TRH,45,10,100,405.0,40500.0
2021070704015201,TRH,58,55,100,404.0,40400.0
2021070704015132,TRH,58,16,100,404.0,40400.0
2021070704015130,TRH,58,14,590,404.0,238360.0
2021070704015235,UIC,49,19,18,730.0,13140.0
2021070704015234,UIC,49,45,50,730.0,36500.0
2021070704015233,UIC,49,56,150,730.0,109500.0
2021070704015232,UIC,49,6,182,730.0,132860.0
2021070704015231,UIC,49,51,150,729.0,109350.0
2021070704015230,UIC,49,26,250,729.0,182250.0
2021070704015229,UIC,49,17,200,728.0,145600.0
2021070704015377,UMHL,52,38,14,336.0,4704.0
2021070704015376,UMHL,51,18,38,337.0,12806.0
2021070704015375,UMHL,51,50,12,337.0,4044.0
2021070704015019,UMHL,34,45,200,336.0,67200.0
2021070704015129,UMHL,52,13,228,336.0,76608.0
2021070704015128,UMHL,50,13,200,336.0,67200.0
2021070704015127,UMHL,34,13,72,336.0,24192.0
2021070704014974,UMRH,1,44,10,458.0,4580.0
2021070704015037,UNHPL,51,59,20,339.0,6780.0
2021070704014927,UNHPL,51,11,391,339.0,132549.0
2021070704014926,UNHPL,16,11,100,339.0,33900.0
2021070704014925,UNHPL,34,11,49,340.0,16660.0
2021070704014924,UNHPL,20,11,450,340.0,153000.0
2021070704014923,UNHPL,34,11,100,340.0,34000.0
2021070704014922,UNHPL,42,11,10,340.0,3400.0
2021070704014921,UNHPL,45,11,100,341.0,34100.0
2021070704015215,UPCL,38,13,125,273.0,34125.0
2021070704015214,UPCL,38,14,125,272.0,34000.0
2021070704015173,UPCL,29,7,25,271.0,6775.0
2021070704015108,UPCL,29,45,59,271.0,15989.0
2021070704015107,UPCL,43,45,41,271.0,11111.0
2021070704015051,UPCL,43,6,30,271.0,8130.0
2021070704015043,UPCL,43,50,50,271.0,13550.0
2021070704015035,UPCL,46,35,"1,000",272.0,272000.0
2021070704015020,UPCL,43,7,129,271.0,34959.0
2021070704014957,UPCL,28,7,371,271.0,100541.0
2021070704015374,UPPER,54,48,15,677.0,10155.0
2021070704015373,UPPER,21,48,48,677.0,32496.0
2021070704015372,UPPER,21,45,52,675.0,35100.0
2021070704015371,UPPER,56,45,38,675.0,25650.0
2021070704015340,UPPER,57,34,145,673.0,97585.0
2021070704015339,UPPER,38,34,75,673.0,50475.0
2021070704014929,UPPER,3,32,50,677.0,33850.0
2021070704014928,UPPER,43,21,50,678.0,33900.0
2021070704014916,UPPER,16,21,200,678.0,135600.0
2021070704014915,UPPER,41,21,40,678.0,27120.0
2021070704014940,UPPER,59,10,50,677.0,33850.0
2021070704014932,UPPER,59,32,10,677.0,6770.0
2021070704014931,UPPER,45,32,40,677.0,27080.0
2021070704014930,UPPER,41,32,100,677.0,67700.0
2021070704014963,UPPER,55,10,10,677.0,6770.0
2021070704014954,UPPER,21,10,100,677.0,67700.0
2021070704014952,UPPER,34,10,10,677.0,6770.0
2021070704014951,UPPER,47,10,20,677.0,13540.0
2021070704014950,UPPER,58,10,10,677.0,6770.0
2021070704014941,UPPER,48,10,50,677.0,33850.0
2021070704014972,UPPER,50,44,200,677.0,135400.0
2021070704014971,UPPER,50,42,150,677.0,101550.0
2021070704014970,UPPER,50,10,85,677.0,57545.0
2021070704014969,UPPER,45,10,10,677.0,6770.0
2021070704014968,UPPER,32,10,205,677.0,138785.0
2021070704014964,UPPER,54,10,150,677.0,101550.0
2021070704015046,UPPER,45,32,10,677.0,6770.0
2021070704015045,UPPER,45,32,30,677.0,20310.0
2021070704015044,UPPER,50,32,15,677.0,10155.0
2021070704015034,UPPER,47,21,500,678.0,339000.0
2021070704015018,UPPER,50,45,50,677.0,33850.0
2021070704015014,UPPER,57,21,100,678.0,67800.0
2021070704015071,UPPER,34,11,10,676.0,6760.0
2021070704015070,UPPER,14,11,32,677.0,21664.0
2021070704015050,UPPER,14,32,68,677.0,46036.0
2021070704015049,UPPER,59,32,20,677.0,13540.0
2021070704015048,UPPER,45,32,30,677.0,20310.0
2021070704015047,UPPER,45,32,120,677.0,81240.0
2021070704015136,UPPER,58,29,50,677.0,33850.0
2021070704015131,UPPER,36,21,200,678.0,135600.0
2021070704015115,UPPER,59,21,50,678.0,33900.0
2021070704015110,UPPER,42,21,300,678.0,203400.0
2021070704015101,UPPER,58,56,50,677.0,33850.0
2021070704015072,UPPER,45,21,10,678.0,6780.0
2021070704015142,UPPER,8,29,20,676.0,13520.0
2021070704015141,UPPER,49,29,20,676.0,13520.0
2021070704015140,UPPER,54,29,80,676.0,54080.0
2021070704015139,UPPER,45,29,50,677.0,33850.0
2021070704015138,UPPER,17,29,40,677.0,27080.0
2021070704015137,UPPER,59,29,40,677.0,27080.0
2021070704015148,UPPER,51,29,20,676.0,13520.0
2021070704015147,UPPER,16,29,100,676.0,67600.0
2021070704015146,UPPER,47,29,10,676.0,6760.0
2021070704015145,UPPER,29,29,208,676.0,140608.0
2021070704015144,UPPER,57,29,200,676.0,135200.0
2021070704015143,UPPER,50,29,200,676.0,135200.0
2021070704015154,UPPER,16,29,200,675.0,135000.0
2021070704015153,UPPER,41,29,25,675.0,16875.0
2021070704015152,UPPER,41,29,200,675.0,135000.0
2021070704015151,UPPER,4,29,100,675.0,67500.0
2021070704015150,UPPER,10,29,20,675.0,13500.0
2021070704015149,UPPER,57,29,40,675.0,27000.0
2021070704015160,UPPER,13,29,25,675.0,16875.0
2021070704015159,UPPER,28,29,500,675.0,337500.0
2021070704015158,UPPER,32,29,100,675.0,67500.0
2021070704015157,UPPER,10,29,"1,000",675.0,675000.0
2021070704015156,UPPER,21,29,100,675.0,67500.0
2021070704015155,UPPER,40,29,100,675.0,67500.0
2021070704015166,UPPER,41,29,50,675.0,33750.0
2021070704015165,UPPER,49,29,100,675.0,67500.0
2021070704015164,UPPER,14,29,50,675.0,33750.0
2021070704015163,UPPER,58,29,50,675.0,33750.0
2021070704015162,UPPER,55,29,80,675.0,54000.0
2021070704015161,UPPER,10,29,50,675.0,33750.0
2021070704015172,UPPER,6,29,100,675.0,67500.0
2021070704015171,UPPER,57,29,50,675.0,33750.0
2021070704015170,UPPER,57,29,65,675.0,43875.0
2021070704015169,UPPER,14,29,100,675.0,67500.0
2021070704015168,UPPER,14,29,52,675.0,35100.0
2021070704015167,UPPER,14,29,148,675.0,99900.0
2021070704015212,UPPER,42,29,50,675.0,33750.0
2021070704015199,UPPER,42,29,400,675.0,270000.0
2021070704015198,UPPER,25,29,50,675.0,33750.0
2021070704015196,UPPER,58,29,50,675.0,33750.0
2021070704015185,UPPER,49,29,30,675.0,20250.0
2021070704015174,UPPER,21,29,30,675.0,20250.0
2021070704015220,UPPER,39,29,10,674.0,6740.0
2021070704015219,UPPER,58,29,20,674.0,13480.0
2021070704015218,UPPER,50,29,100,674.0,67400.0
2021070704015217,UPPER,41,29,20,674.0,13480.0
2021070704015216,UPPER,25,29,50,674.0,33700.0
2021070704015213,UPPER,19,29,100,675.0,67500.0
2021070704015284,UPPER,52,47,10,676.0,6760.0
2021070704015245,UPPER,49,48,67,677.0,45359.0
2021070704015241,UPPER,57,48,33,677.0,22341.0
2021070704015240,UPPER,57,29,267,675.0,180225.0
2021070704015227,UPPER,17,29,380,675.0,256500.0
2021070704015221,UPPER,21,29,100,675.0,67500.0
2021070704015309,UPPER,36,41,38,675.0,25650.0
2021070704015305,UPPER,58,41,11,675.0,7425.0
2021070704015303,UPPER,38,41,152,675.0,102600.0
2021070704015299,UPPER,38,28,20,675.0,13500.0
2021070704015286,UPPER,38,47,178,675.0,120150.0
2021070704015285,UPPER,45,47,10,675.0,6750.0
2021070704015320,UPPER,32,34,100,674.0,67400.0
2021070704015319,UPPER,1,34,50,674.0,33700.0
2021070704015318,UPPER,55,34,100,674.0,67400.0
2021070704015317,UPPER,35,34,250,674.0,168500.0
2021070704015316,UPPER,39,34,10,674.0,6740.0
2021070704015310,UPPER,36,48,12,677.0,8124.0
2021070704015326,UPPER,16,34,20,674.0,13480.0
2021070704015325,UPPER,34,34,100,674.0,67400.0
2021070704015324,UPPER,35,34,100,674.0,67400.0
2021070704015323,UPPER,34,34,20,674.0,13480.0
2021070704015322,UPPER,35,34,50,674.0,33700.0
2021070704015321,UPPER,58,34,275,674.0,185350.0
2021070704015332,UPPER,36,34,15,674.0,10110.0
2021070704015331,UPPER,57,34,100,674.0,67400.0
2021070704015330,UPPER,58,34,50,674.0,33700.0
2021070704015329,UPPER,53,34,20,674.0,13480.0
2021070704015328,UPPER,22,34,20,674.0,13480.0
2021070704015327,UPPER,57,34,50,674.0,33700.0
2021070704015338,UPPER,47,34,100,673.0,67300.0
2021070704015337,UPPER,55,34,200,673.0,134600.0
2021070704015336,UPPER,58,34,10,673.0,6730.0
2021070704015335,UPPER,51,34,80,673.0,53840.0
2021070704015334,UPPER,7,34,10,673.0,6730.0
2021070704015333,UPPER,34,34,50,673.0,33650.0
2021070704014763,AHPC,55,58,72,422.0,30384.0
2021070704014692,AHPC,55,57,100,422.0,42200.0
2021070704014611,AHPC,55,42,141,422.0,59502.0
2021070704014610,AHPC,46,42,10,422.0,4220.0
2021070704014609,AHPC,29,42,20,422.0,8440.0
2021070704014608,AHPC,57,42,50,422.0,21100.0
2021070704014415,AHPC,19,38,10,423.0,4230.0
2021070704014414,AHPC,22,38,50,423.0,21150.0
2021070704014413,AHPC,14,38,"2,000",423.0,846000.0
2021070704014412,AHPC,49,38,829,423.0,350667.0
2021070704014411,AHPC,57,38,200,424.0,84800.0
2021070704014410,AHPC,51,38,"1,000",424.0,424000.0
2021070704014421,AHPC,44,38,950,422.0,400900.0
2021070704014420,AHPC,38,38,50,422.0,21100.0
2021070704014419,AHPC,51,38,25,422.0,10550.0
2021070704014418,AHPC,47,38,50,422.0,21100.0
2021070704014417,AHPC,47,38,100,422.0,42200.0
2021070704014416,AHPC,35,38,15,422.0,6330.0
2021070704014607,AHPC,53,42,29,422.0,12238.0
2021070704014426,AHPC,53,38,471,422.0,198762.0
2021070704014425,AHPC,6,38,100,422.0,42200.0
2021070704014424,AHPC,25,38,"1,500",422.0,633000.0
2021070704014423,AHPC,49,38,500,422.0,211000.0
2021070704014422,AHPC,6,38,150,422.0,63300.0
2021070704014892,AIL,49,35,20,791.0,15820.0
2021070704014891,AIL,55,35,25,791.0,19775.0
2021070704014890,AIL,59,35,100,791.0,79100.0
2021070704014889,AIL,41,35,40,791.0,31640.0
2021070704014888,AIL,57,35,200,792.0,158400.0
2021070704014887,AIL,42,35,100,792.0,79200.0
2021070704014880,AIL,57,35,20,794.0,15880.0
2021070704014879,AIL,21,35,30,794.0,23820.0
2021070704014666,AIL,58,7,10,794.0,7940.0
2021070704014470,AIL,38,32,10,793.0,7930.0
2021070704014886,AIL,13,35,30,792.0,23760.0
2021070704014885,AIL,32,35,100,792.0,79200.0
2021070704014884,AIL,47,35,25,792.0,19800.0
2021070704014883,AIL,38,35,10,793.0,7930.0
2021070704014882,AIL,52,35,20,793.0,15860.0
2021070704014881,AIL,35,35,80,793.0,63440.0
2021070704014506,AKJCL,54,25,20,256.0,5120.0
2021070704014429,AKJCL,25,41,100,256.0,25600.0
2021070704014841,AKPL,41,58,50,424.0,21200.0
2021070704014638,AKPL,41,51,280,424.0,118720.0
2021070704014637,AKPL,13,51,20,424.0,8480.0
2021070704014565,AKPL,13,58,60,424.0,25440.0
2021070704014543,AKPL,58,58,20,424.0,8480.0
2021070704014519,AKPL,37,34,500,423.0,211500.0
2021070704014403,AKPL,42,58,100,424.0,42400.0
2021070704014402,AKPL,19,58,500,424.0,212000.0
2021070704014401,AKPL,41,58,500,424.0,212000.0
2021070704014400,AKPL,58,58,47,424.0,19928.0
2021070704014755,API,34,49,80,360.0,28800.0
2021070704014693,API,34,54,290,360.0,104400.0
2021070704014690,API,57,38,67,359.0,24053.0
2021070704014689,API,59,38,100,359.0,35900.0
2021070704014688,API,38,38,193,359.0,69287.0
2021070704014687,API,59,38,100,360.0,36000.0
2021070704014478,API,34,25,500,359.0,179500.0
2021070704014477,API,48,25,200,359.0,71800.0
2021070704014460,API,47,34,55,360.0,19800.0
2021070704014395,API,37,34,50,360.0,18000.0
2021070704014394,API,20,34,345,360.0,124200.0
2021070704014393,API,45,34,300,361.0,108300.0
2021070704014484,API,54,25,15,359.0,5385.0
2021070704014483,API,6,25,500,359.0,179500.0
2021070704014482,API,19,25,300,359.0,107700.0
2021070704014481,API,1,25,53,359.0,19027.0
2021070704014480,API,40,25,100,359.0,35900.0
2021070704014479,API,8,25,100,359.0,35900.0
2021070704014490,API,56,25,250,359.0,89750.0
2021070704014489,API,25,25,500,359.0,179500.0
2021070704014488,API,38,25,25,359.0,8975.0
2021070704014487,API,51,25,200,359.0,71800.0
2021070704014486,API,32,25,200,359.0,71800.0
2021070704014485,API,29,25,50,359.0,17950.0
2021070704014525,API,3,34,710,360.0,255600.0
2021070704014522,API,42,34,40,360.0,14400.0
2021070704014494,API,38,25,307,359.0,110213.0
2021070704014493,API,59,25,100,359.0,35900.0
2021070704014492,API,39,25,500,359.0,179500.0
2021070704014491,API,58,25,100,359.0,35900.0
2021070704014686,API,19,38,300,360.0,108000.0
2021070704014685,API,8,38,240,360.0,86400.0
2021070704014653,API,8,57,50,360.0,18000.0
2021070704014633,API,16,29,100,362.0,36200.0
2021070704014613,API,8,25,"4,710",360.0,1695600.0
2021070704014612,API,3,25,290,360.0,104400.0
2021070704014665,BARUN,20,20,"17,000",505.0,8585000.0
2021070704014496,BBC,45,53,10,5712.0,57120.0
2021070704014821,BPCL,39,49,50,497.0,24850.0
2021070704014820,BPCL,14,49,50,497.0,24850.0
2021070704014529,BPCL,39,44,50,497.0,24850.0
2021070704014528,BPCL,19,44,10,497.0,4970.0
2021070704014469,BPCL,43,34,100,498.0,49800.0
2021070704014735,BPCL,50,16,50,497.0,24850.0
2021070704014722,BPCL,50,45,50,497.0,24850.0
2021070704014721,BPCL,42,45,150,497.0,74550.0
2021070704014720,BPCL,46,34,57,498.0,28386.0
2021070704014684,BPCL,42,1,100,497.0,49700.0
2021070704014530,BPCL,58,44,40,497.0,19880.0
2021070704014764,BPCL,42,34,50,498.0,24900.0
2021070704014756,BPCL,14,16,50,497.0,24850.0
2021070704014762,CGH,48,38,50,1516.0,75800.0
2021070704014761,CGH,41,38,20,1516.0,30320.0
2021070704014760,CGH,21,38,50,1517.0,75850.0
2021070704014520,CGH,22,40,10,1520.0,15200.0
2021070704014876,CHCL,6,57,20,649.0,12980.0
2021070704014397,CHCL,14,57,20,649.0,12980.0
2021070704014737,CHL,58,26,250,445.0,111250.0
2021070704014713,CHL,58,58,100,445.0,44500.0
2021070704014712,CHL,58,57,200,445.0,89000.0
2021070704014711,CHL,58,58,40,445.0,17800.0
2021070704014710,CHL,58,25,60,444.0,26640.0
2021070704014709,CHL,58,35,150,444.0,66600.0
2021070704014814,DHPL,34,26,150,245.0,36750.0
2021070704014813,DHPL,57,26,10,245.0,2450.0
2021070704014812,DHPL,43,26,100,245.0,24500.0
2021070704014811,DHPL,42,26,10,245.0,2450.0
2021070704014810,DHPL,53,26,16,245.0,3920.0
2021070704014699,DHPL,53,1,23,245.0,5635.0
2021070704014698,DHPL,58,1,286,246.0,70356.0
2021070704014574,DHPL,58,48,18,246.0,4428.0
2021070704014573,DHPL,54,48,25,246.0,6150.0
2021070704014572,DHPL,14,48,30,246.0,7380.0
2021070704014571,DHPL,50,48,27,246.0,6642.0
2021070704014495,DHPL,50,49,10,246.0,2460.0
2021070704014696,EIC,29,14,60,740.0,44400.0
2021070704014695,EIC,34,14,20,740.0,14800.0
2021070704014694,EIC,34,14,20,741.0,14820.0
2021070704014566,EIC,58,34,30,744.0,22320.0
2021070704014431,GIC,42,19,10,678.0,6780.0
2021070704014850,GLH,42,51,10,343.0,3430.0
2021070704014544,GLH,22,45,30,344.0,10320.0
2021070704014476,GLH,42,19,10,343.0,3430.0
2021070704014452,GLH,42,45,10,343.0,3430.0
2021070704014866,HDHPC,8,54,20,253.0,5060.0
2021070704014636,HDHPC,8,59,10,253.0,2530.0
2021070704014549,HDHPC,8,58,20,253.0,5060.0
2021070704014548,HDHPC,10,58,200,253.0,50600.0
2021070704014547,HDHPC,45,58,60,253.0,15180.0
2021070704014427,HPPL,54,35,10,394.0,3940.0
2021070704014632,HURJA,46,34,23,335.0,7705.0
2021070704014745,IGI,48,16,10,1190.0,11900.0
2021070704014744,IGI,48,34,50,1190.0,59500.0
2021070704014868,JOSHI,40,57,80,262.0,20960.0
2021070704014867,JOSHI,40,18,20,260.0,5200.0
2021070704014589,JOSHI,33,57,100,262.0,26200.0
2021070704014851,KKHC,36,20,10,246.0,2460.0
2021070704014862,KPCL,4,44,50,415.0,20750.0
2021070704014861,KPCL,51,44,90,415.0,37350.0
2021070704014804,KPCL,51,42,10,415.0,4150.0
2021070704014719,LGIL,44,50,175,765.0,133875.0
2021070704014718,LGIL,18,50,15,765.0,11475.0
2021070704014717,LGIL,38,50,10,765.0,7650.0
2021070704014716,LGIL,35,50,100,766.0,76600.0
2021070704014556,LGIL,38,48,20,765.0,15300.0
2021070704014579,MEN,39,5,35,839.0,29365.0
2021070704014504,MHNL,43,16,20,305.0,6100.0
2021070704014503,MHNL,54,16,200,305.0,61000.0
2021070704014502,MHNL,51,16,200,305.0,61000.0
2021070704014501,MHNL,39,16,100,305.0,30500.0
2021070704014500,MHNL,34,16,100,305.0,30500.0
2021070704014499,MHNL,20,16,300,305.0,91500.0
2021070704014498,MHNL,28,16,50,305.0,15250.0
2021070704014715,NGPL,4,7,910,442.0,402220.0
2021070704014714,NGPL,5,7,90,443.0,39870.0
2021070704014576,NGPL,5,42,10,443.0,4430.0
2021070704014575,NGPL,3,42,40,443.0,17720.0
2021070704014605,NHDL,22,1,220,403.0,88660.0
2021070704014604,NHDL,49,1,30,404.0,12120.0
2021070704014603,NHDL,20,1,80,404.0,32320.0
2021070704014864,NHPC,35,4,20,291.0,5820.0
2021070704014863,NHPC,35,17,880,291.0,256080.0
2021070704014840,NHPC,17,4,"1,434",290.0,415860.0
2021070704014839,NHPC,57,4,100,290.0,29000.0
2021070704014838,NHPC,49,4,100,290.0,29000.0
2021070704014837,NHPC,51,4,200,290.0,58000.0
2021070704014590,NHPC,45,38,50,291.0,14550.0
2021070704014428,NHPC,55,44,100,292.0,29200.0
2021070704014616,NHPC,34,10,400,291.0,116400.0
2021070704014595,NHPC,34,38,428,291.0,124548.0
2021070704014594,NHPC,17,38,100,291.0,29100.0
2021070704014593,NHPC,20,38,100,291.0,29100.0
2021070704014592,NHPC,40,38,222,291.0,64602.0
2021070704014591,NHPC,42,38,100,291.0,29100.0
2021070704014659,NHPC,28,4,30,291.0,8730.0
2021070704014658,NHPC,22,4,100,291.0,29100.0
2021070704014657,NHPC,34,4,500,291.0,145500.0
2021070704014656,NHPC,40,4,94,291.0,27354.0
2021070704014635,NHPC,40,44,128,291.0,37248.0
2021070704014634,NHPC,34,44,172,291.0,50052.0
2021070704014753,NHPC,44,17,100,291.0,29100.0
2021070704014664,NHPC,38,4,300,291.0,87300.0
2021070704014663,NHPC,17,4,100,291.0,29100.0
2021070704014662,NHPC,13,4,500,291.0,145500.0
2021070704014661,NHPC,55,4,40,291.0,11640.0
2021070704014660,NHPC,51,4,90,291.0,26190.0
2021070704014771,NHPC,45,38,50,290.0,14500.0
2021070704014770,NHPC,34,38,20,290.0,5800.0
2021070704014769,NHPC,11,38,100,290.0,29000.0
2021070704014768,NHPC,6,38,"2,000",290.0,580000.0
2021070704014767,NHPC,49,38,100,290.0,29000.0
2021070704014766,NHPC,21,38,689,290.0,199810.0
2021070704014777,NHPC,40,38,222,290.0,64380.0
2021070704014776,NHPC,21,38,30,290.0,8700.0
2021070704014775,NHPC,6,38,500,290.0,145000.0
2021070704014774,NHPC,20,38,10,290.0,2900.0
2021070704014773,NHPC,25,38,50,290.0,14500.0
2021070704014772,NHPC,11,38,100,290.0,29000.0
2021070704014783,NHPC,43,38,100,290.0,29000.0
2021070704014782,NHPC,35,38,100,290.0,29000.0
2021070704014781,NHPC,45,38,100,290.0,29000.0
2021070704014780,NHPC,36,38,200,290.0,58000.0
2021070704014779,NHPC,52,38,100,290.0,29000.0
2021070704014778,NHPC,5,38,100,290.0,29000.0
2021070704014789,NHPC,49,38,70,290.0,20300.0
2021070704014788,NHPC,34,38,"1,500",290.0,435000.0
2021070704014787,NHPC,39,38,100,290.0,29000.0
2021070704014786,NHPC,57,38,50,290.0,14500.0
2021070704014785,NHPC,22,38,100,290.0,29000.0
2021070704014784,NHPC,32,38,15,290.0,4350.0
2021070704014824,NHPC,59,4,150,290.0,43500.0
2021070704014823,NHPC,22,4,50,290.0,14500.0
2021070704014822,NHPC,17,4,206,290.0,59740.0
2021070704014806,NHPC,22,17,20,291.0,5820.0
2021070704014791,NHPC,17,38,294,290.0,85260.0
2021070704014790,NHPC,17,38,"1,000",290.0,290000.0
2021070704014830,NHPC,56,4,100,290.0,29000.0
2021070704014829,NHPC,40,4,200,290.0,58000.0
2021070704014828,NHPC,59,4,300,290.0,87000.0
2021070704014827,NHPC,55,4,80,290.0,23200.0
2021070704014826,NHPC,42,4,230,290.0,66700.0
2021070704014825,NHPC,21,4,50,290.0,14500.0
2021070704014836,NHPC,38,4,150,290.0,43500.0
2021070704014835,NHPC,37,4,300,290.0,87000.0
2021070704014834,NHPC,43,4,"6,000",290.0,1740000.0
2021070704014833,NHPC,45,4,100,290.0,29000.0
2021070704014832,NHPC,14,4,200,290.0,58000.0
2021070704014831,NHPC,25,4,50,290.0,14500.0
2021070704014558,NICBF,17,26,"5,000",13.5,67500.0
2021070704014557,NICBF,17,26,"2,800",13.5,37800.0
2021070704014727,NICGF,4,13,"13,600",15.0,204000.0
2021070704014843,NICL,21,16,500,1006.0,503000.0
2021070704014803,NICL,42,29,35,1005.0,35175.0
2021070704014765,NICL,56,16,10,1006.0,10060.0
2021070704014743,NICL,42,41,45,1005.0,45225.0
2021070704014648,NICL,56,16,10,1006.0,10060.0
2021070704014614,NICL,35,19,100,1007.0,100700.0
2021070704014430,NICL,48,48,75,1006.0,75450.0
2021070704014511,NICL,36,59,50,1005.0,50250.0
2021070704014510,NICL,41,59,200,1005.0,201000.0
2021070704014509,NICL,43,59,50,1005.0,50250.0
2021070704014508,NICL,41,59,100,1006.0,100600.0
2021070704014507,NICL,48,59,217,1006.0,218302.0
2021070704014497,NICL,48,57,100,1006.0,100600.0
2021070704014531,NICL,48,38,"1,142",1004.0,1146568.0
2021070704014516,NICL,48,59,633,1004.0,635532.0
2021070704014515,NICL,32,59,50,1005.0,50250.0
2021070704014514,NICL,7,59,50,1005.0,50250.0
2021070704014513,NICL,50,59,200,1005.0,201000.0
2021070704014512,NICL,5,59,50,1005.0,50250.0
2021070704014537,NICL,14,38,100,1003.0,100300.0
2021070704014536,NICL,42,38,100,1003.0,100300.0
2021070704014535,NICL,47,38,25,1003.0,25075.0
2021070704014534,NICL,46,38,200,1004.0,200800.0
2021070704014533,NICL,57,38,200,1004.0,200800.0
2021070704014532,NICL,45,38,50,1004.0,50200.0
2021070704014559,NICL,56,45,10,1007.0,10070.0
2021070704014542,NICL,55,38,29,1002.0,29058.0
2021070704014541,NICL,35,38,10,1002.0,10020.0
2021070704014540,NICL,46,38,994,1002.0,995988.0
2021070704014539,NICL,39,38,50,1003.0,50150.0
2021070704014538,NICL,45,38,100,1003.0,100300.0
2021070704014849,NIL,34,17,40,1320.0,52800.0
2021070704014848,NIL,11,17,80,1322.0,105760.0
2021070704014708,NIL,49,53,20,1324.0,26480.0
2021070704014555,NIL,26,53,33,1324.0,43692.0
2021070704014467,NIL,26,36,100,1324.0,132400.0
2021070704014818,NLG,21,32,15,1240.0,18600.0
2021070704014817,NLG,48,32,185,1245.0,230325.0
2021070704014801,NLG,48,1,100,1245.0,124500.0
2021070704014800,NLG,48,35,200,1245.0,249000.0
2021070704014751,NLG,21,56,35,1240.0,43400.0
2021070704014750,NLG,4,56,100,1240.0,124000.0
2021070704014749,NLG,38,56,50,1241.0,62050.0
2021070704014742,NLG,38,45,100,1241.0,124100.0
2021070704014734,OHL,38,43,425,692.0,294100.0
2021070704014733,OHL,4,43,10,692.0,6920.0
2021070704014732,OHL,17,43,15,693.0,10395.0
2021070704014731,OHL,39,43,300,700.0,210000.0
2021070704014466,PIC,33,38,45,1180.0,53100.0
2021070704014465,PIC,17,38,100,1181.0,118100.0
2021070704014464,PIC,50,38,45,1181.0,53145.0
2021070704014463,PIC,34,38,10,1181.0,11810.0
2021070704014462,PIC,45,38,50,1182.0,59100.0
2021070704014461,PIC,33,38,50,1182.0,59100.0
2021070704014842,PICL,45,52,100,791.0,79100.0
2021070704014444,PICL,45,38,100,791.0,79100.0
2021070704014620,PMHPL,25,34,100,268.0,26800.0
2021070704014588,PMHPL,41,38,10,267.0,2670.0
2021070704014447,PMHPL,41,58,10,267.0,2670.0
2021070704014399,PMHPL,41,34,20,267.0,5340.0
2021070704014398,PMHPL,36,34,80,267.0,21360.0
2021070704014546,PPCL,39,58,10,325.0,3250.0
2021070704014798,PRIN,38,43,105,940.0,98700.0
2021070704014797,PRIN,57,43,10,940.0,9400.0
2021070704014796,PRIN,14,43,100,940.0,94000.0
2021070704014795,PRIN,6,43,200,940.0,188000.0
2021070704014794,PRIN,22,43,25,940.0,23500.0
2021070704014793,PRIN,38,43,200,940.0,188000.0
2021070704014792,PRIN,14,43,10,940.0,9400.0
2021070704014726,PRIN,4,43,200,941.0,188200.0
2021070704014725,PRIN,10,43,50,941.0,47050.0
2021070704014650,PRIN,10,38,350,941.0,329350.0
2021070704014432,PRIN,45,38,121,942.0,113982.0
2021070704014799,RADHI,48,53,20,722.0,14440.0
2021070704014723,RADHI,32,16,50,723.0,36150.0
2021070704014619,RADHI,32,5,50,724.0,36200.0
2021070704014570,RADHI,32,41,50,723.0,36150.0
2021070704014564,RADHI,42,39,264,725.0,191400.0
2021070704014563,RADHI,42,21,12,725.0,8700.0
2021070704014396,RADHI,45,57,20,724.0,14480.0
2021070704014562,RADHI,42,6,200,725.0,145000.0
2021070704014561,RADHI,42,28,194,725.0,140650.0
2021070704014560,RADHI,42,45,10,724.0,7240.0
2021070704014521,RADHI,28,45,90,724.0,65160.0
2021070704014405,RADHI,42,28,133,725.0,96425.0
2021070704014404,RADHI,42,57,67,724.0,48508.0
2021070704014740,RBCL,10,45,10,21600.0,216000.0
2021070704014739,RBCL,10,45,10,21600.0,216000.0
2021070704014527,RBCL,36,45,10,21600.0,216000.0
2021070704014617,RHPC,47,41,100,502.0,50200.0
2021070704014518,RHPC,47,44,400,502.0,200800.0
2021070704014517,RHPC,40,44,100,502.0,50200.0
2021070704014446,RHPC,40,42,100,502.0,50200.0
2021070704014875,RHPL,21,11,500,430.0,215000.0
2021070704014874,RHPL,21,47,400,430.0,172000.0
2021070704014873,RHPL,21,36,225,429.0,96525.0
2021070704014872,RHPL,45,36,25,429.0,10725.0
2021070704014748,RHPL,21,58,40,425.0,17000.0
2021070704014738,RHPL,20,34,10,426.0,4260.0
2021070704014615,RHPL,21,45,360,425.0,153000.0
2021070704014600,RHPL,21,46,40,425.0,17000.0
2021070704014475,RHPL,21,57,155,425.0,65875.0
2021070704014474,RHPL,38,57,25,426.0,10650.0
2021070704014473,RHPL,45,57,20,426.0,8520.0
2021070704014654,RRHP,57,57,473,350.0,165550.0
2021070704014441,RRHP,57,34,265,350.0,92750.0
2021070704014440,RRHP,49,34,100,350.0,35000.0
2021070704014439,RRHP,17,34,100,350.0,35000.0
2021070704014438,RRHP,40,34,100,350.0,35000.0
2021070704014437,RRHP,34,34,50,350.0,17500.0
2021070704014436,RRHP,25,34,200,351.0,70200.0
2021070704014435,RRHP,19,34,30,351.0,10530.0
2021070704014434,RRHP,33,34,165,351.0,57915.0
2021070704014871,SAEF,26,19,500,16.37,8185.0
2021070704014741,SGI,58,35,50,709.0,35450.0
2021070704014691,SGI,58,19,10,709.0,7090.0
2021070704014805,SHL,16,35,100,260.0,26000.0
2021070704014747,SHL,36,35,100,260.0,26000.0
2021070704014652,SHL,36,45,100,259.0,25900.0
2021070704014640,SHL,36,14,130,259.0,33670.0
2021070704014625,SHL,10,26,169,259.0,43771.0
2021070704014624,SHL,13,26,150,259.0,38850.0
2021070704014623,SHL,47,26,200,259.0,51800.0
2021070704014622,SHL,40,26,100,259.0,25900.0
2021070704014621,SHL,57,26,381,259.0,98679.0
2021070704014553,SHL,57,35,119,259.0,30821.0
2021070704014552,SHL,28,35,"1,695",259.0,439005.0
2021070704014815,SHPC,21,16,100,479.0,47900.0
2021070704014523,SHPC,58,51,100,479.0,47900.0
2021070704014816,SIC,32,47,26,1313.0,34138.0
2021070704014451,SIC,47,41,50,1313.0,65650.0
2021070704014870,SICL,52,29,20,1941.0,38820.0
2021070704014859,SICL,13,29,100,1941.0,194100.0
2021070704014819,SICL,33,29,17,1943.0,33031.0
2021070704014736,SICL,33,48,90,1941.0,174690.0
2021070704014526,SICL,33,32,18,1940.0,34920.0
2021070704014445,SICL,52,32,10,1940.0,19400.0
2021070704014877,SJCL,21,44,10,409.0,4090.0
2021070704014809,SJCL,21,58,20,409.0,8180.0
2021070704014724,SJCL,21,52,100,409.0,40900.0
2021070704014649,SJCL,21,46,20,409.0,8180.0
2021070704014545,SJCL,21,10,20,409.0,8180.0
2021070704014442,SJCL,51,52,100,410.0,41000.0
2021070704014878,SPDL,57,58,900,396.0,356400.0
2021070704014808,SPDL,57,57,45,396.0,17820.0
2021070704014807,SPDL,57,57,155,396.0,61380.0
2021070704014647,SPDL,17,58,138,397.0,54786.0
2021070704014646,SPDL,57,58,600,397.0,238200.0
2021070704014645,SPDL,11,58,76,397.0,30172.0
2021070704014644,SPDL,44,58,50,398.0,19900.0
2021070704014643,SPDL,57,58,20,398.0,7960.0
2021070704014628,SPDL,55,38,20,399.0,7980.0
2021070704014700,SSHL,13,28,90,302.0,27180.0
2021070704014639,SSHL,8,21,10,301.0,3010.0
2021070704014631,SSHL,34,28,10,302.0,3020.0
2021070704014472,SSHL,34,49,40,302.0,12080.0
2021070704014752,TRH,57,33,50,403.0,20150.0
2021070704014551,TRH,57,38,20,403.0,8060.0
2021070704014550,TRH,45,38,30,403.0,12090.0
2021070704014505,TRH,45,14,200,403.0,80600.0
2021070704014869,UIC,25,26,50,729.0,36450.0
2021070704014802,UIC,38,45,176,727.0,127952.0
2021070704014757,UIC,25,45,24,727.0,17448.0
2021070704014606,UIC,38,52,100,727.0,72700.0
2021070704014602,UIC,29,51,350,725.0,253750.0
2021070704014730,UMHL,34,51,150,336.0,50400.0
2021070704014596,UMHL,34,19,500,336.0,168000.0
2021070704014587,UMHL,34,26,78,336.0,26208.0
2021070704014586,UMHL,49,26,100,336.0,33600.0
2021070704014585,UMHL,44,26,100,336.0,33600.0
2021070704014409,UMHL,19,48,230,337.0,77510.0
2021070704014408,UMHL,53,48,70,337.0,23590.0
2021070704014407,UMHL,37,48,"1,000",337.0,337000.0
2021070704014406,UMHL,50,48,100,337.0,33700.0
2021070704014584,UMHL,38,26,300,336.0,100800.0
2021070704014583,UMHL,45,26,100,336.0,33600.0
2021070704014582,UMHL,14,26,140,336.0,47040.0
2021070704014581,UMHL,41,26,12,336.0,4032.0
2021070704014580,UMHL,19,26,170,337.0,57290.0
2021070704014728,UMRH,45,19,10,457.0,4570.0
2021070704014707,UMRH,41,34,20,458.0,9160.0
2021070704014706,UMRH,34,34,50,458.0,22900.0
2021070704014705,UMRH,17,34,100,460.0,46000.0
2021070704014704,UMRH,42,34,20,460.0,9200.0
2021070704014703,UMRH,29,34,50,460.0,23000.0
2021070704014702,UMRH,51,34,40,466.0,18640.0
2021070704014701,UMRH,13,34,20,466.0,9320.0
2021070704014697,UMRH,13,46,10,466.0,4660.0
2021070704014847,UNHPL,45,21,100,341.0,34100.0
2021070704014846,UPCL,45,4,102,270.0,27540.0
2021070704014845,UPCL,52,4,100,270.0,27000.0
2021070704014844,UPCL,32,4,150,270.0,40500.0
2021070704014683,UPCL,33,4,10,271.0,2710.0
2021070704014682,UPCL,57,4,300,271.0,81300.0
2021070704014681,UPCL,5,4,500,271.0,135500.0
2021070704014459,UPCL,54,48,650,272.0,176800.0
2021070704014458,UPCL,35,48,50,272.0,13600.0
2021070704014668,UPCL,14,4,100,271.0,27100.0
2021070704014667,UPCL,3,4,50,271.0,13550.0
2021070704014599,UPCL,42,4,50,272.0,13600.0
2021070704014598,UPCL,53,4,50,272.0,13600.0
2021070704014597,UPCL,54,4,300,272.0,81600.0
2021070704014554,UPCL,54,7,50,272.0,13600.0
2021070704014674,UPCL,14,4,100,271.0,27100.0
2021070704014673,UPCL,25,4,50,271.0,13550.0
2021070704014672,UPCL,58,4,100,271.0,27100.0
2021070704014671,UPCL,8,4,100,271.0,27100.0
2021070704014670,UPCL,43,4,100,271.0,27100.0
2021070704014669,UPCL,28,4,100,271.0,27100.0
2021070704014680,UPCL,48,4,500,271.0,135500.0
2021070704014679,UPCL,25,4,200,271.0,54200.0
2021070704014678,UPCL,22,4,50,271.0,13550.0
2021070704014677,UPCL,49,4,200,271.0,54200.0
2021070704014676,UPCL,21,4,50,271.0,13550.0
2021070704014675,UPCL,34,4,200,271.0,54200.0
2021070704014865,UPPER,59,21,500,678.0,339000.0
2021070704014860,UPPER,57,21,100,678.0,67800.0
2021070704014858,UPPER,55,21,300,678.0,203400.0
2021070704014857,UPPER,43,45,95,677.0,64315.0
2021070704014450,UPPER,39,19,94,675.0,63450.0
2021070704014449,UPPER,21,19,10,675.0,6750.0
2021070704014448,UPPER,36,19,73,675.0,49275.0
2021070704014443,UPPER,36,45,100,675.0,67500.0
2021070704014433,UPPER,41,16,20,677.0,13540.0
2021070704014468,UPPER,29,16,10,677.0,6770.0
2021070704014457,UPPER,39,34,50,675.0,33750.0
2021070704014456,UPPER,42,34,40,675.0,27000.0
2021070704014455,UPPER,38,34,25,675.0,16875.0
2021070704014454,UPPER,39,34,30,675.0,20250.0
2021070704014453,UPPER,34,34,50,675.0,33750.0
2021070704014577,UPPER,49,43,15,676.0,10140.0
2021070704014569,UPPER,29,43,20,676.0,13520.0
2021070704014568,UPPER,26,43,65,676.0,43940.0
2021070704014567,UPPER,26,58,35,676.0,23660.0
2021070704014524,UPPER,49,16,20,677.0,13540.0
2021070704014471,UPPER,42,16,150,677.0,101550.0
2021070704014629,UPPER,6,16,100,677.0,67700.0
2021070704014627,UPPER,57,43,60,675.0,40500.0
2021070704014626,UPPER,50,43,100,676.0,67600.0
2021070704014618,UPPER,34,16,700,677.0,473900.0
2021070704014601,UPPER,55,16,30,677.0,20310.0
2021070704014578,UPPER,49,16,30,677.0,20310.0
2021070704014729,UPPER,34,21,150,678.0,101700.0
2021070704014655,UPPER,34,29,125,677.0,84625.0
2021070704014651,UPPER,58,29,10,677.0,6770.0
2021070704014642,UPPER,26,29,65,677.0,44005.0
2021070704014641,UPPER,26,16,35,677.0,23695.0
2021070704014630,UPPER,58,16,10,677.0,6770.0
2021070704014759,UPPER,47,21,500,678.0,339000.0
2021070704014758,UPPER,42,21,50,678.0,33900.0
2021070704014754,UPPER,34,53,50,677.0,33850.0
2021070704014746,UPPER,34,21,30,678.0,20340.0
2021070704014856,UPPER,25,45,10,677.0,6770.0
2021070704014855,UPPER,47,45,10,677.0,6770.0
2021070704014854,UPPER,45,45,50,677.0,33850.0
2021070704014853,UPPER,38,45,10,677.0,6770.0
2021070704014852,UPPER,34,45,25,677.0,16925.0
2021070704013917,AHPC,32,45,10,429.0,4290.0
2021070704013905,AHPC,49,36,171,423.0,72333.0
2021070704013904,AHPC,52,36,100,423.0,42300.0
2021070704013903,AHPC,57,36,100,424.0,42400.0
2021070704013902,AHPC,5,36,240,424.0,101760.0
2021070704013901,AHPC,56,36,10,424.0,4240.0
2021070704013900,AHPC,43,36,50,424.0,21200.0
2021070704013899,AHPC,50,36,50,424.0,21200.0
2021070704014201,AIL,38,32,10,793.0,7930.0
2021070704013955,AIL,38,59,10,793.0,7930.0
2021070704014318,AKJCL,14,1,94,255.0,23970.0
2021070704014317,AKJCL,34,1,400,255.0,102000.0
2021070704014316,AKJCL,25,1,100,255.0,25500.0
2021070704014315,AKJCL,59,1,100,255.0,25500.0
2021070704014314,AKJCL,13,1,316,255.0,80580.0
2021070704014389,AKPL,58,58,53,424.0,22472.0
2021070704014388,AKPL,58,58,27,424.0,11448.0
2021070704014387,AKPL,22,58,20,425.0,8500.0
2021070704014324,AKPL,22,58,30,425.0,12750.0
2021070704014188,AKPL,57,58,10,425.0,4250.0
2021070704014187,AKPL,38,58,100,425.0,42500.0
2021070704014186,AKPL,17,58,50,425.0,21250.0
2021070704014185,AKPL,21,58,100,425.0,42500.0
2021070704014184,AKPL,42,58,50,425.0,21250.0
2021070704014183,AKPL,33,58,120,425.0,51000.0
2021070704014178,AKPL,33,1,30,425.0,12750.0
2021070704014281,API,20,25,155,360.0,55800.0
2021070704014280,API,45,25,200,360.0,72000.0
2021070704014279,API,21,25,50,360.0,18000.0
2021070704014278,API,10,25,200,360.0,72000.0
2021070704014277,API,14,25,500,360.0,180000.0
2021070704014276,API,59,25,100,360.0,36000.0
2021070704013931,API,45,16,20,361.0,7220.0
2021070704014009,API,14,33,100,360.0,36000.0
2021070704013963,API,54,25,100,360.0,36000.0
2021070704013962,API,56,25,100,360.0,36000.0
2021070704013961,API,45,25,600,360.0,216000.0
2021070704013937,API,6,29,170,362.0,61540.0
2021070704013936,API,6,16,30,361.0,10830.0
2021070704014130,API,25,29,27,362.0,9774.0
2021070704014061,API,56,38,20,360.0,7200.0
2021070704014048,API,16,38,20,360.0,7200.0
2021070704014047,API,39,38,10,360.0,3600.0
2021070704014019,API,39,34,190,360.0,68400.0
2021070704014018,API,39,34,10,360.0,3600.0
2021070704014275,API,19,25,990,360.0,356400.0
2021070704014274,API,7,25,275,360.0,99000.0
2021070704014273,API,59,25,100,360.0,36000.0
2021070704014272,API,3,25,930,361.0,335730.0
2021070704014263,API,3,32,70,361.0,25270.0
2021070704014181,API,58,29,30,362.0,10860.0
2021070704014258,BARUN,20,29,259,506.0,131054.0
2021070704014257,BARUN,20,6,20,505.0,10100.0
2021070704014256,BARUN,20,34,10,505.0,5050.0
2021070704014255,BARUN,20,58,50,504.0,25200.0
2021070704014254,BARUN,20,22,20,504.0,10080.0
2021070704014253,BARUN,20,17,10,504.0,5040.0
2021070704014252,BARUN,20,34,10,504.0,5040.0
2021070704014251,BARUN,20,20,10,504.0,5040.0
2021070704014250,BARUN,20,58,500,504.0,252000.0
2021070704014249,BARUN,20,11,11,504.0,5544.0
2021070704014248,BARUN,20,1,100,503.0,50300.0
2021070704014014,BBC,22,41,10,5683.0,56830.0
2021070704013906,BBC,45,51,28,5600.0,156800.0
2021070704014246,BPCL,22,34,10,498.0,4980.0
2021070704014182,BPCL,50,57,100,497.0,49700.0
2021070704014078,BPCL,21,34,100,498.0,49800.0
2021070704013935,BPCL,17,34,200,497.0,99400.0
2021070704014323,CHCL,41,32,25,648.0,16200.0
2021070704014322,CHCL,13,32,25,648.0,16200.0
2021070704014195,CHCL,45,57,50,649.0,32450.0
2021070704014194,CHCL,45,8,20,649.0,12980.0
2021070704013916,CHCL,22,8,20,649.0,12980.0
2021070704014072,CHL,58,6,"1,278",442.0,564876.0
2021070704014054,CHL,36,6,100,442.0,44200.0
2021070704014042,CHL,58,6,"3,621",442.0,1600482.0
2021070704014028,CHL,58,58,990,442.0,437580.0
2021070704014027,CHL,38,58,10,443.0,4430.0
2021070704013928,CHL,38,4,10,444.0,4440.0
2021070704014283,GIC,42,38,10,678.0,6780.0
2021070704013938,GIC,42,45,100,678.0,67800.0
2021070704014203,GIC,42,52,100,678.0,67800.0
2021070704014141,GIC,42,46,10,678.0,6780.0
2021070704013979,GIC,42,45,100,678.0,67800.0
2021070704014261,GLH,55,45,50,344.0,17200.0
2021070704014164,GLH,39,46,10,343.0,3430.0
2021070704014129,GLH,6,45,200,344.0,68800.0
2021070704014025,GLH,39,41,10,343.0,3430.0
2021070704014012,GLH,39,50,10,343.0,3430.0
2021070704013978,GLH,39,41,10,343.0,3430.0
2021070704013972,GLH,34,45,20,344.0,6880.0
2021070704013945,GLH,39,57,10,343.0,3430.0
2021070704013912,GLH,39,44,10,343.0,3430.0
2021070704013893,GLH,39,41,10,343.0,3430.0
2021070704014390,HDHPC,42,29,500,254.0,127000.0
2021070704014196,HDHPC,22,29,50,254.0,12700.0
2021070704014066,HDHPC,59,58,50,254.0,12700.0
2021070704014044,HDHPC,45,45,90,253.0,22770.0
2021070704014043,HDHPC,46,45,10,253.0,2530.0
2021070704014034,HDHPC,49,58,250,255.0,63750.0
2021070704014000,HDHPC,49,28,460,254.0,116840.0
2021070704013934,HDHPC,49,28,540,254.0,137160.0
2021070704013933,HDHPC,49,8,210,254.0,53340.0
2021070704013932,HDHPC,49,5,250,254.0,63500.0
2021070704013924,HDHPC,49,56,290,253.0,73370.0
2021070704013913,HDHPC,42,56,170,253.0,43010.0
2021070704014166,HPPL,6,42,180,396.0,71280.0
2021070704014165,HPPL,6,35,20,395.0,7900.0
2021070704014202,HURJA,43,58,20,334.0,6680.0
2021070704014127,HURJA,43,16,100,334.0,33400.0
2021070704014137,JOSHI,40,50,20,262.0,5240.0
2021070704014136,JOSHI,40,53,20,262.0,5240.0
2021070704014135,JOSHI,40,22,20,262.0,5240.0
2021070704013910,KPCL,21,45,100,416.0,41600.0
2021070704014062,KPCL,29,45,400,416.0,166400.0
2021070704014311,LEC,4,36,10,334.0,3340.0
2021070704014013,LEC,58,46,10,340.0,3400.0
2021070704013954,LEC,19,44,10,335.0,3350.0
2021070704013929,LEC,19,7,10,335.0,3350.0
2021070704013947,LEMF,49,58,"12,000",13.95,167400.0
2021070704013946,LEMF,16,58,"5,000",14.0,70000.0
2021070704013914,MEN,55,55,10,834.0,8340.0
2021070704014004,MHNL,49,21,10,306.0,3060.0
2021070704014003,MHNL,41,21,250,306.0,76500.0
2021070704014002,MHNL,29,21,397,306.0,121482.0
2021070704013923,NEF,4,36,"11,886",14.3,169969.8
2021070704013922,NEF,4,41,"1,545",14.25,22016.25
2021070704013921,NEF,4,26,"1,127",14.24,16048.48
2021070704014207,NHPC,6,57,200,291.0,58200.0
2021070704014080,NHPC,19,44,350,292.0,102200.0
2021070704014057,NHPC,10,44,50,292.0,14600.0
2021070704014053,NICBF,17,22,200,13.5,2700.0
2021070704013956,NICGF,4,43,"11,400",15.0,171000.0
2021070704014239,NICL,48,49,18,1006.0,18108.0
2021070704014180,NICL,48,6,90,1006.0,90540.0
2021070704014179,NICL,52,6,110,1006.0,110660.0
2021070704014167,NICL,25,45,100,1007.0,100700.0
2021070704014139,NICL,28,45,100,1007.0,100700.0
2021070704014138,NICL,6,45,50,1007.0,50350.0
2021070704013974,NICL,42,45,10,1006.0,10060.0
2021070704013915,NICL,36,45,200,1006.0,201200.0
2021070704013911,NICL,48,45,100,1006.0,100600.0
2021070704013898,NICL,42,45,10,1006.0,10060.0
2021070704014124,NICL,22,45,10,1007.0,10070.0
2021070704014064,NICL,10,45,200,1007.0,201400.0
2021070704014063,NICL,6,45,30,1007.0,30210.0
2021070704014031,NICL,57,51,20,1008.0,20160.0
2021070704013976,NICL,52,45,230,1006.0,231380.0
2021070704013975,NICL,19,45,100,1006.0,100600.0
2021070704014313,NIL,26,57,50,1323.0,66150.0
2021070704014312,NIL,26,47,17,1323.0,22491.0
2021070704014133,NIL,59,10,5,1320.0,6600.0
2021070704014132,NIL,59,48,10,1320.0,13200.0
2021070704014007,NIL,14,36,60,1320.0,79200.0
2021070704013920,NIL,58,36,10,1320.0,13200.0
2021070704014050,NLG,50,13,55,1240.0,68200.0
2021070704013944,NLG,59,13,300,1240.0,372000.0
2021070704013943,NLG,6,13,935,1240.0,1159400.0
2021070704013942,NLG,25,13,65,1240.0,80600.0
2021070704013941,NLG,41,13,20,1241.0,24820.0
2021070704013940,NLG,54,13,25,1241.0,31025.0
2021070704013939,NLG,53,13,100,1241.0,124100.0
2021070704014144,NMBHF1,4,37,"1,314",13.4,17607.6
2021070704013897,NMBHF1,4,19,"1,248",13.4,16723.2
2021070704013896,NMBHF1,4,41,"4,000",13.4,53600.0
2021070704013895,NMBHF1,4,35,261,13.4,3497.4
2021070704013894,NMBHF1,4,37,"4,832",13.39,64700.48
2021070704013969,OHL,17,34,"2,500",705.0,1762500.0
2021070704014059,PPCL,10,44,10,326.0,3260.0
2021070704014392,RADHI,20,57,30,724.0,21720.0
2021070704014391,RADHI,4,57,13,724.0,9412.0
2021070704014158,RADHI,4,21,55,724.0,39820.0
2021070704014157,RADHI,4,43,32,724.0,23168.0
2021070704014056,RADHI,51,43,10,724.0,7240.0
2021070704014045,RADHI,20,43,38,724.0,27512.0
2021070704014017,RADHI,45,43,70,724.0,50680.0
2021070704014016,RADHI,45,45,150,724.0,108600.0
2021070704014015,RADHI,45,42,80,724.0,57920.0
2021070704013919,RADHI,34,42,20,724.0,14480.0
2021070704014125,RHPC,40,58,50,502.0,25100.0
2021070704014023,RHPC,57,33,136,503.0,68408.0
2021070704013951,RHPC,57,39,480,503.0,241440.0
2021070704014310,RHPL,58,45,140,428.0,59920.0
2021070704014198,RHPL,58,45,40,428.0,17120.0
2021070704014079,RHPL,58,17,20,428.0,8560.0
2021070704014076,RHPL,45,44,10,426.0,4260.0
2021070704014071,RRHP,33,58,335,351.0,117585.0
2021070704014070,RRHP,39,58,25,351.0,8775.0
2021070704014069,RRHP,58,58,100,351.0,35100.0
2021070704014068,RRHP,28,58,20,351.0,7020.0
2021070704014067,RRHP,42,58,20,352.0,7040.0
2021070704014030,RRHP,57,57,10,356.0,3560.0
2021070704014282,SEF,47,22,"17,447",13.75,239896.25
2021070704013999,SGI,49,13,60,715.0,42900.0
