Transact. No.,Symbol,Buyer,Seller,Quantity,Rate,Amount
2021070404019288,AHPC,36,26,100,447.0,44700.0
2021070404019210,AHPC,6,45,200,445.0,89000.0
2021070404018978,AHPC,21,53,100,443.0,44300.0
2021070404018927,AHPC,45,33,500,442.0,221000.0
2021070404019192,AHPC,36,26,600,447.0,268200.0
2021070404019191,AHPC,36,22,200,446.0,89200.0
2021070404019101,AHPC,6,52,10,445.0,4450.0
2021070404019100,AHPC,6,36,990,445.0,440550.0
2021070404019046,AHPC,6,38,55,443.0,24365.0
2021070404018991,AHPC,6,55,20,443.0,8860.0
2021070404019044,AIL,35,21,70,810.0,56700.0
2021070404019043,AIL,57,21,30,811.0,24330.0
2021070404019042,AIL,29,21,30,811.0,24330.0
2021070404018856,AIL,29,51,10,811.0,8110.0
2021070404018946,AKJCL,46,17,62,265.0,16430.0
2021070404018885,AKJCL,46,11,20,265.0,5300.0
2021070404019086,AKPL,44,6,500,427.0,213500.0
2021070404018865,AKPL,7,48,300,428.0,128400.0
2021070404019290,API,19,51,10,378.0,3780.0
2021070404019289,API,59,51,10,378.0,3780.0
2021070404019264,API,48,58,11,375.0,4125.0
2021070404019263,API,17,58,50,375.0,18750.0
2021070404019262,API,36,58,50,376.0,18800.0
2021070404019129,API,52,8,10,375.0,3750.0
2021070404018933,API,45,38,"2,000",375.0,750000.0
2021070404018920,API,57,38,17,375.0,6375.0
2021070404018899,API,43,38,"1,000",375.0,375000.0
2021070404018894,API,45,38,50,375.0,18750.0
2021070404018870,API,14,38,245,375.0,91875.0
2021070404018859,API,47,38,500,375.0,187500.0
2021070404019014,API,52,17,730,375.0,273750.0
2021070404019013,API,42,17,270,375.0,101250.0
2021070404019003,API,42,38,130,375.0,48750.0
2021070404018990,API,49,38,500,375.0,187500.0
2021070404018958,API,6,38,500,375.0,187500.0
2021070404018955,API,41,34,10,374.0,3740.0
2021070404019116,BARUN,20,32,70,528.0,36960.0
2021070404019082,BARUN,47,41,127,526.0,66802.0
2021070404019081,BARUN,45,41,227,526.0,119402.0
2021070404019119,BARUN,20,16,119,532.0,63308.0
2021070404019118,BARUN,20,54,11,530.0,5830.0
2021070404019117,BARUN,20,58,50,530.0,26500.0
2021070404019120,BBC,26,1,10,5345.0,53450.0
2021070404019327,BPCL,17,48,200,516.0,103200.0
2021070404019285,BPCL,21,48,50,516.0,25800.0
2021070404019275,BPCL,6,48,100,516.0,51600.0
2021070404018880,BPCL,1,49,50,516.0,25800.0
2021070404019230,BPCL,4,48,100,516.0,51600.0
2021070404019229,BPCL,51,48,190,516.0,98040.0
2021070404019228,BPCL,1,48,35,516.0,18060.0
2021070404019168,BPCL,1,55,15,516.0,7740.0
2021070404019135,BPCL,57,48,80,517.0,41360.0
2021070404019341,CGH,25,38,320,1562.0,499840.0
2021070404019340,CGH,45,38,100,1562.0,156200.0
2021070404019339,CGH,17,38,20,1565.0,31300.0
2021070404019338,CGH,32,38,10,1565.0,15650.0
2021070404019324,CGH,48,49,10,1569.0,15690.0
2021070404019189,CGH,55,34,10,1565.0,15650.0
2021070404018919,CGH,56,58,20,1565.0,31300.0
2021070404018918,CGH,56,4,100,1565.0,156500.0
2021070404019137,CGH,45,39,60,1562.0,93720.0
2021070404019059,CGH,45,49,10,1562.0,15620.0
2021070404019037,CGH,55,52,20,1570.0,31400.0
2021070404019006,CGH,45,50,30,1562.0,46860.0
2021070404019005,CGH,56,50,70,1565.0,109550.0
2021070404019004,CGH,56,35,10,1565.0,15650.0
2021070404019008,CHCL,49,50,55,656.0,36080.0
2021070404019316,CHL,34,42,147,424.0,62328.0
2021070404019039,CHL,58,42,100,424.0,42400.0
2021070404019038,CHL,58,45,300,424.0,127200.0
2021070404018863,CHL,34,55,100,423.0,42300.0
2021070404018980,EIC,51,38,530,743.0,393790.0
2021070404018869,EIC,51,58,10,743.0,7430.0
2021070404018868,EIC,51,57,300,743.0,222900.0
2021070404018884,GHL,35,7,33,284.0,9372.0
2021070404018883,GHL,35,42,17,284.0,4828.0
2021070404018877,GHL,34,56,189,282.0,53298.0
2021070404018891,GLH,5,49,10,359.0,3590.0
2021070404019345,HDHPC,49,56,10,272.0,2720.0
2021070404019321,HDHPC,17,56,10,272.0,2720.0
2021070404019295,HDHPC,47,56,100,272.0,27200.0
2021070404019294,HDHPC,49,56,20,272.0,5440.0
2021070404019190,HDHPC,59,56,210,273.0,57330.0
2021070404019134,HDHPC,45,50,50,272.0,13600.0
2021070404018855,HDHPC,45,29,"1,000",273.0,273000.0
2021070404019133,HDHPC,25,50,250,272.0,68000.0
2021070404019132,HDHPC,5,50,500,272.0,136000.0
2021070404018982,HDHPC,22,56,40,273.0,10920.0
2021070404018981,HDHPC,56,56,50,273.0,13650.0
2021070404018963,HDHPC,56,42,50,273.0,13650.0
2021070404018962,HDHPC,45,42,100,273.0,27300.0
2021070404019337,HGI,51,34,100,765.0,76500.0
2021070404019131,HPPL,42,45,10,407.0,4070.0
2021070404018928,HPPL,55,34,10,404.0,4040.0
2021070404018926,HPPL,55,11,10,404.0,4040.0
2021070404019136,JOSHI,51,57,100,280.0,28000.0
2021070404018973,JOSHI,47,57,500,280.0,140000.0
2021070404018972,JOSHI,43,57,50,280.0,14000.0
2021070404018971,JOSHI,49,57,245,280.0,68600.0
2021070404018970,JOSHI,51,57,100,280.0,28000.0
2021070404018969,JOSHI,58,57,40,280.0,11200.0
2021070404018968,JOSHI,1,57,100,280.0,28000.0
2021070404018967,JOSHI,21,57,30,280.0,8400.0
2021070404018966,JOSHI,36,57,500,280.0,140000.0
2021070404018965,JOSHI,58,57,100,280.0,28000.0
2021070404019308,KKHC,45,58,50,261.0,13050.0
2021070404019307,KKHC,21,58,50,261.0,13050.0
2021070404019306,KKHC,28,58,100,261.0,26100.0
2021070404019305,KKHC,51,58,50,261.0,13050.0
2021070404019304,KKHC,34,58,100,261.0,26100.0
2021070404019303,KKHC,41,58,300,262.0,78600.0
2021070404019302,KKHC,21,58,90,262.0,23580.0
2021070404019301,KKHC,57,58,20,262.0,5240.0
2021070404019300,KKHC,45,58,17,262.0,4454.0
2021070404019194,KKHC,37,59,261,263.0,68643.0
2021070404019009,KKHC,45,58,21,262.0,5502.0
2021070405000004,KLBSL,34,49,65,1625.0,105625.0
2021070405000003,KLBSL,34,32,20,1625.0,32500.0
2021070405000002,KLBSL,34,7,15,1625.0,24375.0
2021070405000001,KLBSL,52,16,10,1630.0,16300.0
2021070404019335,KPCL,48,56,10,436.0,4360.0
2021070404019010,KPCL,45,34,10,433.0,4330.0
2021070404019279,LEC,58,7,10,346.0,3460.0
2021070404019123,LEC,38,7,50,346.0,17300.0
2021070404019002,LEC,58,7,10,346.0,3460.0
2021070404018964,LEC,57,57,20,344.0,6880.0
2021070404018937,LEC,44,7,60,346.0,20760.0
2021070404019299,LGIL,45,48,30,771.0,23130.0
2021070404019298,LGIL,45,34,20,770.0,15400.0
2021070404019214,LGIL,34,48,120,771.0,92520.0
2021070404019213,LGIL,22,48,125,771.0,96375.0
2021070404019088,LGIL,22,34,25,771.0,19275.0
2021070404019087,LGIL,5,34,25,771.0,19275.0
2021070404019007,LGIL,49,38,100,774.0,77400.0
2021070404018952,LGIL,25,5,25,774.0,19350.0
2021070404018951,LGIL,34,5,163,774.0,126162.0
2021070404018950,LGIL,32,5,12,775.0,9300.0
2021070404018941,LUK,51,4,"7,410",12.22,90550.2
2021070404018940,LUK,1,4,"2,200",12.22,26884.0
2021070404018939,LUK,53,4,"10,390",12.23,127069.7
2021070404018893,LUK,53,46,600,12.23,7338.0
2021070404019193,MEN,46,29,20,835.0,16700.0
2021070404019227,NBF2,13,35,400,14.07,5628.0
2021070404019226,NBF2,13,38,100,14.04,1404.0
2021070404019225,NBF2,13,45,200,14.03,2806.0
2021070404019224,NBF2,13,56,300,14.03,4209.0
2021070404019286,NGPL,32,21,10,460.0,4600.0
2021070404019276,NGPL,7,21,50,460.0,23000.0
2021070404019211,NGPL,22,21,100,460.0,46000.0
2021070404019058,NGPL,48,21,10,460.0,4600.0
2021070404019041,NGPL,58,38,25,454.0,11350.0
2021070404019092,NHDL,47,28,45,422.0,18990.0
2021070404019091,NHDL,47,47,10,420.0,4200.0
2021070404018852,NHDL,57,34,10,418.0,4180.0
2021070404019346,NHPC,17,38,10,319.0,3190.0
2021070404019317,NHPC,45,38,10,319.0,3190.0
2021070404019260,NHPC,32,38,100,319.0,31900.0
2021070404019259,NHPC,25,38,155,319.0,49445.0
2021070404019258,NHPC,14,38,50,319.0,15950.0
2021070404019257,NHPC,57,38,200,319.0,63800.0
2021070404018954,NHPC,38,59,25,320.0,8000.0
2021070404018925,NHPC,22,59,100,320.0,32000.0
2021070404018900,NHPC,28,59,10,320.0,3200.0
2021070404018896,NHPC,1,59,100,320.0,32000.0
2021070404018895,NHPC,51,59,200,320.0,64000.0
2021070404018890,NHPC,49,59,100,320.0,32000.0
2021070404018985,NHPC,42,59,100,320.0,32000.0
2021070404018984,NHPC,58,59,765,320.0,244800.0
2021070404018961,NHPC,5,59,360,320.0,115200.0
2021070404018960,NHPC,5,14,150,320.0,48000.0
2021070404018959,NHPC,5,59,490,320.0,156800.0
2021070404018956,NHPC,32,11,47,319.0,14993.0
2021070404019097,NHPC,10,49,500,320.0,160000.0
2021070404019096,NHPC,10,10,200,320.0,64000.0
2021070404019095,NHPC,10,45,20,320.0,6400.0
2021070404019094,NHPC,10,38,"1,000",320.0,320000.0
2021070404019093,NHPC,10,59,775,320.0,248000.0
2021070404019030,NHPC,32,8,10,319.0,3190.0
2021070404019177,NHPC,50,52,280,319.0,89320.0
2021070404019176,NHPC,57,52,50,319.0,15950.0
2021070404019175,NHPC,19,52,100,319.0,31900.0
2021070404019174,NHPC,32,52,443,319.0,141317.0
2021070404019145,NHPC,58,49,235,320.0,75200.0
2021070404019098,NHPC,10,49,505,320.0,161600.0
2021070404019237,NHPC,7,45,195,319.0,62205.0
2021070404019212,NHPC,58,49,50,320.0,16000.0
2021070404019181,NHPC,7,52,807,319.0,257433.0
2021070404019180,NHPC,55,52,20,319.0,6380.0
2021070404019179,NHPC,21,52,100,319.0,31900.0
2021070404019178,NHPC,38,52,200,319.0,63800.0
2021070404019244,NHPC,58,38,95,319.0,30305.0
2021070404019243,NHPC,25,38,30,319.0,9570.0
2021070404019242,NHPC,41,38,300,319.0,95700.0
2021070404019241,NHPC,40,38,300,319.0,95700.0
2021070404019240,NHPC,10,38,500,319.0,159500.0
2021070404019239,NHPC,7,38,"1,998",319.0,637362.0
2021070404019250,NHPC,22,38,50,319.0,15950.0
2021070404019249,NHPC,11,38,300,319.0,95700.0
2021070404019248,NHPC,13,38,20,319.0,6380.0
2021070404019247,NHPC,10,38,200,319.0,63800.0
2021070404019246,NHPC,21,38,30,319.0,9570.0
2021070404019245,NHPC,42,38,100,319.0,31900.0
2021070404019256,NHPC,45,38,100,319.0,31900.0
2021070404019255,NHPC,34,38,500,319.0,159500.0
2021070404019254,NHPC,6,38,50,319.0,15950.0
2021070404019253,NHPC,49,38,"1,000",319.0,319000.0
2021070404019252,NHPC,45,38,100,319.0,31900.0
2021070404019251,NHPC,41,38,10,319.0,3190.0
2021070404019217,NIBLPF,59,56,100,14.85,1485.0
2021070404019216,NIBLPF,59,44,"1,000",14.84,14840.0
2021070404019344,NICL,58,45,20,1125.0,22500.0
2021070404019333,NICL,28,45,20,1125.0,22500.0
2021070404019328,NICL,42,43,22,1116.0,24552.0
2021070404019171,NICL,35,35,10,1128.0,11280.0
2021070404019084,NICL,4,33,40,1115.0,44600.0
2021070404019083,NICL,57,33,60,1125.0,67500.0
2021070404018897,NICL,45,52,20,1110.0,22200.0
2021070404018888,NICL,36,52,150,1110.0,166500.0
2021070404018886,NICL,53,52,50,1110.0,55500.0
2021070404018882,NICL,41,52,100,1110.0,111000.0
2021070404018906,NICL,20,38,100,1118.0,111800.0
2021070404018905,NICL,20,5,100,1118.0,111800.0
2021070404018904,NICL,20,56,130,1115.0,144950.0
2021070404018903,NICL,20,52,151,1110.0,167610.0
2021070404018902,NICL,20,13,50,1109.0,55450.0
2021070404018898,NICL,57,13,50,1109.0,55450.0
2021070404018912,NICL,20,46,200,1130.0,226000.0
2021070404018911,NICL,20,43,110,1130.0,124300.0
2021070404018910,NICL,20,43,200,1129.0,225800.0
2021070404018909,NICL,20,43,400,1128.0,451200.0
2021070404018908,NICL,20,3,870,1127.0,980490.0
2021070404018907,NICL,20,28,90,1125.0,101250.0
2021070404018989,NICL,10,5,"1,000",1128.0,1128000.0
2021070404018917,NICL,20,38,50,1132.0,56600.0
2021070404018916,NICL,20,59,20,1132.0,22640.0
2021070404018915,NICL,20,54,275,1132.0,311300.0
2021070404018914,NICL,20,53,200,1131.0,226200.0
2021070404018913,NICL,20,57,50,1130.0,56500.0
2021070404019319,NIL,4,49,18,1393.0,25074.0
2021070404019318,NIL,42,49,30,1394.0,41820.0
2021070404019235,NIL,4,7,282,1393.0,392826.0
2021070404019234,NIL,49,7,10,1393.0,13930.0
2021070404019233,NIL,36,7,158,1395.0,220410.0
2021070404019232,NIL,36,6,22,1395.0,30690.0
2021070404018862,NIL,33,35,20,1395.0,27900.0
2021070404018861,NIL,53,35,70,1395.0,97650.0
2021070404018854,NIL,53,57,10,1395.0,13950.0
2021070404018853,NIL,52,57,50,1395.0,69750.0
2021070404018947,NIL,21,48,10,1395.0,13950.0
2021070404018945,NIL,45,48,30,1395.0,41850.0
2021070404018936,NIL,22,29,74,1397.0,103378.0
2021070404018935,NIL,22,41,10,1396.0,13960.0
2021070404018879,NIL,5,41,12,1396.0,16752.0
2021070404018878,NIL,5,35,10,1395.0,13950.0
2021070404019127,NIL,21,35,30,1394.0,41820.0
2021070404019126,NIL,50,35,10,1394.0,13940.0
2021070404019125,NIL,35,35,30,1394.0,41820.0
2021070404019124,NIL,20,35,20,1394.0,27880.0
2021070404019065,NIL,52,58,34,1395.0,47430.0
2021070404019064,NIL,52,48,60,1395.0,83700.0
2021070404019231,NIL,57,6,28,1395.0,39060.0
2021070404019219,NIL,57,44,30,1395.0,41850.0
2021070404019218,NIL,57,35,42,1394.0,58548.0
2021070404019170,NIL,53,35,20,1394.0,27880.0
2021070404019153,NIL,49,35,38,1394.0,52972.0
2021070404019128,NIL,21,35,10,1394.0,13940.0
2021070404019271,NLG,25,44,49,1298.0,63602.0
2021070404019270,NLG,25,56,11,1290.0,14190.0
2021070404019269,NLG,25,26,290,1274.0,369460.0
2021070404019151,NLG,4,26,10,1274.0,12740.0
2021070404019012,NMB50,33,34,"4,100",15.09,61869.0
2021070404018872,NMB50,33,8,"20,650",15.09,311608.5
2021070404018871,NMB50,48,8,"26,350",15.09,397621.5
2021070404019336,OHL,59,14,150,730.0,109500.0
2021070404019332,OHL,39,14,10,730.0,7300.0
2021070404019150,OHL,39,37,13,730.0,9490.0
2021070404019149,OHL,39,11,30,730.0,21900.0
2021070404019130,OHL,52,49,33,727.0,23991.0
2021070404019045,OHL,59,49,150,727.0,109050.0
2021070404019011,OHL,39,49,10,727.0,7270.0
2021070404018930,OHL,58,36,50,726.0,36300.0
2021070404018867,OHL,58,55,180,725.0,130500.0
2021070404019272,PIC,13,37,15,1196.0,17940.0
2021070404019309,PICL,58,26,10,809.0,8090.0
2021070404019115,PICL,35,34,645,801.0,516645.0
2021070404019114,PICL,3,34,200,801.0,160200.0
2021070404019113,PICL,34,34,100,802.0,80200.0
2021070404019112,PICL,13,34,10,802.0,8020.0
2021070404019111,PICL,34,34,50,802.0,40100.0
2021070404019110,PICL,34,34,60,802.0,48120.0
2021070404019109,PICL,5,34,100,802.0,80200.0
2021070404019108,PICL,41,34,300,805.0,241500.0
2021070404019107,PICL,6,34,10,805.0,8050.0
2021070404019106,PICL,57,34,25,805.0,20125.0
2021070404019293,PMHPL,55,6,30,275.0,8250.0
2021070404019292,PMHPL,48,6,20,275.0,5500.0
2021070404019291,PMHPL,52,6,50,280.0,14000.0
2021070404019034,PMHPL,48,6,30,275.0,8250.0
2021070404019033,PMHPL,41,6,20,275.0,5500.0
2021070404019032,PMHPL,41,6,30,276.0,8280.0
2021070404019031,PMHPL,21,6,20,278.0,5560.0
2021070404019144,PPCL,45,41,10,350.0,3500.0
2021070404019143,PPCL,45,58,10,350.0,3500.0
2021070404019142,PPCL,45,42,30,348.0,10440.0
2021070404019141,PPCL,45,42,30,348.0,10440.0
2021070404019140,PPCL,45,52,20,348.0,6960.0
2021070404019139,PPCL,45,42,110,346.0,38060.0
2021070404019161,PRIN,59,32,81,963.0,78003.0
2021070404019160,PRIN,59,45,86,963.0,82818.0
2021070404019159,PRIN,59,48,200,959.0,191800.0
2021070404019158,PRIN,59,48,200,955.0,191000.0
2021070404019157,PRIN,59,42,100,955.0,95500.0
2021070404019156,PRIN,59,39,93,955.0,88815.0
2021070404019155,PRIN,59,13,40,954.0,38160.0
2021070404019104,PRIN,35,47,90,953.0,85770.0
2021070404019103,PRIN,35,47,10,953.0,9530.0
2021070404018866,PRIN,38,13,10,954.0,9540.0
2021070404019323,RADHI,29,18,27,775.0,20925.0
2021070404019322,RADHI,42,18,23,775.0,17825.0
2021070404019105,RADHI,42,45,150,775.0,116250.0
2021070404019080,RADHI,42,57,27,775.0,20925.0
2021070404019079,RADHI,42,57,65,775.0,50375.0
2021070404019078,RADHI,32,57,50,775.0,38750.0
2021070404018923,RADHI,45,16,250,775.0,193750.0
2021070404018922,RADHI,45,57,247,775.0,191425.0
2021070404018921,RADHI,45,57,253,775.0,196075.0
2021070404018851,RADHI,45,42,10,775.0,7750.0
2021070404019071,RADHI,42,57,50,775.0,38750.0
2021070404019070,RADHI,45,57,423,775.0,327825.0
2021070404019047,RADHI,45,38,40,775.0,31000.0
2021070404019028,RADHI,45,36,400,775.0,310000.0
2021070404018999,RADHI,45,51,100,775.0,77500.0
2021070404018938,RADHI,45,58,40,775.0,31000.0
2021070404019077,RADHI,14,57,20,775.0,15500.0
2021070404019076,RADHI,49,57,20,775.0,15500.0
2021070404019075,RADHI,56,57,200,775.0,155000.0
2021070404019074,RADHI,18,57,100,775.0,77500.0
2021070404019073,RADHI,54,57,20,775.0,15500.0
2021070404019072,RADHI,57,57,25,775.0,19375.0
2021070404019334,RBCL,7,35,10,20290.0,202900.0
2021070404019310,RHPC,48,55,20,531.0,10620.0
2021070404019281,RHPC,48,51,25,531.0,13275.0
2021070404019280,RHPC,42,51,115,531.0,61065.0
2021070404019188,RHPC,56,51,10,538.0,5380.0
2021070404018929,RHPC,42,58,100,531.0,53100.0
2021070404019287,RHPL,38,49,70,444.0,31080.0
2021070404019102,RHPL,58,17,400,443.0,177200.0
2021070404019069,RHPL,45,16,100,444.0,44400.0
2021070404019068,RHPL,45,50,40,444.0,17760.0
2021070404019067,RHPL,45,34,54,444.0,23976.0
2021070404019040,RHPL,58,34,100,444.0,44400.0
2021070404019029,RHPL,58,39,80,443.0,35440.0
2021070404018857,RHPL,58,20,"2,500",443.0,1107500.0
2021070404019343,RRHP,6,22,10,368.0,3680.0
2021070404019342,RRHP,6,44,190,368.0,69920.0
2021070404019184,RRHP,36,44,10,368.0,3680.0
2021070404019183,RRHP,36,49,90,366.0,32940.0
2021070404018988,RRHP,25,49,25,366.0,9150.0
2021070404018987,RRHP,41,49,10,366.0,3660.0
2021070404018881,RRHP,41,53,50,366.0,18300.0
2021070404019085,SAEF,49,49,"9,000",16.52,148680.0
2021070404018942,SEF,47,22,600,13.85,8310.0
2021070404019056,SFMF,21,36,"1,000",15.7,15700.0
2021070404019315,SGI,59,53,27,721.0,19467.0
2021070404019314,SGI,5,53,40,721.0,28840.0
2021070404019313,SGI,34,53,50,721.0,36050.0
2021070404019312,SGI,42,53,13,721.0,9373.0
2021070404019311,SGI,13,53,60,721.0,43260.0
2021070404019001,SGI,32,35,10,722.0,7220.0
2021070404018948,SGI,13,51,10,721.0,7210.0
2021070404019268,SHL,38,48,825,277.0,228525.0
2021070404019267,SHL,47,48,100,277.0,27700.0
2021070404019266,SHL,58,48,175,277.0,48475.0
2021070404019265,SHL,57,48,500,277.0,138500.0
2021070404019187,SHL,19,50,100,277.0,27700.0
2021070404019186,SHL,38,50,100,277.0,27700.0
2021070404019185,SHL,55,50,100,277.0,27700.0
2021070404018887,SHL,46,39,400,278.0,111200.0
2021070404019273,SHPC,45,34,241,477.0,114957.0
2021070404019090,SHPC,16,52,47,476.0,22372.0
2021070404019089,SHPC,44,34,50,477.0,23850.0
2021070404019169,SIC,41,17,100,1358.0,135800.0
2021070404018992,SIC,16,17,30,1358.0,40740.0
2021070404018949,SIC,14,17,50,1358.0,67900.0
2021070404019222,SICL,25,38,30,1982.0,59460.0
2021070404019221,SICL,47,38,100,1982.0,198200.0
2021070404019220,SICL,58,38,80,1982.0,158560.0
2021070404019062,SICL,38,38,50,1983.0,99150.0
2021070404019061,SICL,50,38,50,1983.0,99150.0
2021070404019055,SICL,50,57,50,1983.0,99150.0
2021070404019054,SICL,52,57,50,1983.0,99150.0
2021070404019053,SICL,52,45,50,1983.0,99150.0
2021070404019182,SIL,26,42,50,1064.0,53200.0
2021070404018864,SIL,49,42,70,1064.0,74480.0
2021070404018858,SIL,49,35,30,1064.0,31920.0
2021070404019138,SJCL,32,34,20,422.0,8440.0
2021070404018996,SJCL,58,35,40,424.0,16960.0
2021070404018995,SJCL,58,58,20,423.0,8460.0
2021070404018994,SJCL,58,42,20,423.0,8460.0
2021070404018993,SJCL,58,52,10,423.0,4230.0
2021070404018986,SJCL,32,40,20,422.0,8440.0
2021070404018932,SJCL,32,3,10,422.0,4220.0
2021070404018931,SJCL,32,49,20,422.0,8440.0
2021070404019326,SPDL,44,44,150,406.0,60900.0
2021070404019057,SPDL,36,33,200,407.0,81400.0
2021070404019027,SPDL,45,29,200,405.0,81000.0
2021070404019000,SPDL,45,14,20,405.0,8100.0
2021070404018998,SPDL,45,55,37,405.0,14985.0
2021070404018983,SPDL,41,55,60,405.0,24300.0
2021070404019261,SSHL,57,58,415,312.0,129480.0
2021070404019063,SSHL,22,36,10,314.0,3140.0
2021070404019052,SSHL,58,47,300,311.0,93300.0
2021070404019051,SSHL,21,47,50,312.0,15600.0
2021070404019050,SSHL,58,47,400,312.0,124800.0
2021070404019049,SSHL,7,47,30,312.0,9360.0
2021070404019048,SSHL,26,47,220,312.0,68640.0
2021070404018977,SSHL,26,58,280,312.0,87360.0
2021070404018976,SSHL,42,58,10,312.0,3120.0
2021070404018975,SSHL,42,58,150,312.0,46800.0
2021070404018974,SSHL,52,58,60,312.0,18720.0
2021070404018957,SSHL,52,43,20,312.0,6240.0
2021070404019325,STC,47,4,10,9735.0,97350.0
2021070404019223,STC,26,17,10,9750.0,97500.0
2021070404019016,STC,6,17,10,9750.0,97500.0
2021070404019015,STC,49,17,100,9750.0,975000.0
2021070404018979,TRH,36,51,50,422.0,21100.0
2021070404018889,TRH,36,39,150,422.0,63300.0
2021070404018876,TRH,36,19,100,422.0,42200.0
2021070404019320,UMHL,49,46,10,354.0,3540.0
2021070404019060,UMHL,51,46,200,354.0,70800.0
2021070404018944,UMHL,48,46,75,354.0,26550.0
2021070404018943,UMHL,48,3,25,354.0,8850.0
2021070404018892,UMHL,55,42,40,353.0,14120.0
2021070404019209,UMRH,34,42,82,512.0,41984.0
2021070404019208,UMRH,34,57,10,510.0,5100.0
2021070404019207,UMRH,34,35,10,510.0,5100.0
2021070404019206,UMRH,34,36,10,508.0,5080.0
2021070404019205,UMRH,34,43,100,503.0,50300.0
2021070404019204,UMRH,34,22,20,500.0,10000.0
2021070404019197,UMRH,34,38,30,498.0,14940.0
2021070404019196,UMRH,34,21,430,495.0,212850.0
2021070404019195,UMRH,34,43,40,491.0,19640.0
2021070404019203,UMRH,34,57,110,500.0,55000.0
2021070404019202,UMRH,34,53,10,500.0,5000.0
2021070404019201,UMRH,34,19,50,500.0,25000.0
2021070404019200,UMRH,34,5,20,500.0,10000.0
2021070404019199,UMRH,34,45,58,499.0,28942.0
2021070404019198,UMRH,34,34,20,499.0,9980.0
2021070404019236,UNHPL,6,45,59,345.0,20355.0
2021070404019122,UNHPL,6,42,20,345.0,6900.0
2021070404018860,UNHPL,6,34,71,345.0,24495.0
2021070404019282,UPCL,4,57,60,294.0,17640.0
2021070404019274,UPCL,6,46,200,293.0,58600.0
2021070404019215,UPCL,52,57,200,294.0,58800.0
2021070404019173,UPCL,36,57,20,294.0,5880.0
2021070404019172,UPCL,36,46,40,294.0,11760.0
2021070404019099,UPCL,1,46,10,294.0,2940.0
2021070404019036,UPCL,6,22,85,293.0,24905.0
2021070404019035,UPCL,7,22,90,293.0,26370.0
2021070404018997,UPCL,7,58,100,293.0,29300.0
2021070404019331,UPPER,16,19,290,784.0,227360.0
2021070404019330,UPPER,58,19,200,784.0,156800.0
2021070404019329,UPPER,8,19,10,784.0,7840.0
2021070404019297,UPPER,51,49,21,783.0,16443.0
2021070404019296,UPPER,57,49,29,784.0,22736.0
2021070404018934,UPPER,17,17,500,784.0,392000.0
2021070404018924,UPPER,54,34,50,783.0,39150.0
2021070404018901,UPPER,33,44,200,784.0,156800.0
2021070404018875,UPPER,54,38,116,783.0,90828.0
2021070404018874,UPPER,50,38,170,783.0,133110.0
2021070404018873,UPPER,34,38,54,783.0,42282.0
2021070404019020,UPPER,46,17,10,783.0,7830.0
2021070404019019,UPPER,38,17,60,783.0,46980.0
2021070404019018,UPPER,11,17,100,783.0,78300.0
2021070404019017,UPPER,54,17,234,783.0,183222.0
2021070404018953,UPPER,54,44,100,783.0,78300.0
2021070404019026,UPPER,55,17,566,782.0,442612.0
2021070404019025,UPPER,43,17,350,783.0,274050.0
2021070404019024,UPPER,38,17,30,783.0,23490.0
2021070404019023,UPPER,26,17,50,783.0,39150.0
2021070404019022,UPPER,38,17,50,783.0,39150.0
2021070404019021,UPPER,58,17,50,783.0,39150.0
2021070404019152,UPPER,43,34,105,784.0,82320.0
2021070404019148,UPPER,43,58,54,784.0,42336.0
2021070404019147,UPPER,43,3,40,784.0,31360.0
2021070404019146,UPPER,43,36,50,784.0,39200.0
2021070404019121,UPPER,55,36,50,784.0,39200.0
2021070404019066,UPPER,43,35,100,783.0,78300.0
2021070404019166,UPPER,5,56,10,783.0,7830.0
2021070404019165,UPPER,50,56,87,783.0,68121.0
2021070404019164,UPPER,49,56,75,783.0,58725.0
2021070404019163,UPPER,36,56,300,783.0,234900.0
2021070404019162,UPPER,36,13,200,783.0,156600.0
2021070404019154,UPPER,43,43,101,784.0,79184.0
2021070404019284,UPPER,57,57,37,784.0,29008.0
2021070404019283,UPPER,57,52,149,784.0,116816.0
2021070404019278,UPPER,8,52,41,784.0,32144.0
2021070404019277,UPPER,8,43,89,784.0,69776.0
2021070404019238,UPPER,5,43,10,784.0,7840.0
2021070404019167,UPPER,51,56,28,783.0,21924.0
2021070404018731,AHPC,26,53,300,443.0,132900.0
2021070404018437,AHPC,45,49,100,442.0,44200.0
2021070404018400,AHPC,45,53,"2,000",442.0,884000.0
2021070404018375,AHPC,45,44,150,442.0,66300.0
2021070404018374,AHPC,17,44,150,442.0,66300.0
2021070404018355,AHPC,17,49,50,442.0,22100.0
2021070404018816,AIL,45,21,15,813.0,12195.0
2021070404018418,AKJCL,46,10,20,265.0,5300.0
2021070404018781,AKPL,44,6,200,427.0,85400.0
2021070404018777,AKPL,44,51,233,427.0,99491.0
2021070404018750,AKPL,41,48,10,428.0,4280.0
2021070404018644,AKPL,44,50,500,427.0,213500.0
2021070404018423,AKPL,44,50,650,427.0,277550.0
2021070404018422,AKPL,48,50,50,427.0,21350.0
2021070404018421,AKPL,28,50,200,427.0,85400.0
2021070404018420,AKPL,14,50,100,427.0,42700.0
2021070404018806,API,28,38,500,375.0,187500.0
2021070404018779,API,41,17,350,374.0,130900.0
2021070404018738,API,41,41,100,374.0,37400.0
2021070404018732,API,46,38,267,375.0,100125.0
2021070404018706,API,41,34,19,374.0,7106.0
2021070404018668,API,49,38,10,375.0,3750.0
2021070404018366,API,44,49,100,376.0,37600.0
2021070404018365,API,11,49,100,376.0,37600.0
2021070404018364,API,42,49,186,376.0,69936.0
2021070404018363,API,51,49,200,378.0,75600.0
2021070404018362,API,36,49,50,378.0,18900.0
2021070404018567,API,34,38,86,375.0,32250.0
2021070404018461,API,32,17,150,376.0,56400.0
2021070404018424,API,32,49,50,376.0,18800.0
2021070404018369,API,34,49,114,375.0,42750.0
2021070404018368,API,50,49,100,375.0,37500.0
2021070404018367,API,19,49,50,376.0,18800.0
2021070404018573,API,37,38,"1,000",375.0,375000.0
2021070404018572,API,45,38,30,375.0,11250.0
2021070404018571,API,38,38,50,375.0,18750.0
2021070404018570,API,48,38,100,375.0,37500.0
2021070404018569,API,58,38,30,375.0,11250.0
2021070404018568,API,26,38,100,375.0,37500.0
2021070404018579,API,57,38,100,375.0,37500.0
2021070404018578,API,55,38,100,375.0,37500.0
2021070404018577,API,26,38,100,375.0,37500.0
2021070404018576,API,33,38,500,375.0,187500.0
2021070404018575,API,45,38,50,375.0,18750.0
2021070404018574,API,45,38,100,375.0,37500.0
2021070404018585,API,55,38,100,375.0,37500.0
2021070404018584,API,34,38,200,375.0,75000.0
2021070404018583,API,1,38,500,375.0,187500.0
2021070404018582,API,26,38,100,375.0,37500.0
2021070404018581,API,53,38,10,375.0,3750.0
2021070404018580,API,59,38,50,375.0,18750.0
2021070404018658,API,49,38,180,375.0,67500.0
2021070404018627,API,14,38,50,375.0,18750.0
2021070404018589,API,52,38,100,375.0,37500.0
2021070404018588,API,29,38,35,375.0,13125.0
2021070404018587,API,26,38,70,375.0,26250.0
2021070404018586,API,49,38,40,375.0,15000.0
2021070404018662,BARUN,45,57,100,526.0,52600.0
2021070404018648,BARUN,19,45,"1,000",530.0,530000.0
2021070404018430,BARUN,45,14,73,526.0,38398.0
2021070404018429,BARUN,21,14,100,527.0,52700.0
2021070404018428,BARUN,45,14,27,527.0,14229.0
2021070404018789,BPCL,17,21,85,515.0,43775.0
2021070404018788,BPCL,38,21,15,516.0,7740.0
2021070404018753,BPCL,38,14,25,516.0,12900.0
2021070404018705,BPCL,52,50,450,516.0,232200.0
2021070404018704,BPCL,52,45,100,516.0,51600.0
2021070404018703,BPCL,52,13,800,516.0,412800.0
2021070404018379,BPCL,39,51,100,515.0,51500.0
2021070404018636,BPCL,17,48,230,515.0,118450.0
2021070404018635,BPCL,39,48,270,515.0,139050.0
2021070404018702,BPCL,52,13,500,516.0,258000.0
2021070404018701,BPCL,52,34,165,516.0,85140.0
2021070404018700,BPCL,52,6,47,516.0,24252.0
2021070404018634,CGH,41,7,100,1560.0,156000.0
2021070404018633,CGH,34,7,100,1560.0,156000.0
2021070404018632,CGH,36,7,100,1561.0,156100.0
2021070404018696,CHCL,48,50,25,656.0,16400.0
2021070404018695,CHCL,29,50,10,656.0,6560.0
2021070404018694,CHCL,53,50,60,656.0,39360.0
2021070404018693,CHCL,32,50,250,656.0,164000.0
2021070404018455,CHCL,32,14,750,656.0,492000.0
2021070404018454,CHCL,52,14,400,656.0,262400.0
2021070404018453,CHCL,48,14,50,656.0,32800.0
2021070404018780,CHL,59,55,10,425.0,4250.0
2021070404018661,CHL,3,55,86,425.0,36550.0
2021070404018660,CHL,3,45,100,425.0,42500.0
2021070404018659,CHL,3,41,14,425.0,5950.0
2021070404018458,CHL,34,50,60,425.0,25500.0
2021070404018457,CHL,34,55,40,425.0,17000.0
2021070404018415,CHL,51,55,60,425.0,25500.0
2021070404018739,GHL,58,42,13,284.0,3692.0
2021070404018591,GIC,39,45,10,698.0,6980.0
2021070404018436,GIC,32,57,10,692.0,6920.0
2021070404018371,GIC,39,42,20,695.0,13900.0
2021070404018839,GIMES1,4,14,600,19.48,11688.0
2021070404018838,GIMES1,4,4,"2,400",19.48,46752.0
2021070404018837,GIMES1,4,13,"2,000",19.46,38920.0
2021070404018850,GLH,54,22,50,360.0,18000.0
2021070404018751,GLH,51,46,10,359.0,3590.0
2021070404018737,GLH,51,38,10,359.0,3590.0
2021070404018645,GLH,13,22,50,360.0,18000.0
2021070404018450,GLH,21,22,80,360.0,28800.0
2021070404018449,GLH,35,22,100,360.0,36000.0
2021070404018448,GLH,58,22,95,360.0,34200.0
2021070404018447,GLH,34,22,50,360.0,18000.0
2021070404018446,GLH,34,22,40,360.0,14400.0
2021070404018776,HDHPC,45,56,"1,000",273.0,273000.0
2021070404018649,HDHPC,49,1,10,274.0,2740.0
2021070404018640,HDHPC,45,4,40,273.0,10920.0
2021070404018631,HDHPC,49,1,40,274.0,10960.0
2021070404018427,HDHPC,45,14,10,273.0,2730.0
2021070404018642,HPPL,55,29,400,404.0,161600.0
2021070404018460,IGI,26,22,60,1202.0,72120.0
2021070404018380,IGI,26,22,14,1202.0,16828.0
2021070404018741,IGI,49,14,50,1205.0,60250.0
2021070404018472,JOSHI,56,57,85,281.0,23885.0
2021070404018471,JOSHI,34,57,20,281.0,5620.0
2021070404018848,KEF,35,40,100,10.1,1010.0
2021070404018734,KKHC,45,38,62,262.0,16244.0
2021070404018733,KKHC,34,38,48,262.0,12576.0
2021070404018743,LEC,57,16,10,344.0,3440.0
2021070404018742,LEC,6,16,90,344.0,30960.0
2021070404018740,LEC,45,7,10,346.0,3460.0
2021070404018405,LEC,44,7,50,346.0,17300.0
2021070404018404,LEC,44,45,20,346.0,6920.0
2021070404018399,LEC,6,51,10,346.0,3460.0
2021070404018398,LEC,6,46,40,346.0,13840.0
2021070404018775,LEMF,16,34,"10,000",13.63,136300.0
2021070404018618,LEMF,16,34,"2,348",13.63,32003.24
2021070404018617,LEMF,16,26,"7,652",13.62,104220.24
2021070404018729,LGIL,34,38,237,774.0,183438.0
2021070404018592,LUK,53,42,"1,000",12.23,12230.0
2021070404018359,NEF,7,10,"1,000",14.3,14300.0
2021070404018358,NEF,7,49,241,14.3,3446.3
2021070404018357,NEF,7,49,241,14.3,3446.3
2021070404018356,NEF,7,58,"1,448",14.3,20706.4
2021070404018622,NGPL,11,29,47,453.0,21291.0
2021070404018352,NGPL,46,29,165,455.0,75075.0
2021070404018431,NHDL,47,57,45,419.0,18855.0
2021070404018774,NHPC,57,38,200,320.0,64000.0
2021070404018771,NHPC,7,38,50,320.0,16000.0
2021070404018770,NHPC,28,38,500,320.0,160000.0
2021070404018769,NHPC,22,38,500,320.0,160000.0
2021070404018768,NHPC,13,38,300,320.0,96000.0
2021070404018767,NHPC,36,38,"1,500",320.0,480000.0
2021070404018391,NHPC,41,59,30,320.0,9600.0
2021070404018390,NHPC,52,59,100,320.0,32000.0
2021070404018389,NHPC,41,59,65,320.0,20800.0
2021070404018387,NHPC,28,38,10,321.0,3210.0
2021070404018397,NHPC,58,7,"1,450",320.0,464000.0
2021070404018396,NHPC,58,59,"2,131",320.0,681920.0
2021070404018395,NHPC,26,59,50,320.0,16000.0
2021070404018394,NHPC,21,59,50,320.0,16000.0
2021070404018393,NHPC,52,59,74,320.0,23680.0
2021070404018392,NHPC,42,59,500,320.0,160000.0
2021070404018611,NHPC,58,54,300,320.0,96000.0
2021070404018464,NHPC,40,38,200,321.0,64200.0
2021070404018443,NHPC,6,38,50,321.0,16050.0
2021070404018414,NHPC,58,42,240,320.0,76800.0
2021070404018413,NHPC,58,26,50,320.0,16000.0
2021070404018403,NHPC,32,38,75,321.0,24075.0
2021070404018654,NHPC,49,34,30,320.0,9600.0
2021070404018653,NHPC,42,34,100,320.0,32000.0
2021070404018652,NHPC,52,34,15,320.0,4800.0
2021070404018651,NHPC,58,34,799,320.0,255680.0
2021070404018650,NHPC,41,38,95,321.0,30495.0
2021070404018621,NHPC,58,45,30,320.0,9600.0
2021070404018760,NHPC,32,38,400,320.0,128000.0
2021070404018759,NHPC,41,38,10,320.0,3200.0
2021070404018758,NHPC,16,38,144,320.0,46080.0
2021070404018752,NHPC,1,38,200,321.0,64200.0
2021070404018730,NHPC,28,38,10,321.0,3210.0
2021070404018655,NHPC,16,34,56,320.0,17920.0
2021070404018766,NHPC,29,38,500,320.0,160000.0
2021070404018765,NHPC,41,38,500,320.0,160000.0
2021070404018764,NHPC,42,38,300,320.0,96000.0
2021070404018763,NHPC,36,38,"1,500",320.0,480000.0
2021070404018762,NHPC,1,38,80,320.0,25600.0
2021070404018761,NHPC,26,38,50,320.0,16000.0
2021070404018849,NICL,4,52,200,1110.0,222000.0
2021070404018805,NICL,20,52,20,1110.0,22200.0
2021070404018803,NICL,54,3,148,1095.0,162060.0
2021070404018802,NICL,32,3,200,1095.0,219000.0
2021070404018801,NICL,46,3,20,1095.0,21900.0
2021070404018800,NICL,20,3,500,1095.0,547500.0
2021070404018409,NICL,17,29,10,1118.0,11180.0
2021070404018408,NICL,20,3,10,1127.0,11270.0
2021070404018407,NICL,20,45,20,1127.0,22540.0
2021070404018377,NICL,29,5,490,1115.0,546350.0
2021070404018475,NICL,14,58,10,1110.0,11100.0
2021070404018474,NICL,51,58,10,1110.0,11100.0
2021070404018473,NICL,36,58,"1,000",1120.0,1120000.0
2021070404018412,NICL,51,29,140,1110.0,155400.0
2021070404018411,NICL,42,29,30,1111.0,33330.0
2021070404018410,NICL,46,29,20,1115.0,22300.0
2021070404018481,NICL,28,58,200,1107.0,221400.0
2021070404018480,NICL,21,58,200,1107.0,221400.0
2021070404018479,NICL,43,58,50,1108.0,55400.0
2021070404018478,NICL,34,58,346,1108.0,383368.0
2021070404018477,NICL,55,58,50,1109.0,55450.0
2021070404018476,NICL,48,58,200,1109.0,221800.0
2021070404018487,NICL,17,58,100,1105.0,110500.0
2021070404018486,NICL,39,58,20,1105.0,22100.0
2021070404018485,NICL,43,58,133,1105.0,146965.0
2021070404018484,NICL,38,58,"1,000",1106.0,1106000.0
2021070404018483,NICL,42,58,250,1106.0,276500.0
2021070404018482,NICL,7,58,10,1106.0,11060.0
2021070404018493,NICL,57,58,20,1105.0,22100.0
2021070404018492,NICL,33,58,15,1105.0,16575.0
2021070404018491,NICL,38,58,200,1105.0,221000.0
2021070404018490,NICL,6,58,200,1105.0,221000.0
2021070404018489,NICL,6,58,30,1105.0,33150.0
2021070404018488,NICL,56,58,50,1105.0,55250.0
2021070404018499,NICL,52,58,100,1104.0,110400.0
2021070404018498,NICL,33,58,50,1105.0,55250.0
2021070404018497,NICL,45,58,"1,000",1105.0,1105000.0
2021070404018496,NICL,36,58,50,1105.0,55250.0
2021070404018495,NICL,42,58,200,1105.0,221000.0
2021070404018494,NICL,6,58,20,1105.0,22100.0
2021070404018505,NICL,52,58,54,1103.0,59562.0
2021070404018504,NICL,56,58,50,1104.0,55200.0
2021070404018503,NICL,19,58,20,1104.0,22080.0
2021070404018502,NICL,29,58,70,1104.0,77280.0
2021070404018501,NICL,14,58,100,1104.0,110400.0
2021070404018500,NICL,20,58,500,1104.0,552000.0
2021070404018511,NICL,25,58,100,1103.0,110300.0
2021070404018510,NICL,47,58,30,1103.0,33090.0
2021070404018509,NICL,51,58,10,1103.0,11030.0
2021070404018508,NICL,19,58,20,1103.0,22060.0
2021070404018507,NICL,21,58,10,1103.0,11030.0
2021070404018506,NICL,41,58,25,1103.0,27575.0
2021070404018517,NICL,57,58,200,1101.0,220200.0
2021070404018516,NICL,40,58,"2,500",1103.0,2757500.0
2021070404018515,NICL,28,58,100,1103.0,110300.0
2021070404018514,NICL,43,58,50,1103.0,55150.0
2021070404018513,NICL,17,58,100,1103.0,110300.0
2021070404018512,NICL,32,58,50,1103.0,55150.0
2021070404018523,NICL,32,58,20,1100.0,22000.0
2021070404018522,NICL,35,58,10,1100.0,11000.0
2021070404018521,NICL,5,58,35,1100.0,38500.0
2021070404018520,NICL,56,58,300,1100.0,330000.0
2021070404018519,NICL,52,58,20,1100.0,22000.0
2021070404018518,NICL,21,58,200,1100.0,220000.0
2021070404018529,NICL,28,58,200,1100.0,220000.0
2021070404018528,NICL,6,58,100,1100.0,110000.0
2021070404018527,NICL,59,58,"1,000",1100.0,1100000.0
2021070404018526,NICL,6,58,100,1100.0,110000.0
2021070404018525,NICL,57,58,100,1100.0,110000.0
2021070404018524,NICL,28,58,10,1100.0,11000.0
2021070404018535,NICL,21,58,50,1100.0,55000.0
2021070404018534,NICL,44,58,200,1100.0,220000.0
2021070404018533,NICL,33,58,200,1100.0,220000.0
2021070404018532,NICL,48,58,20,1100.0,22000.0
2021070404018531,NICL,13,58,100,1100.0,110000.0
2021070404018530,NICL,6,58,100,1100.0,110000.0
2021070404018541,NICL,53,58,50,1100.0,55000.0
2021070404018540,NICL,42,58,30,1100.0,33000.0
2021070404018539,NICL,16,58,50,1100.0,55000.0
2021070404018538,NICL,39,58,10,1100.0,11000.0
2021070404018537,NICL,21,58,20,1100.0,22000.0
2021070404018536,NICL,25,58,10,1100.0,11000.0
2021070404018547,NICL,50,58,100,1097.0,109700.0
2021070404018546,NICL,52,58,200,1098.0,219600.0
2021070404018545,NICL,3,58,30,1098.0,32940.0
2021070404018544,NICL,52,58,10,1098.0,10980.0
2021070404018543,NICL,45,58,30,1100.0,33000.0
2021070404018542,NICL,36,58,80,1100.0,88000.0
2021070404018553,NICL,46,58,100,1095.0,109500.0
2021070404018552,NICL,21,58,100,1095.0,109500.0
2021070404018551,NICL,58,58,50,1095.0,54750.0
2021070404018550,NICL,10,58,100,1096.0,109600.0
2021070404018549,NICL,29,58,20,1096.0,21920.0
2021070404018548,NICL,16,58,100,1096.0,109600.0
2021070404018559,NICL,46,58,"1,000",1095.0,1095000.0
2021070404018558,NICL,29,58,50,1095.0,54750.0
2021070404018557,NICL,19,58,20,1095.0,21900.0
2021070404018556,NICL,45,58,100,1095.0,109500.0
2021070404018555,NICL,16,58,300,1095.0,328500.0
2021070404018554,NICL,58,58,50,1095.0,54750.0
2021070404018565,NICL,6,58,100,1095.0,109500.0
2021070404018564,NICL,58,58,50,1095.0,54750.0
2021070404018563,NICL,38,58,200,1095.0,219000.0
2021070404018562,NICL,28,58,100,1095.0,109500.0
2021070404018561,NICL,33,58,500,1095.0,547500.0
2021070404018560,NICL,32,58,50,1095.0,54750.0
2021070404018785,NICL,28,52,500,1110.0,555000.0
2021070404018784,NICL,48,52,100,1115.0,111500.0
2021070404018783,NICL,20,52,10,1116.0,11160.0
2021070404018782,NICL,40,52,100,1118.0,111800.0
2021070404018723,NICL,48,14,100,1115.0,111500.0
2021070404018566,NICL,39,58,148,1095.0,162060.0
2021070404018793,NICL,57,3,100,1101.0,110100.0
2021070404018792,NICL,55,3,100,1105.0,110500.0
2021070404018791,NICL,1,3,200,1105.0,221000.0
2021070404018790,NICL,44,3,200,1105.0,221000.0
2021070404018787,NICL,45,52,500,1110.0,555000.0
2021070404018786,NICL,36,52,100,1110.0,111000.0
2021070404018799,NICL,39,3,352,1095.0,385440.0
2021070404018798,NICL,19,3,200,1100.0,220000.0
2021070404018797,NICL,57,3,100,1100.0,110000.0
2021070404018796,NICL,7,3,200,1100.0,220000.0
2021070404018795,NICL,21,3,180,1100.0,198000.0
2021070404018794,NICL,6,3,500,1100.0,550000.0
2021070404018836,NIL,49,53,45,1395.0,62775.0
2021070404018835,NIL,54,53,30,1395.0,41850.0
2021070404018834,NIL,54,44,20,1395.0,27900.0
2021070404018833,NIL,6,44,30,1395.0,41850.0
2021070404018832,NIL,20,44,50,1395.0,69750.0
2021070404018831,NIL,52,44,15,1395.0,20925.0
2021070404018426,NIL,32,58,50,1396.0,69800.0
2021070404018425,NIL,58,58,50,1396.0,69800.0
2021070404018416,NIL,25,34,16,1398.0,22368.0
2021070404018707,NIL,58,25,50,1395.0,69750.0
2021070404018615,NIL,48,45,5,1395.0,6975.0
2021070404018614,NIL,17,45,10,1395.0,13950.0
2021070404018613,NIL,10,45,25,1395.0,34875.0
2021070404018612,NIL,22,45,10,1395.0,13950.0
2021070404018444,NIL,22,58,15,1396.0,20940.0
2021070404018755,NIL,55,41,78,1396.0,108888.0
2021070404018754,NIL,55,35,22,1396.0,30712.0
2021070404018725,NIL,41,35,28,1396.0,39088.0
2021070404018724,NIL,41,58,22,1396.0,30712.0
2021070404018709,NIL,34,25,100,1395.0,139500.0
2021070404018708,NIL,54,25,50,1395.0,69750.0
2021070404018830,NIL,45,44,50,1395.0,69750.0
2021070404018829,NIL,42,44,20,1395.0,27900.0
2021070404018828,NIL,57,44,10,1395.0,13950.0
2021070404018827,NIL,36,44,20,1395.0,27900.0
2021070404018826,NIL,6,44,20,1395.0,27900.0
2021070404018825,NIL,26,44,100,1395.0,139500.0
2021070404018595,NLG,25,36,240,1270.0,304800.0
2021070404018594,NLG,25,13,70,1265.0,88550.0
2021070404018417,NLG,21,13,30,1265.0,37950.0
2021070404018361,NLG,29,13,50,1265.0,63250.0
2021070404018601,NLG,25,13,500,1277.0,638500.0
2021070404018600,NLG,25,55,100,1276.0,127600.0
2021070404018599,NLG,25,10,20,1276.0,25520.0
2021070404018598,NLG,25,48,"2,000",1271.0,2542000.0
2021070404018597,NLG,25,39,300,1270.0,381000.0
2021070404018596,NLG,25,56,106,1270.0,134620.0
2021070404018607,NLG,25,4,10,1285.0,12850.0
2021070404018606,NLG,25,38,200,1285.0,257000.0
2021070404018605,NLG,25,57,50,1284.0,64200.0
2021070404018604,NLG,25,57,50,1281.0,64050.0
2021070404018603,NLG,25,34,85,1280.0,108800.0
2021070404018602,NLG,25,58,34,1277.0,43418.0
2021070404018671,NLG,25,17,139,1290.0,179310.0
2021070404018610,NLG,25,17,165,1290.0,212850.0
2021070404018609,NLG,25,58,20,1290.0,25800.0
2021070404018608,NLG,25,55,50,1289.0,64450.0
2021070404018677,NLG,25,29,200,1295.0,259000.0
2021070404018676,NLG,25,21,100,1295.0,129500.0
2021070404018675,NLG,25,7,83,1295.0,107485.0
2021070404018674,NLG,25,58,20,1293.0,25860.0
2021070404018673,NLG,25,38,100,1292.0,129200.0
2021070404018672,NLG,25,28,26,1291.0,33566.0
2021070404018680,NLG,25,42,252,1299.0,327348.0
2021070404018679,NLG,25,45,30,1297.0,38910.0
2021070404018678,NLG,25,44,50,1297.0,64850.0
2021070404018670,OHL,38,49,442,727.0,321334.0
2021070404018669,OHL,38,42,58,727.0,42166.0
2021070404018469,OHL,6,22,20,724.0,14480.0
2021070404018468,OHL,38,22,78,724.0,56472.0
2021070404018373,PIC,34,51,40,1195.0,47800.0
2021070404018372,PIC,58,51,35,1195.0,41825.0
2021070404018441,PICL,57,13,300,805.0,241500.0
2021070404018440,PICL,16,13,100,805.0,80500.0
2021070404018439,PICL,44,13,250,805.0,201250.0
2021070404018438,PICL,51,13,50,805.0,40250.0
2021070404018820,PMHPL,41,6,20,276.0,5520.0
2021070404018819,PMHPL,44,6,100,278.0,27800.0
2021070404018818,PMHPL,48,6,40,279.0,11160.0
2021070404018817,PMHPL,37,6,40,280.0,11200.0
2021070404018815,PMHPL,37,11,10,280.0,2800.0
2021070404018684,PMHPL,48,6,10,279.0,2790.0
2021070404018683,PMHPL,37,6,50,279.0,13950.0
2021070404018682,PMHPL,25,6,20,279.0,5580.0
2021070404018681,PMHPL,1,6,100,280.0,28000.0
2021070404018667,PPCL,18,42,20,346.0,6920.0
2021070404018435,PPCL,18,51,50,346.0,17300.0
2021070404018757,PRIN,28,39,78,955.0,74490.0
2021070404018619,PRIN,43,39,229,955.0,218695.0
2021070404018814,RADHI,52,8,200,776.0,155200.0
2021070404018657,RADHI,45,38,20,775.0,15500.0
2021070404018643,RADHI,45,48,100,775.0,77500.0
2021070404018406,RADHI,45,57,500,775.0,387500.0
2021070404018388,RADHI,22,8,40,776.0,31040.0
2021070404018386,RADHI,57,8,20,776.0,15520.0
2021070404018385,RADHI,57,34,80,776.0,62080.0
2021070404018846,RHPC,42,58,285,531.0,151335.0
2021070404018845,RHPC,29,58,200,531.0,106200.0
2021070404018844,RHPC,42,58,100,531.0,53100.0
2021070404018843,RHPC,56,58,100,531.0,53100.0
2021070404018842,RHPC,34,58,20,532.0,10640.0
2021070404018841,RHPC,13,58,20,532.0,10640.0
2021070404018840,RHPC,33,58,275,533.0,146575.0
2021070404018778,RHPL,4,34,20,444.0,8880.0
2021070404018699,RHPL,39,34,26,444.0,11544.0
2021070404018698,RHPL,39,47,100,444.0,44400.0
2021070404018697,RHPL,39,49,174,444.0,77256.0
2021070404018620,RHPL,58,49,80,443.0,35440.0
2021070404018616,RHPL,58,45,100,443.0,44300.0
2021070404018593,RHPL,46,49,200,444.0,88800.0
2021070404018656,RRHP,41,36,100,366.0,36600.0
2021070404018728,SAEF,21,49,"1,000",16.52,16520.0
2021070404018641,SGI,13,14,10,721.0,7210.0
2021070404018638,SGI,13,39,20,721.0,14420.0
2021070404018637,SGI,7,39,80,721.0,57680.0
2021070404018353,SGI,7,49,10,721.0,7210.0
2021070404018847,SHL,46,6,100,278.0,27800.0
2021070404018713,SHL,29,58,100,277.0,27700.0
2021070404018712,SHL,8,58,100,277.0,27700.0
2021070404018711,SHL,45,58,100,277.0,27700.0
2021070404018710,SHL,39,58,194,278.0,53932.0
2021070404018691,SHL,39,56,166,278.0,46148.0
2021070404018378,SHL,45,22,500,278.0,139000.0
2021070404018376,SHL,45,45,100,278.0,27800.0
2021070404018354,SHL,45,16,200,278.0,55600.0
2021070404018647,SHL,35,22,387,279.0,107973.0
2021070404018646,SHL,35,14,613,279.0,171027.0
2021070404018467,SHL,19,50,480,278.0,133440.0
2021070404018466,SHL,39,50,120,278.0,33360.0
2021070404018459,SHL,45,45,200,278.0,55600.0
2021070404018419,SHL,42,14,100,279.0,27900.0
2021070404018690,SHL,51,56,100,278.0,27800.0
2021070404018689,SHL,58,56,100,278.0,27800.0
2021070404018688,SHL,57,56,100,278.0,27800.0
2021070404018687,SHL,42,56,104,278.0,28912.0
2021070404018686,SHL,56,56,110,278.0,30580.0
2021070404018685,SHL,19,56,320,278.0,88960.0
2021070404018822,SHPC,17,34,200,477.0,95400.0
2021070404018630,SHPC,16,56,400,476.0,190400.0
2021070404018629,SHPC,13,56,150,476.0,71400.0
2021070404018628,SHPC,34,56,450,476.0,214200.0
2021070404018456,SHPC,49,34,100,477.0,47700.0
2021070404018727,SIC,16,42,10,1357.0,13570.0
2021070404018726,SIC,41,42,10,1357.0,13570.0
2021070404018623,SICL,21,45,20,1983.0,39660.0
2021070404018736,SIL,26,35,20,1065.0,21300.0
2021070404018735,SIL,26,38,30,1065.0,31950.0
2021070404018666,SIL,51,38,100,1065.0,106500.0
2021070404018665,SIL,29,38,10,1065.0,10650.0
2021070404018664,SIL,1,38,350,1065.0,372750.0
2021070404018663,SIL,58,38,10,1065.0,10650.0
2021070404018462,SIL,58,38,20,1065.0,21300.0
2021070404018824,SJCL,52,25,30,421.0,12630.0
2021070404018823,SJCL,55,25,430,421.0,181030.0
2021070404018722,SPDL,41,48,15,405.0,6075.0
2021070404018721,SPDL,7,48,90,405.0,36450.0
2021070404018720,SPDL,41,48,150,405.0,60750.0
2021070404018719,SPDL,52,48,85,405.0,34425.0
2021070404018718,SPDL,44,48,160,405.0,64800.0
2021070404018692,SPDL,44,34,100,405.0,40500.0
2021070404018434,SPDL,44,44,40,405.0,16200.0
2021070404018433,SPDL,52,44,50,405.0,20250.0
2021070404018432,SPDL,25,44,10,405.0,4050.0
2021070404018756,TRH,36,45,100,422.0,42200.0
2021070404018813,UIC,25,26,156,712.0,111072.0
2021070404018812,UIC,25,48,100,712.0,71200.0
2021070404018811,UIC,25,34,500,710.0,355000.0
2021070404018810,UIC,25,22,"1,000",709.0,709000.0
2021070404018809,UIC,25,34,94,709.0,66646.0
2021070404018808,UIC,25,51,50,708.0,35400.0
2021070404018807,UIC,25,11,100,707.0,70700.0
2021070404018773,UMHL,1,42,300,353.0,105900.0
2021070404018772,UMHL,13,42,330,353.0,116490.0
2021070404018717,UMHL,13,4,220,353.0,77660.0
2021070404018716,UMHL,6,4,210,354.0,74340.0
2021070404018715,UMHL,6,7,300,354.0,106200.0
2021070404018402,UMHL,44,36,50,353.0,17650.0
2021070404018401,UMHL,20,36,300,353.0,105900.0
2021070404018384,UMHL,55,37,10,354.0,3540.0
2021070404018383,UMHL,55,1,"1,000",354.0,354000.0
2021070404018382,UMHL,55,49,30,354.0,10620.0
2021070404018381,UMHL,55,56,960,354.0,339840.0
2021070404018714,UMHL,6,37,490,354.0,173460.0
2021070404018470,UMHL,13,36,50,353.0,17650.0
2021070404018639,UMRH,45,43,10,491.0,4910.0
2021070404018821,UNHPL,56,45,180,346.0,62280.0
2021070404018445,UNHPL,55,45,25,347.0,8675.0
2021070404018749,UPCL,7,51,10,293.0,2930.0
2021070404018442,UPCL,55,53,50,293.0,14650.0
2021070404018804,UPPER,38,44,100,784.0,78400.0
2021070404018748,UPPER,34,44,196,783.0,153468.0
2021070404018747,UPPER,43,44,115,783.0,90045.0
2021070404018746,UPPER,38,44,50,784.0,39200.0
2021070404018745,UPPER,52,44,39,784.0,30576.0
2021070404018744,UPPER,52,58,40,784.0,31360.0
2021070404018360,UPPER,58,42,10,784.0,7840.0
2021070404018351,UPPER,58,46,15,784.0,11760.0
2021070404018463,UPPER,45,37,21,784.0,16464.0
2021070404018452,UPPER,45,53,25,784.0,19600.0
2021070404018451,UPPER,58,53,25,784.0,19600.0
2021070404018370,UPPER,14,36,100,785.0,78500.0
2021070404018626,UPPER,43,45,40,783.0,31320.0
2021070404018625,UPPER,58,45,40,784.0,31360.0
2021070404018624,UPPER,38,45,30,784.0,23520.0
2021070404018590,UPPER,49,36,10,785.0,7850.0
2021070404018465,UPPER,43,48,100,783.0,78300.0
2021070404018277,AHPC,6,49,630,443.0,279090.0
2021070404018276,AHPC,22,49,100,443.0,44300.0
2021070404018275,AHPC,34,49,50,443.0,22150.0
2021070404018274,AHPC,29,49,20,443.0,8860.0
2021070404018273,AHPC,59,49,200,443.0,88600.0
2021070404018209,AHPC,34,3,40,444.0,17760.0
2021070404018051,AHPC,41,38,50,446.0,22300.0
2021070404017930,AHPC,58,34,390,445.0,173550.0
2021070404017929,AHPC,8,34,110,446.0,49060.0
2021070404017895,AHPC,48,36,10,447.0,4470.0
2021070404018208,AHPC,36,3,610,444.0,270840.0
2021070404018124,AHPC,36,49,390,444.0,173160.0
2021070404018123,AHPC,45,49,100,444.0,44400.0
2021070404018122,AHPC,57,49,100,445.0,44500.0
2021070404018121,AHPC,22,49,10,445.0,4450.0
2021070404018120,AHPC,58,49,400,445.0,178000.0
2021070404018244,AIL,28,21,10,813.0,8130.0
2021070404018243,AIL,35,21,238,813.0,193494.0
2021070404018145,AIL,35,34,10,813.0,8130.0
2021070404018097,AIL,45,41,15,814.0,12210.0
2021070404017909,AIL,35,36,100,813.0,81300.0
2021070404018052,AKJCL,46,29,400,265.0,106000.0
2021070404018345,AKPL,41,48,50,428.0,21400.0
2021070404018286,AKPL,16,48,50,428.0,21400.0
2021070404018285,AKPL,38,48,467,428.0,199876.0
2021070404018270,AKPL,38,26,233,428.0,99724.0
2021070404018269,AKPL,19,26,367,428.0,157076.0
2021070404017988,AKPL,19,50,500,428.0,214000.0
2021070404017875,AKPL,19,37,133,428.0,56924.0
2021070404017874,AKPL,50,37,167,428.0,71476.0
2021070404018230,API,35,49,100,379.0,37900.0
2021070404018229,API,48,49,"1,000",379.0,379000.0
2021070404018210,API,54,25,100,380.0,38000.0
2021070404018143,API,21,58,100,381.0,38100.0
2021070404018142,API,42,25,814,376.0,306064.0
2021070404018141,API,19,25,"1,000",376.0,376000.0
2021070404018128,API,33,25,50,379.0,18950.0
2021070404018049,API,33,58,53,381.0,20193.0
2021070404018048,API,33,56,47,380.0,17860.0
2021070404017981,API,6,56,200,380.0,76000.0
2021070404017980,API,49,56,53,380.0,20140.0
2021070404017915,API,49,37,27,380.0,10260.0
2021070404018134,API,58,25,30,377.0,11310.0
2021070404018133,API,52,25,100,377.0,37700.0
2021070404018132,API,35,25,200,377.0,75400.0
2021070404018131,API,42,25,60,377.0,22620.0
2021070404018130,API,45,25,910,377.0,343070.0
2021070404018129,API,45,25,500,378.0,189000.0
2021070404018140,API,45,25,50,376.0,18800.0
2021070404018139,API,48,25,50,376.0,18800.0
2021070404018138,API,48,25,"1,000",377.0,377000.0
2021070404018137,API,55,25,100,377.0,37700.0
2021070404018136,API,48,25,100,377.0,37700.0
2021070404018135,API,4,25,36,377.0,13572.0
2021070404018072,BARUN,45,37,11,527.0,5797.0
2021070404017888,BARUN,45,56,11,527.0,5797.0
2021070404017907,BBC,26,57,50,5315.0,265750.0
2021070404017906,BBC,8,57,10,5320.0,53200.0
2021070404018336,BPCL,17,33,500,515.0,257500.0
2021070404017868,BPCL,17,26,100,515.0,51500.0
2021070404017867,BPCL,50,26,100,515.0,51500.0
2021070404017924,BPCL,49,26,70,515.0,36050.0
2021070404017916,BPCL,17,26,500,515.0,257500.0
2021070404017871,BPCL,25,7,8,515.0,4120.0
2021070404017870,BPCL,20,26,30,515.0,15450.0
2021070404017869,BPCL,22,26,300,515.0,154500.0
2021070404017937,BPCL,49,44,330,515.0,169950.0
2021070404018172,BPCL,17,44,170,515.0,87550.0
2021070404018158,BPCL,58,32,25,514.0,12850.0
2021070404018095,BPCL,17,44,500,515.0,257500.0
2021070404018216,BPCL,48,41,150,515.0,77250.0
2021070404018215,BPCL,48,33,50,515.0,25750.0
2021070404018214,BPCL,48,49,170,515.0,87550.0
2021070404018173,BPCL,17,49,330,515.0,169950.0
2021070404017985,CGH,34,41,75,1562.0,117150.0
2021070404017984,CGH,45,41,100,1565.0,156500.0
2021070404017983,CGH,3,41,50,1567.0,78350.0
2021070404017982,CGH,28,41,100,1567.0,156700.0
2021070404017900,CHCL,42,7,100,657.0,65700.0
2021070404018341,CHL,48,55,100,425.0,42500.0
2021070404018340,CHL,48,55,100,425.0,42500.0
2021070404018339,CHL,48,51,160,425.0,68000.0
2021070404018338,CHL,48,29,30,423.0,12690.0
2021070404018337,CHL,48,55,110,423.0,46530.0
2021070404018147,CHL,40,55,40,423.0,16920.0
2021070404017974,CHL,8,55,39,423.0,16497.0
2021070404017926,CHL,8,55,200,423.0,84600.0
2021070404017877,CHL,8,55,200,422.0,84400.0
2021070404017876,CHL,8,16,61,421.0,25681.0
2021070404018146,CHL,45,55,50,424.0,21200.0
2021070404018112,CHL,45,55,150,424.0,63600.0
2021070404018074,CHL,40,10,60,423.0,25380.0
2021070404018071,CHL,44,55,100,423.0,42300.0
2021070404018057,CHL,42,55,50,424.0,21200.0
2021070404017975,CHL,45,55,200,423.0,84600.0
2021070404018315,DHPL,49,45,58,265.0,15370.0
2021070404018314,DHPL,49,45,10,265.0,2650.0
2021070404018313,DHPL,49,21,10,265.0,2650.0
2021070404018312,DHPL,49,43,810,265.0,214650.0
2021070404018002,DHPL,49,56,11,264.0,2904.0
2021070404017873,DHPL,49,54,11,264.0,2904.0
2021070404018332,EIC,46,38,42,740.0,31080.0
2021070404018331,EIC,58,38,50,740.0,37000.0
2021070404018330,EIC,17,38,10,740.0,7400.0
2021070404018329,EIC,44,38,10,740.0,7400.0
2021070404018328,EIC,34,38,100,740.0,74000.0
2021070404018327,EIC,18,38,50,740.0,37000.0
2021070404017997,EIC,52,26,50,741.0,37050.0
2021070404017996,EIC,1,26,10,741.0,7410.0
2021070404017995,EIC,1,26,100,741.0,74100.0
2021070404017994,EIC,1,26,100,741.0,74100.0
2021070404017993,EIC,45,26,100,741.0,74100.0
2021070404017992,EIC,26,26,108,741.0,80028.0
2021070404018320,EIC,21,38,100,741.0,74100.0
2021070404018319,EIC,49,38,50,742.0,37100.0
2021070404018001,EIC,17,26,52,740.0,38480.0
2021070404018000,EIC,17,26,170,740.0,125800.0
2021070404017999,EIC,1,26,10,740.0,7400.0
2021070404017998,EIC,55,26,100,741.0,74100.0
2021070404018326,EIC,38,38,100,740.0,74000.0
2021070404018325,EIC,17,38,200,740.0,148000.0
2021070404018324,EIC,13,38,50,740.0,37000.0
2021070404018323,EIC,29,38,50,740.0,37000.0
2021070404018322,EIC,32,38,100,740.0,74000.0
2021070404018321,EIC,17,38,48,740.0,35520.0
2021070404018236,GIC,39,42,10,695.0,6950.0
2021070404018227,GIC,38,34,100,692.0,69200.0
2021070404018226,GIC,48,34,100,692.0,69200.0
2021070404018225,GIC,7,34,90,692.0,62280.0
2021070404017911,GIC,34,36,10,697.0,6970.0
2021070404017991,GIC,39,42,10,695.0,6950.0
2021070404017925,GIC,51,42,20,695.0,13900.0
2021070404018268,GLH,34,6,10,360.0,3600.0
2021070404018246,GLH,19,1,10,360.0,3600.0
2021070404018231,GLH,19,34,10,360.0,3600.0
2021070404018176,GLH,19,52,10,360.0,3600.0
2021070404018148,GLH,19,39,10,360.0,3600.0
2021070404018003,GLH,22,39,10,361.0,3610.0
2021070404017986,GLH,22,17,10,361.0,3610.0
2021070404017910,GLH,22,36,10,361.0,3610.0
2021070404017908,GLH,22,39,10,361.0,3610.0
2021070404018344,HDHPC,49,1,10,274.0,2740.0
2021070404018272,HDHPC,45,1,608,274.0,166592.0
2021070404018271,HDHPC,45,4,52,274.0,14248.0
2021070404018252,HDHPC,45,42,350,273.0,95550.0
2021070404018245,HDHPC,41,4,100,274.0,27400.0
2021070404018157,HDHPC,58,4,48,274.0,13152.0
2021070404018113,HDHPC,45,58,50,272.0,13600.0
2021070404017886,HDHPC,48,4,100,274.0,27400.0
2021070404018127,HGI,41,34,50,765.0,38250.0
2021070404018316,HPPL,55,34,20,404.0,8080.0
2021070404018091,HPPL,55,45,300,404.0,121200.0
2021070404018251,HURJA,3,56,380,344.0,130720.0
2021070404018250,HURJA,58,56,110,345.0,37950.0
2021070404018249,HURJA,1,56,10,345.0,3450.0
2021070404018311,IGI,26,5,85,1202.0,102170.0
2021070404018310,IGI,58,5,10,1204.0,12040.0
2021070404018056,IGI,58,1,90,1204.0,108360.0
2021070404018055,IGI,10,1,10,1204.0,12040.0
2021070404018106,IGI,58,22,50,1205.0,60250.0
2021070404018105,IGI,58,35,50,1205.0,60250.0
2021070404018096,KKHC,34,56,16,262.0,4192.0
2021070404018237,KPCL,45,34,10,433.0,4330.0
2021070404018053,LEC,58,46,10,346.0,3460.0
2021070404017878,LEC,6,59,10,344.0,3440.0
2021070404017862,LEC,58,59,50,346.0,17300.0
2021070404017861,LEC,58,59,50,346.0,17300.0
2021070404017864,LEMF,16,55,500,13.62,6810.0
2021070404018241,LGIL,34,22,100,774.0,77400.0
2021070404018166,LGIL,39,38,250,772.0,193000.0
2021070404018165,LGIL,37,38,85,772.0,65620.0
2021070404018164,LGIL,13,38,500,772.0,386000.0
2021070404018163,LGIL,49,38,17,772.0,13124.0
2021070404018162,LGIL,39,38,100,772.0,77200.0
2021070404017891,LGIL,35,11,100,774.0,77400.0
2021070404017890,LGIL,35,11,43,774.0,33282.0
2021070404017889,LGIL,47,11,18,775.0,13950.0
2021070404018161,LGIL,38,38,200,772.0,154400.0
2021070404018160,LGIL,33,38,200,772.0,154400.0
2021070404018159,LGIL,42,38,26,773.0,20098.0
2021070404017894,LGIL,42,11,324,773.0,250452.0
2021070404017893,LGIL,47,11,100,773.0,77300.0
2021070404017892,LGIL,44,11,24,773.0,18552.0
2021070404018070,MEN,57,50,20,831.0,16620.0
2021070404018220,MHNL,13,34,44,317.0,13948.0
2021070404018046,MHNL,13,34,600,318.0,190800.0
2021070404018045,MHNL,38,34,200,318.0,63600.0
2021070404017880,MHNL,42,34,500,320.0,160000.0
2021070404017879,MHNL,6,34,50,320.0,16000.0
2021070404018234,NGPL,50,29,188,455.0,85540.0
2021070404018233,NGPL,34,29,100,455.0,45500.0
2021070404018305,NHPC,41,32,35,320.0,11200.0
2021070404018304,NHPC,4,32,15,320.0,4800.0
2021070404018303,NHPC,50,32,50,320.0,16000.0
2021070404018302,NHPC,29,32,100,320.0,32000.0
2021070404018301,NHPC,25,32,500,320.0,160000.0
2021070404018259,NHPC,43,45,200,320.0,64000.0
2021070404018179,NHPC,48,45,10,321.0,3210.0
2021070404018008,NHPC,38,45,400,321.0,128400.0
2021070404017987,NHPC,43,45,700,320.0,224000.0
2021070404017919,NHPC,43,51,10,320.0,3200.0
2021070404018228,NHPC,43,45,50,320.0,16000.0
2021070404018219,NHPC,47,38,91,321.0,29211.0
2021070404018218,NHPC,47,38,20,321.0,6420.0
2021070404018217,NHPC,47,45,89,321.0,28569.0
2021070404018213,NHPC,43,3,50,320.0,16000.0
2021070404018180,NHPC,21,45,50,321.0,16050.0
2021070404018258,NHPC,42,45,50,320.0,16000.0
2021070404018257,NHPC,41,45,30,320.0,9600.0
2021070404018256,NHPC,6,45,300,320.0,96000.0
2021070404018255,NHPC,43,45,616,320.0,197120.0
2021070404018254,NHPC,21,38,100,321.0,32100.0
2021070404018253,NHPC,21,56,400,321.0,128400.0
2021070404018342,NICL,38,5,100,1120.0,112000.0
2021070404018300,NICL,29,14,10,1115.0,11150.0
2021070404018206,NICL,43,58,67,1105.0,74035.0
2021070404018205,NICL,38,58,100,1105.0,110500.0
2021070404018204,NICL,32,58,500,1105.0,552500.0
2021070404018203,NICL,44,58,100,1105.0,110500.0
2021070404017855,NICL,43,5,100,1115.0,111500.0
2021070404017854,NICL,39,5,100,1115.0,111500.0
2021070404017853,NICL,39,5,10,1115.0,11150.0
2021070404017852,NICL,39,5,10,1115.0,11150.0
2021070404017851,NICL,46,5,50,1115.0,55750.0
2021070404017902,NICL,35,40,340,1116.0,379440.0
2021070404017865,NICL,36,20,40,1117.0,44680.0
2021070404017859,NICL,17,5,200,1115.0,223000.0
2021070404017858,NICL,47,5,30,1115.0,33450.0
2021070404017857,NICL,53,5,100,1115.0,111500.0
2021070404017856,NICL,14,5,20,1115.0,22300.0
2021070404017946,NICL,45,58,10,1117.0,11170.0
2021070404017914,NICL,45,5,90,1117.0,100530.0
2021070404017913,NICL,35,5,40,1117.0,44680.0
2021070404017905,NICL,35,32,50,1117.0,55850.0
2021070404017904,NICL,35,58,"1,000",1117.0,1117000.0
2021070404017903,NICL,35,20,120,1117.0,134040.0
2021070404017952,NICL,38,58,100,1113.0,111300.0
2021070404017951,NICL,6,58,100,1114.0,111400.0
2021070404017950,NICL,57,58,100,1115.0,111500.0
2021070404017949,NICL,57,58,100,1115.0,111500.0
2021070404017948,NICL,48,58,30,1115.0,33450.0
2021070404017947,NICL,46,58,30,1117.0,33510.0
2021070404017958,NICL,16,58,12,1112.0,13344.0
2021070404017957,NICL,28,58,400,1112.0,444800.0
2021070404017956,NICL,49,58,500,1112.0,556000.0
2021070404017955,NICL,54,58,100,1113.0,111300.0
2021070404017954,NICL,58,58,45,1113.0,50085.0
2021070404017953,NICL,36,58,"2,000",1113.0,2226000.0
2021070404017964,NICL,19,58,10,1111.0,11110.0
2021070404017963,NICL,16,58,100,1111.0,111100.0
2021070404017962,NICL,44,58,100,1111.0,111100.0
2021070404017961,NICL,17,58,100,1111.0,111100.0
2021070404017960,NICL,59,58,100,1112.0,111200.0
2021070404017959,NICL,51,58,50,1112.0,55600.0
2021070404017970,NICL,6,58,200,1111.0,222200.0
2021070404017969,NICL,48,58,200,1111.0,222200.0
2021070404017968,NICL,21,58,50,1111.0,55550.0
2021070404017967,NICL,45,58,300,1111.0,333300.0
2021070404017966,NICL,44,58,100,1111.0,111100.0
2021070404017965,NICL,36,58,500,1111.0,555500.0
2021070404018016,NICL,34,58,100,1111.0,111100.0
2021070404018015,NICL,45,58,12,1111.0,13332.0
2021070404018014,NICL,13,58,100,1111.0,111100.0
2021070404018013,NICL,14,58,337,1111.0,374407.0
2021070404018012,NICL,51,58,200,1117.0,223400.0
2021070404017971,NICL,14,58,663,1111.0,736593.0
2021070404018022,NICL,36,58,200,1110.0,222000.0
2021070404018021,NICL,57,58,100,1110.0,111000.0
2021070404018020,NICL,49,58,100,1110.0,111000.0
2021070404018019,NICL,50,58,25,1111.0,27775.0
2021070404018018,NICL,20,58,100,1111.0,111100.0
2021070404018017,NICL,16,58,100,1111.0,111100.0
2021070404018028,NICL,38,58,25,1110.0,27750.0
2021070404018027,NICL,57,58,100,1110.0,111000.0
2021070404018026,NICL,47,58,100,1110.0,111000.0
2021070404018025,NICL,6,58,10,1110.0,11100.0
2021070404018024,NICL,34,58,100,1110.0,111000.0
2021070404018023,NICL,43,58,200,1110.0,222000.0
2021070404018034,NICL,3,58,50,1110.0,55500.0
2021070404018033,NICL,21,58,100,1110.0,111000.0
2021070404018032,NICL,28,58,100,1110.0,111000.0
2021070404018031,NICL,25,58,20,1110.0,22200.0
2021070404018030,NICL,44,58,100,1110.0,111000.0
2021070404018029,NICL,21,58,10,1110.0,11100.0
2021070404018040,NICL,32,58,300,1110.0,333000.0
2021070404018039,NICL,16,58,42,1110.0,46620.0
2021070404018038,NICL,13,58,20,1110.0,22200.0
2021070404018037,NICL,45,58,20,1110.0,22200.0
2021070404018036,NICL,44,58,400,1110.0,444000.0
2021070404018035,NICL,22,58,450,1110.0,499500.0
2021070404018076,NICL,48,58,50,1116.0,55800.0
2021070404018075,NICL,25,58,10,1117.0,11170.0
2021070404018044,NICL,49,58,179,1110.0,198690.0
2021070404018043,NICL,34,58,100,1110.0,111000.0
2021070404018042,NICL,34,58,100,1110.0,111000.0
2021070404018041,NICL,5,58,100,1110.0,111000.0
2021070404018082,NICL,39,58,100,1110.0,111000.0
2021070404018081,NICL,33,58,20,1110.0,22200.0
2021070404018080,NICL,53,58,10,1110.0,11100.0
2021070404018079,NICL,49,58,121,1110.0,134310.0
2021070404018078,NICL,21,58,300,1114.0,334200.0
2021070404018077,NICL,21,58,262,1114.0,291868.0
2021070404018088,NICL,48,58,500,1108.0,554000.0
2021070404018087,NICL,6,58,50,1108.0,55400.0
2021070404018086,NICL,32,58,40,1109.0,44360.0
2021070404018085,NICL,1,58,50,1109.0,55450.0
2021070404018084,NICL,21,58,10,1109.0,11090.0
2021070404018083,NICL,57,58,10,1109.0,11090.0
2021070404018184,NICL,10,58,60,1111.0,66660.0
2021070404018183,NICL,21,58,50,1111.0,55550.0
2021070404018182,NICL,54,58,30,1111.0,33330.0
2021070404018181,NICL,39,28,100,1117.0,111700.0
2021070404018090,NICL,35,58,417,1108.0,462036.0
2021070404018089,NICL,11,58,50,1108.0,55400.0
2021070404018190,NICL,38,58,100,1108.0,110800.0
2021070404018189,NICL,21,58,100,1108.0,110800.0
2021070404018188,NICL,38,58,10,1108.0,11080.0
2021070404018187,NICL,35,58,83,1108.0,91964.0
2021070404018186,NICL,7,58,300,1109.0,332700.0
2021070404018185,NICL,34,58,30,1110.0,33300.0
2021070404018196,NICL,5,58,500,1106.0,553000.0
2021070404018195,NICL,13,58,200,1107.0,221400.0
2021070404018194,NICL,46,58,50,1108.0,55400.0
2021070404018193,NICL,57,58,100,1108.0,110800.0
2021070404018192,NICL,35,58,50,1108.0,55400.0
2021070404018191,NICL,7,58,100,1108.0,110800.0
2021070404018202,NICL,45,58,100,1105.0,110500.0
2021070404018201,NICL,14,58,100,1105.0,110500.0
2021070404018200,NICL,51,58,20,1105.0,22100.0
2021070404018199,NICL,10,58,50,1105.0,55250.0
2021070404018198,NICL,28,58,100,1105.0,110500.0
2021070404018197,NICL,17,58,100,1105.0,110500.0
2021070404018318,NIL,58,58,50,1396.0,69800.0
2021070404018296,NIL,21,59,15,1398.0,20970.0
2021070404018224,NIL,5,59,55,1398.0,76890.0
2021070404018223,NIL,5,44,15,1397.0,20955.0
2021070404018156,NIL,54,44,20,1397.0,27940.0
2021070404018144,NIL,55,44,100,1397.0,139700.0
2021070404018006,NIL,57,32,30,1397.0,41910.0
2021070404017860,NIL,50,29,50,1398.0,69900.0
2021070404018099,NIL,21,44,85,1397.0,118745.0
2021070404018060,NIL,21,45,15,1397.0,20955.0
2021070404018059,NIL,59,45,85,1397.0,118745.0
2021070404018050,NIL,21,59,50,1398.0,69900.0
2021070404018047,NIL,5,29,50,1398.0,69900.0
2021070404018007,NIL,59,32,15,1397.0,20955.0
2021070404018114,NIL,41,44,10,1397.0,13970.0
2021070404018104,NIL,49,44,100,1397.0,139700.0
2021070404018103,NIL,57,44,50,1397.0,69850.0
2021070404018102,NIL,25,44,35,1397.0,48895.0
2021070404018101,NIL,53,44,200,1397.0,279400.0
2021070404018100,NIL,4,44,20,1397.0,27940.0
2021070404018334,NLG,33,13,300,1265.0,379500.0
2021070404018292,NLG,25,36,60,1270.0,76200.0
2021070404018291,NLG,25,45,100,1269.0,126900.0
2021070404018290,NLG,25,40,490,1268.0,621320.0
2021070404018289,NLG,25,58,100,1267.0,126700.0
2021070404017933,NLG,25,32,10,1265.0,12650.0
2021070404018066,NLG,21,5,100,1264.0,126400.0
2021070404018065,NLG,21,5,144,1264.0,182016.0
2021070404018061,NLG,21,49,18,1264.0,22752.0
2021070404017938,NLG,58,13,50,1267.0,63350.0
2021070404017934,NLG,25,44,100,1265.0,126500.0
2021070404018069,NLG,36,5,268,1263.0,338484.0
2021070404018068,NLG,29,5,50,1263.0,63150.0
2021070404018067,NLG,38,5,40,1263.0,50520.0
2021070404018288,NLG,25,13,450,1267.0,570150.0
2021070404018287,NLG,25,40,300,1266.0,379800.0
2021070404018265,NMB50,48,45,650,15.09,9808.5
2021070404018264,NMB50,48,42,"10,000",15.08,150800.0
2021070404018263,NMB50,48,14,300,15.08,4524.0
2021070404018262,NMB50,48,43,"1,700",15.08,25636.0
2021070404018261,NMB50,48,35,"20,000",15.05,301000.0
2021070404018062,NMB50,48,22,"16,000",15.0,240000.0
2021070404017896,NMB50,33,48,250,14.72,3680.0
2021070404018309,OHL,36,42,20,727.0,14540.0
2021070404018278,OHL,22,42,96,727.0,69792.0
2021070404018170,OHL,58,42,16,727.0,11632.0
2021070404018169,OHL,58,38,100,727.0,72700.0
2021070404018168,OHL,58,40,140,727.0,101780.0
2021070404018167,OHL,58,58,44,726.0,31944.0
2021070404018221,PIC,17,51,15,1197.0,17955.0
2021070404017918,PIC,58,14,15,1195.0,17925.0
2021070404017917,PIC,17,14,15,1197.0,17955.0
2021070404018154,PICL,55,5,15,805.0,12075.0
2021070404018153,PICL,10,5,245,805.0,197225.0
2021070404018152,PICL,6,5,30,806.0,24180.0
2021070404018151,PICL,33,5,200,806.0,161200.0
2021070404018150,PICL,49,5,10,806.0,8060.0
2021070404018110,PICL,49,39,50,806.0,40300.0
2021070404018222,PRIN,43,26,271,954.0,258534.0
2021070404018346,RADHI,11,34,120,776.0,93120.0
2021070404018343,RADHI,11,59,180,776.0,139680.0
2021070404018295,RADHI,50,59,60,776.0,46560.0
2021070404018293,RADHI,36,59,50,776.0,38800.0
2021070404018267,RADHI,45,59,10,776.0,7760.0
2021070404018212,RADHI,45,59,100,776.0,77600.0
2021070404018171,RADHI,55,58,20,776.0,15520.0
2021070404018350,RHPL,52,49,200,444.0,88800.0
2021070404018248,RHPL,58,11,40,443.0,17720.0
2021070404018242,RHPL,58,5,80,443.0,35440.0
2021070404018098,RHPL,58,46,"3,000",443.0,1329000.0
2021070404018054,RHPL,58,59,10,443.0,4430.0
2021070404018011,RHPL,58,32,50,443.0,22150.0
2021070404018010,RHPL,58,53,40,443.0,17720.0
2021070404017976,RHPL,58,40,40,443.0,17720.0
2021070404017921,RHPL,38,49,40,444.0,17760.0
2021070404017887,RHPL,58,11,50,443.0,22150.0
2021070404018333,RRHP,41,40,10,366.0,3660.0
2021070404018094,RRHP,41,35,100,366.0,36600.0
2021070404018093,RRHP,41,49,10,366.0,3660.0
2021070404018092,RRHP,41,56,20,366.0,7320.0
2021070404017901,SAEF,41,14,100,16.53,1653.0
2021070404018207,SFMF,41,36,100,15.7,1570.0
2021070404018307,SHL,45,29,300,278.0,83400.0
2021070404018266,SHL,45,22,300,278.0,83400.0
2021070404018240,SHL,45,55,150,278.0,41700.0
2021070404018149,SHL,45,6,150,278.0,41700.0
2021070404017944,SHL,45,14,"1,000",278.0,278000.0
2021070404018284,SHPC,56,34,100,477.0,47700.0
2021070404018283,SHPC,13,34,30,477.0,14310.0
2021070404018282,SHPC,43,34,100,477.0,47700.0
2021070404018281,SHPC,45,34,50,477.0,23850.0
2021070404018280,SHPC,42,34,29,477.0,13833.0
2021070404018279,SHPC,59,34,100,478.0,47800.0
2021070404018335,SICL,21,14,28,1983.0,55524.0
2021070404018239,SICL,51,45,34,1980.0,67320.0
2021070404018238,SICL,32,45,86,1980.0,170280.0
2021070404018111,SICL,8,57,20,1981.0,39620.0
2021070404017920,SICL,8,52,26,1981.0,51506.0
2021070404017899,SICL,32,17,14,1980.0,27720.0
2021070404017898,SICL,26,17,100,1980.0,198000.0
2021070404017897,SICL,26,17,36,1981.0,71316.0
2021070404017885,SICL,22,43,10,1982.0,19820.0
2021070404017923,SIGS2,48,43,500,14.18,7090.0
2021070404017922,SIL,58,58,20,1065.0,21300.0
2021070404018308,SJCL,55,11,20,421.0,8420.0
2021070404018175,SJCL,55,39,40,421.0,16840.0
2021070404017945,SJCL,55,59,10,421.0,4210.0
2021070404017943,SJCL,1,40,20,421.0,8420.0
2021070404017942,SJCL,58,40,100,421.0,42100.0
2021070404017941,SJCL,51,40,300,421.0,126300.0
2021070404017940,SJCL,59,40,100,421.0,42100.0
2021070404017939,SJCL,46,40,480,421.0,202080.0
2021070404017912,SJCL,46,11,20,421.0,8420.0
2021070404018349,SPDL,25,43,90,405.0,36450.0
2021070404018348,SPDL,50,43,100,406.0,40600.0
2021070404018347,SPDL,3,43,10,406.0,4060.0
2021070404018317,SPDL,3,1,20,406.0,8120.0
2021070404018177,SPDL,17,33,30,407.0,12210.0
2021070404018155,SPDL,21,33,18,407.0,7326.0
2021070404018126,SPDL,21,34,82,407.0,33374.0
2021070404018125,SPDL,45,34,168,407.0,68376.0
2021070404018119,SPDL,38,21,220,408.0,89760.0
2021070404018178,STC,47,54,12,9730.0,116760.0
2021070404018306,TRH,36,35,100,422.0,42200.0
2021070404018297,TRH,36,45,100,422.0,42200.0
2021070404018235,TRH,36,4,50,422.0,21100.0
2021070404018211,TRH,36,51,100,422.0,42200.0
2021070404018115,TRH,36,22,200,422.0,84400.0
2021070404018109,TRH,36,49,50,422.0,21100.0
2021070404018108,TRH,34,49,250,422.0,105500.0
2021070404017989,TRH,34,57,150,422.0,63300.0
2021070404017884,UIC,25,49,25,703.0,17575.0
2021070404017883,UIC,25,49,20,705.0,14100.0
2021070404017872,UIC,25,33,60,705.0,42300.0
2021070404017866,UIC,58,33,20,705.0,14100.0
2021070404018118,UNHPL,55,58,10,345.0,3450.0
2021070404018117,UNHPL,55,50,50,345.0,17250.0
2021070404018116,UNHPL,55,45,115,345.0,39675.0
2021070404018107,UNHPL,58,45,200,345.0,69000.0
2021070404018294,UPCL,1,21,100,292.0,29200.0
2021070404018009,UPCL,21,45,10,295.0,2950.0
2021070404017863,UPCL,49,38,49,292.0,14308.0
2021070404018005,UPCL,1,35,75,292.0,21900.0
2021070404018004,UPCL,1,38,51,292.0,14892.0
2021070404017936,UPCL,13,38,100,292.0,29200.0
2021070404017935,UPCL,13,26,300,292.0,87600.0
2021070404018299,UPPER,51,46,15,784.0,11760.0
2021070404018298,UPPER,57,46,20,784.0,15680.0
2021070404018260,UPPER,57,50,30,784.0,23520.0
2021070404018247,UPPER,5,36,200,785.0,157000.0
2021070404017931,UPPER,58,52,205,784.0,160720.0
2021070404017928,UPPER,52,52,113,784.0,88592.0
2021070404017927,UPPER,52,21,187,784.0,146608.0
2021070404017882,UPPER,42,21,13,784.0,10192.0
2021070404017881,UPPER,42,36,27,784.0,21168.0
2021070404017979,UPPER,43,22,125,783.0,97875.0
2021070404017978,UPPER,58,22,15,784.0,11760.0
2021070404017977,UPPER,58,51,20,784.0,15680.0
2021070404017973,UPPER,58,45,10,784.0,7840.0
2021070404017972,UPPER,58,45,100,784.0,78400.0
2021070404017932,UPPER,58,46,150,784.0,117600.0
2021070404018064,UPPER,17,52,47,784.0,36848.0
2021070404018063,UPPER,41,52,10,784.0,7840.0
2021070404018058,UPPER,41,42,40,784.0,31360.0
2021070404017990,UPPER,41,58,50,784.0,39200.0
2021070404018232,UPPER,17,57,300,784.0,235200.0
2021070404018174,UPPER,17,22,100,784.0,78400.0
2021070404018073,UPPER,45,36,50,785.0,39250.0
2021070404017462,AHPC,53,49,100,446.0,44600.0
2021070404017823,AIL,35,11,10,813.0,8130.0
2021070404017731,AIL,35,45,10,813.0,8130.0
2021070404017630,AIL,35,47,100,813.0,81300.0
2021070404017612,AIL,35,11,10,813.0,8130.0
2021070404017530,AIL,35,49,22,813.0,17886.0
2021070404017529,AIL,13,49,28,813.0,22764.0
2021070404017727,AKJCL,41,56,30,268.0,8040.0
2021070404017837,AKPL,50,56,104,428.0,44512.0
2021070404017811,AKPL,25,50,14,429.0,6006.0
2021070404017730,AKPL,50,7,229,428.0,98012.0
2021070404017633,AKPL,28,50,300,429.0,128700.0
2021070404017561,AKPL,50,7,271,428.0,115988.0
2021070404017428,AKPL,50,17,29,428.0,12412.0
2021070404017796,API,22,58,10,381.0,3810.0
2021070404017759,API,49,38,70,380.0,26600.0
2021070404017745,API,49,39,50,379.0,18950.0
2021070404017709,API,36,39,50,380.0,19000.0
2021070404017695,API,28,58,10,381.0,3810.0
2021070404017679,API,14,32,300,380.0,114000.0
2021070404017436,API,57,21,20,380.0,7600.0
2021070404017435,API,57,49,15,380.0,5700.0
2021070404017434,API,57,1,610,380.0,231800.0
2021070404017422,API,10,1,55,380.0,20900.0
2021070404017401,API,32,1,200,380.0,76000.0
2021070404017536,API,33,25,500,380.0,190000.0
2021070404017535,API,50,25,195,380.0,74100.0
2021070404017515,API,50,6,60,380.0,22800.0
2021070404017473,API,50,53,245,380.0,93100.0
2021070404017460,API,52,53,200,380.0,76000.0
2021070404017437,API,57,53,355,380.0,134900.0
2021070404017640,API,35,25,50,379.0,18950.0
2021070404017639,API,45,25,200,379.0,75800.0
2021070404017638,API,6,25,500,380.0,190000.0
2021070404017539,API,25,25,500,379.0,189500.0
2021070404017538,API,45,25,200,379.0,75800.0
2021070404017537,API,59,25,100,379.0,37900.0
2021070404017646,API,52,25,100,378.0,37800.0
2021070404017645,API,45,25,260,378.0,98280.0
2021070404017644,API,59,25,500,378.0,189000.0
2021070404017643,API,49,25,90,378.0,34020.0
2021070404017642,API,19,25,150,379.0,56850.0
2021070404017641,API,44,25,50,379.0,18950.0
2021070404017652,API,45,25,"1,590",377.0,599430.0
2021070404017651,API,55,25,100,377.0,37700.0
2021070404017650,API,49,25,25,377.0,9425.0
2021070404017649,API,32,25,"4,000",377.0,1508000.0
2021070404017648,API,58,25,305,377.0,114985.0
2021070404017647,API,44,25,80,378.0,30240.0
2021070404017420,BARUN,38,32,10,530.0,5300.0
2021070404017746,BARUN,36,38,1,525.0,525.0
2021070404017449,BARUN,45,56,11,526.0,5786.0
2021070404017776,BPCL,57,21,100,516.0,51600.0
2021070404017398,BPCL,57,29,200,515.0,103000.0
2021070404017355,BPCL,57,42,10,515.0,5150.0
2021070404017354,BPCL,45,42,50,515.0,25750.0
2021070404017353,BPCL,14,42,190,515.0,97850.0
2021070404017352,BPCL,36,42,750,515.0,386250.0
2021070404017411,BPCL,57,45,40,515.0,20600.0
2021070404017519,BPCL,57,40,50,515.0,25750.0
2021070404017518,BPCL,57,40,50,515.0,25750.0
2021070404017517,BPCL,57,40,50,515.0,25750.0
2021070404017845,CGH,25,39,10,1572.0,15720.0
2021070404017789,CGH,36,39,10,1572.0,15720.0
2021070404017468,CGH,19,55,10,1570.0,15700.0
2021070404017809,CHCL,33,7,300,657.0,197100.0
2021070404017803,CHCL,8,7,76,657.0,49932.0
2021070404017802,CHCL,8,51,124,657.0,81468.0
2021070404017531,CHCL,48,43,50,656.0,32800.0
2021070404017448,CHCL,41,51,76,657.0,49932.0
2021070404017447,CHCL,41,45,10,657.0,6570.0
2021070404017446,CHCL,41,35,14,656.0,9184.0
2021070404017432,CHCL,50,35,20,656.0,13120.0
2021070404017409,CHCL,7,59,100,655.0,65500.0
2021070404017407,CHCL,41,35,100,656.0,65600.0
2021070404017357,CHCL,7,35,100,655.0,65500.0
2021070404017824,CHL,42,16,39,421.0,16419.0
2021070404017808,CHL,42,58,11,420.0,4620.0
2021070404017797,CHL,53,34,11,420.0,4620.0
2021070404017705,CHL,53,3,30,419.0,12570.0
2021070404017634,CHL,44,3,100,419.0,41900.0
2021070404017471,CHL,13,3,"5,670",419.0,2375730.0
2021070404017470,CHL,13,57,30,418.0,12540.0
2021070404017469,CHL,13,56,300,418.0,125400.0
2021070404017521,DHPL,49,59,29,263.0,7627.0
2021070404017512,DHPL,40,59,50,263.0,13150.0
2021070404017453,DHPL,25,59,169,263.0,44447.0
2021070404017452,DHPL,25,13,11,263.0,2893.0
2021070404017425,DHPL,49,56,11,262.0,2882.0
2021070404017761,EIC,45,50,100,742.0,74200.0
2021070404017760,EIC,45,38,70,742.0,51940.0
2021070404017514,EIC,5,38,50,742.0,37100.0
2021070404017369,EIC,34,38,30,742.0,22260.0
2021070404017368,EIC,14,38,100,742.0,74200.0
2021070404017367,EIC,34,38,200,742.0,148400.0
2021070404017366,EIC,45,38,200,742.0,148400.0
2021070404017580,GHL,48,5,20,282.0,5640.0
2021070404017806,GIC,39,47,10,696.0,6960.0
2021070404017786,GIC,39,58,10,696.0,6960.0
2021070404017783,GIC,39,53,10,695.0,6950.0
2021070404017777,GIC,39,21,150,695.0,104250.0
2021070404017438,GIC,39,36,500,695.0,347500.0
2021070404017750,GIC,39,7,10,695.0,6950.0
2021070404017713,GIC,39,33,40,696.0,27840.0
2021070404017582,GIC,39,33,10,696.0,6960.0
2021070404017540,GIC,39,57,10,695.0,6950.0
2021070404017522,GIC,7,36,260,695.0,180700.0
2021070404017838,GLH,22,53,10,361.0,3610.0
2021070404017831,GLH,19,38,10,360.0,3600.0
2021070404017814,GLH,44,59,10,360.0,3600.0
2021070404017785,GLH,44,51,10,360.0,3600.0
2021070404017764,GLH,44,39,10,360.0,3600.0
2021070404017729,GLH,44,49,10,360.0,3600.0
2021070404017445,GLH,52,43,100,363.0,36300.0
2021070404017419,GLH,6,43,150,363.0,54450.0
2021070404017418,GLH,46,43,100,363.0,36300.0
2021070404017417,GLH,54,43,340,363.0,123420.0
2021070404017714,GLH,44,56,10,360.0,3600.0
2021070404017681,GLH,48,52,10,360.0,3600.0
2021070404017657,GLH,17,43,200,360.0,72000.0
2021070404017656,GLH,4,43,20,360.0,7200.0
2021070404017655,GLH,59,43,90,360.0,32400.0
2021070404017620,GLH,59,5,10,360.0,3600.0
2021070404017800,HDHPC,45,11,200,272.0,54400.0
2021070404017753,HDHPC,45,44,710,274.0,194540.0
2021070404017752,HDHPC,45,1,50,274.0,13700.0
2021070404017751,HDHPC,45,41,240,273.0,65520.0
2021070404017703,HDHPC,45,52,90,272.0,24480.0
2021070404017702,HDHPC,58,52,110,272.0,29920.0
2021070404017358,HDHPC,45,39,40,272.0,10880.0
2021070404017654,HDHPC,49,41,10,273.0,2730.0
2021070404017653,HDHPC,49,58,30,273.0,8190.0
2021070404017362,HDHPC,45,58,390,273.0,106470.0
2021070404017361,HDHPC,45,46,500,273.0,136500.0
2021070404017360,HDHPC,45,37,"1,000",273.0,273000.0
2021070404017359,HDHPC,45,36,570,273.0,155610.0
2021070404017427,HURJA,1,41,90,345.0,31050.0
2021070404017426,HURJA,57,41,10,345.0,3450.0
2021070404017388,HURJA,57,1,40,345.0,13800.0
2021070404017387,HURJA,34,1,10,345.0,3450.0
2021070404017680,IGI,58,58,50,1203.0,60150.0
2021070404017741,JOSHI,34,50,90,282.0,25380.0
2021070404017611,JOSHI,34,49,175,281.0,49175.0
2021070404017389,JOSHI,52,50,10,282.0,2820.0
2021070404017693,KKHC,54,5,10,262.0,2620.0
2021070404017584,KKHC,34,56,16,262.0,4192.0
2021070404017747,LEC,58,5,10,345.0,3450.0
2021070404017704,LEC,58,57,20,345.0,6900.0
2021070404017739,LEMF,16,58,"5,000",13.62,68100.0
2021070404017738,LEMF,16,58,"1,000",13.62,13620.0
2021070404017737,LEMF,16,50,"2,500",13.61,34025.0
2021070404017736,LEMF,16,17,"1,200",13.56,16272.0
2021070404017711,LGIL,47,16,32,775.0,24800.0
2021070404017710,LGIL,35,16,147,775.0,113925.0
2021070404017689,LGIL,35,10,53,775.0,41075.0
2021070404017688,LGIL,22,10,40,775.0,31000.0
2021070404017628,LGIL,35,51,90,778.0,70020.0
2021070404017627,LGIL,35,58,30,778.0,23340.0
2021070404017626,LGIL,35,22,20,778.0,15560.0
2021070404017431,LUK,1,10,"1,000",12.22,12220.0
2021070404017513,MEN,57,45,10,831.0,8310.0
2021070404017754,MHNL,59,34,606,321.0,194526.0
2021070404017735,MHNL,59,32,394,321.0,126474.0
2021070404017734,MHNL,39,32,25,321.0,8025.0
2021070404017733,MHNL,45,32,60,321.0,19260.0
2021070404017583,MHNL,42,29,40,322.0,12880.0
2021070404017844,NGPL,34,38,100,455.0,45500.0
2021070404017805,NHPC,38,45,100,321.0,32100.0
2021070404017790,NHPC,3,45,11,321.0,3531.0
2021070404017775,NHPC,43,54,574,320.0,183680.0
2021070404017774,NHPC,42,54,200,320.0,64000.0
2021070404017773,NHPC,17,54,226,320.0,72320.0
2021070404017763,NHPC,17,25,320,320.0,102400.0
2021070404017464,NHPC,59,45,81,321.0,26001.0
2021070404017463,NHPC,40,45,19,321.0,6099.0
2021070404017457,NHPC,40,55,"4,000",321.0,1284000.0
2021070404017365,NHPC,40,34,30,321.0,9630.0
2021070404017479,NHPC,57,20,185,321.0,59385.0
2021070404017478,NHPC,21,20,50,321.0,16050.0
2021070404017477,NHPC,49,20,100,321.0,32100.0
2021070404017476,NHPC,22,20,50,321.0,16050.0
2021070404017475,NHPC,43,20,50,321.0,16050.0
2021070404017474,NHPC,59,20,19,321.0,6099.0
2021070404017485,NHPC,44,20,400,320.0,128000.0
2021070404017484,NHPC,21,20,200,320.0,64000.0
2021070404017483,NHPC,43,20,100,320.0,32000.0
2021070404017482,NHPC,40,20,180,320.0,57600.0
2021070404017481,NHPC,5,20,300,321.0,96300.0
2021070404017480,NHPC,49,20,30,321.0,9630.0
2021070404017491,NHPC,56,20,25,320.0,8000.0
2021070404017490,NHPC,52,20,20,320.0,6400.0
2021070404017489,NHPC,26,20,100,320.0,32000.0
2021070404017488,NHPC,29,20,20,320.0,6400.0
2021070404017487,NHPC,39,20,92,320.0,29440.0
2021070404017486,NHPC,58,20,100,320.0,32000.0
2021070404017497,NHPC,43,20,60,320.0,19200.0
2021070404017496,NHPC,57,20,100,320.0,32000.0
2021070404017495,NHPC,29,20,20,320.0,6400.0
2021070404017494,NHPC,57,20,50,320.0,16000.0
2021070404017493,NHPC,40,20,"1,000",320.0,320000.0
2021070404017492,NHPC,40,20,"1,000",320.0,320000.0
2021070404017579,NHPC,33,3,100,321.0,32100.0
2021070404017541,NHPC,49,3,15,321.0,4815.0
2021070404017501,NHPC,51,20,99,320.0,31680.0
2021070404017500,NHPC,5,20,50,320.0,16000.0
2021070404017499,NHPC,56,20,100,320.0,32000.0
2021070404017498,NHPC,44,20,300,320.0,96000.0
2021070404017607,NHPC,41,48,320,320.0,102400.0
2021070404017606,NHPC,22,48,20,320.0,6400.0
2021070404017605,NHPC,4,48,100,320.0,32000.0
2021070404017604,NHPC,41,48,50,320.0,16000.0
2021070404017603,NHPC,49,48,100,320.0,32000.0
2021070404017602,NHPC,51,48,101,320.0,32320.0
2021070404017663,NHPC,48,55,200,320.0,64000.0
2021070404017662,NHPC,8,55,891,320.0,285120.0
2021070404017658,NHPC,8,29,"1,000",320.0,320000.0
2021070404017610,NHPC,8,48,"2,109",320.0,674880.0
2021070404017609,NHPC,42,48,100,320.0,32000.0
2021070404017608,NHPC,32,48,100,320.0,32000.0
2021070404017669,NHPC,57,55,100,320.0,32000.0
2021070404017668,NHPC,14,55,50,320.0,16000.0
2021070404017667,NHPC,28,55,100,320.0,32000.0
2021070404017666,NHPC,36,55,100,320.0,32000.0
2021070404017665,NHPC,45,55,100,320.0,32000.0
2021070404017664,NHPC,33,55,"1,000",320.0,320000.0
2021070404017675,NHPC,29,55,100,320.0,32000.0
2021070404017674,NHPC,39,55,50,320.0,16000.0
2021070404017673,NHPC,55,55,"1,000",320.0,320000.0
2021070404017672,NHPC,41,55,400,320.0,128000.0
2021070404017671,NHPC,5,55,300,320.0,96000.0
2021070404017670,NHPC,59,55,"1,000",320.0,320000.0
2021070404017740,NHPC,17,45,40,321.0,12840.0
2021070404017716,NHPC,17,42,10,322.0,3220.0
2021070404017708,NHPC,1,3,100,321.0,32100.0
2021070404017678,NHPC,17,55,384,320.0,122880.0
2021070404017677,NHPC,29,55,25,320.0,8000.0
2021070404017676,NHPC,42,55,200,320.0,64000.0
2021070404017850,NICL,22,5,290,1115.0,323350.0
2021070404017849,NICL,14,5,200,1115.0,223000.0
2021070404017848,NICL,56,5,100,1116.0,111600.0
2021070404017847,NICL,6,5,200,1116.0,223200.0
2021070404017846,NICL,57,5,90,1116.0,100440.0
2021070404017826,NICL,29,20,20,1117.0,22340.0
2021070404017402,NICL,21,40,30,1130.0,33900.0
2021070404017364,NICL,38,38,100,1130.0,113000.0
2021070404017440,NICL,48,57,20,1130.0,22600.0
2021070404017433,NICL,48,40,70,1130.0,79100.0
2021070404017421,NICL,19,40,100,1130.0,113000.0
2021070404017416,NICL,49,40,50,1130.0,56500.0
2021070404017408,NICL,42,40,50,1130.0,56500.0
2021070404017403,NICL,48,40,200,1130.0,226000.0
2021070404017545,NICL,42,58,100,1127.0,112700.0
2021070404017544,NICL,38,58,400,1127.0,450800.0
2021070404017543,NICL,59,58,200,1128.0,225600.0
2021070404017542,NICL,57,58,100,1128.0,112800.0
2021070404017455,NICL,42,40,50,1129.0,56450.0
2021070404017454,NICL,48,40,110,1130.0,124300.0
2021070404017551,NICL,14,58,20,1125.0,22500.0
2021070404017550,NICL,45,58,50,1125.0,56250.0
2021070404017549,NICL,48,58,30,1125.0,33750.0
2021070404017548,NICL,50,58,160,1125.0,180000.0
2021070404017547,NICL,1,58,300,1127.0,338100.0
2021070404017546,NICL,42,58,100,1127.0,112700.0
2021070404017557,NICL,29,58,170,1125.0,191250.0
2021070404017556,NICL,42,58,200,1125.0,225000.0
2021070404017555,NICL,6,58,100,1125.0,112500.0
2021070404017554,NICL,38,58,50,1125.0,56250.0
2021070404017553,NICL,16,58,100,1125.0,112500.0
2021070404017552,NICL,45,58,200,1125.0,225000.0
2021070404017589,NICL,54,58,200,1120.0,224000.0
2021070404017588,NICL,6,58,500,1120.0,560000.0
2021070404017587,NICL,19,58,100,1123.0,112300.0
2021070404017586,NICL,51,58,10,1123.0,11230.0
2021070404017585,NICL,57,58,50,1124.0,56200.0
2021070404017558,NICL,19,58,20,1125.0,22500.0
2021070404017595,NICL,45,58,100,1120.0,112000.0
2021070404017594,NICL,58,58,100,1120.0,112000.0
2021070404017593,NICL,14,58,20,1120.0,22400.0
2021070404017592,NICL,47,58,50,1120.0,56000.0
2021070404017591,NICL,11,58,50,1120.0,56000.0
2021070404017590,NICL,26,58,200,1120.0,224000.0
2021070404017616,NICL,32,58,50,1120.0,56000.0
2021070404017600,NICL,32,58,150,1120.0,168000.0
2021070404017599,NICL,6,58,135,1120.0,151200.0
2021070404017598,NICL,4,58,60,1120.0,67200.0
2021070404017597,NICL,35,58,500,1120.0,560000.0
2021070404017596,NICL,58,58,50,1120.0,56000.0
2021070404017696,NICL,17,20,10,1118.0,11180.0
2021070404017691,NICL,39,52,100,1122.0,112200.0
2021070404017690,NICL,49,52,10,1126.0,11260.0
2021070404017619,NICL,50,58,500,1119.0,559500.0
2021070404017618,NICL,22,58,40,1119.0,44760.0
2021070404017617,NICL,53,58,10,1120.0,11200.0
2021070404017757,NICL,48,5,100,1117.0,111700.0
2021070404017756,NICL,58,5,380,1117.0,424460.0
2021070404017700,NICL,58,20,120,1117.0,134040.0
2021070404017699,NICL,6,20,300,1117.0,335100.0
2021070404017698,NICL,59,20,50,1118.0,55900.0
2021070404017697,NICL,49,20,20,1118.0,22360.0
2021070404017825,NICL,19,20,20,1117.0,22340.0
2021070404017813,NICL,44,20,100,1117.0,111700.0
2021070404017804,NICL,11,20,20,1117.0,22340.0
2021070404017794,NICL,56,20,50,1118.0,55900.0
2021070404017793,NICL,56,20,10,1119.0,11190.0
2021070404017792,NICL,48,20,100,1120.0,112000.0
2021070404017788,NIL,50,47,10,1398.0,13980.0
2021070404017621,NIL,44,41,40,1400.0,56000.0
2021070404017614,NIL,59,10,90,1398.0,125820.0
2021070404017613,NIL,13,10,30,1398.0,41940.0
2021070404017830,NLG,38,32,450,1265.0,569250.0
2021070404017791,NLG,54,32,15,1265.0,18975.0
2021070404017779,NLG,50,32,25,1265.0,31625.0
2021070404017778,NLG,41,32,500,1265.0,632500.0
2021070404017772,NLG,25,50,200,1266.0,253200.0
2021070404017351,NLG,43,14,16,1265.0,20240.0
2021070404017458,NLG,59,36,666,1265.0,842490.0
2021070404017439,NLG,53,36,100,1265.0,126500.0
2021070404017414,NLG,13,36,100,1265.0,126500.0
2021070404017413,NLG,54,36,50,1265.0,63250.0
2021070404017412,NLG,43,36,84,1265.0,106260.0
2021070404017507,NLG,25,13,"1,500",1264.0,1896000.0
2021070404017506,NLG,17,13,50,1264.0,63200.0
2021070404017505,NLG,53,13,100,1264.0,126400.0
2021070404017504,NLG,21,13,300,1264.0,379200.0
2021070404017503,NLG,25,13,478,1264.0,604192.0
2021070404017502,NLG,59,13,334,1265.0,422510.0
2021070404017771,NLG,25,13,200,1266.0,253200.0
2021070404017509,NLG,21,13,38,1264.0,48032.0
2021070404017508,NLG,1,13,200,1264.0,252800.0
2021070404017459,NMBHF1,43,26,832,13.17,10957.44
2021070404017781,OHL,49,7,10,725.0,7250.0
2021070404017749,OHL,38,58,56,726.0,40656.0
2021070404017748,OHL,38,14,44,726.0,31944.0
2021070404017528,OHL,38,38,22,722.0,15884.0
2021070404017527,OHL,55,38,38,725.0,27550.0
2021070404017467,OHL,55,7,20,725.0,14500.0
2021070404017466,OHL,55,41,50,725.0,36250.0
2021070404017465,OHL,55,57,42,725.0,30450.0
2021070404017456,OHL,20,57,10,725.0,7250.0
2021070404017400,PIC,43,52,51,1194.0,60894.0
2021070404017755,PICL,49,34,20,806.0,16120.0
2021070404017601,PICL,49,44,10,806.0,8060.0
2021070404017833,PMHPL,25,40,10,279.0,2790.0
2021070404017632,PMHPL,57,47,150,280.0,42000.0
2021070404017410,PPCL,18,29,30,346.0,10380.0
2021070404017782,PRIN,35,59,90,953.0,85770.0
2021070404017717,PRIN,17,59,10,953.0,9530.0
2021070404017510,PRIN,28,13,122,953.0,116266.0
2021070404017836,RADHI,58,17,30,776.0,23280.0
2021070404017812,RADHI,45,13,50,775.0,38750.0
2021070404017807,RADHI,52,17,70,776.0,54320.0
2021070404017798,RADHI,52,59,50,776.0,38800.0
2021070404017770,RADHI,52,45,180,776.0,139680.0
2021070404017722,RADHI,45,8,87,775.0,67425.0
2021070404017394,RADHI,52,42,30,776.0,23280.0
2021070404017392,RADHI,21,45,37,775.0,28675.0
2021070404017391,RADHI,58,45,463,775.0,358825.0
2021070404017637,RADHI,45,33,20,775.0,15500.0
2021070404017636,RADHI,19,45,20,776.0,15520.0
2021070404017635,RADHI,45,59,400,775.0,310000.0
2021070404017406,RADHI,45,8,60,775.0,46500.0
2021070404017405,RADHI,10,8,10,775.0,7750.0
2021070404017404,RADHI,21,8,13,775.0,10075.0
2021070404017829,RHPL,58,51,20,443.0,8860.0
2021070404017784,RHPL,41,49,300,444.0,133200.0
2021070404017694,RHPL,41,49,16,444.0,7104.0
2021070404017661,RHPL,21,49,70,444.0,31080.0
2021070404017660,RHPL,47,49,10,444.0,4440.0
2021070404017659,RHPL,38,49,50,444.0,22200.0
2021070404017622,RHPL,38,58,10,444.0,4440.0
2021070404017526,RHPL,46,34,40,445.0,17800.0
2021070404017472,RHPL,46,6,10,444.0,4440.0
2021070404017827,RRHP,57,36,300,365.0,109500.0
2021070404017516,RRHP,57,48,10,365.0,3650.0
2021070404017424,RRHP,57,48,150,365.0,54750.0
2021070404017399,RRHP,50,48,300,365.0,109500.0
2021070404017795,SEF,47,49,900,13.8,12420.0
2021070404017715,SEF,11,49,100,13.8,1380.0
2021070404017723,SGI,7,34,10,721.0,7210.0
2021070404017520,SGI,34,43,20,722.0,14440.0
2021070404017787,SHL,46,14,200,279.0,55800.0
2021070404017780,SHL,45,38,100,278.0,27800.0
2021070404017732,SHL,55,14,240,279.0,66960.0
2021070404017728,SHL,34,14,"2,000",279.0,558000.0
2021070404017692,SHL,47,14,100,279.0,27900.0
2021070404017707,SIC,16,51,53,1355.0,71815.0
2021070404017706,SIC,42,51,14,1356.0,18984.0
2021070404017532,SIC,42,34,36,1356.0,48816.0
2021070404017799,SICL,26,25,10,1981.0,19810.0
2021070404017581,SICL,35,52,20,1981.0,39620.0
2021070404017578,SICL,21,58,17,1975.0,33575.0
2021070404017577,SICL,32,58,500,1975.0,987500.0
2021070404017576,SICL,49,58,50,1975.0,98750.0
2021070404017575,SICL,42,58,50,1975.0,98750.0
2021070404017562,SICL,4,58,72,1980.0,142560.0
2021070404017461,SICL,6,52,22,1981.0,43582.0
2021070404017415,SICL,6,33,78,1981.0,154518.0
2021070404017568,SICL,34,58,30,1975.0,59250.0
2021070404017567,SICL,38,58,41,1975.0,80975.0
2021070404017566,SICL,49,58,30,1979.0,59370.0
2021070404017565,SICL,26,58,22,1979.0,43538.0
2021070404017564,SICL,58,58,10,1980.0,19800.0
2021070404017563,SICL,33,58,72,1980.0,142560.0
2021070404017574,SICL,22,58,50,1975.0,98750.0
2021070404017573,SICL,4,58,100,1975.0,197500.0
2021070404017572,SICL,38,58,100,1975.0,197500.0
2021070404017571,SICL,6,58,10,1975.0,19750.0
2021070404017570,SICL,34,58,11,1975.0,21725.0
2021070404017569,SICL,39,58,35,1975.0,69125.0
2021070404017718,SIL,58,38,50,1065.0,53250.0
2021070404017363,SIL,38,28,15,1072.0,16080.0
2021070404017390,SJCL,46,6,10,421.0,4210.0
2021070404017828,SPDL,35,21,50,408.0,20400.0
2021070404017810,SPDL,35,21,50,408.0,20400.0
2021070404017744,SPDL,32,21,55,408.0,22440.0
2021070404017743,SPDL,57,21,80,408.0,32640.0
2021070404017742,SPDL,50,21,88,408.0,35904.0
2021070404017712,SPDL,28,3,200,409.0,81800.0
2021070404017769,SSHL,58,34,20,311.0,6220.0
2021070404017768,SSHL,11,34,100,312.0,31200.0
2021070404017534,SSHL,42,36,50,314.0,15700.0
2021070404017533,SSHL,42,21,50,313.0,15650.0
2021070404017451,SSHL,38,52,500,312.0,156000.0
2021070404017450,SSHL,38,45,200,312.0,62400.0
2021070404017393,STC,7,49,10,9727.0,97270.0
2021070404017832,TRH,34,6,100,422.0,42200.0
2021070404017726,TRH,17,34,50,423.0,21150.0
2021070404017725,TRH,57,34,200,423.0,84600.0
2021070404017724,TRH,14,34,300,423.0,126900.0
2021070404017631,TRH,45,43,70,424.0,29680.0
2021070404017356,TRH,58,43,100,424.0,42400.0
2021070404017801,UIC,14,33,20,705.0,14100.0
2021070404017371,UIC,25,34,200,709.0,141800.0
2021070404017370,UIC,25,52,100,708.0,70800.0
2021070404017765,UMHL,54,56,30,354.0,10620.0
2021070404017762,UMHL,51,56,10,354.0,3540.0
2021070404017719,UMHL,55,56,19,352.0,6688.0
2021070404017687,UMHL,41,56,381,352.0,134112.0
2021070404017686,UMHL,58,56,500,352.0,176000.0
2021070404017685,UMHL,21,56,100,353.0,35300.0
2021070404017374,UMHL,43,56,145,353.0,51185.0
2021070404017373,UMHL,14,56,10,354.0,3540.0
2021070404017372,UMHL,59,56,100,354.0,35400.0
2021070404017380,UMHL,48,56,200,352.0,70400.0
2021070404017379,UMHL,10,56,50,352.0,17600.0
2021070404017378,UMHL,59,56,50,352.0,17600.0
2021070404017377,UMHL,21,56,200,352.0,70400.0
2021070404017376,UMHL,45,56,226,352.0,79552.0
2021070404017375,UMHL,13,56,500,353.0,176500.0
2021070404017386,UMHL,41,56,19,352.0,6688.0
2021070404017385,UMHL,56,56,100,352.0,35200.0
2021070404017384,UMHL,34,56,500,352.0,176000.0
2021070404017383,UMHL,57,56,350,352.0,123200.0
2021070404017382,UMHL,59,56,50,352.0,17600.0
2021070404017381,UMHL,26,56,500,352.0,176000.0
2021070404017820,UMRH,35,34,100,482.0,48200.0
2021070404017819,UMRH,16,34,50,483.0,24150.0
2021070404017818,UMRH,25,34,100,483.0,48300.0
2021070404017817,UMRH,17,34,200,485.0,97000.0
2021070404017816,UMRH,7,34,10,488.0,4880.0
2021070404017815,UMRH,7,34,10,490.0,4900.0
2021070404017429,UMRH,1,56,10,486.0,4860.0
2021070404017701,UMRH,7,21,70,495.0,34650.0
2021070404017625,UMRH,1,43,50,495.0,24750.0
2021070404017624,UMRH,1,42,10,495.0,4950.0
2021070404017623,UMRH,1,13,10,495.0,4950.0
2021070404017560,UNHPL,38,45,485,345.0,167325.0
2021070404017559,UNHPL,38,47,215,345.0,74175.0
2021070404017822,UPCL,49,46,50,292.0,14600.0
2021070404017821,UPCL,49,17,174,292.0,50808.0
2021070404017430,UPCL,7,22,50,294.0,14700.0
2021070404017511,UPCL,13,45,50,292.0,14600.0
2021070404017444,UPCL,13,53,324,292.0,94608.0
2021070404017443,UPCL,49,53,66,292.0,19272.0
2021070404017442,UPCL,22,53,10,294.0,2940.0
2021070404017441,UPCL,7,53,150,294.0,44100.0
2021070404017615,UPCL,13,17,126,292.0,36792.0
2021070404017843,UPPER,58,36,123,784.0,96432.0
2021070404017842,UPPER,58,33,40,784.0,31360.0
2021070404017841,UPPER,58,45,700,784.0,548800.0
2021070404017840,UPPER,58,29,100,784.0,78400.0
2021070404017839,UPPER,58,19,37,784.0,29008.0
2021070404017835,UPPER,43,56,20,783.0,15660.0
2021070404017524,UPPER,57,58,50,784.0,39200.0
2021070404017523,UPPER,34,19,50,783.0,39150.0
2021070404017423,UPPER,57,53,95,783.0,74385.0
2021070404017397,UPPER,57,21,100,784.0,78400.0
2021070404017396,UPPER,57,13,100,784.0,78400.0
2021070404017395,UPPER,57,17,450,784.0,352800.0
2021070404017684,UPPER,50,19,173,784.0,135632.0
2021070404017683,UPPER,50,57,50,784.0,39200.0
2021070404017682,UPPER,50,6,27,784.0,21168.0
2021070404017629,UPPER,6,45,50,783.0,39150.0
2021070404017525,UPPER,57,6,73,784.0,57232.0
2021070404017834,UPPER,59,56,80,783.0,62640.0
2021070404017767,UPPER,59,48,50,783.0,39150.0
2021070404017766,UPPER,6,48,50,783.0,39150.0
2021070404017758,UPPER,51,19,125,784.0,98000.0
2021070404017721,UPPER,28,19,50,784.0,39200.0
2021070404017720,UPPER,57,19,115,784.0,90160.0
2021070404017298,AHPC,53,19,16,446.0,7136.0
2021070404016952,AHPC,53,42,25,446.0,11150.0
2021070404017315,AIL,13,22,10,813.0,8130.0
2021070404017011,AIL,13,56,10,813.0,8130.0
2021070404016962,AIL,13,11,40,813.0,32520.0
2021070404016961,AIL,13,44,10,813.0,8130.0
2021070404017201,AKJCL,17,56,105,268.0,28140.0
2021070404017181,AKJCL,21,56,70,268.0,18760.0
2021070404017180,AKJCL,21,3,10,268.0,2680.0
2021070404016874,AKJCL,46,45,20,265.0,5300.0
2021070404017257,AKPL,1,45,43,426.0,18318.0
2021070404017256,AKPL,55,45,50,426.0,21300.0
2021070404017255,AKPL,34,45,62,426.0,26412.0
2021070404017254,AKPL,49,45,"1,000",426.0,426000.0
2021070404017253,AKPL,55,45,300,426.0,127800.0
2021070404017252,AKPL,6,45,100,426.0,42600.0
2021070404016982,AKPL,57,7,100,429.0,42900.0
2021070404016981,AKPL,59,7,162,429.0,69498.0
2021070404016918,AKPL,59,21,13,429.0,5577.0
2021070404017074,AKPL,38,50,60,428.0,25680.0
2021070404017073,AKPL,26,50,200,428.0,85600.0
2021070404017072,AKPL,50,50,100,428.0,42800.0
2021070404017071,AKPL,4,50,400,428.0,171200.0
2021070404016984,AKPL,50,7,400,429.0,171600.0
2021070404016983,AKPL,41,7,140,429.0,60060.0
2021070404017233,AKPL,16,45,60,428.0,25680.0
2021070404017179,AKPL,36,17,100,429.0,42900.0
2021070404017178,AKPL,36,7,98,429.0,42042.0
2021070404017115,AKPL,47,7,100,429.0,42900.0
2021070404017076,AKPL,16,50,140,428.0,59920.0
2021070404017075,AKPL,45,50,100,428.0,42800.0
2021070404017239,AKPL,36,45,400,427.0,170800.0
2021070404017238,AKPL,32,45,100,427.0,42700.0
2021070404017237,AKPL,55,45,150,427.0,64050.0
2021070404017236,AKPL,45,45,50,428.0,21400.0
2021070404017235,AKPL,14,45,50,428.0,21400.0
2021070404017234,AKPL,45,45,10,428.0,4280.0
2021070404017245,AKPL,55,45,500,427.0,213500.0
2021070404017244,AKPL,6,45,50,427.0,21350.0
2021070404017243,AKPL,34,45,150,427.0,64050.0
2021070404017242,AKPL,50,45,200,427.0,85400.0
2021070404017241,AKPL,41,45,500,427.0,213500.0
2021070404017240,AKPL,41,45,100,427.0,42700.0
2021070404017251,AKPL,26,45,100,426.0,42600.0
2021070404017250,AKPL,29,45,100,426.0,42600.0
2021070404017249,AKPL,50,45,100,427.0,42700.0
2021070404017248,AKPL,20,45,300,427.0,128100.0
2021070404017247,AKPL,25,45,25,427.0,10675.0
2021070404017246,AKPL,33,45,500,427.0,213500.0
2021070404017346,API,59,25,900,379.0,341100.0
2021070404017305,API,6,25,100,379.0,37900.0
2021070404017299,API,56,1,35,380.0,13300.0
2021070404017263,API,49,38,10,378.0,3780.0
2021070404017213,API,5,38,250,378.0,94500.0
2021070404017208,API,40,38,240,378.0,90720.0
2021070404016929,API,36,25,100,378.0,37800.0
2021070404016928,API,21,25,41,378.0,15498.0
2021070404016882,API,56,1,100,380.0,38000.0
2021070404016852,API,21,25,309,378.0,116802.0
2021070404016851,API,44,25,"1,000",378.0,378000.0
2021070404016935,API,34,25,197,377.0,74269.0
2021070404016934,API,1,25,100,377.0,37700.0
2021070404016933,API,49,25,10,377.0,3770.0
2021070404016932,API,34,25,100,377.0,37700.0
2021070404016931,API,8,25,300,377.0,113100.0
2021070404016930,API,42,25,18,378.0,6804.0
2021070404016941,API,11,25,70,376.0,26320.0
2021070404016940,API,45,25,"1,000",376.0,376000.0
2021070404016939,API,56,25,200,376.0,75200.0
2021070404016938,API,58,25,50,376.0,18800.0
2021070404016937,API,13,25,25,376.0,9400.0
2021070404016936,API,19,25,75,376.0,28200.0
2021070404017156,API,40,22,200,378.0,75600.0
2021070404017146,API,40,1,60,378.0,22680.0
2021070404016998,API,47,25,624,376.0,234624.0
2021070404016979,API,44,25,15,376.0,5640.0
2021070404016972,API,1,25,25,376.0,9400.0
2021070404016942,API,57,25,50,376.0,18800.0
2021070404017335,BARUN,38,36,190,530.0,100700.0
2021070404017302,BARUN,20,36,10,530.0,5300.0
2021070404017301,BARUN,20,49,190,529.0,100510.0
2021070404017339,BBC,52,13,10,5330.0,53300.0
2021070404017338,BBC,52,13,10,5340.0,53400.0
2021070404017107,BBC,36,1,10,5345.0,53450.0
2021070404017330,BPCL,42,38,10,516.0,5160.0
2021070404017172,BPCL,49,34,100,516.0,51600.0
2021070404016856,BPCL,51,34,100,516.0,51600.0
2021070404016976,BPCL,36,56,50,515.0,25750.0
2021070404016926,BPCL,36,55,100,515.0,51500.0
2021070404016890,BPCL,25,38,40,515.0,20600.0
2021070404016889,BPCL,52,34,100,516.0,51600.0
2021070404017325,CGH,19,58,10,1570.0,15700.0
2021070404017285,CGH,19,1,10,1570.0,15700.0
2021070404016997,CGH,19,34,10,1570.0,15700.0
2021070404016872,CGH,19,45,10,1570.0,15700.0
2021070404017281,CHCL,20,35,50,656.0,32800.0
2021070404017280,CHCL,36,35,16,656.0,10496.0
2021070404017112,CHCL,36,34,50,656.0,32800.0
2021070404017111,CHCL,36,49,200,656.0,131200.0
2021070404017110,CHCL,36,33,199,656.0,130544.0
2021070404017109,CHCL,36,16,235,655.0,153925.0
2021070404017029,CHCL,11,22,24,654.0,15696.0
2021070404017028,CHCL,3,22,50,654.0,32700.0
2021070404017027,CHCL,11,22,10,654.0,6540.0
2021070404017026,CHCL,45,22,16,654.0,10464.0
2021070404016919,CHCL,41,16,81,655.0,53055.0
2021070404016914,CHCL,41,49,19,655.0,12445.0
2021070404017312,CHL,49,37,300,415.0,124500.0
2021070404017311,CHL,17,37,50,415.0,20750.0
2021070404016854,CHL,57,13,50,416.0,20800.0
2021070404016853,CHL,47,13,50,417.0,20850.0
2021070404016999,CMF1,11,42,300,12.19,3657.0
2021070404017321,DHPL,49,28,50,262.0,13100.0
2021070404017320,DHPL,47,28,50,262.0,13100.0
2021070404017149,EIC,5,57,100,743.0,74300.0
2021070404017210,GIC,39,36,60,695.0,41700.0
2021070404016920,GIC,20,19,60,692.0,41520.0
2021070404016950,GIC,39,52,10,693.0,6930.0
2021070404016949,GIC,39,22,140,693.0,97020.0
2021070404016924,GIC,7,19,10,692.0,6920.0
2021070404016923,GIC,41,19,10,692.0,6920.0
2021070404016922,GIC,45,19,100,692.0,69200.0
2021070404016921,GIC,25,19,20,692.0,13840.0
2021070404017031,GIC,39,34,10,694.0,6940.0
2021070404017018,GIC,39,42,10,694.0,6940.0
2021070404017017,GIC,39,45,10,694.0,6940.0
2021070404017207,GIC,39,36,280,695.0,194600.0
2021070404017186,GIC,39,58,10,695.0,6950.0
2021070404017153,GIC,39,1,10,695.0,6950.0
2021070404017152,GIC,39,56,10,695.0,6950.0
2021070404017151,GIC,39,13,10,695.0,6950.0
2021070404017039,GIMES1,33,6,300,19.15,5745.0
2021070404017314,GLH,54,39,10,363.0,3630.0
2021070404017168,GLH,52,16,10,362.0,3620.0
2021070404017150,GLH,11,28,10,362.0,3620.0
2021070404017142,GLH,11,52,10,362.0,3620.0
2021070404017070,GLH,11,38,10,362.0,3620.0
2021070404017024,GLH,11,6,10,362.0,3620.0
2021070404016980,GLH,11,58,10,362.0,3620.0
2021070404017336,HDHPC,21,35,75,271.0,20325.0
2021070404017329,HDHPC,45,35,125,271.0,33875.0
2021070404017328,HDHPC,45,58,"1,375",271.0,372625.0
2021070404017288,HDHPC,33,58,200,271.0,54200.0
2021070404017284,HDHPC,53,58,200,271.0,54200.0
2021070404017276,HDHPC,38,58,500,271.0,135500.0
2021070404016867,HDHPC,25,45,100,272.0,27200.0
2021070404016857,HDHPC,41,39,25,272.0,6800.0
2021070404017200,HDHPC,25,39,50,272.0,13600.0
2021070404017173,HDHPC,39,49,200,271.0,54200.0
2021070404017169,HDHPC,52,39,10,272.0,2720.0
2021070404017162,HDHPC,39,39,30,271.0,8130.0
2021070404016996,HDHPC,39,35,30,271.0,8130.0
2021070404016868,HDHPC,25,39,400,272.0,108800.0
2021070404017275,HDHPC,49,58,350,271.0,94850.0
2021070404017274,HDHPC,40,58,200,271.0,54200.0
2021070404017273,HDHPC,57,58,500,271.0,135500.0
2021070404017272,HDHPC,25,58,200,271.0,54200.0
2021070404017271,HDHPC,1,58,70,271.0,18970.0
2021070404017270,HDHPC,59,58,100,271.0,27100.0
2021070404017202,HGI,35,34,100,765.0,76500.0
2021070404017033,HGI,35,34,100,765.0,76500.0
2021070404016896,HGI,52,34,600,765.0,459000.0
2021070404016895,HGI,58,34,50,765.0,38250.0
2021070404016894,HGI,13,34,100,765.0,76500.0
2021070404016893,HGI,49,34,100,765.0,76500.0
2021070404016892,HGI,36,34,184,765.0,140760.0
2021070404017303,HPPL,55,34,10,404.0,4040.0
2021070404017114,HURJA,34,47,20,345.0,6900.0
2021070404017166,IGI,58,49,111,1203.0,133533.0
2021070404017165,IGI,58,47,125,1203.0,150375.0
2021070404017163,IGI,4,47,75,1203.0,90225.0
2021070404016995,JOSHI,34,16,500,281.0,140500.0
2021070404017001,KEF,35,46,100,10.1,1010.0
2021070404016876,KEF,35,49,500,10.1,5050.0
2021070404017279,KKHC,37,59,244,263.0,64172.0
2021070404017020,KKHC,58,59,15,263.0,3945.0
2021070404017013,KKHC,57,59,480,263.0,126240.0
2021070404017012,KKHC,57,58,20,263.0,5260.0
2021070404016878,KKHC,54,34,10,262.0,2620.0
2021070404016855,KKHC,54,52,16,262.0,4192.0
2021070404017199,KPCL,21,56,41,436.0,17876.0
2021070404017188,KPCL,21,5,39,436.0,17004.0
2021070404016954,KPCL,21,56,10,436.0,4360.0
2021070404016953,KPCL,6,56,80,436.0,34880.0
2021070404016902,KPCL,6,34,10,436.0,4360.0
2021070404016968,KPCL,21,40,10,436.0,4360.0
2021070404017266,LEC,6,22,100,344.0,34400.0
2021070404017154,LEC,58,34,20,344.0,6880.0
2021070404017101,LEC,58,1,110,342.0,37620.0
2021070404017022,LEC,25,40,17,340.0,5780.0
