Transact. No.,Symbol,Buyer,Seller,Quantity,Rate,Amount
2021070804015877,AHPC,28,1,10,432.0,4320.0
2021070804015755,AHPC,47,38,130,431.0,56030.0
2021070804015678,AHPC,47,45,30,431.0,12930.0
2021070804015677,AHPC,47,36,"1,000",431.0,431000.0
2021070804015676,AHPC,47,14,50,431.0,21550.0
2021070804016057,AHPC,47,22,"1,010",432.0,436320.0
2021070804016029,AHPC,47,7,100,432.0,43200.0
2021070804015959,AHPC,36,44,20,433.0,8660.0
2021070804015880,AHPC,47,43,30,432.0,12960.0
2021070804015879,AHPC,47,34,100,432.0,43200.0
2021070804015878,AHPC,47,1,180,432.0,77760.0
2021070804016109,AHPC,47,38,585,432.0,252720.0
2021070804015753,AIL,22,56,15,798.0,11970.0
2021070804015752,AIL,17,56,25,799.0,19975.0
2021070804015733,AIL,17,58,10,799.0,7990.0
2021070804015732,AIL,17,51,15,799.0,11985.0
2021070804015818,AKJCL,40,37,114,261.0,29754.0
2021070804015817,AKJCL,40,58,20,261.0,5220.0
2021070804015816,AKJCL,40,26,66,261.0,17226.0
2021070804015760,AKJCL,58,26,100,261.0,26100.0
2021070804015682,AKJCL,39,22,500,260.0,130000.0
2021070804016123,AKPL,46,21,30,433.0,12990.0
2021070804015905,AKPL,47,13,200,434.0,86800.0
2021070804015884,AKPL,21,51,40,432.0,17280.0
2021070804015883,AKPL,46,51,100,432.0,43200.0
2021070804015882,AKPL,41,51,210,432.0,90720.0
2021070804015881,AKPL,19,51,150,433.0,64950.0
2021070804015702,AKPL,4,42,41,435.0,17835.0
2021070804015701,AKPL,4,55,490,435.0,213150.0
2021070804015700,AKPL,4,16,50,434.0,21700.0
2021070804015699,AKPL,4,11,50,434.0,21700.0
2021070804015698,AKPL,4,36,180,434.0,78120.0
2021070804015708,AKPL,4,34,100,435.0,43500.0
2021070804015707,AKPL,4,52,200,435.0,87000.0
2021070804015706,AKPL,4,4,10,435.0,4350.0
2021070804015705,AKPL,4,29,21,435.0,9135.0
2021070804015704,AKPL,4,25,200,435.0,87000.0
2021070804015703,AKPL,4,52,300,435.0,130500.0
2021070804015714,AKPL,4,35,345,435.0,150075.0
2021070804015713,AKPL,4,51,100,435.0,43500.0
2021070804015712,AKPL,4,41,300,435.0,130500.0
2021070804015711,AKPL,4,6,13,435.0,5655.0
2021070804015710,AKPL,4,22,100,435.0,43500.0
2021070804015709,AKPL,4,36,500,435.0,217500.0
2021070804016024,API,37,25,98,365.0,35770.0
2021070804016023,API,42,25,100,365.0,36500.0
2021070804016022,API,13,25,208,365.0,75920.0
2021070804016021,API,50,25,50,365.0,18250.0
2021070804016020,API,57,25,50,365.0,18250.0
2021070804016019,API,26,25,334,365.0,121910.0
2021070804015783,API,48,48,200,366.0,73200.0
2021070804015782,API,48,48,500,366.0,183000.0
2021070804015781,API,59,48,"1,000",366.0,366000.0
2021070804015780,API,41,48,200,366.0,73200.0
2021070804015751,API,38,32,100,367.0,36700.0
2021070804015789,API,44,48,500,365.0,182500.0
2021070804015788,API,45,48,100,365.0,36500.0
2021070804015787,API,57,48,50,365.0,18250.0
2021070804015786,API,45,48,50,365.0,18250.0
2021070804015785,API,34,48,136,365.0,49640.0
2021070804015784,API,20,48,33,365.0,12045.0
2021070804015901,API,46,54,20,366.0,7320.0
2021070804015814,API,58,32,100,367.0,36700.0
2021070804015799,API,47,32,100,367.0,36700.0
2021070804015792,API,26,48,166,365.0,60590.0
2021070804015791,API,22,48,50,365.0,18250.0
2021070804015790,API,21,48,10,365.0,3650.0
2021070804016018,API,38,25,100,366.0,36600.0
2021070804016017,API,6,25,10,366.0,3660.0
2021070804016016,API,21,25,50,366.0,18300.0
2021070804015990,API,44,32,50,367.0,18350.0
2021070804015979,API,58,32,30,367.0,11010.0
2021070804015902,API,46,32,80,367.0,29360.0
2021070804015977,BARUN,20,57,10,509.0,5090.0
2021070804015939,BARUN,20,57,22,509.0,11198.0
2021070804015737,BARUN,20,26,10,505.0,5050.0
2021070804015967,BPCL,25,52,69,498.0,34362.0
2021070804015966,BPCL,41,52,100,498.0,49800.0
2021070804015965,BPCL,45,52,100,499.0,49900.0
2021070804015964,BPCL,46,52,131,499.0,65369.0
2021070804015847,BPCL,1,51,100,499.0,49900.0
2021070804015741,BPCL,1,10,105,499.0,52395.0
2021070804015740,BPCL,1,39,26,499.0,12974.0
2021070804015739,BPCL,1,52,252,499.0,125748.0
2021070804015955,BPCL,46,34,36,499.0,17964.0
2021070804015934,BPCL,46,33,50,499.0,24950.0
2021070804015922,BPCL,46,52,83,499.0,41417.0
2021070804015921,BPCL,58,52,100,499.0,49900.0
2021070804015920,BPCL,1,52,17,499.0,8483.0
2021070804015806,CGH,29,36,45,1523.0,68535.0
2021070804015802,CGH,59,33,20,1524.0,30480.0
2021070804015801,CGH,59,47,10,1524.0,15240.0
2021070804015800,CGH,59,13,270,1523.0,411210.0
2021070804016056,CHCL,42,1,200,668.0,133600.0
2021070804016055,CHCL,42,34,235,668.0,156980.0
2021070804016054,CHCL,42,26,40,664.0,26560.0
2021070804015982,CHCL,51,26,50,664.0,33200.0
2021070804015904,CHCL,45,26,10,664.0,6640.0
2021070804015903,CHCL,26,26,100,666.0,66600.0
2021070804015873,CHCL,42,34,65,668.0,43420.0
2021070804015872,CHCL,42,58,300,668.0,200400.0
2021070804015871,CHCL,42,26,100,667.0,66700.0
2021070804015870,CHCL,42,33,35,667.0,23345.0
2021070804015859,CHCL,44,33,15,667.0,10005.0
2021070804015683,CHCL,45,51,40,664.0,26560.0
2021070804016048,CHL,38,8,11,444.0,4884.0
2021070804016047,CHL,38,51,25,441.0,11025.0
2021070804016046,CHL,38,59,20,440.0,8800.0
2021070804016045,CHL,38,22,299,440.0,131560.0
2021070804016044,CHL,38,50,50,440.0,22000.0
2021070804016043,CHL,38,6,100,440.0,44000.0
2021070804016042,CHL,38,38,430,440.0,189200.0
2021070804015768,CHL,48,38,50,440.0,22000.0
2021070804015764,CHL,54,38,15,438.0,6570.0
2021070804015861,CMF2,4,5,100,13.15,1315.0
2021070804016030,DHPL,52,45,100,253.0,25300.0
2021070804015958,DHPL,52,48,10,253.0,2530.0
2021070804015794,DHPL,52,11,118,253.0,29854.0
2021070804015793,DHPL,51,11,62,253.0,15686.0
2021070804015717,EIC,4,48,50,745.0,37250.0
2021070804015716,EIC,4,29,100,745.0,74500.0
2021070804015715,EIC,4,43,400,745.0,298000.0
2021070804015906,GHL,50,21,20,280.0,5600.0
2021070804015749,GHL,5,16,100,277.0,27700.0
2021070804015686,GHL,58,1,20,279.0,5580.0
2021070804015685,GHL,58,55,105,279.0,29295.0
2021070804016041,GIC,16,17,10,682.0,6820.0
2021070804015744,GIC,28,45,90,684.0,61560.0
2021070804015743,GIC,42,45,150,684.0,102600.0
2021070804015993,GLH,34,36,10,349.0,3490.0
2021070804015988,GLH,58,34,10,348.0,3480.0
2021070804015860,GLH,58,56,10,348.0,3480.0
2021070804015687,GLH,34,36,10,349.0,3490.0
2021070804016098,HDHPC,1,57,50,262.0,13100.0
2021070804016097,HDHPC,8,57,50,262.0,13100.0
2021070804015923,HDHPC,49,25,40,263.0,10520.0
2021070804015887,HDHPC,5,25,10,263.0,2630.0
2021070804015863,HDHPC,43,58,360,261.0,93960.0
2021070804015862,HDHPC,42,58,340,262.0,89080.0
2021070804015720,HDHPC,3,21,130,262.0,34060.0
2021070804015719,HDHPC,3,21,290,262.0,75980.0
2021070804015697,HDHPC,54,21,200,262.0,52400.0
2021070804015819,HDHPC,3,45,175,262.0,45850.0
2021070804015754,HDHPC,3,59,25,262.0,6550.0
2021070804015724,HDHPC,3,58,50,262.0,13100.0
2021070804015723,HDHPC,3,57,70,262.0,18340.0
2021070804015722,HDHPC,3,34,10,262.0,2620.0
2021070804015721,HDHPC,3,25,100,262.0,26200.0
2021070804015846,HDHPC,3,33,100,263.0,26300.0
2021070804015845,HDHPC,3,1,900,263.0,236700.0
2021070804015823,HDHPC,43,45,165,261.0,43065.0
2021070804015822,HDHPC,42,45,20,261.0,5220.0
2021070804015821,HDHPC,8,45,50,261.0,13050.0
2021070804015820,HDHPC,51,45,560,261.0,146160.0
2021070804016090,HGI,57,25,10,764.0,7640.0
2021070804016074,HGI,57,7,81,760.0,61560.0
2021070804016028,HGI,42,7,19,760.0,14440.0
2021070804015895,HGI,57,25,20,764.0,15280.0
2021070804015761,HGI,42,22,50,760.0,38000.0
2021070804015898,HPPL,45,38,100,393.0,39300.0
2021070804015897,HPPL,5,38,100,393.0,39300.0
2021070804015896,HPPL,54,38,300,393.0,117900.0
2021070804015696,IGI,22,58,27,1195.0,32265.0
2021070804015805,IGI,35,58,10,1195.0,11950.0
2021070804015930,IGI,49,44,50,1195.0,59750.0
2021070804015911,IGI,45,36,100,1195.0,119500.0
2021070804016106,JOSHI,3,42,43,275.0,11825.0
2021070804016105,JOSHI,3,43,50,275.0,13750.0
2021070804016104,JOSHI,3,25,20,275.0,5500.0
2021070804016103,JOSHI,3,14,20,275.0,5500.0
2021070804016102,JOSHI,3,38,30,273.0,8190.0
2021070804016101,JOSHI,3,1,20,272.0,5440.0
2021070804016100,JOSHI,3,11,100,272.0,27200.0
2021070804016099,JOSHI,3,17,17,271.0,4607.0
2021070804015978,KKHC,7,44,100,259.0,25900.0
2021070804015798,KKHC,22,44,30,259.0,7770.0
2021070804015767,KKHC,44,34,50,258.0,12900.0
2021070805000041,KLBSL,29,41,110,1658.0,182380.0
2021070805000040,KLBSL,29,25,10,1657.0,16570.0
2021070805000039,KLBSL,16,41,130,1658.0,215540.0
2021070805000038,KLBSL,16,25,20,1650.0,33000.0
2021070805000037,KLBSL,16,41,50,1658.0,82900.0
2021070805000036,KLBSL,16,22,100,1657.0,165700.0
2021070805000005,KLBSL,49,36,50,1629.0,81450.0
2021070805000004,KLBSL,18,47,20,1630.0,32600.0
2021070805000003,KLBSL,18,44,65,1630.0,105950.0
2021070805000002,KLBSL,49,44,35,1630.0,57050.0
2021070805000001,KLBSL,16,49,15,1600.0,24000.0
2021070805000011,KLBSL,16,50,25,1647.0,41175.0
2021070805000010,KLBSL,16,50,29,1647.0,47763.0
2021070805000009,KLBSL,16,58,11,1645.0,18095.0
2021070805000008,KLBSL,16,56,12,1645.0,19740.0
2021070805000007,KLBSL,16,29,27,1634.0,44118.0
2021070805000006,KLBSL,16,3,21,1630.0,34230.0
2021070805000017,KLBSL,48,47,20,1650.0,33000.0
2021070805000016,KLBSL,48,49,25,1650.0,41250.0
2021070805000015,KLBSL,57,49,10,1650.0,16500.0
2021070805000014,KLBSL,55,26,50,1649.0,82450.0
2021070805000013,KLBSL,58,50,46,1647.0,75762.0
2021070805000012,KLBSL,18,17,43,1645.0,70735.0
2021070805000023,KLBSL,16,47,20,1662.0,33240.0
2021070805000022,KLBSL,16,38,100,1662.0,166200.0
2021070805000021,KLBSL,48,38,48,1662.0,79776.0
2021070805000020,KLBSL,48,10,50,1660.0,83000.0
2021070805000019,KLBSL,48,47,47,1660.0,78020.0
2021070805000018,KLBSL,48,47,50,1655.0,82750.0
2021070805000029,KLBSL,17,41,150,1655.0,248250.0
2021070805000028,KLBSL,29,42,100,1659.0,165900.0
2021070805000027,KLBSL,29,42,50,1659.0,82950.0
2021070805000026,KLBSL,16,29,20,1662.0,33240.0
2021070805000025,KLBSL,22,16,50,1665.0,83250.0
2021070805000024,KLBSL,16,41,84,1670.0,140280.0
2021070805000035,KLBSL,29,41,90,1650.0,148500.0
2021070805000034,KLBSL,43,41,10,1650.0,16500.0
2021070805000033,KLBSL,29,57,100,1645.0,164500.0
2021070805000032,KLBSL,29,50,10,1645.0,16450.0
2021070805000031,KLBSL,37,50,10,1645.0,16450.0
2021070805000030,KLBSL,37,32,10,1645.0,16450.0
2021070804015984,LEC,13,36,20,336.0,6720.0
2021070804015974,LEC,50,36,70,336.0,23520.0
2021070804015973,LEC,13,36,10,337.0,3370.0
2021070804015919,LEC,58,57,10,340.0,3400.0
2021070804015918,LEC,58,14,10,339.0,3390.0
2021070804015912,LEC,34,14,10,338.0,3380.0
2021070804015772,LEMF,42,53,100,14.25,1425.0
2021070804015893,LGIL,28,6,40,783.0,31320.0
2021070804015892,LGIL,28,6,160,783.0,125280.0
2021070804015885,LGIL,19,6,20,783.0,15660.0
2021070804015808,LGIL,47,59,85,782.0,66470.0
2021070804016122,LUK,46,34,100,12.16,1216.0
2021070804016110,MEN,39,42,10,855.0,8550.0
2021070804015975,MEN,39,59,10,854.0,8540.0
2021070804015916,MEN,39,11,10,851.0,8510.0
2021070804015915,MEN,39,16,14,851.0,11914.0
2021070804015771,MHNL,50,22,40,310.0,12400.0
2021070804016121,NGPL,58,49,10,444.0,4440.0
2021070804016009,NGPL,4,49,81,444.0,35964.0
2021070804016008,NGPL,4,42,100,443.0,44300.0
2021070804016007,NGPL,4,32,400,443.0,177200.0
2021070804016006,NGPL,4,42,100,442.0,44200.0
2021070804016005,NGPL,4,35,319,442.0,140998.0
2021070804015986,NGPL,48,32,90,440.0,39600.0
2021070804015985,NGPL,41,32,10,441.0,4410.0
2021070804015689,NGPL,47,32,80,440.0,35200.0
2021070804016111,NHPC,54,45,10,295.0,2950.0
2021070804016093,NHPC,47,45,115,295.0,33925.0
2021070804016092,NHPC,47,5,50,295.0,14750.0
2021070804016091,NHPC,47,45,335,295.0,98825.0
2021070804016089,NHPC,28,45,200,295.0,59000.0
2021070804016086,NHPC,51,45,100,295.0,29500.0
2021070804015762,NHPC,40,38,200,295.0,59000.0
2021070804015718,NHPC,36,57,"1,000",294.0,294000.0
2021070804015691,NHPC,38,38,330,295.0,97350.0
2021070804015690,NHPC,38,21,70,295.0,20650.0
2021070804015684,NHPC,36,4,100,294.0,29400.0
2021070804015874,NHPC,5,38,100,295.0,29500.0
2021070804015848,NHPC,36,49,500,294.0,147000.0
2021070804015813,NHPC,36,46,523,294.0,153762.0
2021070804015812,NHPC,36,46,477,294.0,140238.0
2021070804015795,NHPC,58,38,135,295.0,39825.0
2021070804015773,NHPC,58,38,150,295.0,44250.0
2021070804015927,NHPC,36,4,100,294.0,29400.0
2021070804015925,NHPC,37,43,10,295.0,2950.0
2021070804015924,NHPC,51,43,200,295.0,59000.0
2021070804015917,NHPC,36,32,233,294.0,68502.0
2021070804015914,NHPC,49,43,165,295.0,48675.0
2021070804015913,NHPC,49,38,85,295.0,25075.0
2021070804015996,NHPC,39,40,20,294.0,5880.0
2021070804015995,NHPC,42,40,100,294.0,29400.0
2021070804015994,NHPC,36,40,244,294.0,71736.0
2021070804015970,NHPC,36,21,200,294.0,58800.0
2021070804015968,NHPC,36,20,200,294.0,58800.0
2021070804015933,NHPC,59,43,100,295.0,29500.0
2021070804016002,NHPC,8,1,100,295.0,29500.0
2021070804016001,NHPC,8,33,170,295.0,50150.0
2021070804016000,NHPC,8,43,25,295.0,7375.0
2021070804015999,NHPC,49,40,36,294.0,10584.0
2021070804015998,NHPC,49,40,300,294.0,88200.0
2021070804015997,NHPC,57,40,100,294.0,29400.0
2021070804016073,NHPC,37,45,10,295.0,2950.0
2021070804016038,NHPC,42,45,55,295.0,16225.0
2021070804016037,NHPC,42,38,45,295.0,13275.0
2021070804016032,NHPC,16,6,36,294.0,10584.0
2021070804016031,NHPC,49,6,164,294.0,48216.0
2021070804016003,NHPC,8,38,705,295.0,207975.0
2021070804016004,NICGF,41,17,100,14.99,1499.0
2021070804016120,NICL,49,5,14,1022.0,14308.0
2021070804016107,NICL,20,13,10,1023.0,10230.0
2021070804016068,NICL,56,13,10,1023.0,10230.0
2021070804016053,NICL,49,28,86,1022.0,87892.0
2021070804016052,NICL,47,28,214,1022.0,218708.0
2021070804015992,NICL,47,1,150,1022.0,153300.0
2021070804015775,NICL,33,56,80,1023.0,81840.0
2021070804015763,NICL,41,26,30,1024.0,30720.0
2021070804015736,NICL,56,26,10,1024.0,10240.0
2021070804015729,NICL,33,39,20,1023.0,20460.0
2021070804015671,NICL,14,26,10,1024.0,10240.0
2021070804015989,NICL,47,43,100,1022.0,102200.0
2021070804015956,NICL,47,40,200,1022.0,204400.0
2021070804015946,NICL,47,49,100,1022.0,102200.0
2021070804015907,NICL,47,45,208,1022.0,212576.0
2021070804015777,NICL,47,56,290,1022.0,296380.0
2021070804015776,NICL,38,56,130,1023.0,132990.0
2021070804016067,NIL,44,57,62,1318.0,81716.0
2021070804016066,NIL,36,57,100,1318.0,131800.0
2021070804016065,NIL,54,57,50,1318.0,65900.0
2021070804016064,NIL,14,57,10,1318.0,13180.0
2021070804016063,NIL,32,57,200,1318.0,263600.0
2021070804016062,NIL,34,57,100,1318.0,131800.0
2021070804015826,NIL,49,29,50,1319.0,65950.0
2021070804015825,NIL,16,29,100,1320.0,132000.0
2021070804015832,NIL,35,29,26,1318.0,34268.0
2021070804015831,NIL,16,29,100,1319.0,131900.0
2021070804015830,NIL,52,29,10,1319.0,13190.0
2021070804015829,NIL,46,29,500,1319.0,659500.0
2021070804015828,NIL,4,29,50,1319.0,65950.0
2021070804015827,NIL,51,29,10,1319.0,13190.0
2021070804016061,NIL,32,57,368,1318.0,485024.0
2021070804016060,NIL,22,57,50,1319.0,65950.0
2021070804016059,NIL,42,57,50,1319.0,65950.0
2021070804016058,NIL,55,57,10,1321.0,13210.0
2021070804015971,NIL,55,13,10,1321.0,13210.0
2021070804015833,NIL,32,29,154,1318.0,202972.0
2021070804016026,NLG,1,39,50,1230.0,61500.0
2021070804016025,NLG,42,39,90,1235.0,111150.0
2021070804015954,NLG,42,57,10,1235.0,12350.0
2021070804016125,OHL,49,46,10,704.0,7040.0
2021070804016082,OHL,55,49,10,695.0,6950.0
2021070804016050,OHL,49,46,10,704.0,7040.0
2021070804016049,OHL,49,33,300,702.0,210600.0
2021070804015972,OHL,40,46,200,695.0,139000.0
2021070804015981,PICL,10,47,50,804.0,40200.0
2021070804015807,PICL,21,58,100,803.0,80300.0
2021070804016127,PMHPL,38,45,100,275.0,27500.0
2021070804016126,PMHPL,35,45,20,275.0,5500.0
2021070804016081,PRIN,59,38,500,959.0,479500.0
2021070804016080,PRIN,59,41,65,959.0,62335.0
2021070804016079,PRIN,59,22,20,959.0,19180.0
2021070804016078,PRIN,59,34,50,957.0,47850.0
2021070804016077,PRIN,59,47,50,956.0,47800.0
2021070804016076,PRIN,59,13,10,956.0,9560.0
2021070804015962,PRIN,49,13,450,956.0,430200.0
2021070804015961,PRIN,49,4,150,950.0,142500.0
2021070804015953,PRIN,58,4,100,948.0,94800.0
2021070804016108,RADHI,45,35,50,729.0,36450.0
2021070804016035,RADHI,58,35,75,729.0,54675.0
2021070804015983,RADHI,46,58,50,730.0,36500.0
2021070804015976,RADHI,58,47,25,729.0,18225.0
2021070804015932,RADHI,57,58,50,730.0,36500.0
2021070804015908,RADHI,58,56,50,729.0,36450.0
2021070804015735,RADHI,34,47,20,734.0,14680.0
2021070804015681,RADHI,55,47,138,734.0,101292.0
2021070804015680,RADHI,55,13,380,733.0,278540.0
2021070804015679,RADHI,55,57,66,731.0,48246.0
2021070804015797,RADHI,45,58,100,730.0,73000.0
2021070804015796,RADHI,58,58,190,730.0,138700.0
2021070804015759,RADHI,58,7,10,730.0,7300.0
2021070804015758,RADHI,49,7,20,730.0,14600.0
2021070804015757,RADHI,58,7,200,730.0,146000.0
2021070804015756,RADHI,16,7,20,730.0,14600.0
2021070804015960,RBCL,22,16,10,21350.0,213500.0
2021070804016128,RHPL,59,14,10,434.0,4340.0
2021070804015811,RHPL,36,17,5,432.0,2160.0
2021070804015810,RHPL,36,51,30,432.0,12960.0
2021070804015778,RHPL,36,59,30,432.0,12960.0
2021070804015774,RHPL,36,22,135,432.0,58320.0
2021070804016083,RRHP,41,36,10,353.0,3530.0
2021070804015980,RRHP,16,36,50,353.0,17650.0
2021070804015963,RRHP,36,36,10,353.0,3530.0
2021070804015936,RRHP,57,36,100,353.0,35300.0
2021070804015770,SEF,47,42,400,13.8,5520.0
2021070804016072,SFMF,13,44,600,15.5,9300.0
2021070804016071,SFMF,13,54,400,15.5,6200.0
2021070804015869,SGI,11,45,20,710.0,14200.0
2021070804015868,SGI,42,45,30,710.0,21300.0
2021070804015867,SGI,45,45,50,710.0,35500.0
2021070804015866,SGI,42,45,100,710.0,71000.0
2021070804015693,SHL,41,37,100,261.0,26100.0
2021070804015692,SHL,42,38,200,262.0,52400.0
2021070804016015,SHPC,14,52,674,480.0,323520.0
2021070804016014,SHPC,35,52,100,480.0,48000.0
2021070804016013,SHPC,52,52,500,480.0,240000.0
2021070804015688,SHPC,29,41,20,480.0,9600.0
2021070804015815,SHPC,16,4,784,481.0,377104.0
2021070804016012,SHPC,55,52,10,480.0,4800.0
2021070804016011,SHPC,29,52,930,480.0,446400.0
2021070804016010,SHPC,16,52,216,481.0,103896.0
2021070804016033,SIC,58,8,20,1318.0,26360.0
2021070804015890,SIC,22,56,20,1318.0,26360.0
2021070804015889,SIC,22,57,80,1318.0,105440.0
2021070804016119,SICL,55,47,65,1932.0,125580.0
2021070804016118,SICL,19,47,15,1932.0,28980.0
2021070804016117,SICL,36,47,25,1933.0,48325.0
2021070804016116,SICL,57,47,100,1935.0,193500.0
2021070804016115,SICL,41,47,100,1935.0,193500.0
2021070804016114,SICL,20,47,11,1935.0,21285.0
2021070804015695,SICL,45,7,50,1939.0,96950.0
2021070804015694,SICL,14,7,20,1939.0,38780.0
2021070804015931,SICL,45,40,20,1939.0,38780.0
2021070804015894,SICL,34,4,25,1938.0,48450.0
2021070804015850,SICL,21,40,21,1939.0,40719.0
2021070804015849,SICL,21,7,29,1939.0,56231.0
2021070804015742,SICL,45,7,38,1939.0,73682.0
2021070804015731,SICL,18,10,50,1938.0,96900.0
2021070804016113,SICL,51,47,50,1935.0,96750.0
2021070804016112,SICL,11,47,10,1935.0,19350.0
2021070804015991,SICL,34,10,25,1938.0,48450.0
2021070804015938,SICL,44,29,61,1939.0,118279.0
2021070804015937,SICL,44,40,39,1939.0,75621.0
2021070804015935,SICL,51,40,30,1939.0,58170.0
2021070804015987,SIL,18,10,10,1040.0,10400.0
2021070804016129,SJCL,45,6,10,412.0,4120.0
2021070804016034,SJCL,45,51,20,412.0,8240.0
2021070804015957,SJCL,45,56,20,412.0,8240.0
2021070804015952,SJCL,43,36,40,411.0,16440.0
2021070804015824,SJCL,17,56,80,412.0,32960.0
2021070804015779,SJCL,17,52,20,412.0,8240.0
2021070804015891,SPDL,43,28,100,402.0,40200.0
2021070804015746,SPDL,42,28,10,402.0,4020.0
2021070804015750,STC,57,38,10,9850.0,98500.0
2021070804016075,TRH,49,8,10,405.0,4050.0
2021070804016051,TRH,29,8,18,405.0,7290.0
2021070804015858,UIC,25,35,10,740.0,7400.0
2021070804015857,UIC,25,47,200,739.0,147800.0
2021070804015856,UIC,25,13,10,739.0,7390.0
2021070804015675,UIC,25,13,40,739.0,29560.0
2021070804015674,UIC,25,45,20,738.0,14760.0
2021070804015673,UIC,25,53,40,737.0,29480.0
2021070804015672,UIC,25,21,50,735.0,36750.0
2021070804016124,UMHL,48,38,10,343.0,3430.0
2021070804016088,UMHL,56,4,30,341.0,10230.0
2021070804016087,UMHL,51,4,20,341.0,6820.0
2021070804015728,UMHL,47,50,640,342.0,218880.0
2021070804015727,UMHL,25,50,40,342.0,13680.0
2021070804015726,UMHL,44,50,200,342.0,68400.0
2021070804015725,UMHL,4,50,364,342.0,124488.0
2021070804015836,UMHL,14,38,37,343.0,12691.0
2021070804015835,UMHL,14,50,213,342.0,72846.0
2021070804015803,UMHL,1,50,300,342.0,102600.0
2021070804015734,UMHL,46,50,500,342.0,171000.0
2021070804015730,UMHL,6,50,500,342.0,171000.0
2021070804015900,UMHL,51,38,80,341.0,27280.0
2021070804015899,UMHL,49,38,35,342.0,11970.0
2021070804015886,UMHL,49,56,25,342.0,8550.0
2021070804015969,UMRH,45,45,50,455.0,22750.0
2021070804015940,UMRH,45,28,10,455.0,4550.0
2021070804016070,UNHPL,7,19,130,357.0,46410.0
2021070804015951,UNHPL,45,49,100,359.0,35900.0
2021070804015855,UNHPL,7,28,242,357.0,86394.0
2021070804015854,UNHPL,49,28,125,357.0,44625.0
2021070804015853,UNHPL,22,28,60,358.0,21480.0
2021070804015852,UNHPL,29,28,20,358.0,7160.0
2021070804015851,UNHPL,8,28,53,358.0,18974.0
2021070804015809,UNHPL,38,45,10,360.0,3600.0
2021070804016036,UPCL,35,1,10,280.0,2800.0
2021070804015888,UPCL,35,36,270,280.0,75600.0
2021070804015844,UPCL,22,47,48,281.0,13488.0
2021070804015843,UPCL,22,48,100,280.0,28000.0
2021070804015842,UPCL,22,56,12,280.0,3360.0
2021070804015745,UPCL,20,32,705,279.0,196695.0
2021070804015841,UPCL,22,49,500,280.0,140000.0
2021070804015840,UPCL,22,35,100,280.0,28000.0
2021070804015839,UPCL,22,43,50,280.0,14000.0
2021070804015838,UPCL,22,45,100,280.0,28000.0
2021070804015837,UPCL,22,49,90,280.0,25200.0
2021070804015804,UPCL,20,1,10,279.0,2790.0
2021070804016096,UPPER,51,22,20,700.0,14000.0
2021070804016095,UPPER,51,50,50,700.0,35000.0
2021070804016094,UPPER,51,45,30,700.0,21000.0
2021070804016085,UPPER,5,45,10,700.0,7000.0
2021070804016084,UPPER,5,48,90,700.0,63000.0
2021070804016069,UPPER,14,48,50,700.0,35000.0
2021070804015738,UPPER,4,29,10,700.0,7000.0
2021070804015769,UPPER,1,43,150,699.0,104850.0
2021070804015766,UPPER,52,57,42,700.0,29400.0
2021070804015765,UPPER,52,29,128,700.0,89600.0
2021070804015748,UPPER,1,33,125,699.0,87375.0
2021070804015747,UPPER,56,33,75,699.0,52425.0
2021070804015909,UPPER,43,33,20,699.0,13980.0
2021070804015876,UPPER,26,10,200,700.0,140000.0
2021070804015875,UPPER,26,57,48,700.0,33600.0
2021070804015865,UPPER,43,43,30,699.0,20970.0
2021070804015864,UPPER,1,43,50,699.0,34950.0
2021070804015834,UPPER,41,57,10,700.0,7000.0
2021070804015929,UPPER,38,42,10,700.0,7000.0
2021070804015928,UPPER,38,29,40,700.0,28000.0
2021070804015926,UPPER,36,7,50,699.0,34950.0
2021070804015910,UPPER,36,33,80,699.0,55920.0
2021070804015947,UPPER,49,45,30,700.0,21000.0
2021070804015945,UPPER,57,39,5,700.0,3500.0
2021070804015944,UPPER,57,47,20,700.0,14000.0
2021070804015943,UPPER,57,14,25,700.0,17500.0
2021070804015942,UPPER,57,45,10,700.0,7000.0
2021070804015941,UPPER,57,42,90,700.0,63000.0
2021070804016040,UPPER,44,7,30,699.0,20970.0
2021070804016039,UPPER,36,7,370,699.0,258630.0
2021070804016027,UPPER,21,48,200,700.0,140000.0
2021070804015950,UPPER,49,48,160,700.0,112000.0
2021070804015949,UPPER,49,53,10,700.0,7000.0
2021070804015948,UPPER,49,1,200,700.0,140000.0
2021070804015670,AHPC,29,14,50,430.0,21500.0
2021070804015665,AHPC,29,3,500,430.0,215000.0
2021070804015664,AHPC,29,56,152,430.0,65360.0
2021070804015654,AHPC,34,56,98,430.0,42140.0
2021070804015653,AHPC,34,52,402,430.0,172860.0
2021070804015633,AHPC,40,57,"1,340",427.0,572180.0
2021070804015501,AHPC,29,52,908,430.0,390440.0
2021070804015456,AHPC,29,48,75,430.0,32250.0
2021070804015354,AHPC,29,53,437,430.0,187910.0
2021070804015331,AHPC,29,45,500,430.0,215000.0
2021070804015228,AHPC,35,57,10,431.0,4310.0
2021070804015580,AHPC,18,52,10,430.0,4300.0
2021070804015555,AHPC,13,52,100,430.0,43000.0
2021070804015554,AHPC,33,52,100,430.0,43000.0
2021070804015522,AHPC,7,52,50,430.0,21500.0
2021070804015517,AHPC,21,52,400,430.0,172000.0
2021070804015502,AHPC,14,52,50,430.0,21500.0
2021070804015626,AHPC,37,57,500,429.0,214500.0
2021070804015625,AHPC,14,57,100,429.0,42900.0
2021070804015624,AHPC,34,57,10,429.0,4290.0
2021070804015623,AHPC,38,57,30,429.0,12870.0
2021070804015622,AHPC,34,57,40,429.0,17160.0
2021070804015621,AHPC,51,52,980,430.0,421400.0
2021070804015632,AHPC,7,57,500,428.0,214000.0
2021070804015631,AHPC,21,57,300,428.0,128400.0
2021070804015630,AHPC,35,57,500,428.0,214000.0
2021070804015629,AHPC,21,57,140,428.0,59920.0
2021070804015628,AHPC,42,57,50,428.0,21400.0
2021070804015627,AHPC,13,57,500,428.0,214000.0
2021070804015601,AIL,51,51,10,799.0,7990.0
2021070804015236,AIL,41,17,10,799.0,7990.0
2021070804015657,AKJCL,38,26,10,261.0,2610.0
2021070804015584,AKPL,41,55,250,432.0,108000.0
2021070804015583,AKPL,16,55,50,433.0,21650.0
2021070804015345,AKPL,5,55,10,435.0,4350.0
2021070804015334,AKPL,41,45,40,432.0,17280.0
2021070804015286,AKPL,34,40,450,431.0,193950.0
2021070804015267,AKPL,39,14,500,434.0,217000.0
2021070804015254,AKPL,39,1,510,432.0,220320.0
2021070804015227,AKPL,39,1,90,432.0,38880.0
2021070804015226,AKPL,39,36,10,432.0,4320.0
2021070804015209,AKPL,58,36,50,432.0,21600.0
2021070804015260,AKPL,39,16,100,433.0,43300.0
2021070804015259,AKPL,39,33,"2,000",433.0,866000.0
2021070804015258,AKPL,39,49,222,433.0,96126.0
2021070804015257,AKPL,39,51,"2,500",433.0,1082500.0
2021070804015256,AKPL,39,59,100,432.0,43200.0
2021070804015255,AKPL,39,41,200,432.0,86400.0
2021070804015266,AKPL,39,25,40,434.0,17360.0
2021070804015265,AKPL,39,35,10,434.0,4340.0
2021070804015264,AKPL,39,22,400,434.0,173600.0
2021070804015263,AKPL,39,3,400,434.0,173600.0
2021070804015262,AKPL,39,44,"3,000",434.0,1302000.0
2021070804015261,AKPL,39,48,10,434.0,4340.0
2021070804015646,API,48,32,97,367.0,35599.0
2021070804015572,API,38,32,100,367.0,36700.0
2021070804015571,API,57,32,200,367.0,73400.0
2021070804015544,API,57,50,90,367.0,33030.0
2021070804015543,API,48,50,110,367.0,40370.0
2021070804015536,API,48,57,90,367.0,33030.0
2021070804015357,API,38,38,50,367.0,18350.0
2021070804015356,API,25,38,815,367.0,299105.0
2021070804015342,API,21,48,10,368.0,3680.0
2021070804015184,API,51,48,100,368.0,36800.0
2021070804015448,API,46,57,155,366.0,56730.0
2021070804015447,API,20,57,265,367.0,97255.0
2021070804015446,API,48,57,315,367.0,115605.0
2021070804015397,API,34,48,20,368.0,7360.0
2021070804015392,API,48,45,50,367.0,18350.0
2021070804015358,API,48,38,135,367.0,49545.0
2021070804015500,API,48,45,300,367.0,110100.0
2021070804015453,API,57,57,730,366.0,267180.0
2021070804015452,API,43,57,200,366.0,73200.0
2021070804015451,API,22,57,100,366.0,36600.0
2021070804015450,API,6,57,100,366.0,36600.0
2021070804015449,API,39,57,35,366.0,12810.0
2021070804015669,BARUN,20,13,10,505.0,5050.0
2021070804015434,BARUN,39,14,10,496.0,4960.0
2021070804015372,BARUN,20,14,10,509.0,5090.0
2021070804015283,BARUN,20,39,18,510.0,9180.0
2021070804015282,BARUN,20,13,10,510.0,5100.0
2021070804015175,BARUN,20,28,200,503.0,100600.0
2021070804015174,BARUN,20,6,150,501.0,75150.0
2021070804015173,BARUN,20,34,10,500.0,5000.0
2021070804015172,BARUN,20,8,20,500.0,10000.0
2021070804015171,BARUN,20,21,120,500.0,60000.0
2021070804015269,BARUN,20,11,50,505.0,25250.0
2021070804015268,BARUN,20,19,547,505.0,276235.0
2021070804015179,BARUN,20,19,194,505.0,97970.0
2021070804015178,BARUN,20,57,100,504.0,50400.0
2021070804015177,BARUN,20,38,100,504.0,50400.0
2021070804015176,BARUN,20,34,10,503.0,5030.0
2021070804015275,BARUN,20,35,50,509.0,25450.0
2021070804015274,BARUN,20,35,10,508.0,5080.0
2021070804015273,BARUN,20,42,47,507.0,23829.0
2021070804015272,BARUN,20,40,348,506.0,176088.0
2021070804015271,BARUN,20,25,30,506.0,15180.0
2021070804015270,BARUN,20,58,500,506.0,253000.0
2021070804015281,BARUN,20,49,50,510.0,25500.0
2021070804015280,BARUN,20,6,70,510.0,35700.0
2021070804015279,BARUN,20,57,50,510.0,25500.0
2021070804015278,BARUN,20,21,20,510.0,10200.0
2021070804015277,BARUN,20,55,100,510.0,51000.0
2021070804015276,BARUN,20,34,100,510.0,51000.0
2021070804015564,BBC,21,43,18,5600.0,100800.0
2021070804015563,BBC,21,58,16,5600.0,89600.0
2021070804015562,BBC,55,58,14,5600.0,78400.0
2021070804015635,BPCL,49,52,48,499.0,23952.0
2021070804015576,BPCL,21,52,200,499.0,99800.0
2021070804015560,BPCL,49,38,43,498.0,21414.0
2021070804015559,BPCL,44,38,10,498.0,4980.0
2021070804015558,BPCL,6,38,97,498.0,48306.0
2021070804015327,BPCL,41,34,65,500.0,32500.0
2021070804015326,BPCL,41,10,35,499.0,17465.0
2021070804015311,BPCL,48,10,40,499.0,19960.0
2021070804015298,BPCL,35,10,25,499.0,12475.0
2021070804015330,BPCL,51,34,10,500.0,5000.0
2021070804015329,BPCL,51,1,100,500.0,50000.0
2021070804015376,BPCL,19,34,100,500.0,50000.0
2021070804015439,BPCL,42,52,97,498.0,48306.0
2021070804015404,BPCL,42,52,103,498.0,51294.0
2021070804015403,BPCL,34,52,300,498.0,149400.0
2021070804015402,BPCL,51,52,20,498.0,9960.0
2021070804015401,BPCL,35,52,10,498.0,4980.0
2021070804015400,BPCL,52,52,67,498.0,33366.0
2021070804015477,BPCL,45,34,100,500.0,50000.0
2021070804015467,BPCL,36,34,100,500.0,50000.0
2021070804015440,BPCL,6,52,203,498.0,101094.0
2021070804015420,CGH,19,33,10,1520.0,15200.0
2021070804015417,CGH,58,7,10,1519.0,15190.0
2021070804015313,CGH,34,14,50,1520.0,76000.0
2021070804015546,CHCL,42,58,250,667.0,166750.0
2021070804015520,CHCL,42,45,600,665.0,399000.0
2021070804015519,CHCL,42,34,500,665.0,332500.0
2021070804015518,CHCL,42,45,10,665.0,6650.0
2021070804015438,CHCL,45,40,225,662.0,148950.0
2021070804015437,CHCL,45,34,260,662.0,172120.0
2021070804015432,CHCL,57,45,119,661.0,78659.0
2021070804015406,CHCL,41,34,40,662.0,26480.0
2021070804015524,CHL,54,42,100,438.0,43800.0
2021070804015523,CHL,38,42,25,438.0,10950.0
2021070804015478,CHL,17,1,10,439.0,4390.0
2021070804015436,CHL,17,1,10,439.0,4390.0
2021070804015225,CHL,17,1,10,439.0,4390.0
2021070804015246,CMF2,34,42,"1,000",13.0,13000.0
2021070804015642,DHPL,51,7,80,253.0,20240.0
2021070804015398,DHPL,51,6,10,253.0,2530.0
2021070804015328,DHPL,58,57,20,254.0,5080.0
2021070804015641,GHL,5,33,100,277.0,27700.0
2021070804015600,GHL,58,57,20,278.0,5560.0
2021070804015599,GHL,5,48,30,277.0,8310.0
2021070804015527,GHL,5,45,349,277.0,96673.0
2021070804015503,GHL,5,19,10,277.0,2770.0
2021070804015458,GHL,50,57,10,278.0,2780.0
2021070804015306,GHL,5,19,10,277.0,2770.0
2021070804015521,GIC,42,37,60,684.0,41040.0
2021070804015238,GIC,42,45,20,684.0,13680.0
2021070804015237,GIC,42,51,10,684.0,6840.0
2021070804015569,GLH,4,38,10,348.0,3480.0
2021070804015495,GLH,34,36,10,349.0,3490.0
2021070804015396,GLH,4,38,10,348.0,3480.0
2021070804015341,GLH,4,3,10,348.0,3480.0
2021070804015206,GLH,4,36,10,348.0,3480.0
2021070804015205,GLH,35,36,50,348.0,17400.0
2021070804015204,GLH,21,36,30,348.0,10440.0
2021070804015203,GLH,37,36,30,348.0,10440.0
2021070804015644,HDHPC,51,43,100,261.0,26100.0
2021070804015556,HDHPC,49,21,"1,000",262.0,262000.0
2021070804015551,HDHPC,51,58,60,261.0,15660.0
2021070804015550,HDHPC,51,22,90,261.0,23490.0
2021070804015549,HDHPC,51,34,190,261.0,49590.0
2021070804015515,HDHPC,13,41,89,260.0,23140.0
2021070804015365,HDHPC,8,34,100,261.0,26100.0
2021070804015364,HDHPC,14,34,100,261.0,26100.0
2021070804015363,HDHPC,34,34,500,261.0,130500.0
2021070804015213,HDHPC,54,21,100,262.0,26200.0
2021070804015183,HDHPC,57,21,120,262.0,31440.0
2021070804015514,HDHPC,58,41,100,260.0,26000.0
2021070804015513,HDHPC,41,41,61,260.0,15860.0
2021070804015491,HDHPC,41,58,439,260.0,114140.0
2021070804015490,HDHPC,40,58,150,260.0,39000.0
2021070804015422,HDHPC,8,34,50,261.0,13050.0
2021070804015399,HDHPC,45,34,200,261.0,52200.0
2021070804015486,HPPL,7,34,100,393.0,39300.0
2021070804015382,HURJA,48,19,10,338.0,3380.0
2021070804015381,HURJA,48,58,100,338.0,33800.0
2021070804015315,HURJA,19,55,20,334.0,6680.0
2021070804015335,IGI,41,58,20,1195.0,23900.0
2021070804015296,IGI,58,58,40,1195.0,47800.0
2021070804015655,JOSHI,42,17,160,271.0,43360.0
2021070804015499,JOSHI,42,48,20,270.0,5400.0
2021070804015457,JOSHI,41,17,73,271.0,19783.0
2021070804015361,JOSHI,41,50,20,270.0,5400.0
2021070804015340,JOSHI,41,35,20,270.0,5400.0
2021070804015339,JOSHI,41,11,300,270.0,81000.0
2021070804015338,JOSHI,41,26,190,270.0,51300.0
2021070804015337,JOSHI,41,51,60,270.0,16200.0
2021070804015336,JOSHI,41,55,70,270.0,18900.0
2021070804015647,KKHC,58,44,20,259.0,5180.0
2021070804015660,LEC,58,35,10,337.0,3370.0
2021070804015535,LEC,50,19,80,336.0,26880.0
2021070804015534,LEC,48,19,10,336.0,3360.0
2021070804015533,LEC,58,19,10,336.0,3360.0
2021070804015532,LEC,41,19,50,336.0,16800.0
2021070804015531,LEC,58,19,10,336.0,3360.0
2021070804015530,LEC,58,19,10,336.0,3360.0
2021070804015575,LGIL,47,50,40,782.0,31280.0
2021070804015526,LGIL,11,6,650,783.0,508950.0
2021070804015525,LGIL,11,45,50,783.0,39150.0
2021070804015387,LGIL,49,6,20,783.0,15660.0
2021070804015185,LUK,44,51,500,12.09,6045.0
2021070804015568,MEN,40,51,10,850.0,8500.0
2021070804015567,MEN,40,34,10,850.0,8500.0
2021070804015537,MEN,26,38,10,842.0,8420.0
2021070804015442,MEN,40,57,85,849.0,72165.0
2021070804015441,MEN,40,20,10,849.0,8490.0
2021070804015350,MEN,26,56,10,842.0,8420.0
2021070804015552,MHNL,36,22,60,310.0,18600.0
2021070804015421,NBF2,17,51,"1,000",14.03,14030.0
2021070804015578,NGPL,47,58,20,440.0,8800.0
2021070804015553,NGPL,7,32,100,443.0,44300.0
2021070804015419,NGPL,47,21,10,439.0,4390.0
2021070804015316,NGPL,7,42,200,443.0,88600.0
2021070804015233,NGPL,35,32,200,440.0,88000.0
2021070804015189,NGPL,7,52,200,442.0,88400.0
2021070804015240,NHDL,1,38,10,416.0,4160.0
2021070804015666,NHPC,36,6,100,294.0,29400.0
2021070804015634,NHPC,57,21,100,295.0,29500.0
2021070804015489,NHPC,36,53,50,294.0,14700.0
2021070804015435,NHPC,50,21,13,295.0,3835.0
2021070804015424,NHPC,40,21,100,295.0,29500.0
2021070804015386,NHPC,44,21,17,295.0,5015.0
2021070804015285,NHPC,54,49,12,294.0,3528.0
2021070804015235,NHPC,54,48,11,294.0,3234.0
2021070804015234,NHPC,36,48,139,294.0,40866.0
2021070804015220,NHPC,36,53,800,294.0,235200.0
2021070804015214,NHPC,21,55,200,295.0,59000.0
2021070804015303,NHPC,54,19,27,294.0,7938.0
2021070804015302,NHPC,26,38,65,295.0,19175.0
2021070804015301,NHPC,26,8,500,295.0,147500.0
2021070804015300,NHPC,26,17,40,295.0,11800.0
2021070804015299,NHPC,26,55,395,295.0,116525.0
2021070804015287,NHPC,46,55,500,295.0,147500.0
2021070804015385,NHPC,44,32,50,295.0,14750.0
2021070804015384,NHPC,44,38,233,295.0,68735.0
2021070804015383,NHPC,42,38,27,295.0,7965.0
2021070804015360,NHPC,58,38,575,295.0,169625.0
2021070804015307,NHPC,40,38,100,295.0,29500.0
2021070804015304,NHPC,36,19,273,294.0,80262.0
2021070804015352,NIBLPF,59,14,100,14.45,1445.0
2021070804015542,NICL,6,56,50,1025.0,51250.0
2021070804015516,NICL,35,56,200,1025.0,205000.0
2021070804015426,NICL,29,56,13,1025.0,13325.0
2021070804015425,NICL,29,38,137,1025.0,140425.0
2021070804015349,NICL,34,38,863,1025.0,884575.0
2021070804015348,NICL,34,58,100,1025.0,102500.0
2021070804015347,NICL,34,55,37,1025.0,37925.0
2021070804015314,NICL,47,55,31,1025.0,31775.0
2021070804015312,NICL,56,55,10,1025.0,10250.0
2021070804015548,NIL,49,13,100,1321.0,132100.0
2021070804015510,NIL,34,34,100,1319.0,131900.0
2021070804015509,NIL,34,34,100,1319.0,131900.0
2021070804015508,NIL,49,34,15,1319.0,19785.0
2021070804015507,NIL,43,34,75,1320.0,99000.0
2021070804015506,NIL,41,34,100,1320.0,132000.0
2021070804015505,NIL,53,34,30,1320.0,39600.0
2021070804015504,NIL,57,34,73,1320.0,96360.0
2021070804015459,NIL,35,6,20,1322.0,26440.0
2021070804015351,NIL,51,6,25,1322.0,33050.0
2021070804015284,NIL,35,6,30,1322.0,39660.0
2021070804015483,NLG,25,59,10,1239.0,12390.0
2021070804015230,NLG,57,25,100,1228.0,122800.0
2021070804015229,NLG,55,25,10,1228.0,12280.0
2021070804015232,NLG,36,25,190,1227.0,233130.0
2021070804015231,NLG,26,25,300,1227.0,368100.0
2021070804015368,NLG,7,39,50,1227.0,61350.0
2021070804015367,NLG,59,39,400,1227.0,490800.0
2021070804015366,NLG,36,39,10,1227.0,12270.0
2021070804015346,NLG,34,35,100,1228.0,122800.0
2021070804015391,NLG,6,58,"1,313",1230.0,1614990.0
2021070804015390,NLG,6,35,10,1228.0,12280.0
2021070804015389,NLG,6,39,230,1227.0,282210.0
2021070804015378,NLG,45,39,300,1227.0,368100.0
2021070804015377,NLG,25,39,10,1227.0,12270.0
2021070804015482,NLG,25,4,10,1237.0,12370.0
2021070804015481,NLG,25,53,30,1230.0,36900.0
2021070804015480,NLG,25,58,68,1230.0,83640.0
2021070804015454,OHL,49,3,10,705.0,7050.0
2021070804015433,OHL,55,21,50,704.0,35200.0
2021070804015649,PIC,5,45,40,1182.0,47280.0
2021070804015648,PIC,41,45,60,1182.0,70920.0
2021070804015485,PIC,7,25,10,1182.0,11820.0
2021070804015540,PICL,37,34,10,808.0,8080.0
2021070804015539,PICL,37,57,20,805.0,16100.0
2021070804015512,PICL,21,58,20,803.0,16060.0
2021070804015308,PICL,4,47,50,803.0,40150.0
2021070804015656,PRIN,17,4,50,950.0,47500.0
2021070804015374,PRIN,34,32,50,950.0,47500.0
2021070804015589,RADHI,57,57,100,731.0,73100.0
2021070804015588,RADHI,58,57,10,731.0,7310.0
2021070804015587,RADHI,35,57,754,731.0,551174.0
2021070804015586,RADHI,35,57,20,732.0,14640.0
2021070804015585,RADHI,10,57,50,732.0,36600.0
2021070804015547,RADHI,34,13,20,733.0,14660.0
2021070804015197,RADHI,5,57,100,733.0,73300.0
2021070804015196,RADHI,41,57,11,733.0,8063.0
2021070804015212,RADHI,13,47,200,734.0,146800.0
2021070804015202,RADHI,35,57,246,731.0,179826.0
2021070804015201,RADHI,58,57,53,732.0,38796.0
2021070804015200,RADHI,14,57,60,732.0,43920.0
2021070804015199,RADHI,55,57,20,733.0,14660.0
2021070804015198,RADHI,35,57,10,733.0,7330.0
2021070804015541,RBCL,10,25,15,21360.0,320400.0
2021070804015379,RBCL,35,21,70,21499.0,1504930.0
2021070804015484,RHPC,37,1,18,506.0,9108.0
2021070804015359,RHPC,34,1,100,506.0,50600.0
2021070804015309,RHPC,36,1,100,506.0,50600.0
2021070804015291,RHPC,34,1,200,506.0,101200.0
2021070804015429,RHPL,49,36,20,433.0,8660.0
2021070804015375,RHPL,42,36,60,433.0,25980.0
2021070804015195,RHPL,36,56,700,432.0,302400.0
2021070804015194,RHPL,3,22,27,435.0,11745.0
2021070804015193,RHPL,3,49,70,435.0,30450.0
2021070804015192,RHPL,3,58,50,435.0,21750.0
2021070804015191,RHPL,3,57,293,435.0,127455.0
2021070804015190,RHPL,3,54,60,433.0,25980.0
2021070804015443,SAEF,41,49,400,16.31,6524.0
2021070804015595,SEF,47,42,600,13.8,8280.0
2021070804015594,SEF,47,6,"5,000",13.8,69000.0
2021070804015593,SEF,47,51,"1,000",13.79,13790.0
2021070804015592,SEF,47,42,900,13.78,12402.0
2021070804015591,SEF,47,53,"1,000",13.77,13770.0
2021070804015487,SEF,41,53,100,13.77,1377.0
2021070804015496,SGI,11,58,10,711.0,7110.0
2021070804015470,SGI,59,45,300,710.0,213000.0
2021070804015468,SGI,48,1,10,710.0,7100.0
2021070804015325,SGI,51,26,15,710.0,10650.0
2021070804015324,SGI,41,26,35,710.0,24850.0
2021070804015239,SGI,34,20,80,711.0,56880.0
2021070804015645,SHL,56,42,190,262.0,49780.0
2021070804015574,SHL,38,7,100,261.0,26100.0
2021070804015573,SHL,1,7,100,261.0,26100.0
2021070804015557,SHL,22,42,300,262.0,78600.0
2021070804015545,SHL,45,42,500,262.0,131000.0
2021070804015498,SHL,1,33,150,261.0,39150.0
2021070804015208,SHL,21,34,500,262.0,131000.0
2021070804015187,SHL,14,21,100,261.0,26100.0
2021070804015466,SHL,1,49,100,261.0,26100.0
2021070804015388,SHL,1,6,150,261.0,39150.0
2021070804015305,SHL,51,14,100,261.0,26100.0
2021070804015222,SHL,11,33,350,262.0,91700.0
2021070804015221,SHL,11,42,150,262.0,39300.0
2021070804015211,SHL,16,34,190,262.0,49780.0
2021070804015590,SHPC,29,22,50,480.0,24000.0
2021070804015497,SHPC,46,51,"1,000",480.0,480000.0
2021070804015333,SHPC,14,41,20,481.0,9620.0
2021070804015423,SHPC,14,4,216,481.0,103896.0
2021070804015362,SIC,14,52,100,1318.0,131800.0
2021070804015344,SIC,42,17,17,1319.0,22423.0
2021070804015310,SIC,26,17,20,1319.0,26380.0
2021070804015188,SIC,55,47,80,1320.0,105600.0
2021070804015659,SICL,33,7,19,1939.0,36841.0
2021070804015658,SICL,33,45,31,1939.0,60109.0
2021070804015638,SICL,46,45,20,1939.0,38780.0
2021070804015565,SICL,58,10,50,1939.0,96950.0
2021070804015561,SICL,58,47,25,1940.0,48500.0
2021070804015494,SICL,28,47,100,1940.0,194000.0
2021070804015479,SICL,34,47,24,1940.0,46560.0
2021070804015469,SICL,14,10,50,1939.0,96950.0
2021070804015444,SICL,34,47,20,1940.0,38800.0
2021070804015355,SICL,17,47,32,1940.0,62080.0
2021070804015292,SICL,33,47,50,1940.0,97000.0
2021070804015210,SICL,45,47,50,1940.0,97000.0
2021070804015566,SIL,14,14,50,1034.0,51700.0
2021070804015427,SIL,45,14,100,1035.0,103500.0
2021070804015343,SIL,55,14,50,1035.0,51750.0
2021070804015643,SJCL,32,55,100,413.0,41300.0
2021070804015582,SJCL,38,55,92,413.0,37996.0
2021070804015581,SJCL,22,55,10,414.0,4140.0
2021070804015431,SJCL,17,57,40,412.0,16480.0
2021070804015619,SPDL,57,16,500,400.0,200000.0
2021070804015618,SPDL,57,42,45,400.0,18000.0
2021070804015617,SPDL,57,42,30,400.0,12000.0
2021070804015616,SPDL,57,14,15,400.0,6000.0
2021070804015538,SPDL,6,56,112,397.0,44464.0
2021070804015476,SPDL,6,4,87,397.0,34539.0
2021070804015445,SPDL,58,4,70,397.0,27790.0
2021070804015418,SPDL,33,4,200,397.0,79400.0
2021070804015332,SPDL,40,4,50,397.0,19850.0
2021070804015224,SPDL,26,4,93,398.0,37014.0
2021070804015223,SPDL,26,58,207,398.0,82386.0
2021070804015529,SSHL,56,16,17,302.0,5134.0
2021070804015528,SSHL,43,16,200,302.0,60400.0
2021070804015253,SSHL,45,58,370,301.0,111370.0
2021070804015252,SSHL,26,58,10,301.0,3010.0
2021070804015251,SSHL,29,58,300,302.0,90600.0
2021070804015250,SSHL,58,58,20,302.0,6040.0
2021070804015249,SSHL,22,58,200,302.0,60400.0
2021070804015248,SSHL,51,58,100,302.0,30200.0
2021070804015245,SSHL,38,16,100,303.0,30300.0
2021070804015244,SSHL,42,16,33,303.0,9999.0
2021070804015243,SSHL,33,16,100,303.0,30300.0
2021070804015242,SSHL,57,16,50,304.0,15200.0
2021070804015577,STC,6,37,10,9870.0,98700.0
2021070804015598,TRH,26,58,50,403.0,20150.0
2021070804015597,TRH,52,58,50,403.0,20150.0
2021070804015488,TRH,45,8,50,405.0,20250.0
2021070804015615,UIC,25,53,60,737.0,44220.0
2021070804015614,UIC,25,46,400,737.0,294800.0
2021070804015613,UIC,25,53,30,736.0,22080.0
2021070804015612,UIC,25,1,200,736.0,147200.0
2021070804015611,UIC,25,56,100,736.0,73600.0
2021070804015610,UIC,25,40,650,736.0,478400.0
2021070804015603,UIC,25,13,85,735.0,62475.0
2021070804015602,UIC,25,32,60,734.0,44040.0
2021070804015493,UIC,50,33,100,732.0,73200.0
2021070804015428,UIC,50,49,100,732.0,73200.0
2021070804015353,UIC,50,51,100,732.0,73200.0
2021070804015297,UIC,50,3,185,732.0,135420.0
2021070804015609,UIC,25,38,50,735.0,36750.0
2021070804015608,UIC,25,13,50,735.0,36750.0
2021070804015607,UIC,25,32,300,735.0,220500.0
2021070804015606,UIC,25,59,265,735.0,194775.0
2021070804015605,UIC,25,45,150,735.0,110250.0
2021070804015604,UIC,25,19,100,735.0,73500.0
2021070804015668,UMHL,4,38,100,342.0,34200.0
2021070804015663,UMHL,4,47,36,342.0,12312.0
2021070804015662,UMHL,35,47,20,342.0,6840.0
2021070804015661,UMHL,38,47,144,342.0,49248.0
2021070804015216,UMHL,51,6,30,344.0,10320.0
2021070804015215,UMHL,34,6,50,344.0,17200.0
2021070804015395,UMHL,35,36,60,343.0,20580.0
2021070804015293,UMHL,38,36,250,344.0,86000.0
2021070804015219,UMHL,38,6,120,344.0,41280.0
2021070804015218,UMHL,26,6,100,344.0,34400.0
2021070804015217,UMHL,57,6,200,344.0,68800.0
2021070804015475,UMHL,38,22,56,342.0,19152.0
2021070804015474,UMHL,42,22,100,342.0,34200.0
2021070804015473,UMHL,34,22,100,342.0,34200.0
2021070804015472,UMHL,13,22,244,342.0,83448.0
2021070804015471,UMHL,35,22,40,343.0,13720.0
2021070804015667,UMRH,45,38,10,455.0,4550.0
2021070804015640,UNHPL,8,6,117,358.0,41886.0
2021070804015639,UNHPL,49,6,183,359.0,65697.0
2021070804015636,UNHPL,49,58,11,359.0,3949.0
2021070804015620,UNHPL,8,34,270,358.0,96660.0
2021070804015596,UNHPL,48,58,500,359.0,179500.0
2021070804015579,UNHPL,8,6,40,358.0,14320.0
2021070804015181,UNHPL,25,54,10,356.0,3560.0
2021070804015180,UNHPL,25,11,50,356.0,17800.0
2021070804015321,UNHPL,56,55,100,357.0,35700.0
2021070804015320,UNHPL,56,45,100,357.0,35700.0
2021070804015319,UNHPL,56,35,50,357.0,17850.0
2021070804015318,UNHPL,56,13,50,357.0,17850.0
2021070804015317,UNHPL,56,34,30,357.0,10710.0
2021070804015182,UNHPL,25,51,150,356.0,53400.0
2021070804015460,UNHPL,8,52,50,358.0,17900.0
2021070804015394,UNHPL,49,57,100,357.0,35700.0
2021070804015393,UNHPL,49,56,275,357.0,98175.0
2021070804015373,UNHPL,45,56,45,357.0,16065.0
2021070804015323,UNHPL,38,56,10,357.0,3570.0
2021070804015322,UNHPL,56,56,170,357.0,60690.0
2021070804015511,UNHPL,8,51,20,358.0,7160.0
2021070804015465,UNHPL,8,43,50,358.0,17900.0
2021070804015464,UNHPL,8,7,50,358.0,17900.0
2021070804015463,UNHPL,8,35,200,358.0,71600.0
2021070804015462,UNHPL,8,35,50,358.0,17900.0
2021070804015461,UNHPL,8,39,100,358.0,35800.0
2021070804015652,UPCL,26,49,30,280.0,8400.0
2021070804015651,UPCL,26,58,70,280.0,19600.0
2021070804015295,UPCL,58,58,10,280.0,2800.0
2021070804015294,UPCL,58,38,10,280.0,2800.0
2021070804015650,UPPER,56,13,25,699.0,17475.0
2021070804015637,UPPER,58,29,100,700.0,70000.0
2021070804015570,UPPER,48,29,50,700.0,35000.0
2021070804015492,UPPER,6,29,37,700.0,25900.0
2021070804015455,UPPER,49,26,13,698.0,9074.0
2021070804015430,UPPER,26,26,600,698.0,418800.0
2021070804015289,UPPER,58,41,20,699.0,13980.0
2021070804015288,UPPER,57,41,130,699.0,90870.0
2021070804015247,UPPER,57,34,180,699.0,125820.0
2021070804015241,UPPER,21,29,50,700.0,35000.0
2021070804015207,UPPER,57,59,40,699.0,27960.0
2021070804015186,UPPER,57,51,50,699.0,34950.0
2021070804015371,UPPER,57,49,183,699.0,127917.0
2021070804015370,UPPER,58,49,10,699.0,6990.0
2021070804015369,UPPER,42,49,100,699.0,69900.0
2021070804015290,UPPER,42,41,50,699.0,34950.0
2021070804015410,UPPER,41,26,200,698.0,139600.0
2021070804015409,UPPER,25,26,279,698.0,194742.0
2021070804015408,UPPER,49,26,20,699.0,13980.0
2021070804015407,UPPER,57,26,78,699.0,54522.0
2021070804015405,UPPER,57,38,20,699.0,13980.0
2021070804015380,UPPER,20,29,500,700.0,350000.0
2021070804015416,UPPER,4,26,10,698.0,6980.0
2021070804015415,UPPER,36,26,200,698.0,139600.0
2021070804015414,UPPER,34,26,10,698.0,6980.0
2021070804015413,UPPER,55,26,50,698.0,34900.0
2021070804015412,UPPER,55,26,40,698.0,27920.0
2021070804015411,UPPER,58,26,500,698.0,349000.0
2021070804015146,AHPC,36,57,80,431.0,34480.0
2021070804015145,AHPC,36,57,"1,320",430.0,567600.0
2021070804015144,AHPC,36,41,600,430.0,258000.0
2021070804014951,AHPC,21,49,20,430.0,8600.0
2021070804014950,AHPC,32,49,60,430.0,25800.0
2021070804014949,AHPC,42,49,20,431.0,8620.0
2021070804014772,AHPC,34,1,10,432.0,4320.0
2021070804014991,AIL,21,43,10,800.0,8000.0
2021070804014990,AIL,21,45,10,800.0,8000.0
2021070804014989,AIL,21,49,10,800.0,8000.0
2021070804014707,AIL,41,6,50,799.0,39950.0
2021070804015134,AKJCL,1,26,100,261.0,26100.0
2021070804014679,AKJCL,59,26,40,261.0,10440.0
2021070804014678,AKJCL,59,49,10,260.0,2600.0
2021070804015139,AKPL,44,36,30,432.0,12960.0
2021070804015098,AKPL,57,36,10,432.0,4320.0
2021070804015097,AKPL,57,56,50,432.0,21600.0
2021070804015096,AKPL,34,34,100,431.0,43100.0
2021070804015057,AKPL,55,56,50,432.0,21600.0
2021070804014714,AKPL,34,6,997,431.0,429707.0
2021070804014681,AKPL,33,49,50,433.0,21650.0
2021070804014713,AKPL,39,6,25,432.0,10800.0
2021070804014712,AKPL,46,6,150,432.0,64800.0
2021070804014711,AKPL,48,6,30,432.0,12960.0
2021070804014710,AKPL,16,6,300,432.0,129600.0
2021070804014709,AKPL,55,6,200,432.0,86400.0
2021070804014708,AKPL,16,6,298,432.0,128736.0
2021070804015167,API,38,48,300,368.0,110400.0
2021070804015166,API,1,48,20,368.0,7360.0
2021070804015165,API,59,48,555,368.0,204240.0
2021070804015148,API,36,57,50,369.0,18450.0
2021070804015135,API,59,42,50,368.0,18400.0
2021070804015083,API,59,46,15,368.0,5520.0
2021070804014788,API,37,6,75,368.0,27600.0
2021070804014763,API,37,42,65,368.0,23920.0
2021070804014856,API,21,59,200,367.0,73400.0
2021070804014855,API,43,59,115,367.0,42205.0
2021070804014825,API,6,1,50,370.0,18500.0
2021070804014791,API,43,6,885,367.0,324795.0
2021070804014790,API,44,6,"1,000",368.0,368000.0
2021070804014789,API,4,6,40,368.0,14720.0
2021070804015081,API,59,45,200,368.0,73600.0
2021070804015049,API,39,57,10,369.0,3690.0
2021070804014896,API,59,41,100,368.0,36800.0
2021070804014889,API,45,49,20,369.0,7380.0
2021070804014883,API,59,7,80,368.0,29440.0
2021070804014857,API,25,59,185,367.0,67895.0
2021070804015170,BARUN,20,28,200,499.0,99800.0
2021070804015169,BARUN,20,43,896,498.0,446208.0
2021070804014765,BARUN,39,48,100,496.0,49600.0
2021070804015023,BARUN,38,57,100,497.0,49700.0
2021070804014882,BARUN,39,48,50,496.0,24800.0
2021070804014957,BBC,1,38,15,5610.0,84150.0
2021070804015124,BPCL,21,34,400,499.0,199600.0
2021070804015123,BPCL,55,34,25,499.0,12475.0
2021070804015122,BPCL,45,34,50,499.0,24950.0
2021070804015121,BPCL,58,34,10,499.0,4990.0
2021070804015120,BPCL,44,34,100,499.0,49900.0
2021070804014769,BPCL,41,56,264,499.0,131736.0
2021070804014768,BPCL,41,7,236,499.0,117764.0
2021070804014767,BPCL,52,46,100,498.0,49800.0
2021070804014719,BPCL,1,7,50,499.0,24950.0
2021070804014702,BPCL,42,7,200,499.0,99800.0
2021070804014830,BPCL,58,49,27,499.0,13473.0
2021070804014829,BPCL,49,49,64,499.0,31936.0
2021070804014779,BPCL,49,6,100,499.0,49900.0
2021070804014778,BPCL,49,56,36,499.0,17964.0
2021070804015061,BPCL,57,52,80,500.0,40000.0
2021070804015060,BPCL,57,50,100,500.0,50000.0
2021070804015059,BPCL,57,52,70,500.0,35000.0
2021070804014895,BPCL,41,52,10,500.0,5000.0
2021070804015073,BPCL,35,35,50,499.0,24950.0
2021070804015072,BPCL,49,35,50,499.0,24950.0
2021070804015064,BPCL,57,34,47,500.0,23500.0
2021070804015063,BPCL,57,42,67,500.0,33500.0
2021070804015062,BPCL,57,35,26,500.0,13000.0
2021070804014824,CGH,59,50,190,1518.0,288420.0
2021070804014823,CGH,22,50,10,1519.0,15190.0
2021070804015158,CHCL,41,52,100,661.0,66100.0
2021070804015108,CHCL,41,58,100,661.0,66100.0
2021070804015101,CHCL,41,41,60,661.0,39660.0
2021070804015021,CHCL,6,41,15,661.0,9915.0
2021070804014911,CHCL,16,41,100,661.0,66100.0
2021070804014781,CHCL,17,58,10,660.0,6600.0
2021070804014780,CHCL,42,58,190,660.0,125400.0
2021070804014745,CHCL,55,41,25,661.0,16525.0
2021070804014940,CHL,14,41,500,439.0,219500.0
2021070804014939,CHL,6,41,100,439.0,43900.0
2021070804014853,CHL,25,38,20,440.0,8800.0
2021070804014852,CHL,25,22,10,440.0,4400.0
2021070804014775,CHL,48,22,40,440.0,17600.0
2021070804014774,CHL,48,43,130,440.0,57200.0
2021070804014773,CHL,48,14,130,440.0,57200.0
2021070804014762,CMF1,4,6,100,12.3,1230.0
2021070804015048,DHPL,14,57,135,254.0,34290.0
2021070804015047,DHPL,14,57,65,254.0,16510.0
2021070804014861,DHPL,41,57,30,254.0,7620.0
2021070804014860,DHPL,41,1,70,254.0,17780.0
2021070804014797,DHPL,43,1,152,254.0,38608.0
2021070804014946,EIC,29,51,"1,000",741.0,741000.0
2021070804014945,EIC,29,34,84,741.0,62244.0
2021070804014888,EIC,54,32,250,740.0,185000.0
2021070804014887,EIC,28,32,200,740.0,148000.0
2021070804014886,EIC,59,32,50,740.0,37000.0
2021070804014821,EIC,28,34,10,741.0,7410.0
2021070804014820,EIC,29,34,406,742.0,301252.0
2021070804014796,EIC,29,16,190,742.0,140980.0
2021070804014795,EIC,29,25,90,742.0,66780.0
2021070804014794,EIC,29,57,404,741.0,299364.0
2021070804014696,EIC,28,49,87,741.0,64467.0
2021070804015034,GHL,50,51,10,277.0,2770.0
2021070804015011,GHL,13,51,40,277.0,11080.0
2021070804015010,GHL,13,26,60,277.0,16620.0
2021070804014908,GHL,49,44,70,274.0,19180.0
2021070804014907,GHL,6,44,30,275.0,8250.0
2021070804014833,GHL,43,26,50,277.0,13850.0
2021070804015132,GIC,54,8,35,684.0,23940.0
2021070804015036,GIC,51,49,10,683.0,6830.0
2021070804015002,GIC,51,4,90,683.0,61470.0
2021070804015001,GIC,57,4,20,683.0,13660.0
2021070804015000,GIC,58,4,80,683.0,54640.0
2021070804014706,GIC,58,49,10,683.0,6830.0
2021070804014815,GIMES1,47,6,"5,000",19.27,96350.0
2021070804015071,GLH,37,4,10,348.0,3480.0
2021070804015046,GLH,37,36,10,348.0,3480.0
2021070804015094,HDHPC,58,35,100,262.0,26200.0
2021070804015089,HDHPC,17,35,50,262.0,13100.0
2021070804015088,HDHPC,17,41,10,262.0,2620.0
2021070804015087,HDHPC,17,56,100,262.0,26200.0
2021070804015086,HDHPC,17,28,90,262.0,23580.0
2021070804015085,HDHPC,49,28,10,262.0,2620.0
2021070804014859,HDHPC,38,45,20,261.0,5220.0
2021070804014840,HDHPC,29,45,30,261.0,7830.0
2021070804015084,HDHPC,49,28,90,262.0,23580.0
2021070804015055,HDHPC,58,28,12,262.0,3144.0
2021070804015022,HDHPC,17,47,150,261.0,39150.0
2021070804014987,HDHPC,34,28,590,262.0,154580.0
2021070804014986,HDHPC,34,56,400,262.0,104800.0
2021070804014985,HDHPC,34,58,10,262.0,2620.0
2021070804014809,HGI,25,6,45,768.0,34560.0
2021070804014808,HGI,25,50,100,765.0,76500.0
2021070804014807,HGI,25,50,50,765.0,38250.0
2021070804014806,HGI,25,21,278,765.0,212670.0
2021070804014805,HGI,25,38,100,765.0,76500.0
2021070804014804,HGI,25,8,277,764.0,211628.0
2021070804014901,HPPL,42,6,900,393.0,353700.0
2021070804014900,HPPL,11,6,50,393.0,19650.0
2021070804014899,HPPL,52,6,50,393.0,19650.0
2021070804014812,HPPL,58,59,160,395.0,63200.0
2021070804014811,HPPL,58,41,20,395.0,7900.0
2021070804014810,HPPL,58,52,20,395.0,7900.0
2021070804014988,IGI,14,32,100,1195.0,119500.0
2021070804015104,JOSHI,7,57,10,269.0,2690.0
2021070804014784,KEF,33,41,500,10.1,5050.0
2021070804014783,KEF,33,32,"1,500",10.1,15150.0
2021070804015009,KKHC,50,44,50,259.0,12950.0
2021070804015110,KPCL,28,46,43,421.0,18103.0
2021070804014682,KPCL,42,49,10,420.0,4200.0
2021070804015038,KPCL,42,56,25,420.0,10500.0
2021070804015160,LEC,36,38,10,333.0,3330.0
2021070804015070,LEC,36,22,100,333.0,33300.0
2021070804014983,LEC,56,38,10,335.0,3350.0
2021070804014959,LEC,56,32,50,334.0,16700.0
2021070804014936,LEC,58,32,700,334.0,233800.0
2021070804014935,LEC,58,32,"1,000",334.0,334000.0
2021070804014922,LEC,52,32,160,335.0,53600.0
2021070804014798,LEC,34,57,100,336.0,33600.0
2021070804014718,LEC,52,1,340,335.0,113900.0
2021070804014717,LEC,6,1,100,335.0,33500.0
2021070804014716,LEC,1,1,100,335.0,33500.0
2021070804014715,LEC,1,1,160,335.0,53600.0
2021070804014928,LEC,13,32,"1,000",335.0,335000.0
2021070804014927,LEC,49,32,10,335.0,3350.0
2021070804014926,LEC,41,32,100,335.0,33500.0
2021070804014925,LEC,52,32,100,335.0,33500.0
2021070804014924,LEC,58,32,30,335.0,10050.0
2021070804014923,LEC,17,32,100,335.0,33500.0
2021070804014934,LEC,45,32,"1,000",334.0,334000.0
2021070804014933,LEC,55,32,10,334.0,3340.0
2021070804014932,LEC,54,32,20,334.0,6680.0
2021070804014931,LEC,58,32,30,334.0,10020.0
2021070804014930,LEC,54,32,100,334.0,33400.0
2021070804014929,LEC,14,32,70,334.0,23380.0
2021070804015076,LEMF,55,34,"5,000",14.18,70900.0
2021070804015075,LEMF,55,34,"5,000",14.18,70900.0
2021070804015074,LEMF,55,34,"5,000",14.18,70900.0
2021070804014875,LGIL,25,35,40,784.0,31360.0
2021070804014874,LGIL,25,51,50,783.0,39150.0
2021070804014834,LGIL,41,59,250,782.0,195500.0
2021070804015138,MEN,26,3,10,842.0,8420.0
2021070804015006,MEN,26,3,10,842.0,8420.0
2021070804014898,NBF2,18,57,"1,300",14.1,18330.0
2021070804014897,NBF2,18,42,500,14.1,7050.0
2021070804015037,NGPL,47,21,10,439.0,4390.0
2021070804014906,NGPL,45,32,500,440.0,220000.0
2021070804014905,NGPL,16,32,50,440.0,22000.0
2021070804014904,NGPL,58,32,350,440.0,154000.0
2021070804014854,NGPL,58,21,10,440.0,4400.0
2021070804014785,NGPL,3,42,100,443.0,44300.0
2021070804014698,NGPL,13,42,100,443.0,44300.0
2021070804014831,NHDL,42,45,20,419.0,8380.0
2021070804015161,NHPC,36,38,500,294.0,147000.0
2021070804015137,NHPC,6,55,200,295.0,59000.0
2021070804015131,NHPC,36,38,500,294.0,147000.0
2021070804015130,NHPC,36,58,61,294.0,17934.0
2021070804015129,NHPC,56,58,100,294.0,29400.0
2021070804015128,NHPC,49,58,21,294.0,6174.0
2021070804014751,NHPC,52,51,10,294.0,2940.0
2021070804014705,NHPC,51,51,668,294.0,196392.0
2021070804014704,NHPC,51,6,14,294.0,4116.0
2021070804014685,NHPC,38,6,106,294.0,31164.0
2021070804014684,NHPC,38,59,44,294.0,12936.0
2021070804014841,NHPC,36,38,300,294.0,88200.0
2021070804014827,NHPC,42,26,38,294.0,11172.0
2021070804014826,NHPC,42,4,62,294.0,18228.0
2021070804014759,NHPC,13,4,38,294.0,11172.0
2021070804014758,NHPC,13,36,40,294.0,11760.0
2021070804014757,NHPC,13,51,322,294.0,94668.0
2021070804014893,NHPC,42,4,50,294.0,14700.0
2021070804014892,NHPC,36,4,"2,000",294.0,588000.0
2021070804014891,NHPC,36,4,"1,003",294.0,294882.0
2021070804014863,NHPC,36,34,35,294.0,10290.0
2021070804014843,NHPC,36,38,500,294.0,147000.0
2021070804014842,NHPC,36,26,162,294.0,47628.0
2021070804015127,NHPC,34,58,65,294.0,19110.0
2021070804015126,NHPC,58,58,100,294.0,29400.0
2021070804015125,NHPC,36,58,653,294.0,191982.0
2021070804015107,NHPC,36,38,300,294.0,88200.0
2021070804015056,NHPC,36,34,100,294.0,29400.0
2021070804014894,NHPC,36,4,947,294.0,278418.0
2021070804014858,NICGF,41,34,100,14.9,1490.0
2021070804015154,NICL,47,50,100,1022.0,102200.0
2021070804015153,NICL,47,45,200,1022.0,204400.0
2021070804015152,NICL,47,39,216,1022.0,220752.0
2021070804015151,NICL,47,37,722,1022.0,737884.0
2021070804015149,NICL,35,37,23,1022.0,23506.0
2021070804015136,NICL,58,37,35,1022.0,35770.0
2021070804014800,NICL,47,52,12,1015.0,12180.0
2021070804014799,NICL,47,16,40,1015.0,40600.0
2021070804014867,NICL,47,16,400,1019.0,407600.0
2021070804014866,NICL,47,56,100,1019.0,101900.0
2021070804014865,NICL,47,56,50,1017.0,50850.0
2021070804014803,NICL,47,39,20,1015.0,20300.0
2021070804014802,NICL,47,50,50,1015.0,50750.0
2021070804014801,NICL,47,19,102,1015.0,103530.0
2021070804014873,NICL,47,48,473,1020.0,482460.0
2021070804014872,NICL,47,32,15,1020.0,15300.0
2021070804014871,NICL,47,48,600,1020.0,612000.0
2021070804014870,NICL,47,49,108,1020.0,110160.0
2021070804014869,NICL,47,26,204,1020.0,208080.0
2021070804014868,NICL,47,56,50,1020.0,51000.0
2021070804014998,NICL,20,45,10,1020.0,10200.0
2021070804014941,NICL,39,33,40,1017.0,40680.0
2021070804014921,NICL,57,33,50,1017.0,50850.0
2021070804014920,NICL,20,33,10,1017.0,10170.0
2021070804014916,NICL,26,45,23,1020.0,23460.0
2021070804014915,NICL,26,48,27,1020.0,27540.0
2021070804015111,NICL,21,37,200,1022.0,204400.0
2021070804015095,NICL,56,37,10,1022.0,10220.0
2021070804015067,NICL,47,25,80,1020.0,81600.0
2021070804015054,NICL,20,37,10,1022.0,10220.0
2021070804015027,NICL,35,33,10,1020.0,10200.0
2021070804015026,NICL,35,45,67,1020.0,68340.0
2021070804015168,NIL,42,6,100,1322.0,132200.0
2021070804015082,NIL,51,6,90,1322.0,118980.0
2021070804015008,NIL,51,45,10,1322.0,13220.0
2021070804015007,NIL,26,45,50,1322.0,66100.0
2021070804015003,NIL,26,32,50,1324.0,66200.0
2021070804014943,NIL,26,51,10,1322.0,13220.0
2021070804014740,NIL,58,29,39,1320.0,51480.0
2021070804014739,NIL,4,29,20,1320.0,26400.0
2021070804014738,NIL,32,29,30,1321.0,39630.0
2021070804014687,NIL,4,45,80,1320.0,105600.0
2021070804014680,NIL,26,49,60,1321.0,79260.0
2021070804014677,NIL,4,45,100,1320.0,132000.0
2021070804014942,NIL,28,51,140,1322.0,185080.0
2021070804014822,NIL,28,50,860,1322.0,1136920.0
2021070804014756,NIL,57,29,27,1320.0,35640.0
2021070804014750,NIL,38,29,60,1320.0,79200.0
2021070804014742,NIL,29,29,14,1320.0,18480.0
2021070804014741,NIL,37,29,20,1320.0,26400.0
2021070804015080,NLG,21,13,50,1228.0,61400.0
2021070804014850,NLG,52,58,605,1230.0,744150.0
2021070804014818,NLG,52,58,895,1230.0,1100850.0
2021070804014938,NLG,41,45,50,1228.0,61400.0
2021070804014851,NLG,44,58,14,1230.0,17220.0
2021070804015079,NLG,41,13,450,1228.0,552600.0
2021070804015025,OHL,49,47,10,708.0,7080.0
2021070804015024,OHL,49,44,490,707.0,346430.0
2021070804015012,OHL,49,44,10,707.0,7070.0
2021070804014902,OHL,49,47,10,708.0,7080.0
2021070804014884,OHL,45,59,21,704.0,14784.0
2021070804014881,OHL,21,53,10,706.0,7060.0
2021070804014839,OHL,49,53,10,706.0,7060.0
2021070804014832,OHL,49,53,10,706.0,7060.0
2021070804014819,OHL,49,17,30,706.0,21180.0
2021070804014697,OHL,45,46,600,704.0,422400.0
2021070804014786,PIC,14,6,15,1183.0,17745.0
2021070804014703,PIC,17,46,20,1182.0,23640.0
2021070804014838,PICL,19,41,250,802.0,200500.0
2021070804014793,PICL,28,41,250,802.0,200500.0
2021070804014792,PICL,28,57,50,802.0,40100.0
2021070804015041,PMHPL,49,8,235,275.0,64625.0
2021070804015035,PMHPL,49,45,53,275.0,14575.0
2021070804014970,PMHPL,49,41,130,275.0,35750.0
2021070804014969,PMHPL,53,41,670,275.0,184250.0
2021070804014968,PMHPL,38,41,200,276.0,55200.0
2021070804014683,PMHPL,14,8,265,277.0,73405.0
2021070804014761,PPCL,37,32,50,343.0,17150.0
2021070804015133,PRIN,21,40,170,955.0,162350.0
2021070804014944,PRIN,49,4,300,955.0,286500.0
2021070804015164,RADHI,41,21,10,733.0,7330.0
2021070804015163,RADHI,55,21,40,733.0,29320.0
2021070804015162,RADHI,29,21,50,733.0,36650.0
2021070804015053,RADHI,29,26,50,733.0,36650.0
2021070804015052,RADHI,22,26,50,733.0,36650.0
2021070804014953,RADHI,49,47,16,734.0,11744.0
2021070804014862,RBCL,28,54,10,21400.0,214000.0
2021070804014676,RBCL,7,56,27,21350.0,576450.0
2021070804015069,RHPC,34,34,195,508.0,99060.0
2021070804015068,RHPC,34,32,205,508.0,104140.0
2021070804015020,RHPC,18,32,10,508.0,5080.0
2021070804014982,RHPC,34,56,100,506.0,50600.0
2021070804014782,RHPC,34,50,100,506.0,50600.0
2021070804014770,RHPC,33,7,150,507.0,76050.0
2021070804015065,RHPL,34,54,40,433.0,17320.0
2021070804014967,RHPL,45,57,25,435.0,10875.0
2021070804014903,RHPL,42,32,20,434.0,8680.0
2021070804014864,RHPL,43,22,15,433.0,6495.0
2021070804014701,RHPL,16,32,50,434.0,21700.0
2021070804014700,RHPL,16,58,50,434.0,21700.0
2021070804014675,RHPL,43,57,30,433.0,12990.0
2021070804014981,RRHP,17,6,47,352.0,16544.0
2021070804014980,RRHP,39,6,20,352.0,7040.0
2021070804014979,RRHP,6,6,30,352.0,10560.0
2021070804014978,RRHP,17,6,100,354.0,35400.0
2021070804014977,RRHP,58,6,69,354.0,24426.0
2021070804014976,RRHP,47,6,74,354.0,26196.0
2021070804014975,RRHP,35,6,10,356.0,3560.0
2021070804014974,RRHP,42,6,50,356.0,17800.0
2021070804014962,SEF,47,52,"1,000",13.65,13650.0
2021070804015019,SFMF,41,54,100,15.5,1550.0
2021070804014961,SFMF,41,51,100,15.4,1540.0
2021070804015147,SGI,41,35,10,710.0,7100.0
2021070804015031,SGI,41,51,20,710.0,14200.0
2021070804015030,SGI,10,45,10,710.0,7100.0
2021070804015005,SGI,28,20,20,711.0,14220.0
2021070804015004,SGI,28,58,10,711.0,7110.0
2021070804014956,SGI,10,20,15,710.0,10650.0
2021070804014955,SGI,34,20,115,710.0,81650.0
2021070804014954,SGI,19,20,70,710.0,49700.0
2021070804014690,SGI,19,41,10,710.0,7100.0
2021070804015119,SHL,43,42,100,261.0,26100.0
2021070804015118,SHL,50,42,300,261.0,78300.0
2021070804014958,SHL,16,34,380,262.0,99560.0
2021070804014914,SHL,50,6,100,261.0,26100.0
2021070804014849,SHL,16,34,380,262.0,99560.0
2021070804015102,SHPC,14,35,100,481.0,48100.0
2021070804015090,SHPC,8,4,800,482.0,385600.0
2021070804014699,SHPC,46,42,100,482.0,48200.0
2021070804014973,SHPC,14,5,664,481.0,319384.0
2021070804014972,SHPC,1,5,50,482.0,24100.0
2021070804014971,SHPC,46,5,286,482.0,137852.0
2021070804014960,SHPC,45,25,50,483.0,24150.0
2021070804014771,SHPC,51,25,20,483.0,9660.0
2021070804015077,SIC,14,47,100,1320.0,132000.0
2021070804014918,SIC,57,47,109,1320.0,143880.0
2021070804014917,SIC,57,45,16,1320.0,21120.0
2021070804015117,SICL,35,47,20,1940.0,38800.0
2021070804015116,SICL,35,5,90,1940.0,174600.0
2021070804015078,SICL,22,36,11,1939.0,21329.0
2021070804014766,SICL,58,47,100,1935.0,193500.0
2021070804014845,SIL,36,45,200,1035.0,207000.0
2021070804014828,SIL,36,36,10,1035.0,10350.0
2021070804014814,SIL,45,36,200,1035.0,207000.0
2021070804014674,SIL,44,41,30,1034.0,31020.0
2021070804015140,SJCL,38,58,200,415.0,83000.0
2021070804014999,SJCL,17,22,52,412.0,21424.0
2021070804014880,SJCL,42,58,50,416.0,20800.0
2021070804014787,SJCL,22,58,35,416.0,14560.0
2021070804014695,SJCL,58,58,100,416.0,41600.0
2021070804015058,SPDL,51,58,"1,000",398.0,398000.0
2021070804015051,SPDL,1,49,100,397.0,39700.0
2021070804014997,SPDL,13,3,183,397.0,72651.0
2021070804014996,SPDL,13,3,40,397.0,15880.0
2021070804014995,SPDL,34,3,310,397.0,123070.0
2021070804014994,SPDL,29,3,200,397.0,79400.0
2021070804014752,SPDL,41,58,500,398.0,199000.0
2021070804014694,SPDL,49,3,22,399.0,8778.0
2021070804014993,SPDL,41,3,500,397.0,198500.0
2021070804014992,SPDL,22,3,106,397.0,42082.0
2021070804014937,SPDL,14,58,600,398.0,238800.0
2021070804014755,SPDL,48,58,43,398.0,17114.0
2021070804014754,SPDL,37,58,50,398.0,19900.0
2021070804014753,SPDL,45,58,100,398.0,39800.0
2021070804015156,SSHL,26,21,100,304.0,30400.0
2021070804015155,SSHL,19,21,27,304.0,8208.0
2021070804015109,SSHL,58,57,20,305.0,6100.0
2021070804014919,SSHL,55,57,250,305.0,76250.0
2021070804014913,SSHL,46,57,162,305.0,49410.0
2021070804014912,SSHL,46,8,138,305.0,42090.0
2021070804014837,SSHL,47,8,62,305.0,18910.0
2021070804014836,SSHL,47,44,50,305.0,15250.0
2021070804014835,SSHL,47,43,188,305.0,57340.0
2021070804014777,SSHL,19,52,130,304.0,39520.0
2021070804014776,SSHL,35,52,50,304.0,15200.0
2021070804015114,STC,41,6,10,9815.0,98150.0
2021070804015113,STC,1,6,10,9815.0,98150.0
2021070804015103,STC,57,40,10,9878.0,98780.0
2021070804014729,STC,55,48,10,9878.0,98780.0
2021070804014673,TRH,54,8,42,405.0,17010.0
2021070804014672,TRH,54,41,117,405.0,47385.0
2021070804014671,TRH,54,33,341,401.0,136741.0
2021070804015106,UIC,57,3,280,732.0,204960.0
2021070804015105,UIC,25,3,35,733.0,25655.0
2021070804015100,UIC,22,32,140,734.0,102760.0
2021070804015099,UIC,22,54,50,734.0,36700.0
2021070804015150,UMHL,45,50,50,345.0,17250.0
2021070804015016,UMHL,58,58,200,345.0,69000.0
2021070804015015,UMHL,58,42,50,345.0,17250.0
2021070804015014,UMHL,58,56,100,345.0,34500.0
2021070804015013,UMHL,58,36,150,345.0,51750.0
2021070804015066,UMRH,7,58,10,461.0,4610.0
2021070804015033,UMRH,7,29,100,454.0,45400.0
2021070804015032,UMRH,7,45,300,453.0,135900.0
2021070804015029,UMRH,38,45,50,453.0,22650.0
2021070804014689,UMRH,38,50,60,455.0,27300.0
2021070804014688,UMRH,52,50,10,455.0,4550.0
2021070804015028,UMRH,38,45,200,453.0,90600.0
2021070804014984,UMRH,38,45,200,454.0,90800.0
2021070804014910,UMRH,7,45,110,455.0,50050.0
2021070804014890,UMRH,38,45,140,455.0,63700.0
2021070804015157,UNHPL,45,56,10,355.0,3550.0
2021070804015115,UNHPL,53,11,100,356.0,35600.0
2021070804015112,UNHPL,45,45,50,355.0,17750.0
2021070804015050,UNHPL,45,58,761,355.0,270155.0
2021070804015018,UNHPL,45,58,50,355.0,17750.0
2021070804014966,UNHPL,45,58,189,355.0,67095.0
2021070804014846,UNHPL,13,17,50,355.0,17750.0
2021070804014749,UNHPL,45,55,50,354.0,17700.0
2021070804014748,UNHPL,45,52,25,354.0,8850.0
2021070804014747,UNHPL,45,47,50,354.0,17700.0
2021070804014746,UNHPL,45,19,500,354.0,177000.0
2021070804014965,UNHPL,45,33,235,355.0,83425.0
2021070804014964,UNHPL,45,6,90,355.0,31950.0
2021070804014948,UNHPL,16,6,10,355.0,3550.0
2021070804014947,UNHPL,16,11,90,355.0,31950.0
2021070804014848,UNHPL,13,11,160,355.0,56800.0
2021070804014847,UNHPL,13,33,90,355.0,31950.0
2021070804014817,UPCL,38,59,100,280.0,28000.0
2021070804014816,UPCL,38,28,429,280.0,120120.0
2021070804015159,UPPER,57,39,100,699.0,69900.0
2021070804015143,UPPER,48,29,180,700.0,126000.0
2021070804015142,UPPER,48,14,10,700.0,7000.0
2021070804015141,UPPER,48,42,10,699.0,6990.0
2021070804015093,UPPER,35,42,10,699.0,6990.0
2021070804014693,UPPER,45,1,47,699.0,32853.0
2021070804014692,UPPER,6,1,50,699.0,34950.0
2021070804014691,UPPER,49,1,20,699.0,13980.0
2021070804014686,UPPER,32,3,20,700.0,14000.0
2021070804014725,UPPER,55,16,100,698.0,69800.0
2021070804014724,UPPER,32,16,40,698.0,27920.0
2021070804014723,UPPER,49,16,20,698.0,13960.0
2021070804014722,UPPER,37,16,220,698.0,153560.0
2021070804014721,UPPER,39,16,40,699.0,27960.0
2021070804014720,UPPER,45,16,379,699.0,264921.0
2021070804014732,UPPER,37,3,180,700.0,126000.0
2021070804014731,UPPER,37,41,83,699.0,58017.0
2021070804014730,UPPER,47,41,102,699.0,71298.0
2021070804014728,UPPER,25,16,631,698.0,440438.0
2021070804014727,UPPER,49,16,50,698.0,34900.0
2021070804014726,UPPER,58,16,20,698.0,13960.0
2021070804014743,UPPER,29,45,14,700.0,9800.0
2021070804014737,UPPER,37,45,37,700.0,25900.0
2021070804014736,UPPER,37,10,100,700.0,70000.0
2021070804014735,UPPER,37,17,50,700.0,35000.0
2021070804014734,UPPER,37,41,50,700.0,35000.0
2021070804014733,UPPER,37,8,500,700.0,350000.0
2021070804014876,UPPER,11,45,68,700.0,47600.0
2021070804014844,UPPER,49,44,100,699.0,69900.0
2021070804014813,UPPER,25,49,40,698.0,27920.0
2021070804014764,UPPER,45,45,20,700.0,14000.0
2021070804014760,UPPER,26,45,40,700.0,28000.0
2021070804014744,UPPER,36,45,20,700.0,14000.0
2021070804014952,UPPER,14,49,10,699.0,6990.0
2021070804014909,UPPER,25,22,50,698.0,34900.0
2021070804014885,UPPER,16,49,10,699.0,6990.0
2021070804014879,UPPER,11,14,62,700.0,43400.0
2021070804014878,UPPER,11,45,50,700.0,35000.0
2021070804014877,UPPER,11,45,20,700.0,14000.0
2021070804015040,UPPER,33,1,65,699.0,45435.0
2021070804015039,UPPER,33,49,350,699.0,244650.0
2021070804015017,UPPER,37,49,100,699.0,69900.0
2021070804014963,UPPER,1,49,30,699.0,20970.0
2021070804015092,UPPER,26,20,5,699.0,3495.0
2021070804015091,UPPER,45,20,95,699.0,66405.0
2021070804015045,UPPER,45,56,10,699.0,6990.0
2021070804015044,UPPER,45,6,10,699.0,6990.0
2021070804015043,UPPER,45,43,50,699.0,34950.0
2021070804015042,UPPER,45,1,35,699.0,24465.0
2021070804014581,AHPC,32,21,120,430.0,51600.0
2021070804014580,AHPC,17,21,30,431.0,12930.0
2021070804014428,AHPC,17,28,400,431.0,172400.0
2021070804014235,AHPC,36,44,50,433.0,21650.0
2021070804014222,AHPC,5,44,55,433.0,23815.0
2021070804014218,AHPC,17,51,70,431.0,30170.0
2021070804014642,AIL,41,42,10,799.0,7990.0
2021070804014615,AIL,41,13,395,799.0,315605.0
2021070804014614,AIL,22,13,40,799.0,31960.0
2021070804014613,AIL,5,13,15,799.0,11985.0
2021070804014612,AIL,8,13,50,799.0,39950.0
2021070804014598,AIL,8,49,10,799.0,7990.0
2021070804014447,AIL,8,21,10,799.0,7990.0
2021070804014446,AIL,8,52,10,799.0,7990.0
2021070804014445,AIL,8,48,100,799.0,79900.0
2021070804014444,AIL,8,34,100,799.0,79900.0
2021070804014293,AIL,49,20,10,797.0,7970.0
2021070804014414,AKJCL,21,26,100,261.0,26100.0
2021070804014656,AKPL,45,49,100,433.0,43300.0
2021070804014497,AKPL,37,49,100,433.0,43300.0
2021070804014493,AKPL,49,49,28,433.0,12124.0
2021070804014457,AKPL,49,58,50,433.0,21650.0
2021070804014407,AKPL,49,45,500,433.0,216500.0
2021070804014317,AKPL,49,52,200,433.0,86600.0
2021070804014176,AKPL,41,39,127,433.0,54991.0
2021070804014175,AKPL,41,32,10,433.0,4330.0
2021070804014174,AKPL,41,53,100,433.0,43300.0
2021070804014173,AKPL,41,46,13,433.0,5629.0
2021070804014172,AKPL,41,58,50,433.0,21650.0
2021070804014171,AKPL,41,49,200,433.0,86600.0
2021070804014314,AKPL,49,53,100,433.0,43300.0
2021070804014307,AKPL,49,32,50,433.0,21650.0
2021070804014306,AKPL,49,13,13,433.0,5629.0
2021070804014305,AKPL,49,36,"1,200",433.0,519600.0
2021070804014304,AKPL,49,39,373,433.0,161509.0
2021070804014181,AKPL,16,58,200,432.0,86400.0
2021070804014456,API,11,1,50,370.0,18500.0
2021070804014381,API,11,1,50,370.0,18500.0
2021070804014371,API,37,29,360,368.0,132480.0
2021070804014370,API,16,29,"1,300",368.0,478400.0
2021070804014369,API,57,29,"1,000",369.0,369000.0
2021070804014368,API,49,29,100,370.0,37000.0
2021070804014367,API,58,29,200,370.0,74000.0
2021070804014366,API,4,29,20,370.0,7400.0
2021070804014365,API,14,29,20,370.0,7400.0
2021070804014647,BARUN,39,26,224,496.0,111104.0
2021070804014646,BARUN,4,26,50,496.0,24800.0
2021070804014645,BARUN,26,26,100,497.0,49700.0
2021070804014566,BBC,43,38,10,5610.0,56100.0
2021070804014631,BPCL,52,44,100,498.0,49800.0
2021070804014620,BPCL,52,4,233,498.0,116034.0
2021070804014619,BPCL,28,4,17,498.0,8466.0
2021070804014585,BPCL,43,4,50,498.0,24900.0
2021070804014582,BPCL,43,4,50,498.0,24900.0
2021070804014255,BPCL,1,7,100,499.0,49900.0
2021070804014212,BPCL,58,7,50,499.0,24950.0
2021070804014363,BPCL,26,51,40,498.0,19920.0
2021070804014362,BPCL,57,51,60,498.0,29880.0
2021070804014489,BPCL,32,48,25,498.0,12450.0
2021070804014488,BPCL,35,48,100,498.0,49800.0
2021070804014487,BPCL,1,48,30,498.0,14940.0
2021070804014486,BPCL,36,48,140,498.0,69720.0
2021070804014485,BPCL,26,48,60,498.0,29880.0
2021070804014480,BPCL,43,7,200,499.0,99800.0
2021070804014526,BPCL,28,22,50,498.0,24900.0
2021070804014516,BPCL,28,57,50,498.0,24900.0
2021070804014492,BPCL,28,48,115,498.0,57270.0
2021070804014491,BPCL,42,48,100,498.0,49800.0
2021070804014490,BPCL,43,48,430,498.0,214140.0
2021070804014253,CGH,26,14,50,1520.0,76000.0
2021070804014217,CGH,26,41,50,1520.0,76000.0
2021070804014611,CHCL,42,20,110,660.0,72600.0
2021070804014599,CHCL,42,58,200,660.0,132000.0
2021070804014483,CHCL,17,20,40,661.0,26440.0
2021070804014482,CHCL,17,34,300,661.0,198300.0
2021070804014481,CHCL,17,58,160,661.0,105760.0
2021070804014311,CHCL,51,58,10,661.0,6610.0
2021070804014294,CHCL,49,58,30,661.0,19830.0
2021070804014227,CHCL,1,58,100,661.0,66100.0
2021070804014210,CHCL,52,51,80,660.0,52800.0
2021070804014193,CHCL,32,41,40,659.0,26360.0
2021070804014501,CHL,54,14,100,440.0,44000.0
2021070804014629,DHPL,51,48,10,253.0,2530.0
2021070804014508,DHPL,51,48,20,253.0,5060.0
2021070804014466,DHPL,41,1,10,254.0,2540.0
2021070804014316,DHPL,52,1,100,254.0,25400.0
2021070804014589,EIC,44,25,50,742.0,37100.0
2021070804014523,EIC,44,25,20,742.0,14840.0
2021070804014195,EIC,25,25,30,742.0,22260.0
2021070804014653,GIC,58,41,10,683.0,6830.0
2021070804014588,GIC,58,52,10,683.0,6830.0
2021070804014500,GIC,58,54,240,683.0,163920.0
2021070804014194,GIC,16,14,10,682.0,6820.0
2021070804014427,GIC,58,8,265,684.0,181260.0
2021070804014413,GIC,58,21,85,684.0,58140.0
2021070804014606,GLH,37,22,30,348.0,10440.0
2021070804014463,GLH,37,16,10,348.0,3480.0
2021070804014659,HDHPC,29,58,10,261.0,2610.0
2021070804014658,HDHPC,49,58,40,261.0,10440.0
2021070804014654,HDHPC,55,22,50,262.0,13100.0
2021070804014471,HDHPC,44,22,40,262.0,10480.0
2021070804014449,HDHPC,44,47,10,262.0,2620.0
2021070804014435,HDHPC,49,57,140,261.0,36540.0
2021070804014223,HDHPC,21,33,100,261.0,26100.0
2021070804014285,HDHPC,51,10,850,262.0,222700.0
2021070804014250,HDHPC,49,32,100,261.0,26100.0
2021070804014231,HDHPC,42,10,85,262.0,22270.0
2021070804014230,HDHPC,42,42,69,262.0,18078.0
2021070804014229,HDHPC,49,49,40,261.0,10440.0
2021070804014228,HDHPC,21,49,60,261.0,15660.0
2021070804014434,HDHPC,7,57,500,261.0,130500.0
2021070804014433,HDHPC,49,57,360,261.0,93960.0
2021070804014384,HDHPC,49,34,500,261.0,130500.0
2021070804014303,HDHPC,51,47,110,262.0,28820.0
2021070804014302,HDHPC,51,45,25,262.0,6550.0
2021070804014301,HDHPC,51,10,65,262.0,17030.0
2021070804014403,HGI,25,8,100,764.0,76400.0
2021070804014264,HGI,25,8,123,764.0,93972.0
2021070804014263,HGI,25,4,10,762.0,7620.0
2021070804014262,HGI,25,54,407,762.0,310134.0
2021070804014261,HGI,25,38,100,761.0,76100.0
2021070804014260,HGI,25,39,100,761.0,76100.0
2021070804014259,HGI,25,45,500,760.0,380000.0
2021070804014258,HGI,25,36,30,760.0,22800.0
2021070804014257,HGI,25,33,30,760.0,22800.0
2021070804014578,HPPL,51,7,457,393.0,179601.0
2021070804014577,HPPL,4,7,500,393.0,196500.0
2021070804014576,HPPL,59,7,50,393.0,19650.0
2021070804014405,HURJA,38,58,100,338.0,33800.0
2021070804014584,JOSHI,21,57,40,270.0,10800.0
2021070804014583,JOSHI,16,57,50,270.0,13500.0
2021070804014594,KKHC,50,44,20,259.0,5180.0
2021070804014564,KKHC,58,44,50,259.0,12950.0
2021070804014563,KKHC,58,57,30,259.0,7770.0
2021070804014213,KPCL,42,46,20,421.0,8420.0
2021070804014455,KPCL,22,46,40,421.0,16840.0
2021070804014663,LEC,1,7,10,335.0,3350.0
2021070804014644,LEC,58,36,10,338.0,3380.0
2021070804014643,LEC,58,53,10,337.0,3370.0
2021070804014567,LEC,45,1,580,336.0,194880.0
2021070804014372,LEMF,55,34,"5,000",14.18,70900.0
2021070804014630,LGIL,41,19,50,782.0,39100.0
2021070804014596,LGIL,57,19,50,782.0,39100.0
2021070804014408,LGIL,51,35,10,784.0,7840.0
2021070804014313,LGIL,6,35,70,784.0,54880.0
2021070804014312,LGIL,6,38,30,784.0,23520.0
2021070804014297,LGIL,25,38,24,784.0,18816.0
2021070804014499,MEN,38,55,10,840.0,8400.0
2021070804014478,MEN,39,54,10,841.0,8410.0
2021070804014477,MEN,39,47,10,841.0,8410.0
2021070804014470,MEN,38,41,10,840.0,8400.0
2021070804014360,MEN,38,49,10,840.0,8400.0
2021070804014192,MEN,38,4,10,840.0,8400.0
2021070804014662,MHNL,22,22,80,310.0,24800.0
2021070804014429,MHNL,22,28,80,310.0,24800.0
2021070804014464,NGPL,17,32,200,442.0,88400.0
2021070804014361,NGPL,37,32,100,443.0,44300.0
2021070804014232,NGPL,56,32,200,443.0,88600.0
2021070804014189,NGPL,51,32,280,443.0,124040.0
2021070804014495,NHDL,14,45,20,419.0,8380.0
2021070804014494,NHDL,14,25,30,417.0,12510.0
2021070804014472,NHDL,38,25,190,417.0,79230.0
2021070804014357,NHDL,14,13,50,418.0,20900.0
2021070804014609,NHPC,55,59,76,294.0,22344.0
2021070804014608,NHPC,55,21,24,294.0,7056.0
2021070804014524,NHPC,52,21,80,294.0,23520.0
2021070804014454,NHPC,35,21,100,294.0,29400.0
2021070804014406,NHPC,49,21,170,294.0,49980.0
2021070804014328,NHPC,45,21,126,294.0,37044.0
2021070804014190,NHPC,22,20,15,295.0,4425.0
2021070804014308,NHPC,42,55,500,295.0,147500.0
2021070804014256,NHPC,32,55,50,295.0,14750.0
2021070804014234,NHPC,53,55,155,295.0,45725.0
2021070804014233,NHPC,53,28,345,295.0,101775.0
2021070804014221,NHPC,20,28,70,295.0,20650.0
2021070804014191,NHPC,22,28,85,295.0,25075.0
2021070804014597,NICGF,10,6,100,14.79,1479.0
2021070804014670,NICL,5,41,10,1011.0,10110.0
2021070804014639,NICL,49,16,20,1015.0,20300.0
2021070804014618,NICL,5,41,40,1011.0,40440.0
2021070804014617,NICL,58,41,10,1014.0,10140.0
2021070804014616,NICL,52,41,40,1014.0,40560.0
2021070804014603,NICL,32,16,70,1015.0,71050.0
2021070804014237,NICL,47,50,100,1012.0,101200.0
2021070804014236,NICL,47,22,"1,000",1012.0,1012000.0
2021070804014243,NICL,47,45,757,1014.0,767598.0
2021070804014242,NICL,47,56,100,1014.0,101400.0
2021070804014241,NICL,47,5,12,1014.0,12168.0
2021070804014240,NICL,47,57,16,1014.0,16224.0
2021070804014239,NICL,47,50,50,1013.0,50650.0
2021070804014238,NICL,47,29,100,1012.0,101200.0
2021070804014249,NICL,47,50,35,1010.0,35350.0
2021070804014248,NICL,47,50,65,1014.0,65910.0
2021070804014247,NICL,47,43,500,1014.0,507000.0
2021070804014246,NICL,47,50,100,1014.0,101400.0
2021070804014245,NICL,47,50,100,1014.0,101400.0
2021070804014244,NICL,47,45,100,1014.0,101400.0
2021070804014602,NICL,32,51,10,1015.0,10150.0
2021070804014601,NICL,32,41,20,1015.0,20300.0
2021070804014515,NICL,52,50,10,1014.0,10140.0
2021070804014402,NICL,4,41,10,1015.0,10150.0
2021070804014401,NICL,4,49,10,1015.0,10150.0
2021070804014389,NICL,20,49,10,1015.0,10150.0
2021070804014607,NIL,26,1,80,1321.0,105680.0
2021070804014461,NIL,34,1,20,1321.0,26420.0
2021070804014431,NIL,49,49,185,1319.0,244015.0
2021070804014430,NIL,44,49,15,1320.0,19800.0
2021070804014400,NIL,44,7,42,1320.0,55440.0
2021070804014399,NIL,32,7,15,1320.0,19800.0
2021070804014321,NIL,19,7,25,1320.0,33000.0
2021070804014320,NIL,25,7,48,1320.0,63360.0
2021070804014319,NIL,51,7,40,1321.0,52840.0
2021070804014288,NIL,44,50,100,1322.0,132200.0
2021070804014287,NIL,41,50,10,1322.0,13220.0
2021070804014286,NIL,25,50,30,1322.0,39660.0
2021070804014327,NIL,57,7,45,1320.0,59400.0
2021070804014326,NIL,21,7,100,1320.0,132000.0
2021070804014325,NIL,13,7,20,1320.0,26400.0
2021070804014324,NIL,32,7,20,1320.0,26400.0
2021070804014323,NIL,52,7,100,1320.0,132000.0
2021070804014322,NIL,57,7,45,1320.0,59400.0
2021070804014569,NLG,6,25,887,1228.0,1089236.0
2021070804014184,NLG,45,45,45,1230.0,55350.0
2021070804014183,NLG,33,45,75,1230.0,92250.0
2021070804014188,NLG,26,45,200,1230.0,246000.0
2021070804014187,NLG,4,45,15,1230.0,18450.0
2021070804014186,NLG,54,45,20,1230.0,24600.0
2021070804014185,NLG,57,45,80,1230.0,98400.0
2021070804014292,NLG,47,45,20,1230.0,24600.0
2021070804014291,NLG,6,38,60,1228.0,73680.0
2021070804014290,NLG,59,38,100,1228.0,122800.0
2021070804014289,NLG,42,38,40,1229.0,49160.0
2021070804014568,NLG,19,25,13,1235.0,16055.0
2021070804014648,OHL,49,47,10,708.0,7080.0
2021070804014638,OHL,45,8,100,706.0,70600.0
2021070804014637,OHL,45,17,100,706.0,70600.0
2021070804014636,OHL,45,44,16,706.0,11296.0
2021070804014513,OHL,29,44,64,706.0,45184.0
2021070804014502,OHL,49,44,10,706.0,7060.0
2021070804014300,OHL,49,34,475,704.0,334400.0
2021070804014299,OHL,49,53,10,703.0,7030.0
2021070804014298,OHL,49,13,15,700.0,10500.0
2021070804014380,OHL,45,33,379,704.0,266816.0
2021070804014378,OHL,38,33,121,704.0,85184.0
2021070804014377,OHL,38,33,300,704.0,211200.0
2021070804014376,OHL,38,34,79,704.0,55616.0
2021070804014364,OHL,29,34,500,704.0,352000.0
2021070804014318,OHL,49,34,500,704.0,352000.0
2021070804014465,OHL,29,38,436,705.0,307380.0
2021070804014462,OHL,21,38,100,705.0,70500.0
2021070804014452,OHL,49,38,264,705.0,186120.0
2021070804014451,OHL,49,46,146,705.0,102930.0
2021070804014450,OHL,49,38,90,705.0,63450.0
2021070804014404,OHL,49,38,10,705.0,7050.0
2021070804014657,PIC,17,51,10,1182.0,11820.0
2021070804014641,PIC,21,49,12,1182.0,14184.0
2021070804014496,PIC,51,6,10,1183.0,11830.0
2021070804014442,PIC,21,45,50,1182.0,59100.0
2021070804014441,PIC,21,51,20,1182.0,23640.0
2021070804014394,PIC,55,33,100,1179.0,117900.0
2021070804014393,PIC,45,33,87,1179.0,102573.0
2021070804014219,PIC,45,28,500,1179.0,589500.0
2021070804014655,PMHPL,14,58,20,277.0,5540.0
2021070804014197,PMHPL,14,8,115,277.0,31855.0
2021070804014196,PMHPL,38,8,30,277.0,8310.0
2021070804014453,PPCL,37,38,10,343.0,3430.0
2021070804014295,PRIN,49,34,30,955.0,28650.0
2021070804014507,RADHI,29,6,50,730.0,36500.0
2021070804014506,RADHI,58,6,50,731.0,36550.0
2021070804014226,RADHI,29,28,19,730.0,13870.0
2021070804014225,RADHI,7,28,65,730.0,47450.0
2021070804014224,RADHI,58,28,16,730.0,11680.0
2021070804014209,RHPC,20,32,285,508.0,144780.0
2021070804014208,RHPC,20,49,12,508.0,6096.0
2021070804014207,RHPC,20,57,50,507.0,25350.0
2021070804014206,RHPC,20,41,100,507.0,50700.0
2021070804014205,RHPC,20,32,500,506.0,253000.0
2021070804014204,RHPC,20,53,10,505.0,5050.0
2021070804014203,RHPC,20,33,500,505.0,252500.0
2021070804014202,RHPC,20,57,25,505.0,12625.0
2021070804014201,RHPC,20,49,40,504.0,20160.0
2021070804014200,RHPC,20,33,465,504.0,234360.0
2021070804014199,RHPC,20,33,13,503.0,6539.0
2021070804014652,RHPL,43,49,40,433.0,17320.0
2021070804014622,RHPL,43,58,15,433.0,6495.0
2021070804014621,RHPL,45,58,15,433.0,6495.0
2021070804014532,RHPL,45,57,10,433.0,4330.0
2021070804014531,RHPL,43,57,60,433.0,25980.0
2021070804014514,RHPL,43,19,80,433.0,34640.0
2021070804014416,RHPL,43,13,40,433.0,17320.0
2021070804014415,RHPL,7,13,30,434.0,13020.0
2021070804014315,RHPL,57,57,30,434.0,13020.0
2021070804014310,RHPL,43,58,20,433.0,8660.0
2021070804014309,RHPL,51,58,10,433.0,4330.0
2021070804014254,RHPL,37,50,100,433.0,43300.0
2021070804014522,RRHP,58,58,60,357.0,21420.0
2021070804014521,RRHP,45,58,50,357.0,17850.0
2021070804014520,RRHP,57,58,17,358.0,6086.0
2021070804014460,RRHP,57,40,10,358.0,3580.0
2021070804014459,RRHP,57,41,10,358.0,3580.0
2021070804014458,RRHP,57,55,238,358.0,85204.0
2021070804014397,RRHP,41,55,30,358.0,10740.0
2021070804014373,SEF,47,6,500,13.61,6805.0
2021070804014388,SGI,19,8,20,710.0,14200.0
2021070804014220,SGI,19,14,10,710.0,7100.0
2021070804014530,SHL,57,34,200,262.0,52400.0
2021070804014443,SHL,25,34,100,262.0,26200.0
2021070804014386,SHL,35,34,250,262.0,65500.0
2021070804014385,SHL,35,34,200,262.0,52400.0
2021070804014359,SHL,38,43,200,261.0,52200.0
2021070804014484,SHPC,46,43,160,482.0,77120.0
2021070804014387,SHPC,45,25,50,483.0,24150.0
2021070804014628,SIC,47,47,10,1320.0,13200.0
2021070804014605,SIC,21,28,50,1320.0,66000.0
2021070804014562,SICL,13,58,10,1930.0,19300.0
2021070804014561,SICL,59,58,100,1930.0,193000.0
2021070804014560,SICL,28,58,20,1930.0,38600.0
2021070804014559,SICL,25,58,35,1930.0,67550.0
2021070804014558,SICL,56,58,20,1930.0,38600.0
2021070804014557,SICL,51,58,10,1930.0,19300.0
2021070804014418,SICL,39,56,20,1936.0,38720.0
2021070804014417,SICL,57,56,10,1936.0,19360.0
2021070804014396,SICL,34,17,200,1940.0,388000.0
2021070804014395,SICL,38,17,30,1940.0,58200.0
2021070804014375,SICL,59,17,60,1940.0,116400.0
2021070804014358,SICL,44,17,50,1940.0,97000.0
2021070804014424,SICL,44,56,100,1935.0,193500.0
2021070804014423,SICL,52,56,50,1935.0,96750.0
2021070804014422,SICL,44,56,50,1935.0,96750.0
2021070804014421,SICL,16,56,50,1935.0,96750.0
2021070804014420,SICL,56,56,20,1935.0,38700.0
2021070804014419,SICL,25,56,10,1936.0,19360.0
2021070804014476,SICL,34,39,50,1940.0,97000.0
2021070804014475,SICL,34,5,10,1940.0,19400.0
2021070804014474,SICL,34,5,30,1940.0,58200.0
2021070804014473,SICL,34,17,10,1940.0,19400.0
2021070804014426,SICL,40,56,170,1935.0,328950.0
2021070804014425,SICL,32,56,20,1935.0,38700.0
2021070804014538,SICL,50,58,240,1933.0,463920.0
2021070804014537,SICL,20,58,31,1933.0,59923.0
2021070804014536,SICL,14,58,25,1934.0,48350.0
2021070804014535,SICL,35,58,50,1934.0,96700.0
2021070804014534,SICL,40,58,180,1935.0,348300.0
2021070804014533,SICL,34,58,100,1940.0,194000.0
2021070804014544,SICL,4,58,20,1931.0,38620.0
2021070804014543,SICL,25,58,200,1931.0,386200.0
2021070804014542,SICL,21,58,30,1931.0,57930.0
2021070804014541,SICL,55,58,20,1932.0,38640.0
2021070804014540,SICL,25,58,100,1932.0,193200.0
2021070804014539,SICL,42,58,50,1933.0,96650.0
2021070804014550,SICL,32,58,20,1930.0,38600.0
2021070804014549,SICL,16,58,100,1930.0,193000.0
2021070804014548,SICL,6,58,100,1930.0,193000.0
2021070804014547,SICL,4,58,200,1930.0,386000.0
2021070804014546,SICL,37,58,68,1930.0,131240.0
2021070804014545,SICL,26,58,250,1931.0,482750.0
2021070804014556,SICL,26,58,250,1930.0,482500.0
2021070804014555,SICL,13,58,10,1930.0,19300.0
2021070804014554,SICL,4,58,200,1930.0,386000.0
2021070804014553,SICL,25,58,40,1930.0,77200.0
2021070804014552,SICL,49,58,500,1930.0,965000.0
2021070804014551,SICL,56,58,20,1930.0,38600.0
2021070804014669,SJCL,58,41,40,416.0,16640.0
2021070804014668,SJCL,58,42,20,415.0,8300.0
2021070804014667,SJCL,58,58,40,415.0,16600.0
2021070804014666,SJCL,58,16,10,415.0,4150.0
2021070804014665,SJCL,58,17,20,414.0,8280.0
2021070804014664,SJCL,58,34,20,413.0,8260.0
2021070804014570,SJCL,43,43,30,411.0,12330.0
2021070804014281,SJCL,42,58,30,411.0,12330.0
2021070804014280,SJCL,42,58,20,411.0,8220.0
2021070804014279,SJCL,42,41,14,411.0,5754.0
2021070804014182,SJCL,34,58,30,410.0,12300.0
2021070804014586,SPDL,21,3,50,399.0,19950.0
2021070804014579,SPDL,43,3,50,399.0,19950.0
2021070804014575,SPDL,13,3,200,399.0,79800.0
2021070804014216,SPDL,20,3,200,399.0,79800.0
2021070804014215,SPDL,21,3,50,399.0,19950.0
2021070804014604,SSHL,58,43,10,305.0,3050.0
2021070804014565,SSHL,58,43,25,305.0,7625.0
2021070804014498,SSHL,58,43,100,305.0,30500.0
2021070804014627,TRH,28,33,40,401.0,16040.0
2021070804014626,TRH,55,33,50,401.0,20050.0
2021070804014625,TRH,41,33,130,401.0,52130.0
2021070804014624,TRH,50,33,100,401.0,40100.0
2021070804014623,TRH,45,33,115,401.0,46115.0
2021070804014574,TRH,45,33,235,401.0,94235.0
2021070804014573,TRH,55,33,50,402.0,20100.0
2021070804014572,TRH,51,33,200,402.0,80400.0
2021070804014571,TRH,36,33,15,403.0,6045.0
2021070804014180,TRH,36,53,55,403.0,22165.0
2021070804014179,TRH,48,53,50,403.0,20150.0
2021070804014178,TRH,49,53,70,403.0,28210.0
2021070804014504,UIC,25,13,15,735.0,11025.0
2021070804014503,UIC,25,49,20,735.0,14700.0
2021070804014479,UIC,25,32,415,733.0,304195.0
2021070804014432,UIC,25,32,35,733.0,25655.0
2021070804014398,UIC,25,32,50,734.0,36700.0
2021070804014392,UIC,25,41,20,734.0,14680.0
2021070804014391,UIC,25,35,200,734.0,146800.0
2021070804014390,UIC,25,36,780,734.0,572520.0
2021070804014383,UIC,38,45,60,731.0,43860.0
2021070804014382,UIC,26,45,40,731.0,29240.0
2021070804014595,UMHL,49,36,250,345.0,86250.0
2021070804014593,UMHL,17,36,100,345.0,34500.0
2021070804014592,UMHL,17,20,50,345.0,17250.0
2021070804014591,UMHL,17,53,50,345.0,17250.0
2021070804014590,UMHL,17,17,100,345.0,34500.0
2021070804014251,UMHL,42,49,10,343.0,3430.0
2021070804014448,UMHL,17,56,300,344.0,103200.0
2021070804014412,UMHL,52,6,100,343.0,34300.0
2021070804014411,UMHL,4,6,200,343.0,68600.0
2021070804014410,UMHL,7,6,20,343.0,6860.0
2021070804014409,UMHL,42,6,40,343.0,13720.0
2021070804014505,UMRH,58,7,10,462.0,4620.0
2021070804014214,UMRH,44,50,30,456.0,13680.0
2021070804014610,UNHPL,45,42,50,353.0,17650.0
2021070804014512,UNHPL,45,57,"1,000",353.0,353000.0
2021070804014511,UNHPL,45,56,10,353.0,3530.0
2021070804014510,UNHPL,45,21,200,353.0,70600.0
2021070804014509,UNHPL,45,56,20,353.0,7060.0
2021070804014469,UNHPL,34,56,200,352.0,70400.0
2021070804014468,UNHPL,34,1,250,352.0,88000.0
2021070804014467,UNHPL,34,47,200,352.0,70400.0
2021070804014374,UNHPL,45,49,100,351.0,35100.0
2021070804014211,UNHPL,45,35,50,351.0,17550.0
2021070804014525,UPCL,19,28,71,280.0,19880.0
2021070804014440,UPCL,1,47,53,281.0,14893.0
2021070804014439,UPCL,1,45,200,280.0,56000.0
2021070804014266,UPCL,21,56,500,279.0,139500.0
2021070804014265,UPCL,32,56,950,279.0,265050.0
2021070804014198,UPCL,57,56,100,280.0,28000.0
2021070804014272,UPCL,39,56,700,278.0,194600.0
2021070804014271,UPCL,45,56,100,278.0,27800.0
2021070804014270,UPCL,42,56,50,278.0,13900.0
2021070804014269,UPCL,55,56,925,278.0,257150.0
2021070804014268,UPCL,32,56,500,279.0,139500.0
2021070804014267,UPCL,16,56,200,279.0,55800.0
2021070804014278,UPCL,49,56,585,277.0,162045.0
2021070804014277,UPCL,54,56,20,277.0,5540.0
2021070804014276,UPCL,39,56,150,277.0,41550.0
2021070804014275,UPCL,41,56,50,277.0,13850.0
2021070804014274,UPCL,49,56,630,278.0,175140.0
2021070804014273,UPCL,51,56,640,278.0,177920.0
2021070804014337,UPCL,17,56,100,276.0,27600.0
2021070804014336,UPCL,39,56,15,276.0,4140.0
2021070804014335,UPCL,51,56,50,276.0,13800.0
2021070804014334,UPCL,17,56,300,277.0,83100.0
2021070804014333,UPCL,56,56,100,277.0,27700.0
2021070804014332,UPCL,49,56,335,277.0,92795.0
2021070804014343,UPCL,57,56,100,275.0,27500.0
2021070804014342,UPCL,58,56,"1,527",275.0,419925.0
2021070804014341,UPCL,57,56,500,276.0,138000.0
2021070804014340,UPCL,49,56,40,276.0,11040.0
2021070804014339,UPCL,51,56,20,276.0,5520.0
2021070804014338,UPCL,58,56,215,276.0,59340.0
2021070804014349,UPCL,39,56,200,275.0,55000.0
2021070804014348,UPCL,26,56,20,275.0,5500.0
2021070804014347,UPCL,57,56,500,275.0,137500.0
2021070804014346,UPCL,17,56,100,275.0,27500.0
2021070804014345,UPCL,8,56,10,275.0,2750.0
2021070804014344,UPCL,59,56,200,275.0,55000.0
2021070804014355,UPCL,41,56,100,275.0,27500.0
2021070804014354,UPCL,50,56,200,275.0,55000.0
2021070804014353,UPCL,34,56,100,275.0,27500.0
2021070804014352,UPCL,45,56,500,275.0,137500.0
2021070804014351,UPCL,38,56,50,275.0,13750.0
2021070804014350,UPCL,55,56,500,275.0,137500.0
2021070804014438,UPCL,1,45,20,280.0,5600.0
2021070804014437,UPCL,1,56,127,280.0,35560.0
2021070804014436,UPCL,1,49,50,279.0,13950.0
2021070804014356,UPCL,35,56,218,275.0,59950.0
2021070804014661,UPPER,49,53,60,699.0,41940.0
2021070804014660,UPPER,45,53,40,699.0,27960.0
2021070804014651,UPPER,32,45,25,700.0,17500.0
2021070804014650,UPPER,32,38,10,700.0,7000.0
2021070804014649,UPPER,32,41,105,700.0,73500.0
2021070804014640,UPPER,45,29,100,699.0,69900.0
2021070804014284,UPPER,39,43,65,700.0,45500.0
2021070804014283,UPPER,39,43,15,700.0,10500.0
2021070804014282,UPPER,39,26,20,700.0,14000.0
2021070804014252,UPPER,56,42,66,700.0,46200.0
2021070804014177,UPPER,6,16,10,699.0,6990.0
2021070804014379,UPPER,42,45,100,699.0,69900.0
2021070804014331,UPPER,28,59,200,699.0,139800.0
2021070804014330,UPPER,49,59,20,699.0,13980.0
2021070804014329,UPPER,6,59,30,699.0,20970.0
2021070804014296,UPPER,48,43,100,700.0,70000.0
2021070804014529,UPPER,50,46,10,699.0,6990.0
2021070804014528,UPPER,38,46,40,699.0,27960.0
2021070804014527,UPPER,42,46,50,699.0,34950.0
2021070804014519,UPPER,6,41,155,700.0,108500.0
2021070804014518,UPPER,6,22,10,700.0,7000.0
2021070804014517,UPPER,6,43,35,700.0,24500.0
2021070804014635,UPPER,45,45,60,699.0,41940.0
2021070804014634,UPPER,14,45,30,699.0,20970.0
2021070804014633,UPPER,38,45,110,699.0,76890.0
2021070804014632,UPPER,6,41,20,700.0,14000.0
2021070804014600,UPPER,50,16,30,699.0,20970.0
2021070804014587,UPPER,52,41,20,700.0,14000.0
2021070804014091,AHPC,38,17,60,431.0,25860.0
2021070804013912,AHPC,34,17,40,431.0,17240.0
2021070804013836,AHPC,22,28,200,432.0,86400.0
2021070804013672,AHPC,22,39,200,432.0,86400.0
2021070804014056,AIL,49,49,10,797.0,7970.0
2021070804013729,AIL,49,48,80,797.0,63760.0
2021070804013708,AIL,41,58,10,796.0,7960.0
2021070804014151,AKPL,13,49,300,433.0,129900.0
2021070804014128,AKPL,48,39,109,433.0,47197.0
2021070804014012,AKPL,16,37,100,432.0,43200.0
2021070804014011,AKPL,16,54,500,432.0,216000.0
2021070804014010,AKPL,16,50,950,432.0,410400.0
2021070804013934,AKPL,52,50,100,432.0,43200.0
2021070804013735,AKPL,10,47,40,432.0,17280.0
2021070804013690,AKPL,5,47,410,432.0,177120.0
2021070804013689,AKPL,5,20,90,432.0,38880.0
2021070804013929,AKPL,59,50,"1,000",432.0,432000.0
2021070804013786,AKPL,17,50,50,432.0,21600.0
2021070804013772,AKPL,46,50,150,432.0,64800.0
2021070804013771,AKPL,45,50,250,432.0,108000.0
2021070804013737,AKPL,10,43,150,432.0,64800.0
2021070804013736,AKPL,10,43,100,432.0,43200.0
2021070804014169,API,48,49,17,371.0,6307.0
2021070804014168,API,41,37,10,372.0,3720.0
2021070804014150,API,50,37,200,372.0,74400.0
2021070804014149,API,50,1,100,372.0,37200.0
2021070804014148,API,50,34,200,372.0,74400.0
2021070804014145,API,48,48,500,371.0,185500.0
2021070804013728,API,5,34,100,371.0,37100.0
2021070804013725,API,57,57,30,370.0,11100.0
2021070804013724,API,42,57,20,370.0,7400.0
2021070804013980,API,14,57,100,370.0,37000.0
2021070804013946,API,14,34,50,370.0,18500.0
2021070804013919,API,14,57,30,370.0,11100.0
2021070804013918,API,57,57,70,370.0,25900.0
2021070804013858,API,57,54,100,370.0,37000.0
2021070804013826,API,42,34,50,371.0,18550.0
2021070804014087,API,48,48,214,371.0,79394.0
2021070804014068,API,48,48,159,371.0,58989.0
2021070804014057,API,48,17,100,371.0,37100.0
2021070804014026,API,48,37,500,371.0,185500.0
2021070804014025,API,48,49,10,371.0,3710.0
2021070804013998,API,39,49,10,371.0,3710.0
2021070804013810,BBC,33,38,10,5605.0,56050.0
2021070804014088,BPCL,58,7,27,499.0,13473.0
2021070804014079,BPCL,22,7,27,499.0,13473.0
2021070804013963,BPCL,19,7,100,499.0,49900.0
2021070804013778,BPCL,45,7,10,499.0,4990.0
2021070804014097,CGH,59,49,10,1518.0,15180.0
2021070804014161,CHCL,42,51,100,660.0,66000.0
2021070804014134,CHCL,1,51,20,660.0,13200.0
2021070804013851,CHCL,6,51,100,661.0,66100.0
2021070804013777,CHCL,6,1,185,660.0,122100.0
2021070804013776,CHCL,32,1,50,660.0,33000.0
2021070804013695,CHCL,42,45,250,668.0,167000.0
2021070804013694,CHCL,42,1,100,665.0,66500.0
2021070804013693,CHCL,42,26,100,665.0,66500.0
2021070804013913,CHL,42,41,50,440.0,22000.0
2021070804014047,CMF1,43,51,"1,200",12.4,14880.0
2021070804014046,CMF1,43,32,200,12.32,2464.0
2021070804014153,DHPL,58,1,18,254.0,4572.0
2021070804014009,DHPL,21,1,50,254.0,12700.0
2021070804013970,DHPL,37,1,100,254.0,25400.0
2021070804013882,DHPL,37,1,50,254.0,12700.0
2021070804013881,DHPL,22,1,210,254.0,53340.0
2021070804013876,DHPL,22,49,80,254.0,20320.0
2021070804013875,DHPL,45,49,70,254.0,17780.0
2021070804013818,DHPL,45,39,80,254.0,20320.0
2021070804013817,DHPL,45,1,100,254.0,25400.0
2021070804013814,EIC,51,25,10,742.0,7420.0
2021070804013722,EIC,52,25,50,742.0,37100.0
2021070804013704,EIC,14,25,50,742.0,37100.0
2021070804014118,GHL,8,26,110,277.0,30470.0
2021070804014117,GHL,8,45,100,277.0,27700.0
2021070804014116,GHL,8,22,190,277.0,52630.0
2021070804014115,GHL,8,28,100,276.0,27600.0
2021070804014035,GHL,50,22,10,277.0,2770.0
2021070804014167,GIC,7,4,20,685.0,13700.0
2021070804014166,GIC,32,4,160,685.0,109600.0
2021070804014135,GIC,32,49,10,685.0,6850.0
2021070804013812,GIC,32,41,10,685.0,6850.0
2021070804013675,GIC,22,45,10,686.0,6860.0
2021070804013914,GIC,32,51,100,685.0,68500.0
2021070804013853,GIC,7,4,10,686.0,6860.0
2021070804013813,GIC,7,32,10,686.0,6860.0
2021070804014089,GIC,32,14,10,685.0,6850.0
2021070804014055,GIC,32,37,10,685.0,6850.0
2021070804013951,GIC,7,4,20,686.0,13720.0
2021070804013997,GLH,37,17,10,348.0,3480.0
2021070804013987,GLH,34,58,10,347.0,3470.0
2021070804013807,GLH,35,16,10,347.0,3470.0
2021070804013696,GLH,35,45,10,347.0,3470.0
2021070804014086,HDHPC,21,59,20,261.0,5220.0
2021070804013979,HDHPC,49,25,260,261.0,67860.0
2021070804013902,HDHPC,49,57,340,260.0,88400.0
2021070804013901,HDHPC,13,57,160,260.0,41600.0
2021070804013747,HDHPC,13,3,340,260.0,88400.0
2021070804013746,HDHPC,13,28,100,260.0,26000.0
2021070804013745,HDHPC,13,1,200,260.0,52000.0
2021070804013733,HDHPC,28,1,500,260.0,130000.0
2021070804014093,HGI,26,33,200,760.0,152000.0
2021070804014029,HGI,17,7,499,760.0,379240.0
2021070804014028,HGI,17,45,110,760.0,83600.0
2021070804014001,HGI,17,45,390,760.0,296400.0
2021070804014000,HGI,17,34,541,759.0,410619.0
2021070804013999,HGI,17,44,69,757.0,52233.0
2021070804013986,HGI,17,44,"1,000",757.0,757000.0
2021070804013911,HGI,6,44,"1,471",757.0,1113547.0
2021070804014120,HPPL,59,14,80,393.0,31440.0
2021070804013709,HPPL,25,34,50,394.0,19700.0
2021070804013678,HPPL,59,42,70,393.0,27510.0
2021070804013677,HPPL,42,42,30,393.0,11790.0
2021070804013928,HURJA,10,38,20,338.0,6760.0
2021070804014104,IGI,49,40,400,1190.0,476000.0
2021070804014103,IGI,26,40,50,1190.0,59500.0
2021070804014102,IGI,29,40,"1,000",1190.0,1190000.0
2021070804013718,IGI,49,57,45,1186.0,53370.0
2021070804013717,IGI,51,57,100,1187.0,118700.0
2021070804013716,IGI,48,57,25,1188.0,29700.0
2021070804013715,IGI,43,57,15,1188.0,17820.0
2021070804013714,IGI,6,57,15,1189.0,17835.0
2021070804013811,IGI,5,5,60,1190.0,71400.0
2021070804013967,IGI,55,45,40,1192.0,47680.0
2021070804013966,IGI,55,41,60,1192.0,71520.0
2021070804014101,IGI,45,40,30,1192.0,35760.0
2021070804014100,IGI,58,40,20,1194.0,23880.0
2021070804014096,IGI,58,58,10,1194.0,11940.0
2021070804014095,IGI,58,58,100,1194.0,119400.0
2021070804014090,IGI,45,45,20,1192.0,23840.0
2021070804013949,JOSHI,52,25,20,271.0,5420.0
2021070804013948,JOSHI,52,57,30,271.0,8130.0
2021070804014122,KKHC,36,57,20,259.0,5180.0
2021070804014141,KPCL,42,22,10,420.0,4200.0
2021070804013750,KPCL,42,45,10,420.0,4200.0
2021070804013867,KPCL,1,46,10,421.0,4210.0
2021070804014170,LEC,45,19,20,336.0,6720.0
2021070804014133,LEC,34,1,460,338.0,155480.0
2021070804013885,LEC,34,45,20,338.0,6760.0
2021070804013900,LEMF,55,34,"5,000",14.21,71050.0
2021070804013899,LEMF,55,34,"5,000",14.21,71050.0
2021070804013944,LGIL,4,6,50,783.0,39150.0
2021070804013937,LGIL,17,38,46,784.0,36064.0
2021070804013936,LGIL,17,52,54,784.0,42336.0
2021070804013935,LGIL,17,6,60,784.0,47040.0
2021070804013870,LGIL,17,35,200,783.0,156600.0
2021070804013869,LGIL,17,6,20,783.0,15660.0
2021070804013816,LGIL,17,57,20,782.0,15640.0
2021070804014077,LUK,11,58,100,12.09,1209.0
2021070804014076,MEN,38,32,10,840.0,8400.0
2021070804013945,MEN,38,57,10,841.0,8410.0
2021070804013888,MEN,38,55,10,840.0,8400.0
2021070804014083,MHNL,22,49,30,310.0,9300.0
2021070804013749,MHNL,45,28,10,312.0,3120.0
2021070804013681,MHNL,22,28,10,310.0,3100.0
2021070804014053,NEF,41,44,"15,679",14.3,224209.7
2021070804014052,NEF,41,17,483,14.3,6906.9
2021070804014051,NEF,41,47,"3,838",14.28,54806.64
2021070804014099,NGPL,21,32,200,443.0,88600.0
2021070804014098,NGPL,21,42,70,443.0,31010.0
2021070804013874,NGPL,41,42,10,443.0,4430.0
2021070804013825,NGPL,17,48,100,442.0,44200.0
2021070804013803,NGPL,17,42,200,442.0,88400.0
2021070804013769,NGPL,45,35,500,441.0,220500.0
2021070804014144,NHPC,52,20,10,295.0,2950.0
2021070804014143,NHPC,52,38,490,295.0,144550.0
2021070804014129,NHPC,37,38,10,295.0,2950.0
2021070804014073,NHPC,45,4,74,294.0,21756.0
2021070804014072,NHPC,49,4,426,294.0,125244.0
2021070804014069,NHPC,49,10,574,294.0,168756.0
2021070804013819,NHPC,45,21,50,293.0,14650.0
2021070804013784,NHPC,14,55,100,294.0,29400.0
2021070804013748,NHPC,34,55,845,294.0,248430.0
2021070804013701,NHPC,49,45,23,294.0,6762.0
2021070804013840,NHPC,33,26,355,294.0,104370.0
2021070804013839,NHPC,33,55,555,294.0,163170.0
2021070804013838,NHPC,33,21,90,293.0,26370.0
2021070804013837,NHPC,58,21,22,293.0,6446.0
2021070804013821,NHPC,58,21,200,293.0,58600.0
2021070804013820,NHPC,38,21,10,293.0,2930.0
2021070804013977,NHPC,50,8,50,294.0,14700.0
2021070804013976,NHPC,50,45,500,294.0,147000.0
2021070804013975,NHPC,50,26,439,294.0,129066.0
2021070804013938,NHPC,52,26,56,294.0,16464.0
2021070804013873,NHPC,26,26,150,294.0,44100.0
2021070804013852,NHPC,13,50,100,293.0,29300.0
2021070804014054,NHPC,45,10,200,294.0,58800.0
2021070804014045,NHPC,37,10,26,294.0,7644.0
2021070804014044,NHPC,37,32,74,294.0,21756.0
2021070804014015,NHPC,42,32,36,294.0,10584.0
2021070804014014,NHPC,42,50,474,294.0,139356.0
2021070804013978,NHPC,50,50,11,294.0,3234.0
2021070804014152,NIBSF1,17,44,"23,550",14.2,334410.0
2021070804014114,NIBSF1,17,44,"24,450",14.2,347190.0
2021070804014113,NIBSF1,17,39,550,14.19,7804.5
2021070804014031,NIBSF1,22,39,"1,450",14.19,20575.5
2021070804013740,NIBSF1,41,44,"2,000",14.2,28400.0
2021070804014164,NICL,47,56,30,1010.0,30300.0
2021070804014121,NICL,50,56,470,1010.0,474700.0
2021070804014112,NICL,50,14,100,1010.0,101000.0
2021070804014111,NICL,50,50,100,1010.0,101000.0
2021070804014110,NICL,50,50,100,1010.0,101000.0
2021070804014109,NICL,50,50,50,1010.0,50500.0
