Transact. No.,Symbol,Buyer,Seller,Quantity,Rate,Amount
2021071304011489,AHPC,4,57,60,451.0,27060.0
2021071304011476,AHPC,4,53,262,451.0,118162.0
2021071304011400,AHPC,4,53,"1,000",451.0,451000.0
2021071304011390,AHPC,16,53,500,452.0,226000.0
2021071304011344,AHPC,57,53,238,452.0,107576.0
2021071304011713,AHPC,5,25,189,453.0,85617.0
2021071304011712,AHPC,5,55,300,452.0,135600.0
2021071304011689,AHPC,21,55,200,452.0,90400.0
2021071304011675,AHPC,58,25,11,453.0,4983.0
2021071304011597,AHPC,4,56,300,451.0,135300.0
2021071304011515,AHPC,4,28,50,451.0,22550.0
2021071304011754,AHPC,21,38,100,452.0,45200.0
2021071304011753,AHPC,28,38,100,452.0,45200.0
2021071304011717,AHPC,5,54,20,453.0,9060.0
2021071304011716,AHPC,5,37,111,453.0,50283.0
2021071304011715,AHPC,5,40,300,453.0,135900.0
2021071304011714,AHPC,5,53,80,453.0,36240.0
2021071304011755,AHPC,4,38,800,451.0,360800.0
2021071304011406,AKJCL,4,41,10,275.0,2750.0
2021071304011333,AKJCL,58,41,10,275.0,2750.0
2021071304011774,AKPL,20,13,80,450.0,36000.0
2021071304011635,AKPL,16,4,110,451.0,49610.0
2021071304011579,AKPL,42,4,12,451.0,5412.0
2021071304011559,AKPL,42,58,20,451.0,9020.0
2021071304011538,AKPL,42,50,100,451.0,45100.0
2021071304011468,AKPL,42,47,68,451.0,30668.0
2021071304011467,AKPL,17,47,15,451.0,6765.0
2021071304011449,AKPL,17,21,85,451.0,38335.0
2021071304011448,AKPL,47,21,215,451.0,96965.0
2021071304011778,API,57,59,10,388.0,3880.0
2021071304011777,API,11,45,24,387.0,9288.0
2021071304011776,API,36,45,76,387.0,29412.0
2021071304011768,API,50,59,130,388.0,50440.0
2021071304011708,API,42,59,290,388.0,112520.0
2021071304011707,API,42,21,250,388.0,97000.0
2021071304011367,API,36,32,32,386.0,12352.0
2021071304011353,API,44,37,467,387.0,180729.0
2021071304011352,API,44,55,20,387.0,7740.0
2021071304011351,API,44,49,143,387.0,55341.0
2021071304011350,API,44,3,11,387.0,4257.0
2021071304011349,API,44,57,359,387.0,138933.0
2021071304011648,API,5,59,70,388.0,27160.0
2021071304011573,API,5,57,30,388.0,11640.0
2021071304011572,API,36,38,700,387.0,270900.0
2021071304011481,API,36,48,91,387.0,35217.0
2021071304011461,API,36,44,500,387.0,193500.0
2021071304011460,API,36,37,133,387.0,51471.0
2021071304011775,BARUN,42,22,50,520.0,26000.0
2021071304011751,BARUN,42,20,100,520.0,52000.0
2021071304011745,BARUN,14,20,10,523.0,5230.0
2021071304011683,BARUN,14,14,490,516.0,252840.0
2021071304011409,BARUN,6,35,20,520.0,10400.0
2021071304011485,BARUN,38,35,800,520.0,416000.0
2021071304011412,BARUN,50,35,50,520.0,26000.0
2021071304011411,BARUN,25,35,10,520.0,5200.0
2021071304011410,BARUN,42,35,50,520.0,26000.0
2021071304011610,BARUN,41,21,20,517.0,10340.0
2021071304011609,BARUN,22,21,20,518.0,10360.0
2021071304011608,BARUN,55,21,90,518.0,46620.0
2021071304011607,BARUN,25,21,10,519.0,5190.0
2021071304011606,BARUN,42,21,30,521.0,15630.0
2021071304011565,BARUN,42,35,70,520.0,36400.0
2021071304011682,BARUN,5,14,10,520.0,5200.0
2021071304011668,BARUN,5,3,50,520.0,26000.0
2021071304011631,BARUN,5,21,10,517.0,5170.0
2021071304011613,BARUN,55,21,100,517.0,51700.0
2021071304011612,BARUN,22,21,200,517.0,103400.0
2021071304011611,BARUN,41,21,20,517.0,10340.0
2021071304011688,BBC,26,44,10,5680.0,56800.0
2021071304011483,BBC,28,13,15,5661.0,84915.0
2021071304011687,BPCL,42,49,80,500.0,40000.0
2021071304011686,BPCL,35,49,20,500.0,10000.0
2021071304011336,BPCL,59,46,329,500.0,164500.0
2021071304011330,BPCL,49,46,50,500.0,25000.0
2021071304011446,BPCL,59,22,171,500.0,85500.0
2021071304011522,BPCL,43,13,100,500.0,50000.0
2021071304011447,BPCL,43,22,95,500.0,47500.0
2021071304011765,CGH,48,6,10,1517.0,15170.0
2021071304011450,CGH,48,38,80,1517.0,121360.0
2021071304011762,CHCL,41,51,140,667.0,93380.0
2021071304011761,CHCL,58,51,50,667.0,33350.0
2021071304011760,CHCL,11,51,50,667.0,33350.0
2021071304011794,CHL,32,43,100,478.0,47800.0
2021071304011793,CHL,32,32,50,477.0,23850.0
2021071304011792,CHL,32,56,30,476.0,14280.0
2021071304011791,CHL,32,14,100,476.0,47600.0
2021071304011790,CHL,32,13,50,475.0,23750.0
2021071304011789,CHL,32,32,105,475.0,49875.0
2021071304011671,CHL,32,36,20,473.0,9460.0
2021071304011563,CHL,56,36,20,474.0,9480.0
2021071304011554,CHL,19,16,48,474.0,22752.0
2021071304011334,CHL,56,20,100,473.0,47300.0
2021071304011788,CHL,32,16,100,474.0,47400.0
2021071304011787,CHL,32,38,100,474.0,47400.0
2021071304011786,CHL,32,36,80,474.0,37920.0
2021071304011740,CHL,19,36,80,473.0,37840.0
2021071304011720,CHL,32,44,250,472.0,118000.0
2021071304011718,CHL,53,36,100,473.0,47300.0
2021071304011552,CMF1,59,4,100,12.45,1245.0
2021071304011710,EIC,34,57,75,749.0,56175.0
2021071304011670,EIC,38,17,10,750.0,7500.0
2021071304011599,EIC,34,56,100,749.0,74900.0
2021071304011598,EIC,34,44,48,749.0,35952.0
2021071304011577,EIC,48,44,52,749.0,38948.0
2021071304011576,EIC,48,28,36,749.0,26964.0
2021071304011562,EIC,17,44,130,748.0,97240.0
2021071304011561,EIC,26,44,10,748.0,7480.0
2021071304011560,EIC,51,44,260,748.0,194480.0
2021071304011549,EIC,51,45,30,748.0,22440.0
2021071304011398,EIC,57,28,64,749.0,47936.0
2021071304011394,EIC,57,54,36,749.0,26964.0
2021071304011724,GHL,17,45,10,299.0,2990.0
2021071304011633,GHL,32,35,250,295.0,73750.0
2021071304011632,GHL,45,35,150,296.0,44400.0
2021071304011570,GHL,16,58,300,297.0,89100.0
2021071304011784,GIMES1,48,6,"14,000",19.6,274400.0
2021071304011705,GLH,6,26,169,358.0,60502.0
2021071304011704,GLH,38,26,320,358.0,114560.0
2021071304011703,GLH,33,26,11,359.0,3949.0
2021071304011498,GLH,33,58,10,359.0,3590.0
2021071304011551,HDHPC,38,25,568,277.0,157336.0
2021071304011550,HDHPC,29,25,432,277.0,119664.0
2021071304011521,HDHPC,4,45,200,278.0,55600.0
2021071304011497,HDHPC,58,45,100,278.0,27800.0
2021071304011443,HDHPC,29,26,568,277.0,157336.0
2021071304011442,HDHPC,58,26,10,277.0,2770.0
2021071304011441,HDHPC,49,26,30,277.0,8310.0
2021071304011440,HDHPC,48,26,200,277.0,55400.0
2021071304011413,HDHPC,54,45,127,277.0,35179.0
2021071304011361,HDHPC,29,45,100,278.0,27800.0
2021071304011676,HGI,45,44,200,760.0,152000.0
2021071304011568,HGI,29,44,70,760.0,53200.0
2021071304011770,HPPL,14,1,24,420.0,10080.0
2021071304011629,HPPL,14,1,76,420.0,31920.0
2021071304011628,HPPL,14,42,14,419.0,5866.0
2021071304011627,HPPL,14,26,10,415.0,4150.0
2021071304011433,HPPL,34,42,40,407.0,16280.0
2021071304011389,HPPL,42,42,36,420.0,15120.0
2021071304011382,HPPL,42,58,34,420.0,14280.0
2021071304011381,HPPL,42,52,245,419.0,102655.0
2021071304011380,HPPL,42,34,20,418.0,8360.0
2021071304011379,HPPL,42,22,50,415.0,20750.0
2021071304011388,HPPL,42,43,20,420.0,8400.0
2021071304011387,HPPL,42,51,20,420.0,8400.0
2021071304011386,HPPL,42,25,50,420.0,21000.0
2021071304011385,HPPL,42,37,240,420.0,100800.0
2021071304011384,HPPL,42,37,485,420.0,203700.0
2021071304011383,HPPL,42,29,800,420.0,336000.0
2021071304011539,HURJA,49,44,50,358.0,17900.0
2021071304011654,IGI,56,42,60,1210.0,72600.0
2021071304011653,IGI,56,52,40,1205.0,48200.0
2021071304011373,IGI,6,52,10,1211.0,12110.0
2021071304011743,JOSHI,57,57,80,283.0,22640.0
2021071304011541,KKHC,6,45,68,270.0,18360.0
2021071304011540,KKHC,45,45,32,270.0,8640.0
2021071304011491,KKHC,45,14,82,270.0,22140.0
2021071304011490,KKHC,49,14,10,271.0,2710.0
2021071304011372,KKHC,49,34,10,271.0,2710.0
2021071305000035,KLBSL,14,51,20,1727.0,34540.0
2021071305000034,KLBSL,57,51,10,1737.0,17370.0
2021071305000033,KLBSL,57,48,10,1730.0,17300.0
2021071305000032,KLBSL,13,11,150,1733.0,259950.0
2021071305000031,KLBSL,14,11,50,1734.0,86700.0
2021071305000030,KLBSL,6,38,15,1735.0,26025.0
2021071305000005,KLBSL,14,47,250,1770.0,442500.0
2021071305000004,KLBSL,14,29,100,1770.0,177000.0
2021071305000003,KLBSL,14,11,40,1769.0,70760.0
2021071305000002,KLBSL,32,45,8,1734.0,13872.0
2021071305000001,KLBSL,57,11,10,1769.0,17690.0
2021071305000011,KLBSL,49,33,50,1759.0,87950.0
2021071305000010,KLBSL,49,42,50,1755.0,87750.0
2021071305000009,KLBSL,41,11,50,1760.0,88000.0
2021071305000008,KLBSL,41,34,50,1760.0,88000.0
2021071305000007,KLBSL,14,43,80,1771.0,141680.0
2021071305000006,KLBSL,14,43,30,1771.0,53130.0
2021071305000017,KLBSL,14,42,100,1742.0,174200.0
2021071305000016,KLBSL,57,42,100,1743.0,174300.0
2021071305000015,KLBSL,14,42,50,1743.0,87150.0
2021071305000014,KLBSL,57,38,50,1750.0,87500.0
2021071305000013,KLBSL,14,7,100,1759.0,175900.0
2021071305000012,KLBSL,49,7,20,1759.0,35180.0
2021071305000023,KLBSL,58,38,20,1732.0,34640.0
2021071305000022,KLBSL,14,48,20,1732.0,34640.0
2021071305000021,KLBSL,53,37,100,1732.0,173200.0
2021071305000020,KLBSL,14,37,100,1732.0,173200.0
2021071305000019,KLBSL,53,14,20,1732.0,34640.0
2021071305000018,KLBSL,32,58,6,1708.0,10248.0
2021071305000029,KLBSL,6,22,100,1733.0,173300.0
2021071305000028,KLBSL,29,38,35,1735.0,60725.0
2021071305000027,KLBSL,29,13,30,1735.0,52050.0
2021071305000026,KLBSL,29,50,10,1731.0,17310.0
2021071305000025,KLBSL,29,38,25,1731.0,43275.0
2021071305000024,KLBSL,14,38,50,1731.0,86550.0
2021071304011669,LEC,42,19,20,347.0,6940.0
2021071304011362,LEC,39,58,500,349.0,174500.0
2021071304011548,LEMF,33,38,500,14.0,7000.0
2021071304011667,LGIL,38,51,360,780.0,280800.0
2021071304011666,LGIL,7,51,200,780.0,156000.0
2021071304011665,LGIL,39,51,50,780.0,39000.0
2021071304011664,LGIL,58,51,20,780.0,15600.0
2021071304011663,LGIL,3,51,50,780.0,39000.0
2021071304011662,LGIL,38,51,10,780.0,7800.0
2021071304011624,LGIL,39,22,40,782.0,31280.0
2021071304011474,LGIL,39,57,10,782.0,7820.0
2021071304011473,LGIL,43,57,10,782.0,7820.0
2021071304011375,LGIL,45,22,100,786.0,78600.0
2021071304011661,LGIL,14,51,100,781.0,78100.0
2021071304011660,LGIL,5,51,100,781.0,78100.0
2021071304011659,LGIL,48,51,100,781.0,78100.0
2021071304011658,LGIL,53,51,10,782.0,7820.0
2021071304011626,LGIL,53,22,10,782.0,7820.0
2021071304011625,LGIL,51,22,50,782.0,39100.0
2021071304011764,LUK,1,10,500,12.4,6200.0
2021071304011721,LUK,1,25,100,12.39,1239.0
2021071304011763,MEN,46,14,20,869.0,17380.0
2021071304011621,MHNL,33,58,15,325.0,4875.0
2021071304011595,NBF2,47,49,"1,000",14.13,14130.0
2021071304011706,NEF,33,43,"3,000",14.4,43200.0
2021071304011508,NEF,42,43,"5,000",14.4,72000.0
2021071304011507,NEF,57,43,"10,000",14.4,144000.0
2021071304011506,NEF,21,43,500,14.4,7200.0
2021071304011505,NEF,52,43,"1,000",14.41,14410.0
2021071304011504,NEF,52,43,"1,000",14.41,14410.0
2021071304011503,NEF,41,43,"1,000",14.42,14420.0
2021071304011502,NEF,7,43,"6,000",14.42,86520.0
2021071304011501,NEF,7,43,"8,000",14.42,115360.0
2021071304011500,NEF,32,43,"10,000",14.43,144300.0
2021071304011499,NEF,26,43,"1,517",14.49,21981.33
2021071304011783,NGPL,20,58,90,493.0,44370.0
2021071304011782,NGPL,44,58,10,493.0,4930.0
2021071304011738,NGPL,22,22,25,492.0,12300.0
2021071304011514,NGPL,17,22,50,492.0,24600.0
2021071304011513,NGPL,44,22,25,492.0,12300.0
2021071304011470,NGPL,44,22,100,492.0,49200.0
2021071304011771,NHPC,36,55,"1,000",307.0,307000.0
2021071304011702,NHPC,25,34,349,306.0,106794.0
2021071304011701,NHPC,58,34,27,306.0,8262.0
2021071304011700,NHPC,36,34,124,306.0,37944.0
2021071304011697,NHPC,36,52,276,306.0,84456.0
2021071304011696,NHPC,41,52,224,306.0,68544.0
2021071304011436,NHPC,29,55,10,307.0,3070.0
2021071304011405,NHPC,52,55,50,307.0,15350.0
2021071304011378,NHPC,47,56,126,306.0,38556.0
2021071304011365,NHPC,6,56,100,306.0,30600.0
2021071304011347,NHPC,58,56,74,306.0,22644.0
2021071304011346,NHPC,58,59,592,306.0,181152.0
2021071304011587,NHPC,49,40,50,306.0,15300.0
2021071304011586,NHPC,43,40,50,306.0,15300.0
2021071304011585,NHPC,47,40,174,306.0,53244.0
2021071304011584,NHPC,21,55,100,307.0,30700.0
2021071304011564,NHPC,6,55,100,307.0,30700.0
2021071304011437,NHPC,47,28,200,306.0,61200.0
2021071304011685,NHPC,41,59,50,306.0,15300.0
2021071304011616,NHPC,36,55,"1,000",307.0,307000.0
2021071304011591,NHPC,41,40,726,306.0,222156.0
2021071304011590,NHPC,37,40,500,306.0,153000.0
2021071304011589,NHPC,13,40,300,306.0,91800.0
2021071304011588,NHPC,36,40,200,306.0,61200.0
2021071304011630,NIBLPF,4,56,100,14.84,1484.0
2021071304011723,NICL,58,58,100,1009.0,100900.0
2021071304011722,NICL,58,34,50,1009.0,50450.0
2021071304011516,NICL,38,53,35,1007.0,35245.0
2021071304011487,NICL,14,55,50,1006.0,50300.0
2021071304011486,NICL,49,55,149,1006.0,149894.0
2021071304011355,NICL,49,36,27,1006.0,27162.0
2021071304011354,NICL,49,43,24,1006.0,24144.0
2021071304011335,NICL,45,43,100,1006.0,100600.0
2021071304011719,NIL,22,38,20,1368.0,27360.0
2021071304011692,NIL,22,49,50,1366.0,68300.0
2021071304011691,NIL,47,49,50,1366.0,68300.0
2021071304011583,NIL,47,56,50,1366.0,68300.0
2021071304011582,NIL,51,56,50,1366.0,68300.0
2021071304011547,NIL,51,44,50,1366.0,68300.0
2021071304011709,NLG,44,45,100,1217.0,121700.0
2021071304011650,NLG,44,51,117,1217.0,142389.0
2021071304011593,NLG,38,51,30,1217.0,36510.0
2021071304011543,NLG,35,56,30,1216.0,36480.0
2021071304011431,NLG,6,39,193,1216.0,234688.0
2021071304011376,NLG,50,39,307,1216.0,373312.0
2021071304011374,NLG,21,39,100,1216.0,121600.0
2021071304011366,NLG,35,39,100,1216.0,121600.0
2021071304011356,NLG,47,39,50,1216.0,60800.0
2021071304011542,NLG,1,56,50,1216.0,60800.0
2021071304011534,NLG,7,51,200,1217.0,243400.0
2021071304011478,NLG,56,51,190,1216.0,231040.0
2021071304011477,NLG,4,51,10,1216.0,12160.0
2021071304011750,OHL,20,17,200,657.0,131400.0
2021071304011657,OHL,45,48,256,657.0,168192.0
2021071304011656,OHL,21,48,98,659.0,64582.0
2021071304011567,OHL,21,17,52,659.0,34268.0
2021071304011566,OHL,21,17,48,659.0,31632.0
2021071304011531,OHL,20,48,10,661.0,6610.0
2021071304011459,OHL,43,48,200,661.0,132200.0
2021071304011417,OHL,48,48,200,661.0,132200.0
2021071304011416,OHL,14,48,96,661.0,63456.0
2021071304011769,PIC,38,53,10,1180.0,11800.0
2021071304011737,PIC,55,53,20,1180.0,23600.0
2021071304011736,PIC,33,53,10,1180.0,11800.0
2021071304011735,PIC,45,53,33,1180.0,38940.0
2021071304011734,PIC,22,53,20,1181.0,23620.0
2021071304011438,PICL,49,49,150,811.0,121650.0
2021071304011537,PPCL,29,47,50,350.0,17500.0
2021071304011343,PPCL,47,41,50,351.0,17550.0
2021071304011331,PPCL,6,35,200,352.0,70400.0
2021071304011779,PRIN,59,21,126,959.0,120834.0
2021071304011772,PRIN,42,48,10,959.0,9590.0
2021071304011592,PRIN,36,38,185,945.0,174825.0
2021071304011520,PRIN,36,48,219,945.0,206955.0
2021071304011519,PRIN,34,48,250,945.0,236250.0
2021071304011518,PRIN,7,48,20,945.0,18900.0
2021071304011517,PRIN,1,48,11,946.0,10406.0
2021071304011739,RADHI,1,47,100,751.0,75100.0
2021071304011620,RADHI,57,58,12,750.0,9000.0
2021071304011553,RADHI,57,14,30,750.0,22500.0
2021071304011528,RADHI,57,35,176,750.0,132000.0
2021071304011527,RADHI,42,35,17,750.0,12750.0
2021071304011526,RADHI,16,35,10,750.0,7500.0
2021071304011454,RADHI,13,1,425,752.0,319600.0
2021071304011453,RADHI,13,53,50,751.0,37550.0
2021071304011452,RADHI,13,6,25,751.0,18775.0
2021071304011332,RADHI,1,6,100,751.0,75100.0
2021071304011525,RADHI,57,35,187,750.0,140250.0
2021071304011524,RADHI,25,35,10,751.0,7510.0
2021071304011465,RADHI,57,1,63,750.0,47250.0
2021071304011464,RADHI,4,1,100,750.0,75000.0
2021071304011463,RADHI,57,1,13,750.0,9750.0
2021071304011462,RADHI,58,1,24,750.0,18000.0
2021071304011742,RBCL,51,35,10,21785.0,217850.0
2021071304011698,RBCL,51,49,10,21785.0,217850.0
2021071304011536,RBCL,51,49,10,21785.0,217850.0
2021071304011484,RHPC,10,22,"1,000",535.0,535000.0
2021071304011780,RHPL,34,38,100,438.0,43800.0
2021071304011731,RHPL,43,38,50,438.0,21900.0
2021071304011730,RHPL,10,38,21,438.0,9198.0
2021071304011729,RHPL,11,38,60,439.0,26340.0
2021071304011699,RHPL,11,48,40,439.0,17560.0
2021071304011575,RHPL,51,48,30,439.0,13170.0
2021071304011408,RHPL,10,35,19,438.0,8322.0
2021071304011407,RHPL,37,35,281,438.0,123078.0
2021071304011512,RHPL,36,20,30,440.0,13200.0
2021071304011511,RHPL,36,17,430,439.0,188770.0
2021071304011510,RHPL,36,42,40,439.0,17560.0
2021071304011432,RHPL,25,42,30,439.0,13170.0
2021071304011415,RHPL,25,21,20,439.0,8780.0
2021071304011414,RHPL,25,58,10,439.0,4390.0
2021071304011746,RRHP,36,22,10,374.0,3740.0
2021071304011726,RRHP,38,22,10,374.0,3740.0
2021071304011684,RRHP,36,50,50,372.0,18600.0
2021071304011655,RRHP,14,49,10,371.0,3710.0
2021071304011578,RRHP,14,26,260,371.0,96460.0
2021071304011466,RRHP,50,26,200,370.0,74000.0
2021071304011451,RRHP,16,26,80,371.0,29680.0
2021071304011342,RRHP,43,26,100,371.0,37100.0
2021071304011341,RRHP,25,26,200,371.0,74200.0
2021071304011340,RRHP,35,26,260,371.0,96460.0
2021071304011748,SAEF,34,4,"20,000",16.75,335000.0
2021071304011747,SAEF,19,4,"5,000",16.8,84000.0
2021071304011674,SAEF,19,43,"5,000",16.82,84100.0
2021071304011649,SAEF,57,43,"5,000",16.82,84100.0
2021071304011533,SAEF,19,43,"5,000",16.82,84100.0
2021071304011393,SAEF,19,43,"4,300",16.82,72326.0
2021071304011392,SAEF,19,35,700,16.81,11767.0
2021071304011759,SHL,29,36,100,268.0,26800.0
2021071304011758,SHL,29,49,150,268.0,40200.0
2021071304011757,SHL,29,34,700,268.0,187600.0
2021071304011756,SHL,5,34,100,268.0,26800.0
2021071304011634,SHL,20,34,"1,000",268.0,268000.0
2021071304011594,SHL,34,34,200,268.0,53600.0
2021071304011397,SHL,20,34,500,268.0,134000.0
2021071304011673,SIC,34,41,10,1355.0,13550.0
2021071304011472,SIC,45,57,20,1355.0,27100.0
2021071304011681,SICL,45,44,20,1955.0,39100.0
2021071304011680,SICL,57,44,20,1957.0,39140.0
2021071304011679,SICL,45,44,50,1961.0,98050.0
2021071304011678,SICL,55,44,100,1962.0,196200.0
2021071304011677,SICL,36,44,10,1962.0,19620.0
2021071304011404,SICL,58,58,10,1969.0,19690.0
2021071304011357,SICL,32,58,50,1969.0,98450.0
2021071304011348,SICL,11,58,10,1969.0,19690.0
2021071304011749,SIL,44,35,10,1055.0,10550.0
2021071304011617,SIL,14,35,50,1055.0,52750.0
2021071304011619,SJCL,59,53,10,419.0,4190.0
2021071304011618,SJCL,47,53,30,419.0,12570.0
2021071304011574,SJCL,47,21,20,419.0,8380.0
2021071304011430,SJCL,57,49,23,420.0,9660.0
2021071304011429,SJCL,4,49,10,420.0,4200.0
2021071304011428,SJCL,45,49,500,420.0,210000.0
2021071304011427,SJCL,42,49,50,420.0,21000.0
2021071304011426,SJCL,59,49,40,420.0,16800.0
2021071304011425,SJCL,42,49,50,420.0,21000.0
2021071304011424,SJCL,28,49,190,420.0,79800.0
2021071304011368,SJCL,28,45,100,420.0,42000.0
2021071304011403,SLCF,41,58,100,10.08,1008.0
2021071304011732,SPDL,29,38,100,413.0,41300.0
2021071304011615,SPDL,59,38,94,413.0,38822.0
2021071304011614,SPDL,59,56,106,413.0,43778.0
2021071304011558,SPDL,50,56,110,413.0,45430.0
2021071304011557,SPDL,29,56,25,413.0,10325.0
2021071304011556,SPDL,45,56,159,413.0,65667.0
2021071304011391,SPDL,45,49,10,413.0,4130.0
2021071304011377,STC,17,49,10,9777.0,97770.0
2021071304011725,TRH,57,43,10,406.0,4060.0
2021071304011672,UIC,7,25,100,721.0,72100.0
2021071304011596,UIC,26,25,50,721.0,36050.0
2021071304011546,UIC,49,25,50,721.0,36050.0
2021071304011439,UIC,36,53,11,713.0,7843.0
2021071304011785,UMHL,41,25,20,367.0,7340.0
2021071304011781,UMHL,34,25,10,367.0,3670.0
2021071304011766,UMHL,19,25,10,367.0,3670.0
2021071304011733,UMHL,47,25,10,367.0,3670.0
2021071304011580,UMHL,58,55,50,365.0,18250.0
2021071304011402,UMHL,1,35,252,364.0,91728.0
2021071304011401,UMHL,1,35,637,364.0,231868.0
2021071304011396,UMHL,1,45,363,364.0,132132.0
2021071304011395,UMHL,1,45,137,364.0,49868.0
2021071304011767,UMRH,41,32,10,465.0,4650.0
2021071304011690,UMRH,55,50,50,461.0,23050.0
2021071304011523,UMRH,41,32,10,465.0,4650.0
2021071304011475,UMRH,55,14,10,461.0,4610.0
2021071304011773,UNHPL,52,26,150,352.0,52800.0
2021071304011555,UNHPL,54,49,50,353.0,17650.0
2021071304011535,UNHPL,3,49,140,353.0,49420.0
2021071304011532,UNHPL,3,45,200,353.0,70600.0
2021071304011482,UNHPL,3,6,50,353.0,17650.0
2021071304011445,UNHPL,3,1,204,353.0,72012.0
2021071304011444,UNHPL,3,45,406,352.0,142912.0
2021071304011422,UNHPL,38,45,100,352.0,35200.0
2021071304011421,UNHPL,21,45,100,352.0,35200.0
2021071304011420,UNHPL,34,45,399,352.0,140448.0
2021071304011419,UNHPL,28,45,800,352.0,281600.0
2021071304011418,UNHPL,48,45,445,352.0,156640.0
2021071304011744,UPCL,38,22,50,291.0,14550.0
2021071304011741,UPCL,48,22,100,291.0,29100.0
2021071304011695,UPCL,33,22,146,291.0,42486.0
2021071304011694,UPCL,33,45,204,291.0,59364.0
2021071304011693,UPCL,44,45,200,291.0,58200.0
2021071304011652,UPCL,16,45,"1,000",291.0,291000.0
2021071304011371,UPCL,56,57,65,292.0,18980.0
2021071304011370,UPCL,20,57,30,292.0,8760.0
2021071304011369,UPCL,53,57,905,292.0,264260.0
2021071304011364,UPCL,53,57,95,292.0,27740.0
2021071304011363,UPCL,3,57,25,292.0,7300.0
2021071304011529,UPCL,56,51,79,292.0,23068.0
2021071304011480,UPCL,56,8,250,292.0,73000.0
2021071304011471,UPCL,56,25,36,292.0,10512.0
2021071304011458,UPCL,41,45,437,293.0,128041.0
2021071304011457,UPCL,41,25,563,293.0,164959.0
2021071304011435,UPCL,56,50,70,292.0,20440.0
2021071304011641,UPCL,39,45,15,291.0,4365.0
2021071304011640,UPCL,13,45,20,291.0,5820.0
2021071304011639,UPCL,32,45,70,291.0,20370.0
2021071304011638,UPCL,44,45,300,292.0,87600.0
2021071304011637,UPCL,16,45,79,292.0,23068.0
2021071304011530,UPCL,16,51,921,292.0,268932.0
2021071304011647,UPCL,37,45,20,291.0,5820.0
2021071304011646,UPCL,34,45,500,291.0,145500.0
2021071304011645,UPCL,38,45,100,291.0,29100.0
2021071304011644,UPCL,59,45,342,291.0,99522.0
2021071304011643,UPCL,34,45,50,291.0,14550.0
2021071304011642,UPCL,21,45,"1,000",291.0,291000.0
2021071304011752,UPPER,50,49,120,679.0,81480.0
2021071304011728,UPPER,38,49,500,679.0,339500.0
2021071304011727,UPPER,25,38,100,678.0,67800.0
2021071304011711,UPPER,56,49,100,679.0,67900.0
2021071304011337,UPPER,49,5,271,678.0,183738.0
2021071304011360,UPPER,16,22,288,679.0,195552.0
2021071304011359,UPPER,16,44,150,679.0,101850.0
2021071304011358,UPPER,16,42,62,679.0,42098.0
2021071304011345,UPPER,41,42,100,679.0,67900.0
2021071304011339,UPPER,34,5,279,678.0,189162.0
2021071304011338,UPPER,11,5,100,678.0,67800.0
2021071304011456,UPPER,17,37,28,679.0,19012.0
2021071304011455,UPPER,17,22,22,679.0,14938.0
2021071304011434,UPPER,13,22,40,679.0,27160.0
2021071304011423,UPPER,34,49,40,678.0,27120.0
2021071304011399,UPPER,57,22,150,679.0,101850.0
2021071304011494,UPPER,4,1,150,678.0,101700.0
2021071304011493,UPPER,17,1,25,678.0,16950.0
2021071304011492,UPPER,34,1,181,678.0,122718.0
2021071304011488,UPPER,56,37,95,679.0,64505.0
2021071304011479,UPPER,21,37,200,679.0,135800.0
2021071304011469,UPPER,28,37,100,679.0,67900.0
2021071304011569,UPPER,58,49,25,679.0,16975.0
2021071304011545,UPPER,36,49,150,679.0,101850.0
2021071304011544,UPPER,36,32,50,679.0,33950.0
2021071304011509,UPPER,13,57,100,678.0,67800.0
2021071304011496,UPPER,13,1,124,678.0,84072.0
2021071304011495,UPPER,58,1,20,678.0,13560.0
2021071304011603,UPPER,48,34,50,678.0,33900.0
2021071304011602,UPPER,59,34,15,678.0,10170.0
2021071304011601,UPPER,38,34,500,678.0,339000.0
2021071304011600,UPPER,13,34,276,678.0,187128.0
2021071304011581,UPPER,55,49,35,679.0,23765.0
2021071304011571,UPPER,45,49,500,679.0,339500.0
2021071304011651,UPPER,16,49,500,679.0,339500.0
2021071304011636,UPPER,25,39,50,678.0,33900.0
2021071304011623,UPPER,40,49,20,679.0,13580.0
2021071304011622,UPPER,48,49,30,679.0,20370.0
2021071304011605,UPPER,25,34,69,678.0,46782.0
2021071304011604,UPPER,40,34,20,678.0,13560.0
2021071304011005,AHPC,57,57,100,452.0,45200.0
2021071304010998,AHPC,57,47,10,452.0,4520.0
2021071304010997,AHPC,57,25,200,452.0,90400.0
2021071304010996,AHPC,57,10,32,452.0,14464.0
2021071304010995,AHPC,57,3,300,452.0,135600.0
2021071304010994,AHPC,57,29,120,452.0,54240.0
2021071304010978,AHPC,49,29,100,452.0,45200.0
2021071304011204,AIL,21,42,10,820.0,8200.0
2021071304011188,AIL,21,52,40,820.0,32800.0
2021071304011187,AIL,21,35,30,820.0,24600.0
2021071304010861,AIL,38,35,20,820.0,16400.0
2021071304011096,AKJCL,59,41,164,275.0,45100.0
2021071304011095,AKJCL,59,36,36,275.0,9900.0
2021071304011033,AKJCL,54,36,164,275.0,45100.0
2021071304011282,AKPL,47,50,185,451.0,83435.0
2021071304011281,AKPL,38,50,315,451.0,142065.0
2021071304011209,AKPL,38,41,30,451.0,13530.0
2021071304011063,AKPL,38,50,155,451.0,69905.0
2021071304011062,AKPL,45,50,345,451.0,155595.0
2021071304010881,AKPL,45,58,500,451.0,225500.0
2021071304011137,API,36,37,100,386.0,38600.0
2021071304011117,API,36,6,30,386.0,11580.0
2021071304011074,API,36,19,50,386.0,19300.0
2021071304010990,API,36,17,10,386.0,3860.0
2021071304010956,API,36,38,307,386.0,118502.0
2021071304011280,BARUN,43,20,500,523.0,261500.0
2021071304011191,BARUN,49,20,11,524.0,5764.0
2021071304011190,BARUN,54,20,272,524.0,142528.0
2021071304011189,BARUN,43,20,20,525.0,10500.0
2021071304011288,BPCL,43,46,125,500.0,62500.0
2021071304011279,BPCL,43,21,75,500.0,37500.0
2021071304011278,BPCL,19,21,25,500.0,12500.0
2021071304011009,BPCL,3,36,60,500.0,30000.0
2021071304010993,BPCL,3,49,93,500.0,46500.0
2021071304011014,BPCL,4,36,20,500.0,10000.0
2021071304011013,BPCL,28,36,100,500.0,50000.0
2021071304011012,BPCL,50,36,300,500.0,150000.0
2021071304011011,BPCL,3,36,500,500.0,250000.0
2021071304011010,BPCL,38,36,20,500.0,10000.0
2021071304011210,BPCL,4,10,30,500.0,15000.0
2021071304011215,BPCL,19,45,125,500.0,62500.0
2021071304011212,BPCL,19,10,350,500.0,175000.0
2021071304011211,BPCL,55,10,20,500.0,10000.0
2021071304010913,CGH,48,49,10,1517.0,15170.0
2021071304010902,CGH,32,18,40,1520.0,60800.0
2021071304010901,CGH,32,3,50,1520.0,76000.0
2021071304010900,CGH,32,58,10,1520.0,15200.0
2021071304010870,CGH,29,14,10,1518.0,15180.0
2021071304010850,CGH,41,14,30,1518.0,45540.0
2021071304010849,CGH,41,14,20,1518.0,30360.0
2021071304010848,CGH,28,14,90,1518.0,136620.0
2021071304011214,CHCL,16,16,1,654.0,654.0
2021071304011186,CHCL,38,11,13,667.0,8671.0
2021071304011185,CHCL,34,11,37,667.0,24679.0
2021071304010963,CHCL,34,25,50,667.0,33350.0
2021071304011277,CHL,32,16,19,474.0,9006.0
2021071304011170,CHL,17,16,25,474.0,11850.0
2021071304010905,CHL,56,51,80,472.0,37760.0
2021071304010899,CHL,32,51,20,472.0,9440.0
2021071304011217,DHPL,57,58,300,268.0,80400.0
2021071304010851,DHPL,49,58,20,268.0,5360.0
2021071304010833,DHPL,58,58,34,268.0,9112.0
2021071304011216,EIC,42,45,100,749.0,74900.0
2021071304011098,EIC,45,17,100,750.0,75000.0
2021071304010980,GHL,32,19,140,295.0,41300.0
2021071304010867,GHL,43,3,10,296.0,2960.0
2021071304011246,GIC,35,58,10,700.0,7000.0
2021071304010891,GIC,1,8,100,700.0,70000.0
2021071304010890,GIC,33,8,10,700.0,7000.0
2021071304010893,GIC,35,8,40,700.0,28000.0
2021071304010892,GIC,32,8,50,700.0,35000.0
2021071304011132,GIMES1,47,6,"5,000",19.6,98000.0
2021071304011131,GIMES1,33,6,"1,000",19.6,19600.0
2021071304011051,GIMES1,29,38,"2,000",19.61,39220.0
2021071304010871,GIMES1,44,38,"5,000",19.61,98050.0
2021071304011196,GLH,33,43,79,359.0,28361.0
2021071304011195,GLH,35,43,25,359.0,8975.0
2021071304011194,GLH,53,43,15,359.0,5385.0
2021071304011008,GLH,16,49,10,360.0,3600.0
2021071304011007,GLH,16,58,10,360.0,3600.0
2021071304011006,GLH,16,8,460,360.0,165600.0
2021071304010865,GLH,39,8,"1,380",360.0,496800.0
2021071304010862,GLH,53,42,10,359.0,3590.0
2021071304011171,HDHPC,18,26,925,278.0,257150.0
2021071304011060,HDHPC,38,26,500,278.0,139000.0
2021071304011059,HDHPC,33,26,267,278.0,74226.0
2021071304011054,HDHPC,33,35,100,278.0,27800.0
2021071304011037,HDHPC,33,34,850,278.0,236300.0
2021071304011036,HDHPC,33,57,283,278.0,78674.0
2021071304011022,HDHPC,58,57,50,278.0,13900.0
2021071304010860,HDHPC,52,57,67,278.0,18626.0
2021071304010846,HDHPC,52,36,33,278.0,9174.0
2021071304010845,HDHPC,33,36,967,278.0,268826.0
2021071304011061,HPPL,40,52,150,419.0,62850.0
2021071304011018,HPPL,42,54,125,418.0,52250.0
2021071304011017,HPPL,42,54,875,418.0,365750.0
2021071304010989,HPPL,42,44,300,418.0,125400.0
2021071304010988,HPPL,42,52,500,418.0,209000.0
2021071304010987,HPPL,42,35,50,418.0,20900.0
2021071304010918,HPPL,42,57,80,415.0,33200.0
2021071304010917,HPPL,42,35,130,414.0,53820.0
2021071304010916,HPPL,42,20,235,413.0,97055.0
2021071304010915,HPPL,42,34,30,412.0,12360.0
2021071304010924,HPPL,42,55,990,416.0,411840.0
2021071304010923,HPPL,42,37,10,415.0,4150.0
2021071304010922,HPPL,42,45,700,415.0,290500.0
2021071304010921,HPPL,42,51,200,415.0,83000.0
2021071304010920,HPPL,42,59,300,415.0,124500.0
2021071304010919,HPPL,42,32,125,415.0,51875.0
2021071304010986,HPPL,42,47,10,418.0,4180.0
2021071304010985,HPPL,42,46,200,418.0,83600.0
2021071304010984,HPPL,42,36,100,418.0,41800.0
2021071304010983,HPPL,42,11,465,417.0,193905.0
2021071304010982,HPPL,42,21,490,417.0,204330.0
2021071304010981,HPPL,42,55,10,416.0,4160.0
2021071304011151,IGI,19,38,65,1212.0,78780.0
2021071304011130,IGI,34,38,10,1212.0,12120.0
2021071304011078,JOSHI,59,46,100,284.0,28400.0
2021071304010992,JOSHI,57,38,20,283.0,5660.0
2021071304010876,JOSHI,13,49,20,282.0,5640.0
2021071304010869,JOSHI,48,38,10,283.0,2830.0
2021071304011269,KKHC,49,32,16,271.0,4336.0
2021071304010914,KKHC,49,49,16,271.0,4336.0
2021071304010831,KKHC,43,58,72,272.0,19584.0
2021071304010882,KPCL,16,45,10,436.0,4360.0
2021071304010977,KPCL,42,49,10,435.0,4350.0
2021071304011024,KPCL,14,14,50,436.0,21800.0
2021071304011034,KPCL,16,7,10,436.0,4360.0
2021071304011128,LEC,42,57,200,347.0,69400.0
2021071304010975,LEC,42,58,500,347.0,173500.0
2021071304010897,LEMF,33,38,"1,000",14.0,14000.0
2021071304010887,LEMF,53,43,"25,000",13.97,349250.0
2021071304010886,LEMF,53,43,"20,000",13.97,279400.0
2021071304010885,LEMF,55,43,"5,000",13.98,69900.0
2021071304010908,LGIL,43,57,290,782.0,226780.0
2021071304010907,LGIL,38,57,60,786.0,47160.0
2021071304010844,LGIL,38,43,200,786.0,157200.0
2021071304010843,LGIL,38,45,20,785.0,15700.0
2021071304010842,LGIL,38,49,100,784.0,78400.0
2021071304010841,LGIL,38,45,20,784.0,15680.0
2021071304010840,LGIL,38,42,100,783.0,78300.0
2021071304010837,LGIL,57,14,50,783.0,39150.0
2021071304010966,LUK,48,25,500,12.39,6195.0
2021071304010965,LUK,48,49,500,12.39,6195.0
2021071304010964,LUK,48,22,"5,000",12.38,61900.0
2021071304011058,MEN,28,1,100,862.0,86200.0
2021071304011045,MEN,28,42,10,862.0,8620.0
2021071304010838,MEN,21,14,480,863.0,414240.0
2021071304011208,MHNL,33,21,41,325.0,13325.0
2021071304011162,MHNL,52,21,59,325.0,19175.0
2021071304011161,MHNL,52,7,40,325.0,13000.0
2021071304011160,MHNL,52,17,77,325.0,25025.0
2021071304011159,MHNL,52,29,24,324.0,7776.0
2021071304011158,MHNL,48,29,250,324.0,81000.0
2021071304010836,MHNL,48,45,11,324.0,3564.0
2021071304010835,MHNL,38,45,12,324.0,3888.0
2021071304010834,MHNL,38,45,77,324.0,24948.0
2021071304011157,MHNL,48,29,726,324.0,235224.0
2021071304011153,MHNL,21,17,13,325.0,4225.0
2021071304011052,MHNL,48,35,60,324.0,19440.0
2021071304011050,MHNL,8,17,100,325.0,32500.0
2021071304011248,NGPL,44,22,50,492.0,24600.0
2021071304011247,NGPL,17,22,50,493.0,24650.0
2021071304010946,NGPL,44,4,200,492.0,98400.0
2021071304011318,NHPC,34,59,300,306.0,91800.0
2021071304011287,NHPC,44,59,500,306.0,153000.0
2021071304011286,NHPC,51,59,100,306.0,30600.0
2021071304011285,NHPC,34,59,300,306.0,91800.0
2021071304011284,NHPC,28,59,"1,000",306.0,306000.0
2021071304011283,NHPC,47,59,208,306.0,63648.0
2021071304010979,NHPC,42,35,20,307.0,6140.0
2021071304010957,NHPC,42,35,20,307.0,6140.0
2021071304010955,NHPC,47,6,30,306.0,9180.0
2021071304010954,NHPC,44,6,970,306.0,296820.0
2021071304010868,NHPC,44,16,230,306.0,70380.0
2021071304010830,NHPC,58,14,50,305.0,15250.0
2021071304011218,NHPC,34,55,50,307.0,15350.0
2021071304011173,NHPC,38,55,100,307.0,30700.0
2021071304011068,NHPC,16,55,100,307.0,30700.0
2021071304011049,NHPC,7,55,30,307.0,9210.0
2021071304011016,NHPC,34,55,350,307.0,107450.0
2021071304011015,NHPC,34,35,150,307.0,46050.0
2021071304011226,NICL,44,43,100,1006.0,100600.0
2021071304011202,NICL,26,43,50,1006.0,50300.0
2021071304011197,NICL,19,43,15,1006.0,15090.0
2021071304011163,NICL,45,43,100,1006.0,100600.0
2021071304011150,NICL,56,20,240,1000.0,240000.0
2021071304011149,NICL,38,20,50,1000.0,50000.0
2021071304011046,NICL,35,45,50,1007.0,50350.0
2021071304011043,NICL,38,55,63,1006.0,63378.0
2021071304010953,NICL,38,29,100,1006.0,100600.0
2021071304010896,NICL,38,51,97,1006.0,97582.0
2021071304010895,NICL,57,51,30,1007.0,30210.0
2021071304010894,NICL,14,51,90,1007.0,90630.0
2021071304011101,NICL,46,20,45,1005.0,45225.0
2021071304011100,NICL,39,20,10,1005.0,10050.0
2021071304011082,NICL,8,54,49,1006.0,49294.0
2021071304011081,NICL,57,54,11,1006.0,11066.0
2021071304011080,NICL,6,54,40,1006.0,40240.0
2021071304011079,NICL,8,54,100,1006.0,100600.0
2021071304011107,NICL,43,20,100,1001.0,100100.0
2021071304011106,NICL,14,20,20,1002.0,20040.0
2021071304011105,NICL,33,20,150,1003.0,150450.0
2021071304011104,NICL,22,20,10,1003.0,10030.0
2021071304011103,NICL,57,20,150,1003.0,150450.0
2021071304011102,NICL,44,20,100,1005.0,100500.0
2021071304011142,NICL,19,20,85,1001.0,85085.0
2021071304011129,NICL,57,43,11,1006.0,11066.0
2021071304011111,NICL,19,20,115,1001.0,115115.0
2021071304011110,NICL,36,20,100,1001.0,100100.0
2021071304011109,NICL,19,20,100,1001.0,100100.0
2021071304011108,NICL,45,20,100,1001.0,100100.0
2021071304011148,NICL,45,20,50,1000.0,50000.0
2021071304011147,NICL,28,20,100,1000.0,100000.0
2021071304011146,NICL,34,20,25,1000.0,25000.0
2021071304011145,NICL,11,20,100,1000.0,100000.0
2021071304011144,NICL,43,20,100,1000.0,100000.0
2021071304011143,NICL,58,20,250,1000.0,250000.0
2021071304011156,NIL,53,38,30,1368.0,41040.0
2021071304011155,NIL,50,38,20,1368.0,27360.0
2021071304011154,NIL,47,38,40,1368.0,54720.0
2021071304011140,NIL,47,56,60,1368.0,82080.0
2021071304011139,NIL,32,56,20,1368.0,27360.0
2021071304011138,NIL,17,56,80,1368.0,109440.0
2021071304011136,NIL,17,44,50,1368.0,68400.0
2021071304011032,NIL,17,46,30,1368.0,41040.0
2021071304011268,NLG,47,51,10,1217.0,12170.0
2021071304011223,NLG,58,42,45,1215.0,54675.0
2021071304011222,NLG,44,42,50,1215.0,60750.0
2021071304010976,NLG,21,51,100,1217.0,121700.0
2021071304010883,NLG,36,51,50,1217.0,60850.0
2021071304010863,NLG,21,51,50,1217.0,60850.0
2021071304011025,NLG,19,51,100,1217.0,121700.0
2021071304011119,NLG,51,51,50,1217.0,60850.0
2021071304011099,NLG,35,51,400,1217.0,486800.0
2021071304011083,NLG,21,13,30,1216.0,36480.0
2021071304011048,NLG,47,13,20,1216.0,24320.0
2021071304011040,NLG,56,13,250,1216.0,304000.0
2021071304011221,NLG,17,42,200,1215.0,243000.0
2021071304011220,NLG,35,42,30,1216.0,36480.0
2021071304011219,NLG,21,42,20,1216.0,24320.0
2021071304010904,NMBHF1,47,43,"6,500",13.54,88010.0
2021071304011035,OHL,4,48,140,669.0,93660.0
2021071304010951,OHL,4,38,500,669.0,334500.0
2021071304010950,OHL,4,39,400,668.0,267200.0
2021071304010949,OHL,4,28,200,667.0,133400.0
2021071304010948,OHL,4,42,20,665.0,13300.0
2021071304010947,OHL,4,39,50,664.0,33200.0
2021071304010940,OHL,14,48,104,661.0,68744.0
2021071304010939,OHL,21,48,17,661.0,11237.0
2021071304010938,OHL,38,48,19,662.0,12578.0
2021071304011266,PIC,45,53,17,1180.0,20060.0
2021071304011265,PIC,7,53,10,1180.0,11800.0
2021071304011264,PIC,26,53,25,1180.0,29500.0
2021071304011263,PIC,32,53,10,1180.0,11800.0
2021071304011262,PIC,1,53,10,1180.0,11800.0
2021071304011261,PIC,50,53,300,1180.0,354000.0
2021071304010855,PIC,6,53,40,1185.0,47400.0
2021071304011053,PIC,50,3,20,1183.0,23660.0
2021071304010959,PIC,14,53,15,1184.0,17760.0
2021071304010859,PIC,5,53,300,1184.0,355200.0
2021071304010858,PIC,56,53,200,1184.0,236800.0
2021071304010857,PIC,16,53,20,1185.0,23700.0
2021071304010856,PIC,44,53,200,1185.0,237000.0
2021071304011254,PIC,33,53,200,1182.0,236400.0
2021071304011253,PIC,1,53,25,1182.0,29550.0
2021071304011252,PIC,21,53,30,1183.0,35490.0
2021071304011251,PIC,45,53,350,1183.0,414050.0
2021071304011250,PIC,5,53,50,1183.0,59150.0
2021071304011249,PIC,50,53,16,1183.0,18928.0
2021071304011260,PIC,28,53,100,1180.0,118000.0
2021071304011259,PIC,53,53,100,1180.0,118000.0
2021071304011258,PIC,41,53,20,1180.0,23600.0
2021071304011257,PIC,17,53,37,1180.0,43660.0
2021071304011256,PIC,11,53,100,1181.0,118100.0
2021071304011255,PIC,8,53,100,1181.0,118100.0
2021071304011115,PMHPL,32,34,355,280.0,99400.0
2021071304011114,PMHPL,51,34,470,280.0,131600.0
2021071304011113,PMHPL,44,34,30,281.0,8430.0
2021071304011097,PMHPL,44,49,10,281.0,2810.0
2021071304010961,PPCL,41,47,20,353.0,7060.0
2021071304010960,PPCL,26,47,60,353.0,21180.0
2021071304011116,PPCL,35,35,300,352.0,105600.0
2021071304010962,PPCL,8,47,300,353.0,105900.0
2021071304011134,PRIN,42,38,215,947.0,203605.0
2021071304011122,PRIN,1,48,159,946.0,150414.0
2021071304011121,PRIN,26,48,60,946.0,56760.0
2021071304011120,PRIN,52,48,100,946.0,94600.0
2021071304011207,RADHI,58,49,11,750.0,8250.0
2021071304011206,RADHI,58,59,10,750.0,7500.0
2021071304011205,RADHI,13,59,10,750.0,7500.0
2021071304011135,RADHI,13,14,20,750.0,15000.0
2021071304011077,RADHI,13,55,50,750.0,37500.0
2021071304011047,RADHI,13,13,100,750.0,75000.0
2021071304010872,RADHI,13,57,95,749.0,71155.0
2021071304011042,RADHI,13,34,20,750.0,15000.0
2021071304011003,RADHI,13,14,20,750.0,15000.0
2021071304010945,RADHI,13,53,30,750.0,22500.0
2021071304010944,RADHI,13,45,120,750.0,90000.0
2021071304010943,RADHI,13,47,30,750.0,22500.0
2021071304010942,RADHI,13,57,100,750.0,75000.0
2021071304011225,RBCL,51,57,10,21785.0,217850.0
2021071304011198,RBCL,52,45,10,21790.0,217900.0
2021071304011276,RHPC,34,51,39,536.0,20904.0
2021071304011167,RHPC,34,14,11,535.0,5885.0
2021071304011069,RHPC,52,38,50,533.0,26650.0
2021071304011000,RHPC,45,14,450,535.0,240750.0
2021071304010999,RHPC,34,14,39,535.0,20865.0
2021071304011182,RHPL,37,38,719,438.0,314922.0
2021071304011181,RHPL,34,38,200,438.0,87600.0
2021071304011180,RHPL,7,38,30,438.0,13140.0
2021071304011179,RHPL,53,38,200,438.0,87600.0
2021071304011178,RHPL,45,38,100,438.0,43800.0
2021071304011177,RHPL,28,38,232,438.0,101616.0
2021071304010832,RHPL,56,28,30,439.0,13170.0
2021071304010941,RHPL,56,20,230,440.0,101200.0
2021071304010898,RHPL,56,32,70,440.0,30800.0
2021071304010880,RHPL,38,20,50,439.0,21950.0
2021071304010879,RHPL,21,20,60,439.0,26340.0
2021071304010878,RHPL,37,20,"1,000",439.0,439000.0
2021071304010877,RHPL,56,20,120,439.0,52680.0
2021071304011176,RHPL,43,38,150,439.0,65850.0
2021071304011175,RHPL,34,38,500,439.0,219500.0
2021071304011174,RHPL,37,38,"1,869",439.0,820491.0
2021071304011172,RHPL,37,46,31,439.0,13609.0
2021071304011066,RHPL,55,20,100,440.0,44000.0
2021071304011044,RHPL,37,56,100,439.0,43900.0
2021071304011326,RRHP,35,18,240,371.0,89040.0
2021071304011325,RRHP,39,18,100,371.0,37100.0
2021071304011324,RRHP,52,18,15,371.0,5565.0
2021071304011323,RRHP,21,18,50,372.0,18600.0
2021071304011322,RRHP,43,18,100,372.0,37200.0
2021071304011020,SAEF,19,43,"4,700",16.82,79054.0
2021071304011019,SAEF,19,37,300,16.81,5043.0
2021071304011038,SGI,45,4,10,721.0,7210.0
2021071304010991,SGI,45,39,10,721.0,7210.0
2021071304011224,SHL,34,45,100,267.0,26700.0
2021071304011127,SHL,36,34,"1,300",268.0,348400.0
2021071304011126,SHL,36,6,400,268.0,107200.0
2021071304011125,SHL,36,36,300,268.0,80400.0
2021071304010873,SHL,6,36,200,268.0,53600.0
2021071304011203,SHPC,19,45,125,491.0,61375.0
2021071304011112,SHPC,19,4,75,491.0,36825.0
2021071304011184,SIC,45,49,30,1355.0,40650.0
2021071304011183,SIC,10,49,20,1355.0,27100.0
2021071304010912,SIC,10,41,30,1355.0,40650.0
2021071304010911,SIC,45,41,20,1357.0,27140.0
2021071304010910,SIC,51,41,40,1358.0,54320.0
2021071304010909,SIC,42,41,10,1358.0,13580.0
2021071304010875,SIC,49,57,10,1365.0,13650.0
2021071304011317,SICL,41,58,50,1950.0,97500.0
2021071304011316,SICL,41,58,20,1950.0,39000.0
2021071304011315,SICL,7,58,50,1950.0,97500.0
2021071304011314,SICL,33,58,200,1950.0,390000.0
2021071304011313,SICL,11,58,10,1950.0,19500.0
2021071304011312,SICL,58,58,200,1950.0,390000.0
2021071304010967,SICL,38,58,50,1969.0,98450.0
2021071304011293,SICL,51,58,50,1958.0,97900.0
2021071304011292,SICL,18,58,20,1960.0,39200.0
2021071304011291,SICL,45,58,30,1960.0,58800.0
2021071304011290,SICL,1,58,10,1965.0,19650.0
2021071304011289,SICL,32,58,20,1967.0,39340.0
2021071304011213,SICL,49,58,500,1968.0,984000.0
2021071304011299,SICL,4,58,200,1955.0,391000.0
2021071304011298,SICL,17,58,50,1955.0,97750.0
2021071304011297,SICL,51,58,100,1956.0,195600.0
2021071304011296,SICL,52,58,50,1956.0,97800.0
2021071304011295,SICL,43,58,50,1956.0,97800.0
2021071304011294,SICL,48,58,100,1956.0,195600.0
2021071304011305,SICL,53,58,45,1952.0,87840.0
2021071304011304,SICL,25,58,100,1952.0,195200.0
2021071304011303,SICL,33,58,20,1953.0,39060.0
2021071304011302,SICL,53,58,10,1955.0,19550.0
2021071304011301,SICL,39,58,30,1955.0,58650.0
2021071304011300,SICL,17,58,40,1955.0,78200.0
2021071304011311,SICL,21,58,20,1950.0,39000.0
2021071304011310,SICL,46,58,30,1950.0,58500.0
2021071304011309,SICL,35,58,187,1950.0,364650.0
2021071304011308,SICL,45,58,200,1951.0,390200.0
2021071304011307,SICL,34,58,50,1951.0,97550.0
2021071304011306,SICL,52,58,50,1952.0,97600.0
2021071304011199,SJCL,28,7,20,420.0,8400.0
2021071304010854,SJCL,28,41,40,420.0,16800.0
2021071304011169,SPDL,45,29,18,413.0,7434.0
2021071304011075,SPDL,29,35,31,412.0,12772.0
2021071304010839,SPDL,32,14,296,412.0,121952.0
2021071304011023,SSHL,47,39,500,318.0,159000.0
2021071304010952,SSHL,47,57,"2,600",318.0,826800.0
2021071304011166,STC,17,45,10,9762.0,97620.0
2021071304011090,STC,34,21,10,9759.0,97590.0
2021071304011089,STC,55,21,10,9759.0,97590.0
2021071304011088,STC,5,21,10,9760.0,97600.0
2021071304011087,STC,42,21,17,9760.0,165920.0
2021071304011086,STC,45,21,10,9761.0,97610.0
2021071304011085,STC,34,21,20,9762.0,195240.0
2021071304011084,STC,55,21,20,9762.0,195240.0
2021071304011245,TRH,55,43,413,400.0,165200.0
2021071304011244,TRH,41,43,100,400.0,40000.0
2021071304011243,TRH,17,43,50,400.0,20000.0
2021071304011242,TRH,58,43,67,400.0,26800.0
2021071304011241,TRH,4,43,"1,000",400.0,400000.0
2021071304011240,TRH,22,43,200,400.0,80000.0
2021071304011021,TRH,41,39,50,403.0,20150.0
2021071304011227,TRH,36,43,500,403.0,201500.0
2021071304011164,TRH,36,43,300,406.0,121800.0
2021071304011073,TRH,36,43,50,406.0,20300.0
2021071304011072,TRH,36,19,50,406.0,20300.0
2021071304011071,TRH,36,38,500,405.0,202500.0
2021071304011070,TRH,36,43,830,405.0,336150.0
2021071304011233,TRH,36,43,"1,000",400.0,400000.0
2021071304011232,TRH,38,43,270,401.0,108270.0
2021071304011231,TRH,59,43,250,401.0,100250.0
2021071304011230,TRH,52,43,125,402.0,50250.0
2021071304011229,TRH,42,43,300,402.0,120600.0
2021071304011228,TRH,50,43,250,402.0,100500.0
2021071304011239,TRH,20,43,50,400.0,20000.0
2021071304011238,TRH,20,43,"1,000",400.0,400000.0
2021071304011237,TRH,22,43,100,400.0,40000.0
2021071304011236,TRH,52,43,125,400.0,50000.0
2021071304011235,TRH,5,43,100,400.0,40000.0
2021071304011234,TRH,35,43,100,400.0,40000.0
2021071304011328,UIC,36,51,70,713.0,49910.0
2021071304011327,UIC,35,51,200,713.0,142600.0
2021071304011057,UIC,14,51,130,713.0,92690.0
2021071304011056,UIC,34,51,100,718.0,71800.0
2021071304011039,UIC,14,51,50,713.0,35650.0
2021071304011002,UIC,19,51,150,717.0,107550.0
2021071304010925,UIC,43,21,200,716.0,143200.0
2021071304010931,UIC,43,21,200,712.0,142400.0
2021071304010930,UIC,1,21,80,712.0,56960.0
2021071304010929,UIC,46,21,20,713.0,14260.0
2021071304010928,UIC,39,21,180,713.0,128340.0
2021071304010927,UIC,14,21,10,715.0,7150.0
2021071304010926,UIC,6,21,50,715.0,35750.0
2021071304010937,UIC,26,21,70,712.0,49840.0
2021071304010936,UIC,16,21,20,712.0,14240.0
2021071304010935,UIC,17,21,10,712.0,7120.0
2021071304010934,UIC,58,21,50,712.0,35600.0
2021071304010933,UIC,34,21,10,712.0,7120.0
2021071304010932,UIC,48,21,100,712.0,71200.0
2021071304011321,UMHL,1,25,863,364.0,314132.0
2021071304011320,UMHL,1,25,"1,000",364.0,364000.0
2021071304011319,UMHL,1,25,137,364.0,49868.0
2021071304011152,UMHL,1,34,300,364.0,109200.0
2021071304011141,UMHL,1,45,100,364.0,36400.0
2021071304011055,UMHL,1,34,133,364.0,48412.0
2021071304010889,UMHL,1,48,330,364.0,120120.0
2021071304010888,UMHL,57,48,170,364.0,61880.0
2021071304010884,UMHL,57,10,200,364.0,72800.0
2021071304010853,UMHL,45,35,21,365.0,7665.0
2021071304011067,UMRH,41,32,10,469.0,4690.0
2021071304011041,UMRH,32,49,10,460.0,4600.0
2021071304010874,UMRH,41,58,10,470.0,4700.0
2021071304010852,UMRH,41,16,10,469.0,4690.0
2021071304011275,UNHPL,51,1,15,353.0,5295.0
2021071304011274,UNHPL,58,1,50,353.0,17650.0
2021071304011273,UNHPL,21,1,70,353.0,24710.0
2021071304011272,UNHPL,13,1,300,353.0,105900.0
2021071304011271,UNHPL,26,1,144,353.0,50832.0
2021071304011270,UNHPL,26,45,10,353.0,3530.0
2021071304011267,UNHPL,26,49,100,353.0,35300.0
2021071304011201,UNHPL,26,25,26,353.0,9178.0
2021071304011200,UNHPL,8,25,90,353.0,31770.0
2021071304011165,UPCL,3,35,50,292.0,14600.0
2021071304011133,UPCL,46,25,10,293.0,2930.0
2021071304011118,UPCL,58,25,87,293.0,25491.0
2021071304011094,UPCL,3,28,20,292.0,5840.0
2021071304011093,UPCL,51,28,100,292.0,29200.0
2021071304011092,UPCL,58,28,60,292.0,17520.0
2021071304011091,UPCL,41,28,20,292.0,5840.0
2021071304011065,UPCL,37,57,200,292.0,58400.0
2021071304011064,UPCL,53,57,42,292.0,12264.0
2021071304011329,UPPER,14,42,100,679.0,67900.0
2021071304011193,UPPER,52,42,88,679.0,59752.0
2021071304011192,UPPER,52,5,12,679.0,8148.0
2021071304011168,UPPER,49,51,20,678.0,13560.0
2021071304010866,UPPER,48,32,111,678.0,75258.0
2021071304010864,UPPER,45,32,10,678.0,6780.0
2021071304010847,UPPER,21,32,50,678.0,33900.0
2021071304010970,UPPER,57,44,33,677.0,22341.0
2021071304010969,UPPER,37,44,80,677.0,54160.0
2021071304010968,UPPER,45,44,83,677.0,56191.0
2021071304010958,UPPER,4,32,700,678.0,474600.0
2021071304010906,UPPER,58,32,20,678.0,13560.0
2021071304010903,UPPER,4,32,700,678.0,474600.0
2021071304011001,UPPER,6,32,60,678.0,40680.0
2021071304010974,UPPER,34,32,50,678.0,33900.0
2021071304010973,UPPER,44,44,200,677.0,135400.0
2021071304010972,UPPER,49,44,100,677.0,67700.0
2021071304010971,UPPER,17,44,500,677.0,338500.0
2021071304011029,UPPER,49,47,650,678.0,440700.0
2021071304011028,UPPER,49,4,100,678.0,67800.0
2021071304011027,UPPER,49,26,100,678.0,67800.0
2021071304011026,UPPER,49,32,609,678.0,412902.0
2021071304011004,UPPER,6,32,50,678.0,33900.0
2021071304011124,UPPER,8,5,88,679.0,59752.0
2021071304011123,UPPER,8,21,212,679.0,143948.0
2021071304011076,UPPER,49,55,50,678.0,33900.0
2021071304011031,UPPER,49,14,100,678.0,67800.0
2021071304011030,UPPER,49,25,100,678.0,67800.0
2021071304010699,AHPC,35,29,30,452.0,13560.0
2021071304010603,AHPC,4,49,50,451.0,22550.0
2021071304010602,AHPC,4,45,120,451.0,54120.0
2021071304010601,AHPC,4,37,"1,100",451.0,496100.0
2021071304010545,AHPC,48,53,230,450.0,103500.0
2021071304010544,AHPC,34,53,60,450.0,27000.0
2021071304010359,AHPC,33,51,140,451.0,63140.0
2021071304010468,AHPC,41,53,70,451.0,31570.0
2021071304010467,AHPC,34,53,140,451.0,63140.0
2021071304010444,AHPC,34,53,500,451.0,225500.0
2021071304010386,AHPC,34,21,300,451.0,135300.0
2021071304010361,AHPC,34,51,60,451.0,27060.0
2021071304010360,AHPC,34,51,"1,000",451.0,451000.0
2021071304010764,AIL,38,45,20,820.0,16400.0
2021071304010708,AIL,38,40,10,820.0,8200.0
2021071304010639,AIL,42,52,298,820.0,244360.0
2021071304010478,AIL,42,41,202,820.0,165640.0
2021071304010477,AIL,42,41,248,820.0,203360.0
2021071304010466,AIL,42,42,50,820.0,41000.0
2021071304010726,AKJCL,54,57,100,275.0,27500.0
2021071304010622,AKJCL,54,13,26,275.0,7150.0
2021071304010621,AKJCL,54,21,10,275.0,2750.0
2021071304010762,AKPL,42,39,80,452.0,36160.0
2021071304010757,AKPL,49,39,150,452.0,67800.0
2021071304010671,AKPL,45,58,155,451.0,69905.0
2021071304010670,AKPL,38,58,475,451.0,214225.0
2021071304010647,AKPL,46,39,"1,100",452.0,497200.0
2021071304010638,AKPL,38,50,25,451.0,11275.0
2021071304010632,AKPL,38,39,100,452.0,45200.0
2021071304010600,AKPL,54,39,50,452.0,22600.0
2021071304010413,AKPL,45,4,100,452.0,45200.0
2021071304010412,AKPL,45,5,251,452.0,113452.0
2021071304010818,API,38,57,141,387.0,54567.0
2021071304010817,API,38,56,250,387.0,96750.0
2021071304010816,API,38,44,170,387.0,65790.0
2021071304010675,API,47,44,50,387.0,19350.0
2021071304010631,API,57,44,100,387.0,38700.0
2021071304010628,API,54,44,100,387.0,38700.0
2021071304010396,API,5,57,900,387.0,348300.0
2021071304010402,API,8,57,200,387.0,77400.0
2021071304010401,API,33,57,100,387.0,38700.0
2021071304010400,API,14,57,300,387.0,116100.0
2021071304010399,API,57,57,100,387.0,38700.0
2021071304010398,API,44,57,50,387.0,19350.0
2021071304010397,API,33,57,100,387.0,38700.0
2021071304010419,API,47,49,500,386.0,193000.0
2021071304010418,API,41,49,100,386.0,38600.0
2021071304010417,API,5,49,"1,000",386.0,386000.0
2021071304010416,API,7,49,904,386.0,348944.0
2021071304010415,API,45,49,500,387.0,193500.0
2021071304010403,API,20,57,500,387.0,193500.0
2021071304010608,API,41,44,40,387.0,15480.0
2021071304010569,API,41,44,40,387.0,15480.0
2021071304010423,API,36,49,426,386.0,164436.0
2021071304010422,API,43,49,50,386.0,19300.0
2021071304010421,API,29,49,20,386.0,7720.0
2021071304010420,API,38,49,500,386.0,193000.0
2021071304010414,BBC,4,35,10,5660.0,56600.0
2021071304010823,BPCL,3,56,50,500.0,25000.0
2021071304010427,BPCL,38,56,20,500.0,10000.0
2021071304010426,BPCL,48,56,145,500.0,72500.0
2021071304010354,BPCL,48,21,135,500.0,67500.0
2021071304010353,BPCL,38,21,20,501.0,10020.0
2021071304010352,BPCL,51,21,95,502.0,47690.0
2021071304010338,BPCL,51,42,70,502.0,35140.0
2021071304010474,BPCL,5,45,85,500.0,42500.0
2021071304010473,BPCL,58,45,15,500.0,7500.0
2021071304010431,BPCL,58,56,35,500.0,17500.0
2021071304010430,BPCL,11,56,25,500.0,12500.0
2021071304010429,BPCL,34,56,25,500.0,12500.0
2021071304010428,BPCL,1,56,100,500.0,50000.0
2021071304010592,BPCL,3,45,24,500.0,12000.0
2021071304010591,BPCL,3,57,23,500.0,11500.0
2021071304010529,BPCL,54,57,50,500.0,25000.0
2021071304010522,BPCL,35,57,20,500.0,10000.0
2021071304010521,BPCL,32,57,100,500.0,50000.0
2021071304010520,BPCL,5,57,215,500.0,107500.0
2021071304010703,BPCL,3,28,100,500.0,50000.0
2021071304010676,BPCL,3,49,50,500.0,25000.0
2021071304010765,BPCL,3,43,100,500.0,50000.0
2021071304010700,CGH,28,54,10,1518.0,15180.0
2021071304010570,CGH,42,54,10,1518.0,15180.0
2021071304010469,CGH,48,38,10,1517.0,15170.0
2021071304010409,CGH,42,18,50,1520.0,76000.0
2021071304010344,CHCL,34,51,13,667.0,8671.0
2021071304010343,CHCL,59,51,100,668.0,66800.0
2021071304010342,CHCL,59,51,28,668.0,18704.0
2021071304010341,CHCL,44,51,50,669.0,33450.0
2021071304010340,CHCL,21,51,100,669.0,66900.0
2021071304010339,CHCL,38,51,373,669.0,249537.0
2021071304010620,CHL,26,51,20,472.0,9440.0
2021071304010374,CHL,58,4,865,470.0,406550.0
2021071304010802,CMF1,48,59,200,12.7,2540.0
2021071304010594,CMF1,4,59,100,12.52,1252.0
2021071304010625,DHPL,57,40,17,269.0,4573.0
2021071304010624,DHPL,57,51,20,269.0,5380.0
2021071304010623,DHPL,57,52,13,269.0,3497.0
2021071304010614,DHPL,51,54,100,268.0,26800.0
2021071304010590,DHPL,41,52,50,269.0,13450.0
2021071304010475,EIC,38,17,10,750.0,7500.0
2021071304010425,EIC,51,56,210,748.0,157080.0
2021071304010424,EIC,48,56,300,749.0,224700.0
2021071304010712,GHL,8,39,300,296.0,88800.0
2021071304010711,GHL,32,39,199,296.0,58904.0
2021071304010661,GIC,33,4,10,700.0,7000.0
2021071304010375,GIC,56,25,10,700.0,7000.0
2021071304010380,GIC,33,4,10,700.0,7000.0
2021071304010376,GIC,33,25,90,700.0,63000.0
2021071304010534,GIC,33,3,10,700.0,7000.0
2021071304010597,GIMES1,33,38,"1,500",19.61,29415.0
2021071304010436,GIMES1,33,38,"1,000",19.61,19610.0
2021071304010435,GIMES1,28,38,"2,000",19.61,39220.0
2021071304010434,GIMES1,7,38,"10,000",19.61,196100.0
2021071304010433,GIMES1,7,38,"15,000",19.61,294150.0
2021071304010432,GIMES1,22,38,"2,000",19.63,39260.0
2021071304010793,GLH,53,26,10,359.0,3590.0
2021071304010659,GLH,58,8,45,360.0,16200.0
2021071304010613,GLH,1,8,25,360.0,9000.0
2021071304010604,GLH,53,45,10,359.0,3590.0
2021071304010551,GLH,57,8,90,360.0,32400.0
2021071304010550,GLH,57,49,10,360.0,3600.0
2021071304010470,GLH,43,49,10,360.0,3600.0
2021071304010800,HDHPC,33,45,135,278.0,37530.0
2021071304010723,HDHPC,33,42,10,278.0,2780.0
2021071304010715,HDHPC,38,26,10,279.0,2790.0
2021071304010678,HDHPC,33,55,40,278.0,11120.0
2021071304010673,HDHPC,33,1,300,278.0,83400.0
2021071304010672,HDHPC,33,1,48,278.0,13344.0
2021071304010669,HDHPC,55,1,100,278.0,27800.0
2021071304010357,HDHPC,33,26,970,278.0,269660.0
2021071304010725,HPPL,40,21,34,410.0,13940.0
2021071304010724,HPPL,40,52,20,410.0,8200.0
2021071304010695,HPPL,21,52,10,409.0,4090.0
2021071304010462,HPPL,34,58,10,407.0,4070.0
2021071304010771,HURJA,49,21,100,358.0,35800.0
2021071304010790,JOSHI,48,45,90,283.0,25470.0
2021071304010789,JOSHI,57,45,10,283.0,2830.0
2021071304010646,KKHC,43,54,80,272.0,21760.0
2021071304010526,KKHC,43,54,20,272.0,5440.0
2021071304010749,KPCL,46,14,40,436.0,17440.0
2021071304010707,KPCL,42,58,10,435.0,4350.0
2021071304010580,KPCL,42,44,100,435.0,43500.0
2021071304010640,KPCL,42,14,100,435.0,43500.0
2021071304010713,LEC,49,58,11,349.0,3839.0
2021071304010451,LEC,39,44,10,351.0,3510.0
2021071304010450,LEC,39,28,10,351.0,3510.0
2021071304010449,LEC,39,48,150,350.0,52500.0
2021071304010448,LEC,39,38,10,350.0,3500.0
2021071304010447,LEC,39,33,100,350.0,35000.0
2021071304010446,LEC,39,57,50,350.0,17500.0
2021071304010445,LEC,39,32,170,349.0,59330.0
2021071304010373,LGIL,6,14,50,783.0,39150.0
2021071304010507,MEN,21,28,10,863.0,8630.0
2021071304010410,MEN,21,39,10,863.0,8630.0
2021071304010760,MHNL,52,17,10,325.0,3250.0
2021071304010759,MHNL,52,35,80,325.0,26000.0
2021071304010758,MHNL,52,58,110,325.0,35750.0
2021071304010364,MHNL,38,35,51,324.0,16524.0
2021071304010363,MHNL,46,35,49,324.0,15876.0
2021071304010744,NBF2,47,43,200,14.14,2828.0
2021071304010658,NGPL,44,49,100,492.0,49200.0
2021071304010612,NGPL,44,41,13,492.0,6396.0
2021071304010543,NGPL,41,49,75,495.0,37125.0
2021071304010803,NHPC,47,16,215,306.0,65790.0
2021071304010799,NHPC,29,16,10,306.0,3060.0
2021071304010769,NHPC,38,16,45,306.0,13770.0
2021071304010768,NHPC,38,16,70,306.0,21420.0
2021071304010767,NHPC,38,42,77,306.0,23562.0
2021071304010729,NHPC,58,18,200,305.0,61000.0
2021071304010348,NHPC,57,51,50,305.0,15250.0
2021071304010347,NHPC,42,51,500,305.0,152500.0
2021071304010346,NHPC,17,51,10,305.0,3050.0
2021071304010345,NHPC,5,51,440,305.0,134200.0
2021071304010387,NHPC,43,28,670,305.0,204350.0
2021071304010385,NHPC,43,6,330,305.0,100650.0
2021071304010384,NHPC,43,6,"1,000",305.0,305000.0
2021071304010383,NHPC,51,6,360,305.0,109800.0
2021071304010382,NHPC,45,6,40,305.0,12200.0
2021071304010381,NHPC,57,6,200,305.0,61000.0
2021071304010460,NHPC,37,28,10,305.0,3050.0
2021071304010392,NHPC,56,28,10,305.0,3050.0
2021071304010391,NHPC,13,28,100,305.0,30500.0
2021071304010390,NHPC,38,28,37,305.0,11285.0
2021071304010389,NHPC,46,28,45,305.0,13725.0
2021071304010388,NHPC,41,28,20,305.0,6100.0
2021071304010573,NHPC,49,43,45,304.0,13680.0
2021071304010572,NHPC,53,43,200,304.0,60800.0
2021071304010571,NHPC,1,43,376,304.0,114304.0
2021071304010537,NHPC,1,37,124,304.0,37696.0
2021071304010536,NHPC,4,37,150,304.0,45600.0
2021071304010533,NHPC,16,28,100,305.0,30500.0
2021071304010615,NHPC,58,28,"1,096",305.0,334280.0
2021071304010578,NHPC,18,43,109,304.0,33136.0
2021071304010577,NHPC,45,43,100,304.0,30400.0
2021071304010576,NHPC,43,43,50,304.0,15200.0
2021071304010575,NHPC,39,43,100,304.0,30400.0
2021071304010574,NHPC,14,43,20,304.0,6080.0
2021071304010645,NHPC,58,6,50,305.0,15250.0
2021071304010634,NHPC,58,49,100,305.0,30500.0
2021071304010627,NHPC,58,45,30,305.0,9150.0
2021071304010618,NHPC,58,16,300,305.0,91500.0
2021071304010617,NHPC,58,35,100,305.0,30500.0
2021071304010616,NHPC,58,32,"1,000",305.0,305000.0
2021071304010643,NIBSF1,4,44,"10,000",14.0,140000.0
2021071304010595,NICGF,48,45,"9,200",15.17,139564.0
2021071304010530,NICGF,35,44,"20,000",15.0,300000.0
2021071304010379,NICGF,58,45,800,15.17,12136.0
2021071304010766,NICL,38,40,190,1006.0,191140.0
2021071304010662,NICL,38,39,50,1006.0,50300.0
2021071304010582,NICL,8,51,150,1005.0,150750.0
2021071304010542,NICL,8,51,30,1005.0,30150.0
2021071304010541,NICL,57,51,11,1005.0,11055.0
2021071304010540,NICL,57,51,20,1005.0,20100.0
2021071304010539,NICL,40,51,22,1005.0,22110.0
2021071304010538,NICL,20,51,300,1006.0,301800.0
2021071304010531,NICL,6,39,50,1010.0,50500.0
2021071304010525,NICL,40,49,53,1005.0,53265.0
2021071304010524,NICL,48,49,27,1005.0,27135.0
2021071304010523,NICL,32,49,20,1006.0,20120.0
2021071304010702,NIL,4,53,200,1369.0,273800.0
2021071304010548,NIL,17,57,190,1368.0,259920.0
2021071304010513,NIL,17,37,200,1368.0,273600.0
2021071304010511,NIL,57,13,50,1369.0,68450.0
2021071304010471,NIL,41,13,80,1369.0,109520.0
2021071304010456,NIL,17,36,300,1368.0,410400.0
2021071304010407,NIL,17,57,20,1368.0,27360.0
2021071304010394,NIL,17,26,400,1368.0,547200.0
2021071304010822,NLG,26,51,400,1217.0,486800.0
2021071304010821,NLG,42,51,20,1217.0,24340.0
2021071304010820,NLG,52,51,45,1218.0,54810.0
2021071304010819,NLG,33,51,246,1218.0,299628.0
2021071304010815,NLG,33,26,24,1218.0,29232.0
2021071304010727,NLG,43,45,100,1221.0,122100.0
2021071304010683,NLG,42,49,50,1222.0,61100.0
2021071304010682,NLG,21,49,50,1222.0,61100.0
2021071304010681,NLG,55,49,100,1222.0,122200.0
2021071304010808,NLG,57,26,100,1220.0,122000.0
2021071304010807,NLG,36,26,100,1220.0,122000.0
2021071304010806,NLG,34,26,200,1220.0,244000.0
2021071304010805,NLG,13,26,100,1220.0,122000.0
2021071304010804,NLG,57,26,20,1220.0,24400.0
2021071304010814,NLG,21,26,50,1218.0,60900.0
2021071304010813,NLG,42,26,20,1218.0,24360.0
2021071304010812,NLG,26,26,50,1218.0,60900.0
2021071304010811,NLG,21,26,10,1219.0,12190.0
2021071304010810,NLG,49,26,100,1219.0,121900.0
2021071304010809,NLG,57,26,20,1219.0,24380.0
2021071304010763,OHL,38,17,94,662.0,62228.0
2021071304010532,OHL,10,48,100,665.0,66500.0
2021071304010408,OHL,38,38,188,662.0,124456.0
2021071304010395,OHL,21,48,250,665.0,166250.0
2021071304010528,PIC,1,17,31,1185.0,36735.0
2021071304010527,PIC,21,17,69,1185.0,81765.0
2021071304010336,PIC,21,17,31,1185.0,36735.0
2021071304010335,PIC,1,17,80,1185.0,94800.0
2021071304010334,PIC,45,17,300,1186.0,355800.0
2021071304010333,PIC,49,17,39,1186.0,46254.0
2021071304010788,PICL,49,5,64,810.0,51840.0
2021071304010787,PICL,58,5,25,810.0,20250.0
2021071304010786,PICL,1,5,10,810.0,8100.0
2021071304010828,PMHPL,44,34,60,281.0,16860.0
2021071304010827,PMHPL,50,34,50,281.0,14050.0
2021071304010826,PMHPL,6,34,10,282.0,2820.0
2021071304010825,PMHPL,50,34,50,283.0,14150.0
2021071304010704,PMHPL,6,21,10,282.0,2820.0
2021071304010801,PPCL,26,45,20,353.0,7060.0
2021071304010593,PPCL,7,7,10,354.0,3540.0
2021071304010404,PPCL,26,58,190,353.0,67070.0
2021071304010746,PRIN,14,48,161,948.0,152628.0
2021071304010745,PRIN,14,59,39,947.0,36933.0
2021071304010674,PRIN,44,59,26,947.0,24622.0
2021071304010636,PRIN,11,48,10,948.0,9480.0
2021071304010547,PRIN,11,48,10,948.0,9480.0
2021071304010393,PRIN,39,14,50,947.0,47350.0
2021071304010728,RADHI,13,21,50,749.0,37450.0
2021071304010692,RADHI,21,33,50,749.0,37450.0
2021071304010691,RADHI,17,33,314,749.0,235186.0
2021071304010607,RADHI,41,58,30,750.0,22500.0
2021071304010549,RADHI,17,25,10,749.0,7490.0
2021071304010518,RADHI,43,58,22,750.0,16500.0
2021071304010517,RADHI,43,57,23,750.0,17250.0
2021071304010516,RADHI,43,37,35,750.0,26250.0
2021071304010515,RADHI,43,3,20,750.0,15000.0
2021071304010337,RADHI,17,48,280,749.0,209720.0
2021071304010331,RADHI,58,14,4,750.0,3000.0
2021071304010709,RBCL,51,21,15,21777.0,326655.0
2021071304010546,RBCL,6,52,10,21773.0,217730.0
2021071304010794,RHPC,34,58,61,535.0,32635.0
2021071304010748,RHPC,35,32,800,534.0,427200.0
2021071304010747,RHPC,4,32,"1,000",534.0,534000.0
2021071304010706,RHPC,40,58,141,535.0,75435.0
2021071304010406,RHPC,40,44,359,535.0,192065.0
2021071304010405,RHPC,17,44,141,535.0,75435.0
2021071304010378,RHPC,17,14,250,535.0,133750.0
2021071304010377,RHPC,17,28,109,535.0,58315.0
2021071304010754,RHPL,43,20,50,440.0,22000.0
2021071304010753,RHPL,28,20,60,440.0,26400.0
2021071304010752,RHPL,7,20,260,440.0,114400.0
2021071304010751,RHPL,17,20,50,440.0,22000.0
2021071304010750,RHPL,22,20,80,440.0,35200.0
2021071304010684,RHPL,22,19,20,440.0,8800.0
2021071304010587,RHPL,43,8,30,440.0,13200.0
2021071304010586,RHPL,54,8,40,440.0,17600.0
2021071304010585,RHPL,40,8,10,441.0,4410.0
2021071304010584,RHPL,59,8,30,441.0,13230.0
2021071304010583,RHPL,52,8,90,441.0,39690.0
2021071304010642,RHPL,22,34,80,440.0,35200.0
2021071304010641,RHPL,26,34,20,440.0,8800.0
2021071304010599,RHPL,8,48,70,442.0,30940.0
2021071304010598,RHPL,8,58,130,441.0,57330.0
2021071304010589,RHPL,26,8,80,440.0,35200.0
2021071304010588,RHPL,47,8,20,440.0,8800.0
2021071304010365,RRHP,52,7,10,371.0,3710.0
2021071304010351,RRHP,36,25,10,374.0,3740.0
2021071304010797,SAEF,20,37,100,16.81,1681.0
2021071304010795,SAEF,19,37,"5,000",16.81,84050.0
2021071304010561,SAEF,19,37,"4,500",16.81,75645.0
2021071304010560,SAEF,19,7,500,16.8,8400.0
2021071304010701,SGI,58,39,20,721.0,14420.0
2021071304010665,SGI,32,42,20,720.0,14400.0
2021071304010664,SGI,36,42,80,720.0,57600.0
2021071304010480,SGI,58,39,10,721.0,7210.0
2021071304010454,SGI,38,39,60,721.0,43260.0
2021071304010356,SGI,25,59,96,721.0,69216.0
2021071304010453,SHL,34,47,100,267.0,26700.0
2021071304010457,SHPC,14,8,200,492.0,98400.0
2021071304010479,SHPC,45,28,"1,000",493.0,493000.0
2021071304010459,SHPC,45,8,175,490.0,85750.0
2021071304010458,SHPC,52,8,25,492.0,12300.0
2021071304010355,SIC,42,38,20,1358.0,27160.0
2021071304010512,SICL,1,58,100,1950.0,195000.0
2021071304010506,SICL,32,58,10,1950.0,19500.0
2021071304010505,SICL,51,58,100,1950.0,195000.0
2021071304010504,SICL,19,58,50,1950.0,97500.0
2021071304010503,SICL,44,58,30,1950.0,58500.0
2021071304010502,SICL,37,58,50,1950.0,97500.0
2021071304010483,SICL,8,58,40,1955.0,78200.0
2021071304010482,SICL,48,58,45,1956.0,88020.0
2021071304010481,SICL,59,58,60,1965.0,117900.0
2021071304010461,SICL,59,36,30,1965.0,58950.0
2021071304010489,SICL,4,58,300,1955.0,586500.0
2021071304010488,SICL,19,58,12,1955.0,23460.0
2021071304010487,SICL,45,58,100,1955.0,195500.0
2021071304010486,SICL,51,58,50,1955.0,97750.0
2021071304010485,SICL,11,58,10,1955.0,19550.0
2021071304010484,SICL,42,58,10,1955.0,19550.0
2021071304010495,SICL,49,58,100,1951.0,195100.0
2021071304010494,SICL,11,58,10,1951.0,19510.0
2021071304010493,SICL,59,58,100,1952.0,195200.0
2021071304010492,SICL,58,58,50,1952.0,97600.0
2021071304010491,SICL,58,58,10,1953.0,19530.0
2021071304010490,SICL,58,58,200,1953.0,390600.0
2021071304010501,SICL,37,58,10,1950.0,19500.0
2021071304010500,SICL,38,58,100,1950.0,195000.0
2021071304010499,SICL,37,58,10,1950.0,19500.0
2021071304010498,SICL,20,58,"1,000",1950.0,1950000.0
2021071304010497,SICL,4,58,70,1950.0,136500.0
2021071304010496,SICL,52,58,16,1950.0,31200.0
2021071304010611,SIL,43,22,10,1050.0,10500.0
2021071304010610,SIL,51,22,50,1050.0,52500.0
2021071304010609,SIL,38,22,100,1050.0,105000.0
2021071304010792,SJCL,28,49,10,420.0,4200.0
2021071304010705,SJCL,28,19,10,420.0,4200.0
2021071304010465,SJCL,28,7,40,420.0,16800.0
2021071304010635,SPDL,28,42,15,410.0,6150.0
2021071304010556,SPDL,26,14,100,412.0,41200.0
2021071304010555,SPDL,34,14,50,412.0,20600.0
2021071304010554,SPDL,45,14,35,412.0,14420.0
2021071304010553,SPDL,45,14,19,412.0,7828.0
2021071304010514,SPDL,45,35,31,412.0,12772.0
2021071304010796,SSHL,47,46,20,318.0,6360.0
2021071304010722,SSHL,28,46,50,320.0,16000.0
2021071304010721,SSHL,37,46,45,320.0,14400.0
2021071304010596,SSHL,37,57,100,320.0,32000.0
2021071304010362,SSHL,57,36,300,322.0,96600.0
2021071304010452,STC,25,38,15,9765.0,146475.0
2021071304010756,TRH,50,25,150,402.0,60300.0
2021071304010755,TRH,22,25,50,402.0,20100.0
2021071304010785,UIC,58,25,18,715.0,12870.0
2021071304010784,UIC,58,25,200,715.0,143000.0
2021071304010783,UIC,29,25,10,715.0,7150.0
2021071304010782,UIC,42,25,20,715.0,14300.0
2021071304010781,UIC,38,25,500,715.0,357500.0
2021071304010780,UIC,1,25,140,715.0,100100.0
2021071304010733,UIC,38,25,62,719.0,44578.0
2021071304010732,UIC,1,25,52,719.0,37388.0
2021071304010731,UIC,17,25,10,719.0,7190.0
2021071304010730,UIC,17,25,10,720.0,7200.0
2021071304010739,UIC,47,25,100,717.0,71700.0
2021071304010738,UIC,55,25,100,718.0,71800.0
2021071304010737,UIC,51,25,100,718.0,71800.0
2021071304010736,UIC,37,25,158,718.0,113444.0
2021071304010735,UIC,4,25,10,718.0,7180.0
2021071304010734,UIC,50,25,150,719.0,107850.0
2021071304010773,UIC,36,25,300,715.0,214500.0
2021071304010772,UIC,38,25,152,716.0,108832.0
2021071304010743,UIC,38,25,48,716.0,34368.0
2021071304010742,UIC,51,25,500,716.0,358000.0
2021071304010741,UIC,43,25,100,716.0,71600.0
2021071304010740,UIC,25,25,300,717.0,215100.0
2021071304010779,UIC,17,25,10,715.0,7150.0
2021071304010778,UIC,38,25,100,715.0,71500.0
2021071304010777,UIC,7,25,100,715.0,71500.0
2021071304010776,UIC,7,25,50,715.0,35750.0
2021071304010775,UIC,38,25,200,715.0,143000.0
2021071304010774,UIC,6,25,50,715.0,35750.0
2021071304010770,UMHL,57,41,130,364.0,47320.0
2021071304010690,UMHL,41,35,390,365.0,142350.0
2021071304010689,UMHL,41,59,100,365.0,36500.0
2021071304010685,UMHL,41,50,10,365.0,3650.0
2021071304010663,UMHL,41,25,500,365.0,182500.0
2021071304010657,UMHL,10,25,500,365.0,182500.0
2021071304010606,UMHL,1,25,725,365.0,264625.0
2021071304010605,UMHL,1,25,525,365.0,191625.0
2021071304010535,UMHL,1,42,14,365.0,5110.0
2021071304010650,UMHL,40,25,200,365.0,73000.0
2021071304010649,UMHL,1,25,"1,000",365.0,365000.0
2021071304010648,UMHL,1,25,75,365.0,27375.0
2021071304010644,UMHL,1,1,200,365.0,73000.0
2021071304010630,UMHL,1,37,725,365.0,264625.0
2021071304010629,UMHL,1,37,275,365.0,100375.0
2021071304010656,UMHL,55,25,255,365.0,93075.0
2021071304010655,UMHL,45,25,50,365.0,18250.0
2021071304010654,UMHL,26,25,200,365.0,73000.0
2021071304010653,UMHL,38,25,100,365.0,36500.0
2021071304010652,UMHL,51,25,100,365.0,36500.0
2021071304010651,UMHL,21,25,20,365.0,7300.0
2021071304010791,UMRH,32,4,10,460.0,4600.0
2021071304010687,UMRH,32,42,10,460.0,4600.0
2021071304010626,UMRH,59,21,10,460.0,4600.0
2021071304010824,UNHPL,50,28,100,355.0,35500.0
2021071304010720,UNHPL,38,28,584,355.0,207320.0
2021071304010719,UNHPL,38,36,386,355.0,137030.0
2021071304010718,UNHPL,38,45,30,354.0,10620.0
2021071304010680,UNHPL,45,36,380,355.0,134900.0
2021071304010679,UNHPL,45,45,220,354.0,77880.0
2021071304010667,UNHPL,34,45,50,354.0,17700.0
2021071304010666,UNHPL,51,45,80,354.0,28320.0
2021071304010619,UNHPL,34,57,50,354.0,17700.0
2021071304010510,UNHPL,17,36,34,355.0,12070.0
2021071304010332,UNHPL,17,7,50,355.0,17750.0
2021071304010330,UNHPL,42,34,70,356.0,24920.0
2021071304010798,UPCL,47,25,100,293.0,29300.0
2021071304010714,UPCL,53,49,200,292.0,58400.0
2021071304010710,UPCL,45,25,240,293.0,70320.0
2021071304010686,UPCL,38,25,100,293.0,29300.0
2021071304010660,UPCL,53,37,725,292.0,211700.0
2021071304010366,UPCL,42,58,90,292.0,26280.0
2021071304010371,UPCL,14,58,255,292.0,74460.0
2021071304010370,UPCL,52,58,160,292.0,46720.0
2021071304010369,UPCL,57,58,50,292.0,14600.0
2021071304010368,UPCL,38,58,200,292.0,58400.0
2021071304010367,UPCL,26,58,20,292.0,5840.0
2021071304010439,UPCL,34,14,295,292.0,86140.0
2021071304010438,UPCL,53,14,10,292.0,2920.0
2021071304010437,UPCL,14,14,195,292.0,56940.0
2021071304010411,UPCL,14,42,50,292.0,14600.0
2021071304010559,UPCL,53,40,33,292.0,9636.0
2021071304010558,UPCL,51,40,65,292.0,18980.0
2021071304010476,UPCL,46,40,50,293.0,14650.0
2021071304010464,UPCL,51,45,455,292.0,132860.0
2021071304010463,UPCL,34,45,45,292.0,13140.0
2021071304010829,UPPER,16,32,150,678.0,101700.0
2021071304010761,UPPER,45,28,50,677.0,33850.0
2021071304010717,UPPER,45,34,167,677.0,113059.0
2021071304010716,UPPER,59,34,133,677.0,90041.0
2021071304010441,UPPER,17,57,79,678.0,53562.0
2021071304010440,UPPER,17,58,29,677.0,19633.0
2021071304010372,UPPER,59,58,10,677.0,6770.0
2021071304010358,UPPER,45,58,356,677.0,241012.0
2021071304010350,UPPER,45,57,21,678.0,14238.0
2021071304010349,UPPER,45,44,66,678.0,44748.0
2021071304010509,UPPER,55,58,31,676.0,20956.0
2021071304010508,UPPER,57,58,69,676.0,46644.0
2021071304010472,UPPER,58,22,50,677.0,33850.0
2021071304010455,UPPER,43,32,200,678.0,135600.0
2021071304010443,UPPER,17,32,290,678.0,196620.0
2021071304010442,UPPER,17,25,102,678.0,69156.0
2021071304010564,UPPER,41,21,290,676.0,196040.0
2021071304010563,UPPER,4,21,30,676.0,20280.0
2021071304010562,UPPER,55,21,119,676.0,80444.0
2021071304010557,UPPER,26,45,150,677.0,101550.0
2021071304010552,UPPER,16,45,23,677.0,15571.0
2021071304010519,UPPER,55,55,50,676.0,33800.0
2021071304010579,UPPER,6,45,100,677.0,67700.0
2021071304010568,UPPER,43,21,16,676.0,10816.0
2021071304010567,UPPER,42,21,110,676.0,74360.0
2021071304010566,UPPER,49,21,35,676.0,23660.0
2021071304010565,UPPER,37,21,200,676.0,135200.0
2021071304010677,UPPER,14,45,100,677.0,67700.0
2021071304010668,UPPER,10,45,50,677.0,33850.0
2021071304010637,UPPER,28,45,50,677.0,33850.0
2021071304010633,UPPER,43,56,50,676.0,33800.0
2021071304010581,UPPER,43,29,42,676.0,28392.0
2021071304010698,UPPER,59,22,50,677.0,33850.0
2021071304010697,UPPER,59,25,100,677.0,67700.0
2021071304010696,UPPER,59,33,217,677.0,146909.0
2021071304010694,UPPER,4,33,83,677.0,56191.0
2021071304010693,UPPER,4,45,17,677.0,11509.0
2021071304010688,UPPER,48,45,10,677.0,6770.0
2021071304010076,AHPC,48,38,500,452.0,226000.0
2021071304010075,AHPC,33,38,150,452.0,67800.0
2021071304010312,AIL,42,57,10,820.0,8200.0
2021071304010245,AIL,42,49,102,820.0,83640.0
2021071304010175,AIL,42,49,10,820.0,8200.0
2021071304010007,AIL,42,57,10,820.0,8200.0
2021071304009948,AIL,42,41,50,820.0,41000.0
2021071304009947,AIL,42,36,20,820.0,16400.0
2021071304010324,AKJCL,42,42,10,274.0,2740.0
2021071304010218,AKJCL,42,49,20,274.0,5480.0
2021071304010070,AKJCL,58,45,67,274.0,18358.0
2021071304010244,AKPL,36,5,200,452.0,90400.0
2021071304010232,AKPL,38,45,200,451.0,90200.0
2021071304010149,AKPL,59,5,100,452.0,45200.0
2021071304010146,AKPL,38,14,300,451.0,135300.0
2021071304010145,AKPL,20,14,200,451.0,90200.0
2021071304010144,AKPL,1,14,500,451.0,225500.0
2021071304009991,AKPL,54,20,"1,000",452.0,452000.0
2021071304009974,AKPL,54,42,251,452.0,113452.0
2021071304009973,AKPL,7,42,249,452.0,112548.0
2021071304010137,AKPL,57,14,"2,000",451.0,902000.0
2021071304010099,AKPL,45,5,149,452.0,67348.0
2021071304010053,AKPL,45,32,351,452.0,158652.0
2021071304010052,AKPL,36,32,"1,000",452.0,452000.0
2021071304010051,AKPL,54,32,649,452.0,293348.0
2021071304010028,AKPL,54,16,100,452.0,45200.0
2021071304010143,AKPL,1,14,500,451.0,225500.0
2021071304010142,AKPL,38,14,"1,000",451.0,451000.0
2021071304010141,AKPL,38,14,"1,000",451.0,451000.0
2021071304010140,AKPL,25,14,"1,000",451.0,451000.0
2021071304010139,AKPL,38,14,"1,000",451.0,451000.0
2021071304010138,AKPL,54,14,500,451.0,225500.0
2021071304010327,API,5,14,100,387.0,38700.0
2021071304010326,API,20,14,400,387.0,154800.0
2021071304010237,API,57,57,10,388.0,3880.0
2021071304010228,API,58,57,257,388.0,99716.0
2021071304009990,API,52,35,250,389.0,97250.0
2021071304009980,API,41,57,400,388.0,155200.0
2021071304009979,API,45,57,50,388.0,19400.0
2021071304009978,API,58,57,50,388.0,19400.0
2021071304009977,API,57,57,50,388.0,19400.0
2021071304009976,API,46,57,950,388.0,368600.0
2021071304009966,API,38,35,400,389.0,155600.0
2021071304009907,BBC,41,42,10,5660.0,56600.0
2021071304010148,BPCL,48,11,20,500.0,10000.0
2021071304010147,BPCL,38,11,20,502.0,10040.0
2021071304010136,BPCL,38,42,20,503.0,10060.0
2021071304009856,BPCL,41,56,55,502.0,27610.0
2021071304009855,BPCL,49,56,45,502.0,22590.0
2021071304009880,BPCL,41,40,45,502.0,22590.0
2021071304009886,BPCL,52,40,50,499.0,24950.0
2021071304009885,BPCL,26,40,200,500.0,100000.0
2021071304009884,BPCL,42,40,180,500.0,90000.0
2021071304009883,BPCL,17,40,10,500.0,5000.0
2021071304009882,BPCL,55,40,454,500.0,227000.0
2021071304009881,BPCL,32,40,50,502.0,25100.0
2021071304009892,BPCL,26,40,20,499.0,9980.0
2021071304009891,BPCL,58,40,50,499.0,24950.0
2021071304009890,BPCL,38,40,26,499.0,12974.0
2021071304009889,BPCL,45,40,200,499.0,99800.0
2021071304009888,BPCL,49,40,200,499.0,99800.0
2021071304009887,BPCL,28,40,100,499.0,49900.0
2021071304009897,BPCL,16,40,15,499.0,7485.0
2021071304009896,BPCL,40,40,200,499.0,99800.0
2021071304009895,BPCL,14,40,100,499.0,49900.0
2021071304009894,BPCL,7,40,50,499.0,24950.0
2021071304009893,BPCL,5,40,50,499.0,24950.0
2021071304010013,BPCL,44,43,"1,000",499.0,499000.0
2021071304010012,BPCL,4,43,15,499.0,7485.0
2021071304010011,BPCL,34,43,100,500.0,50000.0
2021071304009964,BPCL,4,52,85,499.0,42415.0
2021071304009963,BPCL,16,52,15,499.0,7485.0
2021071304010030,BPCL,22,43,110,499.0,54890.0
2021071304010018,BPCL,49,43,10,499.0,4990.0
2021071304010017,BPCL,34,43,100,499.0,49900.0
2021071304010016,BPCL,35,43,10,499.0,4990.0
2021071304010015,BPCL,41,43,200,499.0,99800.0
2021071304010014,BPCL,49,43,50,499.0,24950.0
2021071304010236,CGH,48,49,10,1517.0,15170.0
2021071304010219,CGH,48,37,10,1517.0,15170.0
2021071304009840,CGH,48,21,10,1517.0,15170.0
2021071304010329,CHCL,38,34,127,669.0,84963.0
2021071304010328,CHCL,57,34,64,669.0,42816.0
2021071304010254,CHCL,11,45,50,670.0,33500.0
2021071304010082,CHCL,45,59,150,670.0,100500.0
2021071304010081,CHCL,45,35,13,670.0,8710.0
2021071304010080,CHCL,45,35,200,670.0,134000.0
2021071304010079,CHCL,45,55,57,670.0,38190.0
2021071304010320,CHL,7,4,30,471.0,14130.0
2021071304010319,CHL,32,4,30,471.0,14130.0
2021071304010248,CHL,32,4,10,472.0,4720.0
2021071304010247,CHL,58,4,65,472.0,30680.0
2021071304010062,CHL,58,41,72,472.0,33984.0
2021071304010061,CHL,43,41,65,472.0,30680.0
2021071304010060,CHL,58,41,113,472.0,53336.0
2021071304009919,CHL,58,49,137,472.0,64664.0
2021071304009918,CHL,58,49,268,472.0,126496.0
2021071304009866,CHL,58,58,106,472.0,50032.0
2021071304009834,CHL,1,41,80,473.0,37840.0
2021071304009874,CMF1,19,4,100,12.28,1228.0
2021071304010243,EIC,51,17,383,750.0,287250.0
2021071304010242,EIC,51,45,50,749.0,37450.0
2021071304010241,EIC,51,38,67,749.0,50183.0
2021071304009920,EIC,45,38,20,749.0,14980.0
2021071304009862,EIC,45,49,40,749.0,29960.0
2021071304009861,EIC,45,45,20,749.0,14980.0
2021071304009860,EIC,45,45,20,749.0,14980.0
2021071304010250,GHL,32,47,380,296.0,112480.0
2021071304009921,GHL,42,47,10,299.0,2990.0
2021071304010229,GIC,56,11,10,700.0,7000.0
2021071304010209,GIC,56,50,40,700.0,28000.0
2021071304010208,GIC,8,50,10,700.0,7000.0
2021071304009854,GIC,36,57,10,703.0,7030.0
2021071304009999,GIC,45,19,10,700.0,7000.0
2021071304009972,GIC,45,44,10,700.0,7000.0
2021071304009949,GIC,36,21,10,703.0,7030.0
2021071304009873,GIC,36,56,10,703.0,7030.0
2021071304010174,GIMES1,33,38,"10,000",19.64,196400.0
2021071304010173,GIMES1,20,38,"5,000",19.65,98250.0
2021071304010172,GIMES1,8,38,"1,000",19.65,19650.0
2021071304010171,GIMES1,46,38,400,19.65,7860.0
2021071304010170,GIMES1,20,38,"5,000",19.66,98300.0
2021071304010045,GIMES1,33,6,"10,000",19.67,196700.0
2021071304010044,GIMES1,58,6,"1,500",19.7,29550.0
2021071304010043,GIMES1,11,6,"5,000",19.7,98500.0
2021071304010042,GIMES1,11,6,500,19.7,9850.0
2021071304010041,GIMES1,11,6,"5,000",19.71,98550.0
2021071304010040,GIMES1,22,6,"2,000",19.71,39420.0
2021071304010039,GIMES1,33,6,"10,000",19.71,197100.0
2021071304010238,GLH,43,11,10,360.0,3600.0
2021071304010233,GLH,43,14,80,360.0,28800.0
2021071304010231,GLH,58,14,20,360.0,7200.0
2021071304010160,GLH,17,41,100,360.0,36000.0
2021071304010159,GLH,17,57,10,360.0,3600.0
2021071304010158,GLH,17,57,85,360.0,30600.0
2021071304010130,GLH,53,21,10,359.0,3590.0
2021071304010027,GLH,53,50,10,359.0,3590.0
2021071304009981,GLH,53,44,10,359.0,3590.0
2021071304009852,GLH,46,57,115,360.0,41400.0
2021071304010321,HDHPC,33,41,30,278.0,8340.0
2021071304010249,HDHPC,54,45,10,277.0,2770.0
2021071304010230,HDHPC,54,38,100,277.0,27700.0
2021071304010204,HDHPC,22,45,494,277.0,136838.0
2021071304010203,HDHPC,51,45,200,277.0,55400.0
2021071304010202,HDHPC,14,45,274,277.0,75898.0
2021071304009913,HDHPC,58,26,20,279.0,5580.0
2021071304010201,HDHPC,29,45,32,278.0,8896.0
2021071304010180,HDHPC,29,21,240,278.0,66720.0
2021071304010135,HDHPC,29,21,28,278.0,7784.0
2021071304010132,HDHPC,29,50,200,278.0,55600.0
2021071304010131,HDHPC,11,50,50,278.0,13900.0
2021071304010020,HDHPC,34,35,450,278.0,125100.0
2021071304010116,HGI,11,39,57,757.0,43149.0
2021071304010115,HGI,25,39,300,757.0,227100.0
2021071304010114,HGI,44,39,73,757.0,55261.0
2021071304010113,HGI,52,39,10,758.0,7580.0
2021071304010217,HPPL,34,47,200,407.0,81400.0
2021071304010291,HURJA,39,13,30,360.0,10800.0
2021071304010290,HURJA,39,21,20,360.0,7200.0
2021071304010289,HURJA,39,48,20,360.0,7200.0
2021071304010288,HURJA,39,25,20,360.0,7200.0
2021071304010287,HURJA,39,34,20,360.0,7200.0
2021071304010286,HURJA,39,10,20,360.0,7200.0
2021071304010285,HURJA,39,57,105,360.0,37800.0
2021071304010284,HURJA,39,1,120,360.0,43200.0
2021071304010283,HURJA,39,14,50,359.0,17950.0
2021071304010282,HURJA,39,51,20,359.0,7180.0
2021071304009997,HURJA,28,5,100,357.0,35700.0
2021071304009914,HURJA,59,5,200,357.0,71400.0
2021071304009864,IGI,10,49,27,1201.0,32427.0
2021071304009929,IGI,45,49,30,1200.0,36000.0
2021071304009928,IGI,6,49,100,1200.0,120000.0
2021071304009927,IGI,43,49,100,1200.0,120000.0
2021071304009935,IGI,39,49,150,1200.0,180000.0
2021071304009934,IGI,14,49,250,1200.0,300000.0
2021071304009933,IGI,32,49,20,1200.0,24000.0
2021071304009932,IGI,57,49,10,1200.0,12000.0
2021071304009931,IGI,59,49,100,1200.0,120000.0
2021071304009930,IGI,42,49,10,1200.0,12000.0
2021071304010065,IGI,20,16,60,1200.0,72000.0
2021071304009995,IGI,20,49,100,1200.0,120000.0
2021071304009993,IGI,35,49,250,1200.0,300000.0
2021071304010168,IGI,39,49,10,1201.0,12010.0
2021071304010316,JOSHI,57,19,20,283.0,5660.0
2021071304010112,JOSHI,4,46,20,285.0,5700.0
2021071304010010,JOSHI,57,32,25,283.0,7075.0
2021071304009968,JOSHI,57,52,50,283.0,14150.0
2021071304009967,JOSHI,48,52,35,283.0,9905.0
2021071304009937,JOSHI,48,10,15,283.0,4245.0
2021071304009936,JOSHI,35,10,105,283.0,29715.0
2021071304010054,KEF,34,54,100,10.14,1014.0
2021071304009908,KEF,41,34,500,10.08,5040.0
2021071304009899,KKHC,58,26,16,273.0,4368.0
2021071304009838,KKHC,58,29,40,273.0,10920.0
2021071304009865,KPCL,4,14,365,436.0,159140.0
2021071304009975,KPCL,53,26,10,435.0,4350.0
2021071304010105,KPCL,42,14,90,435.0,39150.0
2021071304010104,KPCL,53,14,140,435.0,60900.0
2021071304010101,KPCL,53,50,50,435.0,21750.0
2021071304010224,KPCL,5,14,90,436.0,39240.0
2021071304010260,KPCL,42,11,10,435.0,4350.0
2021071304010311,LEC,42,11,10,347.0,3470.0
2021071304010213,LEC,42,13,"1,620",347.0,562140.0
2021071304010212,LEC,59,13,200,348.0,69600.0
2021071304010211,LEC,14,13,180,348.0,62640.0
2021071304010210,LEC,14,45,10,348.0,3480.0
2021071304009950,LEC,14,57,10,348.0,3480.0
2021071304010157,LEMF,20,43,"10,000",14.0,140000.0
2021071304010156,LEMF,22,43,"10,000",14.0,140000.0
2021071304010155,LEMF,53,43,"20,000",14.01,280200.0
2021071304010154,LEMF,55,43,"5,000",14.01,70050.0
2021071304010153,LEMF,45,43,"10,000",14.02,140200.0
2021071304010048,LGIL,41,52,60,783.0,46980.0
2021071304010025,LGIL,41,45,20,783.0,15660.0
2021071304009905,LGIL,41,45,50,783.0,39150.0
2021071304010021,NBF2,47,57,800,14.1,11280.0
2021071304009960,NBF2,21,42,100,14.13,1413.0
2021071304009959,NBF2,21,42,100,14.13,1413.0
2021071304010255,NEF,35,43,861,14.52,12501.72
2021071304010064,NEF,26,58,483,14.49,6998.67
2021071304009957,NEF,41,43,"3,414",14.52,49571.28
2021071304009956,NEF,41,43,686,14.52,9960.72
2021071304010308,NGPL,41,22,100,495.0,49500.0
2021071304010240,NGPL,41,41,100,496.0,49600.0
2021071304010183,NGPL,44,1,12,492.0,5904.0
2021071304010182,NGPL,58,1,900,492.0,442800.0
2021071304010181,NGPL,42,1,88,493.0,43384.0
2021071304010177,NGPL,42,22,300,493.0,147900.0
2021071304010103,NGPL,42,58,100,493.0,49300.0
2021071304010098,NGPL,42,26,12,493.0,5916.0
2021071304010056,NGPL,41,58,88,494.0,43472.0
2021071304009998,NGPL,16,41,50,494.0,24700.0
2021071304009992,NGPL,41,55,200,495.0,99000.0
2021071304010318,NHPC,5,26,60,305.0,18300.0
2021071304010317,NHPC,26,26,180,305.0,54900.0
2021071304010259,NHPC,57,37,500,305.0,152500.0
2021071304010258,NHPC,21,37,80,305.0,24400.0
2021071304010257,NHPC,40,37,400,305.0,122000.0
2021071304010256,NHPC,42,37,19,305.0,5795.0
2021071304009945,NHPC,25,42,"1,000",306.0,306000.0
2021071304009944,NHPC,45,42,400,306.0,122400.0
2021071304009943,NHPC,39,42,200,306.0,61200.0
2021071304009942,NHPC,36,42,70,306.0,21420.0
2021071304009916,NHPC,36,21,30,306.0,9180.0
2021071304010038,NHPC,41,42,600,306.0,183600.0
2021071304010036,NHPC,58,48,500,305.0,152500.0
2021071304010031,NHPC,49,42,85,306.0,26010.0
2021071304010000,NHPC,58,38,"7,258",305.0,2213690.0
2021071304009996,NHPC,11,42,10,306.0,3060.0
2021071304009946,NHPC,44,42,500,306.0,153000.0
2021071304010122,NHPC,40,48,300,305.0,91500.0
2021071304010121,NHPC,7,48,30,305.0,9150.0
2021071304010120,NHPC,41,48,50,305.0,15250.0
2021071304010119,NHPC,58,48,"1,502",305.0,458110.0
2021071304010097,NHPC,58,38,500,305.0,152500.0
2021071304010059,NHPC,8,42,345,306.0,105570.0
2021071304010128,NHPC,41,48,120,305.0,36600.0
2021071304010127,NHPC,57,48,300,305.0,91500.0
2021071304010126,NHPC,14,48,20,305.0,6100.0
2021071304010125,NHPC,4,48,200,305.0,61000.0
2021071304010124,NHPC,14,48,50,305.0,15250.0
2021071304010123,NHPC,47,48,100,305.0,30500.0
2021071304010222,NHPC,42,49,81,305.0,24705.0
2021071304010221,NHPC,58,49,19,305.0,5795.0
2021071304010206,NHPC,58,45,46,305.0,14030.0
2021071304010205,NHPC,36,45,34,305.0,10370.0
2021071304010152,NHPC,36,25,38,305.0,11590.0
2021071304010129,NHPC,36,48,328,305.0,100040.0
2021071304010306,NIBSF1,17,44,"5,000",14.0,70000.0
2021071304010305,NIBSF1,28,44,"5,000",14.0,70000.0
2021071304010304,NIBSF1,7,44,"10,000",14.0,140000.0
2021071304010303,NIBSF1,28,44,"10,000",14.01,140100.0
2021071304010239,NIBSF1,28,44,"10,000",14.01,140100.0
2021071304010029,NICBF,34,6,"2,869",13.72,39362.68
2021071304010310,NICGF,58,37,"2,200",15.16,33352.0
2021071304010110,NICGF,4,37,"3,800",15.16,57608.0
2021071304010199,NICL,48,58,173,1005.0,173865.0
2021071304010198,NICL,58,58,10,1005.0,10050.0
2021071304010197,NICL,6,58,50,1005.0,50250.0
2021071304010196,NICL,28,58,10,1005.0,10050.0
2021071304010195,NICL,34,58,10,1007.0,10070.0
2021071304010194,NICL,45,58,10,1008.0,10080.0
2021071304010004,NICL,18,47,50,1010.0,50500.0
2021071304010003,NICL,18,40,70,1010.0,70700.0
2021071304010002,NICL,18,35,150,1010.0,151500.0
2021071304010001,NICL,18,42,76,1010.0,76760.0
2021071304009994,NICL,57,42,11,1010.0,11110.0
2021071304009863,NICL,47,42,10,1010.0,10100.0
2021071304010084,NICL,52,39,10,1012.0,10120.0
2021071304010083,NICL,52,40,11,1012.0,11132.0
2021071304010069,NICL,18,38,50,1011.0,50550.0
2021071304010058,NICL,18,47,50,1011.0,50550.0
2021071304010057,NICL,18,47,15,1011.0,15165.0
2021071304010055,NICL,18,58,20,1010.0,20200.0
2021071304010193,NICL,53,58,30,1009.0,30270.0
2021071304010192,NICL,38,58,50,1010.0,50500.0
2021071304010191,NICL,49,58,11,1012.0,11132.0
2021071304010190,NICL,18,58,85,1012.0,86020.0
2021071304010189,NICL,18,58,34,1012.0,34408.0
2021071304010188,NICL,52,58,29,1012.0,29348.0
2021071304010252,NIL,17,41,200,1368.0,273600.0
2021071304010151,NIL,11,57,10,1370.0,13700.0
2021071304010077,NIL,38,57,200,1370.0,274000.0
2021071304010063,NIL,17,43,100,1368.0,136800.0
2021071304009955,NIL,29,57,10,1370.0,13700.0
2021071304009904,NIL,17,11,50,1368.0,68400.0
2021071304009833,NIL,57,57,10,1370.0,13700.0
2021071304010133,NLG,4,45,100,1224.0,122400.0
2021071304010087,NLG,47,48,10,1221.0,12210.0
2021071304010086,NLG,6,48,45,1221.0,54945.0
2021071304009867,NLG,21,8,50,1221.0,61050.0
2021071304009872,NLG,56,39,100,1221.0,122100.0
2021071304009871,NLG,28,51,98,1219.0,119462.0
2021071304009870,NLG,46,51,10,1219.0,12190.0
2021071304009869,NLG,21,51,10,1219.0,12190.0
2021071304009868,NLG,52,51,132,1220.0,161040.0
2021071304009898,NLG,56,59,100,1221.0,122100.0
2021071304009925,NLG,6,21,50,1221.0,61050.0
2021071304010167,OHL,29,48,500,665.0,332500.0
2021071304009924,OHL,29,38,12,667.0,8004.0
2021071304009923,OHL,29,38,400,666.0,266400.0
2021071304009922,OHL,29,17,88,666.0,58608.0
2021071304009912,OHL,21,17,233,661.0,154013.0
2021071304009911,OHL,22,17,31,662.0,20522.0
2021071304009878,OHL,21,17,200,663.0,132600.0
2021071304009877,OHL,7,17,50,664.0,33200.0
2021071304010046,PIC,5,17,50,1188.0,59400.0
2021071304010315,PICL,51,14,100,810.0,81000.0
2021071304009954,PICL,4,45,500,812.0,406000.0
2021071304009938,PICL,4,1,200,811.0,162200.0
2021071304010323,PMHPL,47,57,50,282.0,14100.0
2021071304010322,PPCL,10,58,70,354.0,24780.0
2021071304010309,PPCL,10,58,240,354.0,84960.0
2021071304009837,PPCL,10,21,40,354.0,14160.0
2021071304009836,PPCL,10,35,10,354.0,3540.0
2021071304009835,PPCL,10,40,10,354.0,3540.0
2021071304010106,PRIN,7,14,30,949.0,28470.0
2021071304010023,PRIN,7,17,30,949.0,28470.0
2021071304009953,PRIN,7,51,140,949.0,132860.0
2021071304009952,PRIN,52,51,11,949.0,10439.0
2021071304009951,PRIN,33,51,30,950.0,28500.0
2021071304009851,PRIN,33,51,30,950.0,28500.0
2021071304009844,PRIN,4,51,67,950.0,63650.0
2021071304009843,PRIN,44,51,30,951.0,28530.0
2021071304009842,PRIN,26,51,51,951.0,48501.0
2021071304009841,PRIN,43,51,12,951.0,11412.0
2021071304009850,PRIN,10,51,200,950.0,190000.0
2021071304009849,PRIN,22,51,50,950.0,47500.0
2021071304009848,PRIN,6,51,30,950.0,28500.0
2021071304009847,PRIN,21,51,100,950.0,95000.0
2021071304009846,PRIN,41,51,30,950.0,28500.0
2021071304009845,PRIN,38,51,100,950.0,95000.0
2021071304010314,RADHI,49,14,46,750.0,34500.0
2021071304010313,RADHI,49,22,20,750.0,15000.0
2021071304010307,RADHI,41,22,70,750.0,52500.0
2021071304010216,RADHI,36,22,10,750.0,7500.0
2021071304010215,RADHI,36,58,90,750.0,67500.0
2021071304010176,RADHI,17,38,60,749.0,44940.0
2021071304009983,RADHI,17,8,500,748.0,374000.0
2021071304009939,RADHI,17,4,20,748.0,14960.0
2021071304010109,RADHI,17,40,30,749.0,22470.0
2021071304010108,RADHI,17,49,65,749.0,48685.0
2021071304010107,RADHI,17,20,241,749.0,180509.0
2021071304010071,RADHI,17,20,30,749.0,22470.0
2021071304010050,RADHI,17,21,50,748.0,37400.0
2021071304010026,RADHI,17,32,140,748.0,104720.0
2021071304010047,RBCL,58,59,200,21773.0,4354600.0
2021071304009987,RBCL,3,19,10,21772.0,217720.0
2021071304009986,RBCL,3,38,20,21770.0,435400.0
2021071304009985,RBCL,3,35,10,21699.0,216990.0
2021071304009984,RBCL,3,33,10,21675.0,216750.0
2021071304010207,RHPC,36,28,200,535.0,107000.0
2021071304010074,RHPC,41,28,200,535.0,107000.0
2021071304010073,RHPC,42,28,193,535.0,103255.0
2021071304010009,RHPC,42,44,307,535.0,164245.0
2021071304010008,RHPC,40,44,203,535.0,108605.0
2021071304009958,RHPC,48,22,100,538.0,53800.0
2021071304009917,RHPC,40,44,200,535.0,107000.0
2021071304010102,RHPL,58,48,10,442.0,4420.0
2021071304010078,RHPL,52,45,10,441.0,4410.0
2021071304010035,RHPL,11,8,260,442.0,114920.0
2021071304010034,RHPL,21,8,60,442.0,26520.0
2021071304010033,RHPL,8,8,100,442.0,44200.0
2021071304010032,RHPL,7,8,80,442.0,35360.0
2021071304009989,RHPL,7,41,10,442.0,4420.0
2021071304009876,RRHP,52,42,10,371.0,3710.0
2021071304010235,SGI,21,59,50,721.0,36050.0
2021071304010225,SGI,45,59,20,721.0,14420.0
2021071304010019,SGI,36,21,10,720.0,7200.0
2021071304009900,SGI,36,21,10,720.0,7200.0
2021071304010234,SHL,34,48,200,267.0,53400.0
2021071304010096,SHL,34,51,155,267.0,41385.0
2021071304010095,SHL,34,51,"1,500",267.0,400500.0
2021071304010094,SHL,44,51,500,267.0,133500.0
2021071304010093,SHL,11,51,145,267.0,38715.0
2021071304010092,SHL,45,51,200,267.0,53400.0
2021071304010091,SHL,39,51,200,267.0,53400.0
2021071304010090,SHL,52,51,100,267.0,26700.0
2021071304010089,SHL,57,51,100,267.0,26700.0
2021071304010088,SHL,17,51,100,267.0,26700.0
2021071304009875,SHL,29,36,100,268.0,26800.0
2021071304010068,SIC,42,57,30,1360.0,40800.0
2021071304010067,SIC,58,57,10,1360.0,13600.0
2021071304010066,SIC,29,57,90,1360.0,122400.0
2021071304010037,SIC,29,42,10,1360.0,13600.0
2021071304010187,SICL,48,17,55,1953.0,107415.0
2021071304010186,SICL,26,17,250,1955.0,488750.0
2021071304010185,SICL,51,17,50,1955.0,97750.0
2021071304010184,SICL,45,17,145,1956.0,283620.0
2021071304009859,SIL,52,37,82,1048.0,85936.0
2021071304009858,SIL,51,37,50,1048.0,52400.0
2021071304009857,SIL,29,37,10,1048.0,10480.0
2021071304010325,SJCL,28,3,20,420.0,8400.0
2021071304010024,SJCL,28,45,10,420.0,4200.0
2021071304010022,SJCL,28,41,10,420.0,4200.0
2021071304009926,SJCL,28,22,50,420.0,21000.0
2021071304009965,SPDL,47,55,204,414.0,84456.0
2021071304009830,SPDL,28,38,500,411.0,205500.0
2021071304010049,SSHL,35,5,200,320.0,64000.0
2021071304010118,STC,34,47,10,9761.0,97610.0
2021071304010117,STC,13,47,20,9761.0,195220.0
2021071304009831,STC,32,51,10,9770.0,97700.0
2021071304010179,TRH,22,14,50,402.0,20100.0
2021071304010178,TRH,36,14,250,402.0,100500.0
2021071304010164,TRH,54,43,170,405.0,68850.0
2021071304010163,TRH,54,47,500,405.0,202500.0
2021071304010162,TRH,54,55,330,404.0,133320.0
2021071304010134,TRH,36,19,50,402.0,20100.0
2021071304010253,UIC,51,21,50,720.0,36000.0
2021071304010111,UIC,48,21,500,721.0,360500.0
2021071304010072,UIC,3,34,200,722.0,144400.0
2021071304010271,UMHL,1,32,461,365.0,168265.0
2021071304010270,UMHL,35,32,50,365.0,18250.0
2021071304010269,UMHL,42,32,100,366.0,36600.0
2021071304010268,UMHL,13,32,200,366.0,73200.0
2021071304010267,UMHL,49,32,100,366.0,36600.0
2021071304010266,UMHL,38,32,100,366.0,36600.0
2021071304010150,UMHL,34,10,300,368.0,110400.0
2021071304010265,UMHL,21,32,50,366.0,18300.0
2021071304010264,UMHL,40,32,"1,000",366.0,366000.0
2021071304010263,UMHL,55,32,989,366.0,361974.0
2021071304010262,UMHL,19,32,100,367.0,36700.0
2021071304010261,UMHL,40,32,850,367.0,311950.0
2021071304010251,UMHL,40,19,50,367.0,18350.0
2021071304009971,UMRH,21,57,10,457.0,4570.0
2021071304009962,UMRH,21,58,20,457.0,9140.0
2021071304009961,UMRH,45,58,30,457.0,13710.0
2021071304009879,UMRH,53,39,10,461.0,4610.0
2021071304010085,UNHPL,41,34,40,356.0,14240.0
2021071304009906,UNHPL,17,14,200,355.0,71000.0
2021071304010226,UPCL,36,40,80,293.0,23440.0
2021071304010223,UPCL,58,40,40,293.0,11720.0
2021071304010161,UPCL,42,16,200,292.0,58400.0
2021071304009910,UPCL,38,40,20,293.0,5860.0
2021071304009909,UPCL,38,39,130,293.0,38090.0
2021071304010302,UPPER,45,32,344,677.0,232888.0
2021071304010301,UPPER,43,32,100,677.0,67700.0
2021071304010300,UPPER,57,32,100,677.0,67700.0
2021071304010299,UPPER,25,32,100,677.0,67700.0
2021071304010298,UPPER,1,32,500,677.0,338500.0
2021071304010297,UPPER,51,32,30,677.0,20310.0
2021071304009901,UPPER,13,53,22,677.0,14894.0
2021071304009853,UPPER,45,53,200,677.0,135400.0
2021071304009839,UPPER,48,53,300,677.0,203100.0
2021071304009832,UPPER,57,45,100,676.0,67600.0
2021071304009915,UPPER,41,45,10,677.0,6770.0
2021071304009903,UPPER,13,45,18,677.0,12186.0
2021071304009902,UPPER,13,8,160,677.0,108320.0
2021071304009982,UPPER,48,48,150,677.0,101550.0
2021071304009970,UPPER,57,13,446,676.0,301496.0
2021071304009969,UPPER,8,13,60,677.0,40620.0
2021071304009941,UPPER,8,17,28,677.0,18956.0
2021071304009940,UPPER,8,45,12,677.0,8124.0
2021071304010006,UPPER,47,25,98,677.0,66346.0
2021071304010005,UPPER,59,25,202,677.0,136754.0
2021071304009988,UPPER,59,48,48,677.0,32496.0
2021071304010166,UPPER,45,26,98,677.0,66346.0
2021071304010165,UPPER,47,26,102,677.0,69054.0
2021071304010100,UPPER,39,44,20,678.0,13560.0
2021071304010220,UPPER,57,44,79,678.0,53562.0
2021071304010214,UPPER,58,44,20,678.0,13560.0
2021071304010200,UPPER,22,44,75,678.0,50850.0
2021071304010169,UPPER,25,44,90,678.0,61020.0
2021071304010274,UPPER,33,57,98,677.0,66346.0
2021071304010273,UPPER,13,57,100,677.0,67700.0
2021071304010272,UPPER,45,57,102,677.0,69054.0
2021071304010246,UPPER,14,44,50,678.0,33900.0
2021071304010227,UPPER,21,44,100,678.0,67800.0
2021071304010280,UPPER,38,10,50,677.0,33850.0
2021071304010279,UPPER,46,10,200,677.0,135400.0
2021071304010278,UPPER,57,10,60,677.0,40620.0
2021071304010277,UPPER,32,10,50,677.0,33850.0
2021071304010276,UPPER,6,10,100,677.0,67700.0
2021071304010275,UPPER,38,10,100,677.0,67700.0
2021071304010296,UPPER,36,32,500,677.0,338500.0
2021071304010295,UPPER,6,32,30,677.0,20310.0
2021071304010294,UPPER,57,32,200,677.0,135400.0
2021071304010293,UPPER,57,32,100,677.0,67700.0
2021071304010292,UPPER,34,32,60,677.0,40620.0
2021071304010281,UPPER,34,10,440,677.0,297880.0
2021071304009416,AHPC,33,28,10,451.0,4510.0
2021071304009731,AIL,32,36,20,820.0,16400.0
2021071304009730,AIL,32,58,10,820.0,8200.0
2021071304009729,AIL,32,42,20,820.0,16400.0
2021071304009552,AIL,21,42,50,819.0,40950.0
2021071304009373,AIL,39,35,80,818.0,65440.0
2021071304009369,AIL,41,35,10,817.0,8170.0
2021071304009366,AIL,41,13,10,817.0,8170.0
2021071304009663,AKJCL,58,38,10,274.0,2740.0
2021071304009565,AKJCL,22,45,520,276.0,143520.0
2021071304009826,AKPL,7,35,60,452.0,27120.0
2021071304009814,AKPL,8,6,300,453.0,135900.0
2021071304009701,AKPL,7,58,91,452.0,41132.0
2021071304009700,AKPL,19,58,144,452.0,65088.0
2021071304009699,AKPL,45,58,265,452.0,119780.0
2021071304009694,AKPL,45,6,362,453.0,163986.0
2021071304009435,AKPL,45,58,320,453.0,144960.0
2021071304009434,AKPL,45,25,150,453.0,67950.0
2021071304009429,AKPL,45,28,10,452.0,4520.0
2021071304009423,AKPL,45,1,200,452.0,90400.0
2021071304009377,AKPL,45,50,25,452.0,11300.0
2021071304009693,AKPL,45,32,638,453.0,289014.0
2021071304009563,AKPL,25,32,680,453.0,308040.0
2021071304009561,AKPL,25,55,320,453.0,144960.0
2021071304009515,AKPL,58,55,150,453.0,67950.0
2021071304009443,AKPL,45,32,850,453.0,385050.0
2021071304009442,AKPL,45,58,150,453.0,67950.0
2021071304009795,API,58,35,11,389.0,4279.0
2021071304009662,API,41,22,40,389.0,15560.0
2021071304009509,API,46,39,50,388.0,19400.0
2021071304009508,API,38,39,100,388.0,38800.0
2021071304009507,API,55,39,200,388.0,77600.0
2021071304009506,API,33,39,150,388.0,58200.0
2021071304009433,API,33,49,50,388.0,19400.0
2021071304009432,API,41,49,50,388.0,19400.0
2021071304009422,API,5,3,50,389.0,19450.0
2021071304009421,API,5,22,450,389.0,175050.0
2021071304009767,BARUN,34,58,50,526.0,26300.0
2021071304009714,BARUN,22,8,196,526.0,103096.0
2021071304009668,BARUN,22,36,10,526.0,5260.0
2021071304009764,BBC,41,3,20,5660.0,113200.0
2021071304009807,BPCL,52,42,200,503.0,100600.0
2021071304009355,BPCL,36,10,50,502.0,25100.0
2021071304009466,BPCL,36,49,30,502.0,15060.0
2021071304009436,BPCL,35,42,115,503.0,57845.0
2021071304009581,BPCL,36,19,42,502.0,21084.0
2021071304009579,BPCL,6,42,100,503.0,50300.0
2021071304009648,BPCL,51,43,432,500.0,216000.0
2021071304009647,BPCL,32,43,100,501.0,50100.0
2021071304009646,BPCL,17,43,500,501.0,250500.0
2021071304009645,BPCL,57,43,20,501.0,10020.0
2021071304009642,BPCL,43,19,80,502.0,40160.0
2021071304009582,BPCL,10,19,10,502.0,5020.0
2021071304009654,BPCL,44,43,250,500.0,125000.0
2021071304009653,BPCL,52,43,240,500.0,120000.0
2021071304009652,BPCL,22,43,115,500.0,57500.0
2021071304009651,BPCL,29,43,20,500.0,10000.0
2021071304009650,BPCL,34,43,200,500.0,100000.0
2021071304009649,BPCL,43,43,17,500.0,8500.0
2021071304009660,BPCL,32,43,200,500.0,100000.0
2021071304009659,BPCL,53,43,100,500.0,50000.0
2021071304009658,BPCL,49,43,40,500.0,20000.0
2021071304009657,BPCL,41,43,100,500.0,50000.0
2021071304009656,BPCL,52,43,20,500.0,10000.0
2021071304009655,BPCL,22,43,100,500.0,50000.0
2021071304009683,BPCL,49,57,20,502.0,10040.0
2021071304009667,BPCL,49,19,25,502.0,12550.0
2021071304009661,BPCL,55,43,46,500.0,23000.0
2021071304009710,CGH,17,36,20,1521.0,30420.0
2021071304009732,CHCL,48,55,43,670.0,28810.0
2021071304009551,CHCL,57,7,36,669.0,24084.0
2021071304009794,CHL,10,41,420,473.0,198660.0
2021071304009793,CHL,10,57,80,473.0,37840.0
2021071304009777,CHL,58,25,40,472.0,18880.0
2021071304009635,CHL,58,25,65,472.0,30680.0
2021071304009550,CHL,7,57,20,473.0,9460.0
2021071304009530,CHL,10,57,100,473.0,47300.0
2021071304009378,CHL,32,51,11,473.0,5203.0
2021071304009583,DHPL,34,4,50,267.0,13350.0
2021071304009517,DHPL,58,1,120,266.0,31920.0
2021071304009736,GIC,36,21,10,703.0,7030.0
2021071304009570,GIC,36,13,129,703.0,90687.0
2021071304009566,GIC,42,13,71,703.0,49913.0
2021071304009554,GIC,42,49,50,703.0,35150.0
2021071304009354,GIC,36,47,10,701.0,7010.0
2021071304009553,GIC,42,47,50,703.0,35150.0
2021071304009498,GIC,42,14,89,702.0,62478.0
2021071304009447,GIC,36,49,30,701.0,21030.0
2021071304009805,GIMES1,33,28,500,19.8,9900.0
2021071304009532,GLH,46,4,10,360.0,3600.0
2021071304009513,GLH,46,14,500,360.0,180000.0
2021071304009512,GLH,46,22,10,360.0,3600.0
2021071304009511,GLH,46,14,10,360.0,3600.0
2021071304009485,GLH,46,57,10,359.0,3590.0
2021071304009430,GLH,46,39,10,359.0,3590.0
2021071304009387,GLH,46,21,10,359.0,3590.0
2021071304009798,HDHPC,21,21,250,280.0,70000.0
2021071304009788,HDHPC,11,21,10,280.0,2800.0
2021071304009688,HDHPC,22,21,500,280.0,140000.0
2021071304009356,HDHPC,38,49,10,281.0,2810.0
2021071304009334,HDHPC,34,45,412,278.0,114536.0
2021071304009333,HDHPC,21,45,"1,000",278.0,278000.0
2021071304009332,HDHPC,6,45,150,278.0,41700.0
2021071304009331,HDHPC,21,45,50,278.0,13900.0
2021071304009330,HDHPC,45,45,60,278.0,16680.0
2021071304009638,HGI,44,25,127,757.0,96139.0
2021071304009637,HGI,52,25,250,758.0,189500.0
2021071304009636,HGI,11,25,23,758.0,17434.0
2021071304009352,HGI,22,39,60,760.0,45600.0
2021071304009765,HPPL,34,26,20,407.0,8140.0
2021071304009499,HPPL,34,37,10,407.0,4070.0
2021071304009424,HPPL,34,34,10,407.0,4070.0
2021071304009823,IGI,3,49,200,1201.0,240200.0
2021071304009822,IGI,33,49,100,1201.0,120100.0
2021071304009821,IGI,22,49,10,1201.0,12010.0
2021071304009820,IGI,28,49,53,1201.0,63653.0
2021071304009819,IGI,1,49,50,1202.0,60100.0
2021071304009818,IGI,17,49,60,1203.0,72180.0
2021071304009361,IGI,39,42,20,1207.0,24140.0
2021071304009360,IGI,16,42,100,1208.0,120800.0
2021071304009359,IGI,4,42,110,1208.0,132880.0
2021071304009365,IGI,36,42,995,1207.0,1200965.0
2021071304009364,IGI,57,42,50,1207.0,60350.0
2021071304009363,IGI,4,42,300,1207.0,362100.0
2021071304009362,IGI,14,42,25,1207.0,30175.0
2021071304009734,IGI,56,49,300,1206.0,361800.0
2021071304009733,IGI,34,49,60,1206.0,72360.0
2021071304009783,IGI,40,49,100,1205.0,120500.0
2021071304009782,IGI,58,49,50,1205.0,60250.0
2021071304009781,IGI,19,49,50,1205.0,60250.0
2021071304009780,IGI,41,49,110,1205.0,132550.0
2021071304009735,IGI,45,49,100,1206.0,120600.0
2021071304009785,IGI,17,49,10,1205.0,12050.0
2021071304009784,IGI,34,49,100,1205.0,120500.0
2021071304009772,JOSHI,35,44,100,283.0,28300.0
2021071304009458,JOSHI,57,42,400,285.0,114000.0
2021071304009440,JOSHI,57,33,50,285.0,14250.0
2021071304009439,JOSHI,57,42,50,284.0,14200.0
2021071304009418,JOSHI,38,42,15,284.0,4260.0
2021071304009829,KKHC,44,6,50,272.0,13600.0
2021071304009828,KKHC,57,6,50,272.0,13600.0
2021071304009827,KKHC,1,6,692,272.0,188224.0
2021071304009559,LEC,37,32,230,349.0,80270.0
2021071304009345,LEC,53,46,110,350.0,38500.0
2021071304009344,LEC,53,14,50,350.0,17500.0
2021071304009343,LEC,53,46,40,350.0,14000.0
2021071304009342,LEC,53,3,500,350.0,175000.0
2021071304009797,LUK,57,19,250,12.3,3075.0
2021071304009766,MEN,47,4,580,865.0,501700.0
2021071304009580,MEN,47,47,10,865.0,8650.0
2021071304009495,MEN,1,34,10,870.0,8700.0
2021071304009448,MEN,1,13,10,870.0,8700.0
2021071304009761,MHNL,19,35,10,325.0,3250.0
2021071304009674,NGPL,42,41,37,497.0,18389.0
2021071304009544,NGPL,42,48,11,497.0,5467.0
2021071304009543,NGPL,42,42,20,496.0,9920.0
2021071304009542,NGPL,42,52,54,496.0,26784.0
2021071304009541,NGPL,42,35,85,496.0,42160.0
2021071304009540,NGPL,42,57,30,495.0,14850.0
2021071304009539,NGPL,42,41,70,495.0,34650.0
2021071304009538,NGPL,42,14,193,494.0,95342.0
2021071304009537,NGPL,42,36,200,493.0,98600.0
2021071304009531,NGPL,58,35,100,492.0,49200.0
2021071304009441,NGPL,20,40,300,491.0,147300.0
2021071304009825,NHPC,33,29,600,306.0,183600.0
2021071304009824,NHPC,33,25,400,306.0,122400.0
2021071304009806,NHPC,45,25,100,306.0,30600.0
2021071304009789,NHPC,45,55,540,306.0,165240.0
2021071304009763,NHPC,47,55,100,306.0,30600.0
2021071304009727,NHPC,41,55,500,306.0,153000.0
2021071304009460,NHPC,21,10,100,307.0,30700.0
2021071304009459,NHPC,21,40,174,307.0,53418.0
2021071304009568,NHPC,56,20,340,306.0,104040.0
2021071304009567,NHPC,14,20,60,306.0,18360.0
2021071304009522,NHPC,14,1,80,306.0,24480.0
2021071304009521,NHPC,25,1,20,306.0,6120.0
2021071304009520,NHPC,41,1,50,306.0,15300.0
2021071304009461,NHPC,21,21,726,307.0,222882.0
2021071304009709,NHPC,8,51,490,306.0,149940.0
2021071304009708,NHPC,56,51,10,306.0,3060.0
2021071304009686,NHPC,57,37,500,307.0,153500.0
2021071304009670,NHPC,57,37,226,307.0,69382.0
2021071304009669,NHPC,57,21,274,307.0,84118.0
2021071304009664,NHPC,56,38,200,306.0,61200.0
2021071304009720,NHPC,6,55,120,306.0,36720.0
2021071304009719,NHPC,5,55,100,306.0,30600.0
2021071304009718,NHPC,26,55,200,306.0,61200.0
2021071304009717,NHPC,41,55,150,306.0,45900.0
