Transact. No.,Symbol,Buyer,Seller,Quantity,Rate,Amount
2021071404015758,AHPC,40,3,500,465.0,232500.0
2021071404015895,AHPC,56,6,300,465.0,139500.0
2021071404015876,AHPC,32,18,500,465.0,232500.0
2021071404015787,AHPC,7,18,100,465.0,46500.0
2021071404015765,AHPC,19,18,100,465.0,46500.0
2021071404015763,AHPC,32,18,100,465.0,46500.0
2021071404015762,AHPC,19,18,200,465.0,93000.0
2021071404016003,AHPC,21,51,182,466.0,84812.0
2021071404016002,AHPC,21,57,18,466.0,8388.0
2021071404015966,AHPC,56,39,20,465.0,9300.0
2021071404015946,AHPC,56,40,30,465.0,13950.0
2021071404015924,AHPC,56,45,15,465.0,6975.0
2021071404015896,AHPC,56,26,200,465.0,93000.0
2021071404016084,AHPC,46,6,182,466.0,84812.0
2021071404016083,AHPC,46,49,18,466.0,8388.0
2021071404016068,AHPC,3,49,82,466.0,38212.0
2021071404016067,AHPC,3,59,300,466.0,139800.0
2021071404016066,AHPC,3,25,100,466.0,46600.0
2021071404016065,AHPC,3,51,18,466.0,8388.0
2021071404016234,AHPC,26,6,113,465.0,52545.0
2021071404016233,AHPC,56,6,435,465.0,202275.0
2021071404016203,AHPC,21,6,100,466.0,46600.0
2021071404016214,AIL,44,57,55,815.0,44825.0
2021071404016213,AIL,17,57,25,815.0,20375.0
2021071404016212,AIL,1,57,20,816.0,16320.0
2021071404015791,AIL,53,57,10,820.0,8200.0
2021071404016110,AKJCL,14,13,100,279.0,27900.0
2021071404015914,AKJCL,13,48,70,280.0,19600.0
2021071404015913,AKJCL,21,48,20,280.0,5600.0
2021071404015912,AKJCL,51,48,100,280.0,28000.0
2021071404015911,AKJCL,58,48,62,280.0,17360.0
2021071404016239,AKPL,29,36,"1,000",458.0,458000.0
2021071404016190,AKPL,59,49,100,457.0,45700.0
2021071404016089,AKPL,29,36,500,458.0,229000.0
2021071404015936,AKPL,59,48,150,457.0,68550.0
2021071404015867,AKPL,29,36,500,458.0,229000.0
2021071404016152,API,51,44,500,393.0,196500.0
2021071404016122,API,51,36,100,393.0,39300.0
2021071404016121,API,51,58,64,393.0,25152.0
2021071404016115,API,36,58,50,393.0,19650.0
2021071404016112,API,17,58,386,393.0,151698.0
2021071404016111,API,17,28,114,393.0,44802.0
2021071404015777,API,47,43,"1,000",393.0,393000.0
2021071404015760,API,53,43,100,393.0,39300.0
2021071404015803,API,13,16,200,393.0,78600.0
2021071404015802,API,13,57,299,393.0,117507.0
2021071404015801,API,13,40,50,393.0,19650.0
2021071404015800,API,13,52,100,393.0,39300.0
2021071404015799,API,13,43,25,393.0,9825.0
2021071404015788,API,51,43,200,393.0,78600.0
2021071404015853,API,39,51,74,393.0,29082.0
2021071404015808,API,13,51,126,393.0,49518.0
2021071404015807,API,13,39,60,393.0,23580.0
2021071404015806,API,13,45,30,393.0,11790.0
2021071404015805,API,13,45,60,393.0,23580.0
2021071404015804,API,13,45,50,393.0,19650.0
2021071404015969,API,56,28,100,393.0,39300.0
2021071404015968,API,54,28,500,393.0,196500.0
2021071404015967,API,38,28,256,393.0,100608.0
2021071404015904,API,38,37,474,393.0,186282.0
2021071404015903,API,29,37,400,393.0,157200.0
2021071404015902,API,39,37,126,393.0,49518.0
2021071404016082,API,50,28,10,393.0,3930.0
2021071404016051,API,5,28,10,393.0,3930.0
2021071404016005,API,56,28,500,393.0,196500.0
2021071404015972,API,44,28,300,393.0,117900.0
2021071404015971,API,35,28,10,393.0,3930.0
2021071404015970,API,13,28,200,393.0,78600.0
2021071404016131,BARUN,34,21,10,537.0,5370.0
2021071404016130,BARUN,34,57,100,537.0,53700.0
2021071404015922,BARUN,46,38,800,531.0,424800.0
2021071404015921,BARUN,46,28,79,531.0,41949.0
2021071404015906,BARUN,4,28,500,531.0,265500.0
2021071404016123,BARUN,34,32,347,535.0,185645.0
2021071404015935,BARUN,4,32,53,535.0,28355.0
2021071404015934,BARUN,4,43,437,533.0,232921.0
2021071404015933,BARUN,4,35,10,532.0,5320.0
2021071404016129,BARUN,34,43,50,537.0,26850.0
2021071404016128,BARUN,34,48,100,535.0,53500.0
2021071404016127,BARUN,34,51,101,535.0,54035.0
2021071404016126,BARUN,34,20,75,535.0,40125.0
2021071404016125,BARUN,34,21,11,535.0,5885.0
2021071404016124,BARUN,34,57,50,535.0,26750.0
2021071404016164,BPCL,6,43,305,503.0,153415.0
2021071404016163,BPCL,10,43,50,503.0,25150.0
2021071404016162,BPCL,52,43,200,503.0,100600.0
2021071404016161,BPCL,17,43,335,503.0,168505.0
2021071404016160,BPCL,52,43,240,504.0,120960.0
2021071404015920,BPCL,49,8,15,507.0,7605.0
2021071404015848,BPCL,42,18,100,508.0,50800.0
2021071404015761,BPCL,48,18,100,508.0,50800.0
2021071404016153,BPCL,49,43,240,507.0,121680.0
2021071404016013,BPCL,10,18,50,508.0,25400.0
2021071404015956,BPCL,49,57,45,507.0,22815.0
2021071404016159,BPCL,39,43,30,505.0,15150.0
2021071404016158,BPCL,53,43,50,505.0,25250.0
2021071404016157,BPCL,41,43,400,505.0,202000.0
2021071404016156,BPCL,29,43,500,506.0,253000.0
2021071404016155,BPCL,42,43,50,506.0,25300.0
2021071404016154,BPCL,17,43,100,506.0,50600.0
2021071404016205,CHCL,42,56,10,680.0,6800.0
2021071404016204,CHCL,42,56,311,680.0,211480.0
2021071404015866,CHCL,59,51,30,678.0,20340.0
2021071404015865,CHCL,8,51,55,679.0,37345.0
2021071404016216,CHL,59,58,17,486.0,8262.0
2021071404016106,CHL,58,58,449,486.0,218214.0
2021071404016105,CHL,58,47,51,486.0,24786.0
2021071404016056,CHL,28,58,43,484.0,20812.0
2021071404016055,CHL,25,58,50,484.0,24200.0
2021071404016054,CHL,46,58,500,484.0,242000.0
2021071404016071,CMF1,17,59,"20,000",12.49,249800.0
2021071404015918,CMF1,39,6,900,12.51,11259.0
2021071404016222,DHPL,49,25,193,270.0,52110.0
2021071404016221,DHPL,49,21,181,270.0,48870.0
2021071404016220,DHPL,49,21,10,270.0,2700.0
2021071404016219,DHPL,49,39,500,270.0,135000.0
2021071404016218,DHPL,49,21,26,270.0,7020.0
2021071404016217,DHPL,49,22,160,270.0,43200.0
2021071404015878,DHPL,49,47,30,269.0,8070.0
2021071404015813,DHPL,42,47,70,269.0,18830.0
2021071404015812,DHPL,42,57,30,269.0,8070.0
2021071404016011,EIC,22,57,30,749.0,22470.0
2021071404015826,EIC,38,57,10,749.0,7490.0
2021071404015825,EIC,49,20,40,747.0,29880.0
2021071404016040,GHL,45,6,30,294.0,8820.0
2021071404016010,GHL,53,57,50,295.0,14750.0
2021071404015861,GIC,18,56,50,693.0,34650.0
2021071404016072,GLH,34,14,10,368.0,3680.0
2021071404016043,GLH,34,50,70,368.0,25760.0
2021071404016200,HDHPC,49,38,20,290.0,5800.0
2021071404016198,HDHPC,58,10,420,289.0,121380.0
2021071404016108,HDHPC,58,56,"1,000",289.0,289000.0
2021071404015774,HDHPC,35,58,100,289.0,28900.0
2021071404015773,HDHPC,33,58,500,289.0,144500.0
2021071404015772,HDHPC,45,58,100,289.0,28900.0
2021071404015771,HDHPC,29,58,"1,000",289.0,289000.0
2021071404015770,HDHPC,57,58,200,289.0,57800.0
2021071404015769,HDHPC,59,58,98,289.0,28322.0
2021071404015965,HGI,53,22,10,760.0,7600.0
2021071404016150,HPPL,8,59,10,454.0,4540.0
2021071404016070,HPPL,6,59,300,454.0,136200.0
2021071404016049,HPPL,34,51,206,452.0,93112.0
2021071404016048,HPPL,6,51,400,452.0,180800.0
2021071404016047,HPPL,28,51,250,452.0,113000.0
2021071404016046,HPPL,42,51,34,452.0,15368.0
2021071404015846,HPPL,42,46,46,452.0,20792.0
2021071404015793,HPPL,47,58,50,453.0,22650.0
2021071404016045,HPPL,56,51,100,453.0,45300.0
2021071404016044,HPPL,47,51,10,453.0,4530.0
2021071404015945,HPPL,35,59,"2,000",454.0,908000.0
2021071404015938,HPPL,42,58,400,452.0,180800.0
2021071404015863,HPPL,42,58,20,452.0,9040.0
2021071404015858,HPPL,51,59,50,454.0,22700.0
2021071404016188,HURJA,39,56,10,366.0,3660.0
2021071404015816,IGI,42,49,40,1205.0,48200.0
2021071404016132,JOSHI,34,42,65,286.0,18590.0
2021071404016113,JOSHI,29,45,100,285.0,28500.0
2021071404015999,JOSHI,29,39,100,285.0,28500.0
2021071404015942,JOSHI,29,42,30,285.0,8550.0
2021071404015941,JOSHI,57,42,170,285.0,48450.0
2021071404015888,KKHC,19,1,50,268.0,13400.0
2021071404015887,KKHC,51,1,100,268.0,26800.0
2021071405000015,KLBSL,45,57,45,1711.0,76995.0
2021071405000014,KLBSL,45,45,15,1711.0,25665.0
2021071405000013,KLBSL,45,17,40,1711.0,68440.0
2021071405000012,KLBSL,39,17,10,1716.0,17160.0
2021071405000011,KLBSL,42,17,40,1716.0,68640.0
2021071405000010,KLBSL,42,17,10,1716.0,17160.0
2021071405000003,KLBSL,33,49,50,1725.0,86250.0
2021071405000002,KLBSL,14,14,900,1694.0,1524600.0
2021071405000001,KLBSL,14,14,100,1700.0,170000.0
2021071405000009,KLBSL,42,16,150,1716.0,257400.0
2021071405000008,KLBSL,56,34,21,1720.0,36120.0
2021071405000007,KLBSL,14,55,42,1725.0,72450.0
2021071405000006,KLBSL,14,49,21,1725.0,36225.0
2021071405000005,KLBSL,14,45,10,1720.0,17200.0
2021071405000004,KLBSL,14,34,15,1727.0,25905.0
2021071404015833,KPCL,58,51,160,459.0,73440.0
2021071404015832,KPCL,58,14,200,459.0,91800.0
2021071404015831,KPCL,58,33,18,458.0,8244.0
2021071404015839,KPCL,58,42,50,465.0,23250.0
2021071404015838,KPCL,58,45,100,465.0,46500.0
2021071404015837,KPCL,58,35,10,463.0,4630.0
2021071404015836,KPCL,58,34,307,462.0,141834.0
2021071404015835,KPCL,58,29,500,460.0,230000.0
2021071404015834,KPCL,58,22,100,460.0,46000.0
2021071404015840,KPCL,58,3,55,467.0,25685.0
2021071404016079,LEC,25,58,300,355.0,106500.0
2021071404016078,LEC,25,48,200,355.0,71000.0
2021071404016015,LEC,5,22,40,353.0,14120.0
2021071404015964,LEC,5,45,10,353.0,3530.0
2021071404015955,LEC,5,37,100,353.0,35300.0
2021071404015949,LEC,25,48,500,355.0,177500.0
2021071404015939,LEC,44,48,200,355.0,71000.0
2021071404015864,LEC,25,48,"1,000",355.0,355000.0
2021071404016180,LGIL,49,58,47,770.0,36190.0
2021071404016179,LGIL,49,51,93,770.0,71610.0
2021071404016107,LGIL,57,51,20,770.0,15400.0
2021071404016000,LGIL,34,51,200,770.0,154000.0
2021071404015893,LGIL,49,49,60,769.0,46140.0
2021071404015892,LGIL,25,49,100,769.0,76900.0
2021071404015845,LGIL,28,51,10,770.0,7700.0
2021071404016223,MEN,46,14,20,872.0,17440.0
2021071404016103,MEN,39,21,167,865.0,144455.0
2021071404016102,MEN,46,21,180,866.0,155880.0
2021071404016101,MEN,46,21,45,866.0,38970.0
2021071404015937,MEN,39,14,20,872.0,17440.0
2021071404015823,MEN,46,37,10,866.0,8660.0
2021071404015852,MHNL,22,11,100,338.0,33800.0
2021071404016169,NGPL,38,22,40,521.0,20840.0
2021071404016168,NGPL,38,22,60,523.0,31380.0
2021071404016149,NGPL,38,49,90,523.0,47070.0
2021071404016081,NGPL,38,45,300,523.0,156900.0
2021071404016080,NGPL,38,6,50,523.0,26150.0
2021071404016064,NGPL,38,1,78,521.0,40638.0
2021071404016063,NGPL,34,1,200,521.0,104200.0
2021071404016062,NGPL,28,1,22,521.0,11462.0
2021071404015809,NGPL,38,1,100,524.0,52400.0
2021071404015764,NGPL,47,1,500,524.0,262000.0
2021071404016230,NHDL,48,25,10,449.0,4490.0
2021071404016176,NHPC,36,40,77,310.0,23870.0
2021071404016175,NHPC,36,53,23,310.0,7130.0
2021071404016166,NHPC,58,53,30,310.0,9300.0
2021071404016097,NHPC,38,53,47,310.0,14570.0
2021071404016016,NHPC,53,57,10,311.0,3110.0
2021071404016001,NHPC,26,57,200,311.0,62200.0
2021071404015811,NHPC,34,57,108,310.0,33480.0
2021071404015810,NHPC,34,6,15,310.0,4650.0
2021071404015775,NHPC,51,46,200,310.0,62000.0
2021071404015767,NHPC,52,57,380,311.0,118180.0
2021071404015766,NHPC,52,22,120,311.0,37320.0
2021071404015977,NHPC,38,57,53,310.0,16430.0
2021071404015976,NHPC,34,57,47,310.0,14570.0
2021071404015940,NHPC,34,47,50,310.0,15500.0
2021071404015929,NHPC,34,1,150,310.0,46500.0
2021071404015905,NHPC,34,37,73,310.0,22630.0
2021071404015844,NHPC,34,37,77,310.0,23870.0
2021071404016036,NIBLPF,40,42,"9,582",14.8,141813.6
2021071404016035,NIBLPF,7,42,243,14.8,3596.4
2021071404016034,NIBLPF,55,42,175,14.8,2590.0
2021071404016197,NICL,36,56,74,996.0,73704.0
2021071404016196,NICL,33,56,500,996.0,498000.0
2021071404016195,NICL,17,56,426,997.0,424722.0
2021071404016177,NICL,10,26,20,1000.0,20000.0
2021071404016143,NICL,17,56,74,997.0,73778.0
2021071404016142,NICL,5,56,50,997.0,49850.0
2021071404015795,NICL,8,49,71,998.0,70858.0
2021071404016135,NICL,26,56,50,999.0,49950.0
2021071404016134,NICL,35,56,50,999.0,49950.0
2021071404015919,NICL,38,6,62,998.0,61876.0
2021071404015910,NICL,26,6,100,998.0,99800.0
2021071404015898,NICL,8,6,118,998.0,117764.0
2021071404015897,NICL,17,6,220,999.0,219780.0
2021071404016141,NICL,44,56,300,997.0,299100.0
2021071404016140,NICL,57,56,100,997.0,99700.0
2021071404016139,NICL,19,56,10,997.0,9970.0
2021071404016138,NICL,21,56,100,997.0,99700.0
2021071404016137,NICL,8,56,216,997.0,215352.0
2021071404016136,NICL,47,56,50,998.0,49900.0
2021071404016042,NIL,48,55,50,1359.0,67950.0
2021071404016170,NLG,29,41,10,1208.0,12080.0
2021071404015877,NLG,34,22,20,1206.0,24120.0
2021071404015778,NLG,34,13,150,1206.0,180900.0
2021071404015776,NLG,45,13,50,1206.0,60300.0
2021071404016018,NLG,54,41,65,1208.0,78520.0
2021071404015959,NLG,44,49,66,1206.0,79596.0
2021071404015958,NLG,34,49,30,1206.0,36180.0
2021071404016228,OHL,49,39,10,670.0,6700.0
2021071404016017,OHL,49,39,10,670.0,6700.0
2021071404015973,OHL,49,39,10,670.0,6700.0
2021071404015928,OHL,49,39,32,670.0,21440.0
2021071404015894,OHL,1,43,22,665.0,14630.0
2021071404015952,PIC,55,53,100,1170.0,117000.0
2021071404015817,PIC,50,53,10,1170.0,11700.0
2021071404015815,PICL,14,38,10,810.0,8100.0
2021071404015814,PICL,46,38,64,810.0,51840.0
2021071404015792,PMHPL,50,55,115,288.0,33120.0
2021071404015990,PPCL,48,38,20,357.0,7140.0
2021071404015989,PPCL,48,50,20,357.0,7140.0
2021071404016095,PRIN,38,40,50,940.0,47000.0
2021071404016094,PRIN,45,40,200,940.0,188000.0
2021071404016093,PRIN,13,40,50,940.0,47000.0
2021071404016092,PRIN,38,40,200,940.0,188000.0
2021071404016091,PRIN,52,40,30,940.0,28200.0
2021071404016090,PRIN,38,40,76,940.0,71440.0
2021071404015851,PRIN,38,40,500,941.0,470500.0
2021071404015850,PRIN,4,40,200,941.0,188200.0
2021071404015849,PRIN,38,40,50,941.0,47050.0
2021071404015779,PRIN,42,40,50,943.0,47150.0
2021071404016085,RADHI,42,34,170,750.0,127500.0
2021071404015957,RADHI,22,34,10,750.0,7500.0
2021071404015950,RADHI,10,34,20,750.0,15000.0
2021071404015948,RADHI,36,34,15,750.0,11250.0
2021071404015759,RADHI,34,34,120,750.0,90000.0
2021071404016114,RBCL,58,35,30,21580.0,647400.0
2021071404016235,RHPC,58,1,100,560.0,56000.0
2021071404016210,RHPC,58,1,35,560.0,19600.0
2021071404016209,RHPC,58,58,40,556.0,22240.0
2021071404016202,RHPC,58,58,10,556.0,5560.0
2021071404016201,RHPC,4,58,50,559.0,27950.0
2021071404016098,RHPC,10,47,50,559.0,27950.0
2021071404016207,RHPL,32,49,120,464.0,55680.0
2021071404016206,RHPL,13,48,500,463.0,231500.0
2021071404016181,RHPL,51,49,100,464.0,46400.0
2021071404016178,RHPL,33,14,35,463.0,16205.0
2021071404016151,RHPL,33,51,30,463.0,13890.0
2021071404016118,RHPL,33,14,20,463.0,9260.0
2021071404015879,RHPL,35,51,12,463.0,5556.0
2021071404015875,RHPL,28,14,15,462.0,6930.0
2021071404015874,RHPL,38,14,55,462.0,25410.0
2021071404015860,RHPL,38,45,195,462.0,90090.0
2021071404015859,RHPL,42,45,305,462.0,140910.0
2021071404015783,RHPL,42,52,80,462.0,36960.0
2021071404015885,RHPL,35,57,58,463.0,26854.0
2021071404015884,RHPL,35,57,50,463.0,23150.0
2021071404015883,RHPL,35,33,100,463.0,46300.0
2021071404015882,RHPL,35,14,100,463.0,46300.0
2021071404015881,RHPL,35,33,100,463.0,46300.0
2021071404015880,RHPL,35,57,80,463.0,37040.0
2021071404015931,RHPL,35,56,250,463.0,115750.0
2021071404015930,RHPL,35,44,32,463.0,14816.0
2021071404015926,RHPL,45,44,68,463.0,31484.0
2021071404015925,RHPL,45,57,32,463.0,14816.0
2021071404015917,RHPL,28,45,50,462.0,23100.0
2021071404015889,RHPL,42,57,10,463.0,4630.0
2021071404016117,RHPL,55,14,30,463.0,13890.0
2021071404016116,RHPL,44,14,50,463.0,23150.0
2021071404016039,RHPL,35,49,500,464.0,232000.0
2021071404016006,RHPL,44,6,50,463.0,23150.0
2021071404015974,RHPL,44,58,200,463.0,92600.0
2021071404015932,RHPL,35,49,218,464.0,101152.0
2021071404016100,RRHP,58,26,100,393.0,39300.0
2021071404016088,RRHP,52,57,175,391.0,68425.0
2021071404016087,RRHP,34,57,25,392.0,9800.0
2021071404016086,RRHP,51,57,100,392.0,39200.0
2021071404015991,RRHP,58,26,100,393.0,39300.0
2021071404015843,RRHP,51,33,100,392.0,39200.0
2021071404015842,RRHP,54,33,141,392.0,55272.0
2021071404015798,RRHP,49,26,50,393.0,19650.0
2021071404016096,SFMF,20,42,100,15.95,1595.0
2021071404016014,SGI,49,37,40,724.0,28960.0
2021071404015873,SHL,26,4,900,268.0,241200.0
2021071404015872,SHL,41,4,300,268.0,80400.0
2021071404015871,SHL,59,4,200,268.0,53600.0
2021071404015870,SHL,35,4,100,268.0,26800.0
2021071404015862,SHL,57,48,250,269.0,67250.0
2021071404016194,SHPC,45,48,301,501.0,150801.0
2021071404016193,SHPC,49,48,30,501.0,15030.0
2021071404016192,SHPC,42,48,169,501.0,84669.0
2021071404016069,SIC,17,34,10,1347.0,13470.0
2021071404015954,SICL,14,42,78,1963.0,153114.0
2021071404015953,SICL,14,22,22,1960.0,43120.0
2021071404016237,SIL,44,35,13,1055.0,13715.0
2021071404016236,SIL,44,42,22,1050.0,23100.0
2021071404016215,SJCL,28,6,150,443.0,66450.0
2021071404016144,SJCL,28,40,10,443.0,4430.0
2021071404016033,SJCL,34,25,77,445.0,34265.0
2021071404016032,SJCL,34,57,60,445.0,26700.0
2021071404016031,SJCL,34,54,20,445.0,8900.0
2021071404016030,SJCL,34,8,45,445.0,20025.0
2021071404015982,SJCL,28,29,100,442.0,44200.0
2021071404015975,SJCL,53,34,40,442.0,17680.0
2021071404015890,SJCL,21,16,60,443.0,26580.0
2021071404015821,SJCL,21,14,40,442.0,17680.0
2021071404015988,SJCL,28,40,10,443.0,4430.0
2021071404015987,SJCL,28,57,40,443.0,17720.0
2021071404015986,SJCL,28,11,50,443.0,22150.0
2021071404015985,SJCL,28,21,140,443.0,62020.0
2021071404015984,SJCL,28,16,140,443.0,62020.0
2021071404015983,SJCL,28,34,10,442.0,4420.0
2021071404016023,SJCL,34,11,100,444.0,44400.0
2021071404016022,SJCL,34,57,100,444.0,44400.0
2021071404016021,SJCL,34,51,40,444.0,17760.0
2021071404016020,SJCL,34,49,23,444.0,10212.0
2021071404016019,SJCL,34,55,40,444.0,17760.0
2021071404015992,SJCL,28,21,10,443.0,4430.0
2021071404016029,SJCL,34,10,100,445.0,44500.0
2021071404016028,SJCL,34,58,40,445.0,17800.0
2021071404016027,SJCL,34,25,30,445.0,13350.0
2021071404016026,SJCL,34,43,260,445.0,115700.0
2021071404016025,SJCL,34,20,25,445.0,11125.0
2021071404016024,SJCL,34,57,40,444.0,17760.0
2021071404016232,SPDL,56,40,100,434.0,43400.0
2021071404016231,SPDL,22,40,50,434.0,21700.0
2021071404016224,SPDL,22,42,50,434.0,21700.0
2021071404016199,SPDL,21,50,50,435.0,21750.0
2021071404016077,SPDL,14,28,"1,015",436.0,442540.0
2021071404016076,SPDL,14,32,700,435.0,304500.0
2021071404015789,SPDL,50,48,20,434.0,8680.0
2021071404016075,SPDL,14,47,50,435.0,21750.0
2021071404016074,SPDL,14,54,200,435.0,87000.0
2021071404016073,SPDL,14,57,35,435.0,15225.0
2021071404015923,SPDL,21,57,400,435.0,174000.0
2021071404015901,SPDL,45,57,150,435.0,65250.0
2021071404015790,SPDL,50,57,80,435.0,34800.0
2021071404016191,SSHL,44,54,200,330.0,66000.0
2021071404016146,SSHL,20,45,357,329.0,117453.0
2021071404016145,SSHL,20,43,54,329.0,17766.0
2021071404016050,SSHL,49,43,40,329.0,13160.0
2021071404016009,SSHL,32,45,84,328.0,27552.0
2021071404016008,SSHL,6,45,16,328.0,5248.0
2021071404015943,STC,42,45,10,9762.0,97620.0
2021071404015847,STC,38,42,10,9762.0,97620.0
2021071404015797,TRH,45,43,50,407.0,20350.0
2021071404016187,UIC,42,25,200,714.0,142800.0
2021071404016186,UIC,26,25,200,714.0,142800.0
2021071404016185,UIC,34,25,100,714.0,71400.0
2021071404016184,UIC,22,25,200,715.0,143000.0
2021071404016183,UIC,34,25,100,716.0,71600.0
2021071404016182,UIC,7,25,100,716.0,71600.0
2021071404016041,UIC,52,53,75,717.0,53775.0
2021071404015869,UIC,33,53,15,717.0,10755.0
2021071404015868,UIC,33,51,285,716.0,204060.0
2021071404016242,UMHL,42,14,24,382.0,9168.0
2021071404016241,UMHL,57,14,66,382.0,25212.0
2021071404016133,UMHL,57,34,200,382.0,76400.0
2021071404015785,UMHL,47,37,200,382.0,76400.0
2021071404015784,UMHL,35,37,30,382.0,11460.0
2021071404015768,UMHL,58,25,"1,000",382.0,382000.0
2021071404015856,UMHL,52,55,20,382.0,7640.0
2021071404015855,UMHL,46,55,200,382.0,76400.0
2021071404015854,UMHL,17,55,980,382.0,374360.0
2021071404015819,UMHL,17,36,20,382.0,7640.0
2021071404015818,UMHL,13,36,30,382.0,11460.0
2021071404015786,UMHL,13,37,70,382.0,26740.0
2021071404015915,UMHL,58,3,710,383.0,271930.0
2021071404015909,UMHL,58,51,100,383.0,38300.0
2021071404015908,UMHL,58,38,110,383.0,42130.0
2021071404015907,UMHL,58,52,80,383.0,30640.0
2021071404015891,UMHL,52,39,138,382.0,52716.0
2021071404015886,UMHL,52,38,78,382.0,29796.0
2021071404015980,UMHL,37,59,50,381.0,19050.0
2021071404015979,UMHL,49,59,100,381.0,38100.0
2021071404015978,UMHL,6,59,229,383.0,87707.0
2021071404015944,UMHL,59,38,"1,000",383.0,383000.0
2021071404015927,UMHL,6,3,271,382.0,103522.0
2021071404015916,UMHL,52,3,19,382.0,7258.0
2021071404016104,UMHL,57,35,34,382.0,12988.0
2021071404016053,UMHL,39,44,172,384.0,66048.0
2021071404016052,UMHL,39,28,328,384.0,125952.0
2021071404016012,UMHL,45,28,50,384.0,19200.0
2021071404016004,UMHL,57,51,200,382.0,76400.0
2021071404015981,UMHL,6,59,621,381.0,236601.0
2021071404016174,UMRH,7,49,50,473.0,23650.0
2021071404016173,UMRH,7,29,15,473.0,7095.0
2021071404016172,UMRH,7,57,10,473.0,4730.0
2021071404016171,UMRH,7,13,10,473.0,4730.0
2021071404015824,UMRH,6,7,300,468.0,140400.0
2021071404016038,UMRH,7,49,10,470.0,4700.0
2021071404016037,UMRH,7,52,20,470.0,9400.0
2021071404016165,UNHPL,25,51,37,361.0,13357.0
2021071404016148,UNHPL,25,49,70,361.0,25270.0
2021071404016120,UNHPL,25,51,391,361.0,141151.0
2021071404016119,UNHPL,36,51,100,363.0,36300.0
2021071404015857,UNHPL,58,51,50,365.0,18250.0
2021071404016240,UPCL,45,5,390,303.0,118170.0
2021071404016238,UPCL,34,5,10,303.0,3030.0
2021071404016229,UPCL,3,5,10,303.0,3030.0
2021071404016225,UPCL,56,29,50,302.0,15100.0
2021071404016189,UPCL,39,5,500,303.0,151500.0
2021071404016147,UPCL,7,5,100,303.0,30300.0
2021071404015829,UPCL,56,45,50,302.0,15100.0
2021071404015828,UPCL,56,57,100,302.0,30200.0
2021071404015827,UPCL,56,47,626,302.0,189052.0
2021071404015796,UPCL,14,47,70,302.0,21140.0
2021071404015993,UPCL,45,11,190,303.0,57570.0
2021071404015963,UPCL,56,11,160,303.0,48480.0
2021071404015962,UPCL,56,51,190,303.0,57570.0
2021071404015947,UPCL,7,51,10,303.0,3030.0
2021071404015841,UPCL,56,34,100,302.0,30200.0
2021071404016109,UPCL,56,58,200,302.0,60400.0
2021071404015998,UPCL,45,5,530,303.0,160590.0
2021071404015997,UPCL,45,8,50,303.0,15150.0
2021071404015996,UPCL,45,58,15,303.0,4545.0
2021071404015995,UPCL,45,10,140,303.0,42420.0
2021071404015994,UPCL,45,45,75,303.0,22725.0
2021071404016227,UPPER,10,53,10,693.0,6930.0
2021071404016226,UPPER,10,26,172,693.0,119196.0
2021071404016211,UPPER,52,26,10,693.0,6930.0
2021071404016208,UPPER,3,14,40,692.0,27680.0
2021071404016167,UPPER,3,26,50,693.0,34650.0
2021071404016099,UPPER,14,26,50,693.0,34650.0
2021071404015794,UPPER,57,14,20,693.0,13860.0
2021071404015782,UPPER,55,14,10,693.0,6930.0
2021071404015781,UPPER,29,14,55,693.0,38115.0
2021071404015780,UPPER,53,14,59,693.0,40887.0
2021071404015830,UPPER,7,26,10,695.0,6950.0
2021071404015822,UPPER,52,26,10,695.0,6950.0
2021071404015820,UPPER,10,49,500,694.0,347000.0
2021071404015961,UPPER,22,26,50,693.0,34650.0
2021071404015960,UPPER,10,26,375,694.0,260250.0
2021071404015951,UPPER,10,19,150,694.0,104100.0
2021071404015900,UPPER,58,19,50,694.0,34700.0
2021071404015899,UPPER,58,58,50,693.0,34650.0
2021071404016061,UPPER,56,49,452,691.0,312332.0
2021071404016060,UPPER,16,49,51,691.0,35241.0
2021071404016059,UPPER,35,49,500,691.0,345500.0
2021071404016058,UPPER,35,49,200,692.0,138400.0
2021071404016057,UPPER,51,49,100,692.0,69200.0
2021071404016007,UPPER,42,26,100,693.0,69300.0
2021071404015757,AHPC,34,3,500,465.0,232500.0
2021071404015744,AHPC,56,57,82,466.0,38212.0
2021071404015743,AHPC,56,49,50,466.0,23300.0
2021071404015742,AHPC,56,53,50,466.0,23300.0
2021071404015741,AHPC,56,53,57,466.0,26562.0
2021071404015740,AHPC,56,52,100,466.0,46600.0
2021071404015327,AHPC,13,26,50,465.0,23250.0
2021071404015260,AHPC,56,26,200,465.0,93000.0
2021071404015259,AHPC,40,26,286,465.0,132990.0
2021071404015258,AHPC,40,6,200,465.0,93000.0
2021071404015517,AHPC,42,51,139,466.0,64774.0
2021071404015349,AHPC,59,51,200,466.0,93200.0
2021071404015348,AHPC,59,58,50,465.0,23250.0
2021071404015347,AHPC,59,45,300,465.0,139500.0
2021071404015346,AHPC,59,26,464,465.0,215760.0
2021071404015333,AHPC,42,26,500,465.0,232500.0
2021071404015739,AHPC,56,43,100,466.0,46600.0
2021071404015738,AHPC,56,51,561,466.0,261426.0
2021071404015711,AHPC,19,51,100,466.0,46600.0
2021071404015594,AHPC,19,51,100,466.0,46600.0
2021071404015547,AHPC,34,54,500,465.0,232500.0
2021071404015537,AHPC,47,51,500,466.0,233000.0
2021071404015504,AIL,17,10,25,815.0,20375.0
2021071404015503,AIL,16,10,20,815.0,16300.0
2021071404015502,AIL,26,10,20,815.0,16300.0
2021071404015478,AIL,26,51,10,815.0,8150.0
2021071404015281,AIL,36,10,10,816.0,8160.0
2021071404015708,AKJCL,58,17,20,280.0,5600.0
2021071404015548,AKJCL,58,36,100,280.0,28000.0
2021071404015678,AKPL,59,17,500,457.0,228500.0
2021071404015557,AKPL,3,36,300,458.0,137400.0
2021071404015498,AKPL,45,36,"1,000",458.0,458000.0
2021071404015489,AKPL,21,36,"1,000",458.0,458000.0
2021071404015484,AKPL,50,36,130,458.0,59540.0
2021071404015461,AKPL,49,36,"2,184",458.0,1000272.0
2021071404015267,AKPL,59,32,300,457.0,137100.0
2021071404015266,AKPL,57,44,200,457.0,91400.0
2021071404015442,AKPL,49,50,216,458.0,98928.0
2021071404015437,AKPL,59,25,550,457.0,251350.0
2021071404015271,AKPL,59,4,50,457.0,22850.0
2021071404015270,AKPL,59,39,200,457.0,91400.0
2021071404015269,AKPL,59,25,20,457.0,9140.0
2021071404015268,AKPL,59,48,110,457.0,50270.0
2021071404015448,AKPL,49,6,"2,000",458.0,916000.0
2021071404015447,AKPL,49,21,100,458.0,45800.0
2021071404015446,AKPL,49,13,100,458.0,45800.0
2021071404015445,AKPL,49,33,20,458.0,9160.0
2021071404015444,AKPL,49,49,200,458.0,91600.0
2021071404015443,AKPL,49,22,180,458.0,82440.0
2021071404015729,API,16,16,20,392.0,7840.0
2021071404015720,API,50,43,"1,000",393.0,393000.0
2021071404015676,API,29,43,500,393.0,196500.0
2021071404015516,API,26,43,175,393.0,68775.0
2021071404015515,API,26,39,25,393.0,9825.0
2021071404015490,API,8,57,"1,000",393.0,393000.0
2021071404015350,API,38,29,100,391.0,39100.0
2021071404015312,API,38,38,10,391.0,3910.0
2021071404015311,API,38,1,260,391.0,101660.0
2021071404015308,API,8,1,600,391.0,234600.0
2021071404015263,API,58,1,100,391.0,39100.0
2021071404015467,API,16,33,430,392.0,168560.0
2021071404015396,API,8,33,70,392.0,27440.0
2021071404015395,API,8,21,50,392.0,19600.0
2021071404015394,API,8,34,100,392.0,39200.0
2021071404015393,API,8,25,501,392.0,196392.0
2021071404015392,API,8,35,279,392.0,109368.0
2021071404015677,BARUN,22,58,179,531.0,95049.0
2021071404015370,BARUN,6,58,29,529.0,15341.0
2021071404015366,BARUN,46,35,90,532.0,47880.0
2021071404015365,BARUN,46,34,723,532.0,384636.0
2021071404015364,BARUN,46,17,487,531.0,258597.0
2021071404015274,BARUN,51,17,13,531.0,6903.0
2021071404015273,BARUN,51,17,487,531.0,258597.0
2021071404015719,BPCL,49,21,200,507.0,101400.0
2021071404015699,BPCL,57,34,20,509.0,10180.0
2021071404015497,BPCL,17,57,55,508.0,27940.0
2021071404015301,BPCL,47,49,100,509.0,50900.0
2021071404015471,BPCL,48,34,218,509.0,110962.0
2021071404015470,BPCL,48,34,100,509.0,50900.0
2021071404015469,BPCL,48,4,42,509.0,21378.0
2021071404015468,BPCL,48,49,140,509.0,71260.0
2021071404015353,BPCL,17,38,30,508.0,15240.0
2021071404015756,CHCL,58,45,10,677.0,6770.0
2021071404015755,CHCL,10,45,15,677.0,10155.0
2021071404015754,CHCL,49,45,25,678.0,16950.0
2021071404015753,CHCL,58,45,40,678.0,27120.0
2021071404015752,CHCL,39,45,10,679.0,6790.0
2021071404015698,CHCL,5,56,500,680.0,340000.0
2021071404015434,CHCL,39,56,130,679.0,88270.0
2021071404015316,CHCL,57,56,100,679.0,67900.0
2021071404015282,CHCL,45,56,270,679.0,183330.0
2021071404015280,CHCL,45,26,200,679.0,135800.0
2021071404015576,CHCL,32,37,365,680.0,248200.0
2021071404015575,CHCL,32,49,100,680.0,68000.0
2021071404015561,CHCL,39,34,400,679.0,271600.0
2021071404015512,CHCL,3,16,150,678.0,101700.0
2021071404015511,CHCL,45,16,100,678.0,67800.0
2021071404015435,CHCL,39,34,100,679.0,67900.0
2021071404015697,CHCL,32,56,"3,189",680.0,2168520.0
2021071404015650,CHCL,32,53,100,680.0,68000.0
2021071404015616,CHCL,32,53,500,680.0,340000.0
2021071404015579,CHCL,32,26,50,680.0,34000.0
2021071404015578,CHCL,32,52,196,680.0,133280.0
2021071404015577,CHCL,32,26,500,680.0,340000.0
2021071404015615,CHL,38,14,50,483.0,24150.0
2021071404015614,CHL,58,14,450,483.0,217350.0
2021071404015555,CHL,58,4,500,483.0,241500.0
2021071404015542,CHL,58,58,50,483.0,24150.0
2021071404015536,CHL,26,58,250,483.0,120750.0
2021071404015535,CHL,41,58,"1,000",483.0,483000.0
2021071404015321,CHL,54,4,100,484.0,48400.0
2021071404015320,CHL,17,4,100,484.0,48400.0
2021071404015319,CHL,34,4,225,485.0,109125.0
2021071404015302,CHL,34,58,90,485.0,43650.0
2021071404015278,CHL,6,58,50,485.0,24250.0
2021071404015277,CHL,58,58,860,485.0,417100.0
2021071404015534,CHL,58,58,200,483.0,96600.0
2021071404015533,CHL,56,58,500,483.0,241500.0
2021071404015330,CHL,58,58,"1,000",484.0,484000.0
2021071404015329,CHL,34,58,50,484.0,24200.0
2021071404015328,CHL,40,58,357,484.0,172788.0
2021071404015322,CHL,40,4,205,484.0,99220.0
2021071404015714,CMF1,54,6,"49,500",12.51,619245.0
2021071404015713,CMF1,3,6,"2,100",12.52,26292.0
2021071404015712,DHPL,20,58,146,268.0,39128.0
2021071404015674,DHPL,20,6,160,268.0,42880.0
2021071404015673,DHPL,10,6,340,268.0,91120.0
2021071404015389,EIC,57,25,24,745.0,17880.0
2021071404015388,EIC,57,25,50,745.0,37250.0
2021071404015387,EIC,59,25,10,745.0,7450.0
2021071404015386,EIC,50,25,50,745.0,37250.0
2021071404015385,EIC,26,25,10,745.0,7450.0
2021071404015384,EIC,32,25,100,745.0,74500.0
2021071404015383,EIC,40,25,86,745.0,64070.0
2021071404015382,EIC,21,25,30,746.0,22380.0
2021071404015381,EIC,35,25,50,746.0,37300.0
2021071404015380,EIC,18,25,50,746.0,37300.0
2021071404015379,EIC,49,25,40,746.0,29840.0
2021071404015707,GHL,19,46,100,294.0,29400.0
2021071404015706,GHL,17,46,500,294.0,147000.0
2021071404015705,GHL,57,46,300,294.0,88200.0
2021071404015704,GHL,55,46,100,294.0,29400.0
2021071404015344,GHL,36,57,110,295.0,32450.0
2021071404015518,GIC,8,45,10,692.0,6920.0
2021071404015264,GIMES1,47,14,"5,000",19.96,99800.0
2021071404015710,GLH,56,1,500,368.0,184000.0
2021071404015709,GLH,56,47,100,368.0,36800.0
2021071404015574,GLH,38,6,20,367.0,7340.0
2021071404015543,GLH,26,6,30,367.0,11010.0
2021071404015715,HDHPC,29,38,50,290.0,14500.0
2021071404015683,HDHPC,29,38,380,290.0,110200.0
2021071404015682,HDHPC,29,22,100,290.0,29000.0
2021071404015681,HDHPC,29,55,20,290.0,5800.0
2021071404015679,HDHPC,59,56,300,289.0,86700.0
2021071404015645,HDHPC,51,55,80,290.0,23200.0
2021071404015580,HDHPC,45,14,50,290.0,14500.0
2021071404015415,HDHPC,34,14,50,290.0,14500.0
2021071404015411,HDHPC,59,46,102,289.0,29478.0
2021071404015410,HDHPC,46,46,54,289.0,15606.0
2021071404015298,HDHPC,46,39,75,289.0,21675.0
2021071404015297,HDHPC,46,22,300,289.0,86700.0
2021071404015603,HDHPC,40,21,200,290.0,58000.0
2021071404015602,HDHPC,40,47,40,290.0,11600.0
2021071404015601,HDHPC,40,32,21,290.0,6090.0
2021071404015600,HDHPC,40,51,20,290.0,5800.0
2021071404015599,HDHPC,40,14,77,290.0,22330.0
2021071404015590,HDHPC,59,5,500,289.0,144500.0
2021071404015644,HDHPC,51,14,100,290.0,29000.0
2021071404015643,HDHPC,51,48,70,290.0,20300.0
2021071404015607,HDHPC,40,48,130,290.0,37700.0
2021071404015606,HDHPC,40,32,300,290.0,87000.0
2021071404015605,HDHPC,40,32,12,290.0,3480.0
2021071404015604,HDHPC,40,57,200,290.0,58000.0
2021071404015646,HPPL,8,59,25,454.0,11350.0
2021071404015618,HPPL,57,59,221,454.0,100334.0
2021071404015617,HPPL,57,59,185,454.0,83990.0
2021071404015608,HPPL,57,54,200,454.0,90800.0
2021071404015556,HPPL,13,5,50,455.0,22750.0
2021071404015553,HPPL,57,42,50,454.0,22700.0
2021071404015283,HPPL,35,42,64,454.0,29056.0
2021071404015520,HPPL,57,39,65,454.0,29510.0
2021071404015519,HPPL,49,39,580,454.0,263320.0
2021071404015345,HPPL,49,6,10,454.0,4540.0
2021071404015286,HPPL,42,42,100,454.0,45400.0
2021071404015285,HPPL,38,42,50,454.0,22700.0
2021071404015284,HPPL,56,42,10,454.0,4540.0
2021071404015546,HURJA,4,32,100,365.0,36500.0
2021071404015356,HURJA,13,10,100,366.0,36600.0
2021071404015675,IGI,19,34,100,1207.0,120700.0
2021071404015477,JOSHI,48,42,20,286.0,5720.0
2021071404015402,JOSHI,57,34,30,285.0,8550.0
2021071404015701,KEF,29,58,200,10.08,2016.0
2021071404015721,KKHC,42,1,360,270.0,97200.0
2021071404015480,KKHC,51,42,100,268.0,26800.0
2021071404015735,KPCL,38,33,50,458.0,22900.0
2021071404015734,KPCL,38,33,50,458.0,22900.0
2021071404015733,KPCL,33,33,82,458.0,37556.0
2021071404015296,KPCL,33,13,378,458.0,173124.0
2021071404015295,KPCL,33,13,190,458.0,87020.0
2021071404015432,KPCL,33,6,10,458.0,4580.0
2021071404015398,KPCL,33,49,20,458.0,9160.0
2021071404015457,KPCL,33,4,10,458.0,4580.0
2021071404015596,LEC,5,4,10,353.0,3530.0
2021071404015595,LEC,5,55,402,353.0,141906.0
2021071404015551,LEC,46,55,200,353.0,70600.0
2021071404015505,LEC,38,55,28,353.0,9884.0
2021071404015419,LEC,35,55,30,353.0,10590.0
2021071404015418,LEC,34,55,500,353.0,176500.0
2021071404015417,LEC,38,55,40,353.0,14120.0
2021071404015309,LEC,29,48,500,355.0,177500.0
2021071404015736,LEMF,53,34,100,14.2,1420.0
2021071404015456,LGIL,25,34,100,769.0,76900.0
2021071404015290,LGIL,17,33,224,768.0,172032.0
2021071404015289,LGIL,35,33,20,768.0,15360.0
2021071404015288,LGIL,57,33,16,768.0,12288.0
2021071404015287,LGIL,43,33,200,768.0,153600.0
2021071404015613,MHNL,22,39,100,336.0,33600.0
2021071404015649,NEF,58,42,"5,000",14.47,72350.0
2021071404015648,NEF,58,42,"4,500",14.47,65115.0
2021071404015619,NEF,58,49,500,14.47,7235.0
2021071404015416,NGPL,38,36,34,525.0,17850.0
2021071404015341,NGPL,40,18,14,525.0,7350.0
2021071404015340,NGPL,40,49,20,525.0,10500.0
2021071404015732,NHPC,34,22,680,311.0,211480.0
2021071404015731,NHPC,34,1,50,311.0,15550.0
2021071404015730,NHPC,34,38,470,311.0,146170.0
2021071404015724,NHPC,46,38,65,311.0,20215.0
2021071404015722,NHPC,59,38,100,311.0,31100.0
2021071404015593,NHPC,6,38,25,311.0,7775.0
2021071404015343,NHPC,53,58,100,311.0,31100.0
2021071404015323,NHPC,38,58,190,311.0,59090.0
2021071404015299,NHPC,38,44,10,311.0,3110.0
2021071404015279,NHPC,57,8,200,310.0,62000.0
2021071404015563,NHPC,57,42,72,310.0,22320.0
2021071404015455,NHPC,59,38,200,311.0,62200.0
2021071404015454,NHPC,45,38,140,311.0,43540.0
2021071404015439,NHPC,45,34,150,311.0,46650.0
2021071404015438,NHPC,45,58,210,311.0,65310.0
2021071404015430,NHPC,57,38,"1,000",310.0,310000.0
2021071404015569,NHPC,57,42,100,310.0,31000.0
2021071404015568,NHPC,48,42,100,310.0,31000.0
2021071404015567,NHPC,34,42,500,310.0,155000.0
2021071404015566,NHPC,48,42,100,310.0,31000.0
2021071404015565,NHPC,58,42,20,310.0,6200.0
2021071404015564,NHPC,49,42,100,310.0,31000.0
2021071404015292,NIBSF1,19,28,400,14.36,5744.0
2021071404015361,NICGF,49,42,100,15.3,1530.0
2021071404015687,NICL,26,26,139,1000.0,139000.0
2021071404015686,NICL,26,36,100,1000.0,100000.0
2021071404015685,NICL,26,51,180,1000.0,180000.0
2021071404015636,NICL,8,56,11,998.0,10978.0
2021071404015635,NICL,34,56,500,998.0,499000.0
2021071404015634,NICL,32,56,100,998.0,99800.0
2021071404015621,NICL,56,56,200,999.0,199800.0
2021071404015620,NICL,53,56,100,999.0,99900.0
2021071404015499,NICL,6,51,20,1000.0,20000.0
2021071404015449,NICL,19,51,25,1000.0,25000.0
2021071404015369,NICL,14,51,100,1000.0,100000.0
2021071404015313,NICL,56,51,80,1000.0,80000.0
2021071404015627,NICL,49,56,50,998.0,49900.0
2021071404015626,NICL,14,56,300,998.0,299400.0
2021071404015625,NICL,45,56,10,999.0,9990.0
2021071404015624,NICL,37,56,100,999.0,99900.0
2021071404015623,NICL,29,56,500,999.0,499500.0
2021071404015622,NICL,58,56,34,999.0,33966.0
2021071404015633,NICL,45,56,100,998.0,99800.0
2021071404015632,NICL,8,56,100,998.0,99800.0
2021071404015631,NICL,47,56,15,998.0,14970.0
2021071404015630,NICL,49,56,100,998.0,99800.0
2021071404015629,NICL,58,56,80,998.0,79840.0
2021071404015628,NICL,56,56,200,998.0,199600.0
2021071404015745,NIL,6,59,20,1357.0,27140.0
2021071404015544,NIL,57,59,10,1357.0,13570.0
2021071404015463,NIL,42,6,210,1356.0,284760.0
2021071404015294,NIL,42,6,80,1356.0,108480.0
2021071404015702,NLG,50,44,580,1206.0,699480.0
2021071404015560,NLG,43,44,45,1206.0,54270.0
2021071404015528,NLG,57,44,50,1206.0,60300.0
2021071404015275,NLG,33,44,25,1206.0,30150.0
2021071404015317,NLG,29,44,50,1206.0,60300.0
2021071404015262,OHL,58,44,636,661.0,420396.0
2021071404015737,PIC,16,53,33,1170.0,38610.0
2021071404015661,PIC,16,53,85,1166.0,99110.0
2021071404015660,PIC,38,53,100,1166.0,116600.0
2021071404015659,PIC,49,53,10,1166.0,11660.0
2021071404015658,PIC,32,53,50,1167.0,58350.0
2021071404015657,PIC,33,53,50,1167.0,58350.0
2021071404015479,PIC,49,53,20,1170.0,23400.0
2021071404015397,PIC,39,53,80,1170.0,93600.0
2021071404015656,PIC,32,53,10,1167.0,11670.0
2021071404015655,PIC,41,53,50,1167.0,58350.0
2021071404015654,PIC,58,53,10,1168.0,11680.0
2021071404015653,PIC,55,53,25,1168.0,29200.0
2021071404015652,PIC,1,53,100,1169.0,116900.0
2021071404015651,PIC,50,53,10,1169.0,11690.0
2021071404015261,PICL,4,35,36,813.0,29268.0
2021071404015562,PMHPL,50,17,35,287.0,10045.0
2021071404015524,PMHPL,49,6,10,286.0,2860.0
2021071404015700,PPCL,19,6,10,355.0,3550.0
2021071404015589,PPCL,32,50,370,357.0,132090.0
2021071404015588,PPCL,32,54,20,356.0,7120.0
2021071404015488,PPCL,37,54,80,356.0,28480.0
2021071404015598,PRIN,45,40,40,943.0,37720.0
2021071404015355,PRIN,59,58,100,944.0,94400.0
2021071404015552,RADHI,6,34,220,751.0,165220.0
2021071404015510,RADHI,6,16,180,751.0,135180.0
2021071404015487,RADHI,6,16,400,751.0,300400.0
2021071404015460,RADHI,39,8,70,748.0,52360.0
2021071404015459,RADHI,58,8,30,748.0,22440.0
2021071404015458,RADHI,8,16,220,751.0,165220.0
2021071404015362,RADHI,25,36,70,750.0,52500.0
2021071404015647,RBCL,58,32,30,21580.0,647400.0
2021071404015641,RHPC,10,33,16,560.0,8960.0
2021071404015527,RHPC,40,56,85,558.0,47430.0
2021071404015453,RHPC,40,22,465,558.0,259470.0
2021071404015452,RHPC,40,22,35,558.0,19530.0
2021071404015696,RHPL,42,39,200,462.0,92400.0
2021071404015638,RHPL,42,45,15,462.0,6930.0
2021071404015592,RHPL,25,45,485,462.0,224070.0
2021071404015591,RHPL,25,57,15,462.0,6930.0
2021071404015486,RHPL,57,57,15,462.0,6930.0
2021071404015485,RHPL,57,58,35,462.0,16170.0
2021071404015359,RHPL,55,58,45,462.0,20790.0
2021071404015358,RHPL,55,42,10,462.0,4620.0
2021071404015357,RHPL,55,13,145,462.0,66990.0
2021071404015276,RHPL,56,13,200,462.0,92400.0
2021071404015272,RHPL,59,13,300,462.0,138600.0
2021071404015612,RRHP,51,33,200,393.0,78600.0
2021071404015611,RRHP,59,33,200,393.0,78600.0
2021071404015610,RRHP,14,33,100,393.0,39300.0
2021071404015609,RRHP,45,33,500,393.0,196500.0
2021071404015514,RRHP,26,34,60,393.0,23580.0
2021071404015513,RRHP,22,34,255,394.0,100470.0
2021071404015409,RRHP,22,57,115,394.0,45310.0
2021071404015408,RRHP,22,14,130,394.0,51220.0
2021071404015391,RRHP,26,52,40,393.0,15720.0
2021071404015390,RRHP,46,52,100,393.0,39300.0
2021071404015690,SGI,49,28,10,724.0,7240.0
2021071404015492,SGI,17,49,10,724.0,7240.0
2021071404015728,SHL,21,48,150,269.0,40350.0
2021071404015639,SHL,17,48,100,269.0,26900.0
2021071404015584,SHL,17,50,400,269.0,107600.0
2021071404015558,SHL,17,53,300,269.0,80700.0
2021071404015539,SHL,53,13,250,270.0,67500.0
2021071404015462,SHL,32,13,200,270.0,54000.0
2021071404015680,SHPC,45,45,762,503.0,383286.0
2021071404015670,SHPC,42,11,331,501.0,165831.0
2021071404015669,SHPC,4,11,"1,000",501.0,501000.0
2021071404015668,SHPC,4,11,90,501.0,45090.0
2021071404015667,SHPC,38,11,400,502.0,200800.0
2021071404015666,SHPC,21,11,110,502.0,55220.0
2021071404015331,SHPC,16,26,500,502.0,251000.0
2021071404015307,SHPC,4,8,100,501.0,50100.0
2021071404015363,SHPC,52,26,200,502.0,100400.0
2021071404015360,SHPC,28,26,200,502.0,100400.0
2021071404015332,SHPC,21,26,120,502.0,60240.0
2021071404015373,SHPC,16,54,100,502.0,50200.0
2021071404015372,SHPC,16,48,50,502.0,25100.0
2021071404015371,SHPC,16,26,194,502.0,97388.0
2021071404015450,SHPC,16,7,156,502.0,78312.0
2021071404015429,SHPC,16,56,344,502.0,172688.0
2021071404015428,SHPC,16,56,156,502.0,78312.0
2021071404015526,SHPC,35,6,110,503.0,55330.0
2021071404015525,SHPC,35,34,90,503.0,45270.0
2021071404015523,SHPC,51,56,131,502.0,65762.0
2021071404015522,SHPC,16,56,500,502.0,251000.0
2021071404015521,SHPC,45,56,25,502.0,12550.0
2021071404015509,SHPC,56,34,100,503.0,50300.0
2021071404015665,SHPC,51,11,69,502.0,34638.0
2021071404015573,SHPC,45,45,238,503.0,119714.0
2021071404015572,SHPC,45,55,200,503.0,100600.0
2021071404015571,SHPC,45,41,72,503.0,36216.0
2021071404015570,SHPC,45,6,390,503.0,196170.0
2021071404015587,SICL,14,43,30,1960.0,58800.0
2021071404015586,SICL,14,26,20,1960.0,39200.0
2021071404015585,SICL,14,7,45,1960.0,88200.0
2021071404015491,SICL,14,1,100,1960.0,196000.0
2021071404015404,SICL,22,50,200,1951.0,390200.0
2021071404015354,SICL,25,48,35,1951.0,68285.0
2021071404015310,SICL,19,48,22,1951.0,42922.0
2021071404015306,SICL,51,59,16,1950.0,31200.0
2021071404015305,SICL,4,59,20,1950.0,39000.0
2021071404015304,SICL,17,59,13,1950.0,25350.0
2021071404015303,SICL,54,59,26,1950.0,50700.0
2021071404015581,SIGS2,50,49,"171,100",13.8,2361180.0
2021071404015640,SIL,10,42,10,1050.0,10500.0
2021071404015684,SJCL,32,16,100,443.0,44300.0
2021071404015431,SJCL,53,14,20,442.0,8840.0
2021071404015427,SJCL,53,34,100,442.0,44200.0
2021071404015426,SJCL,53,47,40,442.0,17680.0
2021071404015403,SJCL,34,3,500,440.0,220000.0
2021071404015401,SJCL,1,16,20,441.0,8820.0
2021071404015400,SJCL,1,22,10,441.0,4410.0
2021071404015399,SJCL,1,29,20,441.0,8820.0
2021071404015597,SPDL,58,26,54,431.0,23274.0
2021071404015582,SPDL,58,3,"1,000",431.0,431000.0
2021071404015550,SPDL,47,57,15,435.0,6525.0
2021071404015549,SPDL,47,45,85,434.0,36890.0
2021071404015540,SPDL,58,26,825,431.0,355575.0
2021071404015476,SPDL,21,53,15,430.0,6450.0
2021071404015405,SPDL,4,13,80,435.0,34800.0
2021071404015326,SPDL,4,45,200,436.0,87200.0
2021071404015475,SPDL,5,53,500,430.0,215000.0
2021071404015474,SPDL,49,53,35,431.0,15085.0
2021071404015473,SPDL,45,53,100,433.0,43300.0
2021071404015472,SPDL,42,53,150,434.0,65100.0
2021071404015407,SPDL,26,57,80,435.0,34800.0
2021071404015406,SPDL,26,13,120,435.0,52200.0
2021071404015751,SSHL,45,45,43,330.0,14190.0
2021071404015750,SSHL,45,29,100,330.0,33000.0
2021071404015749,SSHL,45,6,65,330.0,21450.0
2021071404015748,SSHL,45,11,100,330.0,33000.0
2021071404015747,SSHL,45,39,175,330.0,57750.0
2021071404015746,SSHL,45,7,17,330.0,5610.0
2021071404015338,SSHL,16,38,50,330.0,16500.0
2021071404015337,SSHL,16,34,100,330.0,33000.0
2021071404015336,SSHL,16,32,20,330.0,6600.0
2021071404015376,SSHL,32,34,140,330.0,46200.0
2021071404015375,SSHL,32,49,100,330.0,33000.0
2021071404015374,SSHL,32,50,60,330.0,19800.0
2021071404015352,SSHL,28,50,40,330.0,13200.0
2021071404015351,SSHL,28,50,210,330.0,69300.0
2021071404015339,SSHL,16,50,130,330.0,42900.0
2021071404015532,SSHL,34,13,305,329.0,100345.0
2021071404015531,SSHL,59,13,300,329.0,98700.0
2021071404015530,SSHL,58,13,25,329.0,8225.0
2021071404015529,SSHL,35,13,370,329.0,121730.0
2021071404015451,SSHL,35,10,100,329.0,32900.0
2021071404015436,SSHL,35,56,300,329.0,98700.0
2021071404015695,SSHL,17,7,483,330.0,159390.0
2021071404015694,SSHL,17,17,500,330.0,165000.0
2021071404015693,SSHL,17,1,252,330.0,83160.0
2021071404015692,SSHL,17,34,860,330.0,283800.0
2021071404015691,SSHL,17,3,405,329.0,133245.0
2021071404015688,SSHL,34,3,195,329.0,64155.0
2021071404015545,STC,55,42,10,9762.0,97620.0
2021071404015483,TRH,45,10,100,406.0,40600.0
2021071404015466,UIC,39,51,500,716.0,358000.0
2021071404015465,UIC,50,51,75,716.0,53700.0
2021071404015464,UIC,5,51,90,716.0,64440.0
2021071404015318,UMHL,58,28,20,384.0,7680.0
2021071404015315,UMHL,6,3,400,383.0,153200.0
2021071404015314,UMHL,6,3,100,383.0,38300.0
2021071404015342,UMHL,48,28,500,382.0,191000.0
2021071404015335,UMHL,6,58,10,383.0,3830.0
2021071404015334,UMHL,6,59,90,383.0,34470.0
2021071404015414,UMHL,4,38,500,382.0,191000.0
2021071404015413,UMHL,57,38,500,383.0,191500.0
2021071404015412,UMHL,59,38,250,383.0,95750.0
2021071404015506,UMHL,36,6,100,382.0,38200.0
2021071404015421,UMHL,14,6,100,382.0,38200.0
2021071404015420,UMHL,4,6,200,382.0,76400.0
2021071404015541,UMHL,49,6,100,382.0,38200.0
2021071404015554,UMRH,6,4,10,468.0,4680.0
2021071404015723,UNHPL,58,29,50,364.0,18200.0
2021071404015500,UNHPL,39,29,100,364.0,36400.0
2021071404015425,UNHPL,17,51,50,367.0,18350.0
2021071404015424,UNHPL,17,34,50,367.0,18350.0
2021071404015423,UNHPL,17,22,150,367.0,55050.0
2021071404015422,UNHPL,17,49,250,366.0,91500.0
2021071404015378,UNHPL,38,49,50,366.0,18300.0
2021071404015689,UPCL,45,40,200,301.0,60200.0
2021071404015672,UPCL,42,47,199,302.0,60098.0
2021071404015642,UPCL,19,47,200,302.0,60400.0
2021071404015637,UPCL,34,47,500,301.0,150500.0
2021071404015583,UPCL,52,47,160,302.0,48320.0
2021071404015559,UPCL,34,29,200,301.0,60200.0
2021071404015293,UPCL,50,49,15,301.0,4515.0
2021071404015291,UPCL,26,47,500,302.0,151000.0
2021071404015265,UPCL,50,6,100,301.0,30100.0
2021071404015538,UPCL,34,32,200,301.0,60200.0
2021071404015501,UPCL,34,21,100,301.0,30100.0
2021071404015377,UPCL,5,54,200,301.0,60200.0
2021071404015325,UPCL,17,45,5,301.0,1505.0
2021071404015324,UPCL,50,45,95,301.0,28595.0
2021071404015727,UPPER,53,46,16,693.0,11088.0
2021071404015726,UPPER,58,46,14,693.0,9702.0
2021071404015725,UPPER,22,46,20,693.0,13860.0
2021071404015367,UPPER,10,26,37,696.0,25752.0
2021071404015300,UPPER,10,58,125,695.0,86875.0
2021071404015441,UPPER,48,58,48,696.0,33408.0
2021071404015440,UPPER,48,49,52,696.0,36192.0
2021071404015433,UPPER,51,49,15,696.0,10440.0
2021071404015368,UPPER,10,49,33,696.0,22968.0
2021071404015495,UPPER,21,49,10,695.0,6950.0
2021071404015494,UPPER,58,49,50,695.0,34750.0
2021071404015493,UPPER,10,49,416,695.0,289120.0
2021071404015482,UPPER,22,17,10,696.0,6960.0
2021071404015481,UPPER,22,58,32,696.0,22272.0
2021071404015664,UPPER,49,26,61,695.0,42395.0
2021071404015663,UPPER,49,49,10,695.0,6950.0
2021071404015662,UPPER,49,14,429,695.0,298155.0
2021071404015508,UPPER,22,14,25,695.0,17375.0
2021071404015507,UPPER,34,14,46,695.0,31970.0
2021071404015496,UPPER,34,49,24,695.0,16680.0
2021071404015718,UPPER,57,26,660,695.0,458700.0
2021071404015717,UPPER,57,57,30,694.0,20820.0
2021071404015716,UPPER,57,46,10,694.0,6940.0
2021071404015703,UPPER,55,46,10,694.0,6940.0
2021071404015671,UPPER,5,26,500,695.0,347500.0
2021071404015218,AHPC,40,42,200,465.0,93000.0
2021071404015162,AHPC,40,28,100,465.0,46500.0
2021071404015161,AHPC,44,28,200,465.0,93000.0
2021071404015160,AHPC,35,28,200,465.0,93000.0
2021071404015104,AHPC,35,6,100,465.0,46500.0
2021071404015103,AHPC,32,6,200,465.0,93000.0
2021071404014791,AHPC,41,22,230,465.0,106950.0
2021071404014790,AHPC,41,54,350,465.0,162750.0
2021071404014789,AHPC,41,45,100,465.0,46500.0
2021071404014788,AHPC,41,22,20,465.0,9300.0
2021071404014787,AHPC,41,53,300,465.0,139500.0
2021071404014881,AHPC,5,45,20,465.0,9300.0
2021071404014801,AHPC,4,45,31,465.0,14415.0
2021071404014800,AHPC,4,34,100,465.0,46500.0
2021071404014799,AHPC,4,20,380,465.0,176700.0
2021071404014798,AHPC,4,57,10,465.0,4650.0
2021071404014797,AHPC,4,22,479,465.0,222735.0
2021071404014931,AHPC,34,1,40,465.0,18600.0
2021071404014930,AHPC,34,21,80,465.0,37200.0
2021071404014929,AHPC,34,17,50,465.0,23250.0
2021071404014928,AHPC,34,45,99,465.0,46035.0
2021071404014917,AHPC,5,45,100,465.0,46500.0
2021071404014915,AHPC,48,45,10,464.0,4640.0
2021071404015093,AHPC,51,51,300,466.0,139800.0
2021071404015069,AHPC,44,51,100,466.0,46600.0
2021071404014982,AHPC,32,49,200,465.0,93000.0
2021071404014981,AHPC,34,49,100,465.0,46500.0
2021071404014933,AHPC,34,45,11,465.0,5115.0
2021071404014932,AHPC,34,43,20,465.0,9300.0
2021071404014827,AIL,36,6,10,816.0,8160.0
2021071404014758,AIL,26,35,60,815.0,48900.0
2021071404014960,AKJCL,6,48,100,281.0,28100.0
2021071404014803,AKJCL,21,48,100,281.0,28100.0
2021071404015190,AKPL,50,45,10,457.0,4570.0
2021071404015189,AKPL,50,50,90,457.0,41130.0
2021071404015115,AKPL,38,29,144,456.0,65664.0
2021071404015114,AKPL,44,29,56,456.0,25536.0
2021071404015025,AKPL,44,48,44,456.0,20064.0
2021071404015011,AKPL,29,48,56,456.0,25536.0
2021071404015010,AKPL,29,43,250,456.0,114000.0
2021071404015009,AKPL,29,6,40,456.0,18240.0
2021071404015008,AKPL,29,36,654,456.0,298224.0
2021071404014865,AKPL,48,57,10,455.0,4550.0
2021071404015209,API,26,1,90,391.0,35190.0
2021071404015205,API,17,1,100,391.0,39100.0
2021071404015204,API,17,25,200,391.0,78200.0
2021071404015203,API,17,19,160,391.0,62560.0
2021071404015202,API,17,44,40,391.0,15640.0
2021071404015194,API,50,44,10,391.0,3910.0
2021071404014909,API,43,28,31,389.0,12059.0
2021071404014884,API,49,49,"7,127",387.0,2758149.0
2021071404014877,API,43,17,33,389.0,12837.0
2021071404014876,API,43,40,436,389.0,169604.0
2021071404014810,API,16,40,"1,000",389.0,389000.0
2021071404014809,API,4,55,50,388.0,19400.0
2021071404014938,API,16,6,50,390.0,19500.0
2021071404014937,API,16,19,75,390.0,29250.0
2021071404014936,API,16,46,500,390.0,195000.0
2021071404014935,API,16,42,10,390.0,3900.0
2021071404014922,API,25,22,50,389.0,19450.0
2021071404014910,API,25,28,69,389.0,26841.0
2021071404014944,API,16,49,18,390.0,7020.0
2021071404014943,API,16,38,40,390.0,15600.0
2021071404014942,API,16,26,100,390.0,39000.0
2021071404014941,API,16,42,15,390.0,5850.0
2021071404014940,API,16,34,92,390.0,35880.0
2021071404014939,API,16,8,100,390.0,39000.0
2021071404015097,API,55,49,500,390.0,195000.0
2021071404015086,API,58,49,100,390.0,39000.0
2021071404014989,API,49,49,250,390.0,97500.0
2021071404014980,API,26,17,10,389.0,3890.0
2021071404014979,API,58,17,120,390.0,46800.0
2021071404014948,API,25,40,81,389.0,31509.0
2021071404015166,API,52,49,15,390.0,5850.0
2021071404015157,API,48,44,50,391.0,19550.0
2021071404015129,API,48,35,50,390.0,19500.0
2021071404015111,API,16,44,68,390.0,26520.0
2021071404015110,API,16,49,932,390.0,363480.0
2021071404015099,API,26,49,200,390.0,78000.0
2021071404015171,BARUN,6,17,13,531.0,6903.0
2021071404014978,BARUN,22,58,180,530.0,95400.0
2021071404014776,BARUN,22,50,10,530.0,5300.0
2021071404014974,CGH,34,28,10,1515.0,15150.0
2021071404014848,CGH,39,32,10,1510.0,15100.0
2021071404015243,CHCL,45,17,30,679.0,20370.0
2021071404015124,CHCL,45,26,97,680.0,65960.0
2021071404015123,CHCL,45,36,103,680.0,70040.0
2021071404015122,CHCL,45,35,100,680.0,68000.0
2021071404015121,CHCL,45,17,50,680.0,34000.0
2021071404015120,CHCL,45,45,100,680.0,68000.0
2021071404015119,CHCL,45,7,10,680.0,6800.0
2021071404015118,CHCL,45,33,40,680.0,27200.0
2021071404014946,CHCL,39,47,425,679.0,288575.0
2021071404014837,CHCL,38,47,20,679.0,13580.0
2021071404014765,CHCL,14,47,500,679.0,339500.0
2021071404015130,CHL,46,47,80,486.0,38880.0
2021071404015108,CHL,58,17,140,485.0,67900.0
2021071404015107,CHL,17,17,60,485.0,29100.0
2021071404014973,CHL,46,58,200,487.0,97400.0
2021071404014838,DHPL,10,58,160,268.0,42880.0
2021071404014901,EIC,49,42,10,746.0,7460.0
2021071404014804,EIC,38,59,10,749.0,7490.0
2021071404015136,GHL,19,57,100,295.0,29500.0
2021071404015135,GHL,6,57,500,295.0,147500.0
2021071404015116,GHL,49,4,24,296.0,7104.0
2021071404014775,GIMES1,42,17,"7,800",19.71,153738.0
2021071404014774,GIMES1,21,17,"1,500",19.72,29580.0
2021071404014773,GIMES1,32,17,700,19.73,13811.0
2021071404015257,GLH,55,49,10,366.0,3660.0
2021071404015017,GLH,55,33,170,366.0,62220.0
2021071404014893,GLH,55,33,10,366.0,3660.0
2021071404015248,HDHPC,46,4,120,289.0,34680.0
2021071404015217,HDHPC,46,32,10,289.0,2890.0
2021071404015196,HDHPC,46,17,300,289.0,86700.0
2021071404015182,HDHPC,29,14,13,290.0,3770.0
2021071404015181,HDHPC,29,1,100,290.0,29000.0
2021071404015180,HDHPC,29,58,200,290.0,58000.0
2021071404014795,HDHPC,46,45,500,289.0,144500.0
2021071404015016,HDHPC,52,49,20,290.0,5800.0
2021071404015007,HDHPC,46,59,50,289.0,14450.0
2021071404014993,HDHPC,46,57,100,289.0,28900.0
2021071404014983,HDHPC,46,42,100,289.0,28900.0
2021071404014968,HDHPC,46,52,30,289.0,8670.0
2021071404014945,HDHPC,46,39,75,289.0,21675.0
2021071404015179,HDHPC,29,48,500,290.0,145000.0
2021071404015178,HDHPC,29,42,10,290.0,2900.0
2021071404015177,HDHPC,29,34,100,290.0,29000.0
2021071404015176,HDHPC,29,49,77,290.0,22330.0
2021071404015058,HDHPC,17,49,10,290.0,2900.0
2021071404015037,HDHPC,46,56,40,289.0,11560.0
2021071404015211,HPPL,35,51,44,454.0,19976.0
2021071404015210,HPPL,57,51,56,454.0,25424.0
2021071404014984,HPPL,57,54,134,454.0,60836.0
2021071404014953,HPPL,19,58,25,455.0,11375.0
2021071404014952,HPPL,19,41,64,455.0,29120.0
2021071404014921,HPPL,57,40,10,454.0,4540.0
2021071404014913,HPPL,57,36,300,454.0,136200.0
2021071404014907,HPPL,57,37,100,454.0,45400.0
2021071404014863,HPPL,57,11,50,454.0,22700.0
2021071404014852,HPPL,57,11,100,454.0,45400.0
2021071404014851,HPPL,57,50,200,454.0,90800.0
2021071404014850,HPPL,57,52,50,454.0,22700.0
2021071404015251,HURJA,38,35,60,361.0,21660.0
2021071404015250,HURJA,45,35,940,365.0,343100.0
2021071404015208,HURJA,45,39,60,365.0,21900.0
2021071404015147,HURJA,29,35,497,363.0,180411.0
2021071404015146,HURJA,39,35,106,364.0,38584.0
2021071404015021,HURJA,55,35,100,365.0,36500.0
2021071404014954,IGI,45,49,10,1208.0,12080.0
2021071404014836,JOSHI,20,46,93,287.0,26691.0
2021071404014835,JOSHI,20,40,20,287.0,5740.0
2021071404014834,JOSHI,20,49,26,287.0,7462.0
2021071404014833,JOSHI,20,58,100,286.0,28600.0
2021071404015249,KEF,29,38,100,10.08,1008.0
2021071404014887,KPCL,6,16,50,459.0,22950.0
2021071404015098,KPCL,33,33,10,458.0,4580.0
2021071404015125,LEC,32,48,50,355.0,17750.0
2021071404015050,LEC,5,48,"1,000",355.0,355000.0
2021071404014964,LEC,38,26,10,353.0,3530.0
2021071404015134,LGIL,22,33,100,769.0,76900.0
2021071404015133,LGIL,57,33,50,769.0,38450.0
2021071404015132,LGIL,6,33,20,769.0,15380.0
2021071404015094,LGIL,25,51,500,770.0,385000.0
2021071404014786,LGIL,6,45,30,769.0,23070.0
2021071404014769,LGIL,26,51,200,770.0,154000.0
2021071404014897,MEN,46,42,10,866.0,8660.0
2021071404014912,MHNL,47,11,100,336.0,33600.0
2021071404014828,MHNL,47,14,50,336.0,16800.0
2021071404015067,NBF2,25,43,800,13.73,10984.0
2021071404015066,NBF2,26,43,"1,000",13.73,13730.0
2021071404015065,NBF2,22,43,"5,000",13.74,68700.0
2021071404015064,NBF2,49,43,"2,500",13.75,34375.0
2021071404015063,NBF2,17,43,"5,000",13.75,68750.0
2021071404015062,NBF2,4,43,"6,000",13.75,82500.0
2021071404015061,NBF2,42,43,"4,000",13.76,55040.0
2021071404015060,NBF2,57,43,"2,700",13.77,37179.0
2021071404015059,NBF2,17,43,"5,000",13.78,68900.0
2021071404014764,NEF,8,5,345,14.48,4995.6
2021071404015201,NGPL,40,49,80,525.0,42000.0
2021071404015195,NGPL,35,1,100,526.0,52600.0
2021071404015170,NGPL,40,22,10,525.0,5250.0
2021071404015041,NGPL,55,14,388,526.0,204088.0
2021071404015040,NGPL,55,58,100,526.0,52600.0
2021071404015039,NGPL,55,6,12,526.0,6312.0
2021071404014959,NGPL,29,52,50,525.0,26250.0
2021071404015002,NGPL,40,42,200,522.0,104400.0
2021071404015001,NGPL,40,42,300,523.0,156900.0
2021071404015000,NGPL,51,42,50,523.0,26150.0
2021071404014999,NGPL,28,42,25,524.0,13100.0
2021071404014998,NGPL,35,42,10,524.0,5240.0
2021071404014997,NGPL,29,42,36,525.0,18900.0
2021071404015024,NGPL,40,42,50,525.0,26250.0
2021071404015023,NGPL,40,48,60,524.0,31440.0
2021071404015006,NGPL,28,42,978,521.0,509538.0
2021071404015005,NGPL,11,42,201,522.0,104922.0
2021071404015004,NGPL,36,42,700,522.0,365400.0
2021071404015003,NGPL,55,42,500,522.0,261000.0
2021071404015216,NHPC,46,21,70,312.0,21840.0
2021071404015215,NHPC,46,28,200,312.0,62400.0
2021071404015214,NHPC,46,38,500,312.0,156000.0
2021071404015213,NHPC,46,19,60,311.0,18660.0
2021071404015212,NHPC,46,57,70,311.0,21770.0
2021071404015183,NHPC,51,57,100,311.0,31100.0
2021071404014783,NHPC,17,32,443,310.0,137330.0
2021071404014782,NHPC,17,45,105,310.0,32550.0
2021071404014781,NHPC,17,57,100,310.0,31000.0
2021071404014780,NHPC,17,16,200,310.0,62000.0
2021071404014779,NHPC,17,38,500,310.0,155000.0
2021071404014778,NHPC,17,38,170,310.0,52700.0
2021071404014853,NHPC,47,6,468,310.0,145080.0
2021071404014849,NHPC,44,6,500,310.0,155000.0
2021071404014846,NHPC,47,6,32,310.0,9920.0
2021071404014845,NHPC,47,44,468,310.0,145080.0
2021071404014785,NHPC,8,44,150,310.0,46500.0
2021071404014784,NHPC,17,44,"1,482",310.0,459420.0
2021071404014861,NHPC,53,48,182,310.0,56420.0
2021071404014860,NHPC,53,35,200,310.0,62000.0
2021071404014859,NHPC,53,51,100,310.0,31000.0
2021071404014858,NHPC,53,17,500,310.0,155000.0
2021071404014857,NHPC,53,43,18,310.0,5580.0
2021071404014854,NHPC,47,43,32,310.0,9920.0
2021071404015051,NHPC,17,38,10,311.0,3110.0
2021071404014995,NHPC,34,38,490,311.0,152390.0
2021071404014896,NHPC,57,8,528,310.0,163680.0
2021071404014895,NHPC,47,8,682,310.0,211420.0
2021071404014875,NHPC,47,48,318,310.0,98580.0
2021071404014862,NHPC,34,45,500,310.0,155000.0
2021071404015140,NHPC,58,57,50,311.0,15550.0
2021071404015112,NHPC,49,57,90,311.0,27990.0
2021071404015072,NHPC,34,57,200,311.0,62200.0
2021071404015055,NHPC,57,35,200,310.0,62000.0
2021071404015053,NHPC,17,57,490,311.0,152390.0
2021071404015052,NHPC,17,4,500,311.0,155500.0
2021071404015174,NIBLPF,47,4,"10,000",14.9,149000.0
2021071404014793,NIBLPF,47,42,"10,000",14.9,149000.0
2021071404014792,NIBLPF,47,42,"6,000",14.9,89400.0
2021071404015049,NICL,49,51,95,1000.0,95000.0
2021071404014920,NICL,34,56,"1,000",1000.0,1000000.0
2021071404014919,NICL,21,56,300,1000.0,300000.0
2021071404014918,NICL,33,56,10,1000.0,10000.0
2021071404015247,NIL,25,6,140,1356.0,189840.0
2021071404015246,NIL,46,6,30,1356.0,40680.0
2021071404015245,NIL,39,6,380,1356.0,515280.0
2021071404015234,NIL,45,59,63,1357.0,85491.0
2021071404015233,NIL,45,22,37,1357.0,50209.0
2021071404014988,NIL,39,36,120,1356.0,162720.0
2021071404014977,NIL,42,22,25,1357.0,33925.0
2021071404014972,NIL,40,22,12,1357.0,16284.0
2021071404014971,NIL,50,22,26,1357.0,35282.0
2021071404014906,NIL,48,55,100,1357.0,135700.0
2021071404014879,NIL,29,6,160,1358.0,217280.0
2021071404014878,NIL,29,42,40,1358.0,54320.0
2021071404015149,NLG,47,44,50,1206.0,60300.0
2021071404015038,NLG,55,44,100,1206.0,120600.0
2021071404014796,NLG,29,39,50,1205.0,60250.0
2021071404015048,NMBHF1,4,42,161,13.67,2200.87
2021071404015047,NMBHF1,4,54,332,13.66,4535.12
2021071404015046,NMBHF1,4,49,416,13.66,5682.56
2021071404015045,NMBHF1,4,49,416,13.66,5682.56
2021071404015044,NMBHF1,4,4,175,13.66,2390.5
2021071404015043,NMBHF1,4,13,500,13.59,6795.0
2021071404015175,OHL,43,44,364,661.0,240604.0
2021071404014832,OHL,43,44,136,661.0,89896.0
2021071404014831,OHL,4,44,200,661.0,132200.0
2021071404014830,OHL,38,44,200,662.0,132400.0
2021071404014829,OHL,36,44,110,662.0,72820.0
2021071404015057,PIC,38,53,20,1170.0,23400.0
2021071404014808,PIC,50,44,20,1169.0,23380.0
2021071404014794,PIC,22,53,10,1170.0,11700.0
2021071404015185,PICL,46,38,20,810.0,16200.0
2021071404015184,PICL,46,10,16,810.0,12960.0
2021071404015156,PICL,17,10,34,810.0,27540.0
2021071404015035,PMHPL,14,1,10,286.0,2860.0
2021071404015152,PPCL,3,50,50,357.0,17850.0
2021071404015151,PPCL,48,50,20,357.0,7140.0
2021071404014770,PPCL,48,6,10,357.0,3570.0
2021071404015236,RADHI,4,36,50,750.0,37500.0
2021071404015230,RADHI,56,19,89,748.0,66572.0
2021071404015229,RADHI,22,19,50,748.0,37400.0
2021071404015228,RADHI,38,19,10,748.0,7480.0
2021071404015227,RADHI,41,19,25,748.0,18700.0
2021071404015226,RADHI,38,19,50,749.0,37450.0
2021071404015074,RADHI,59,36,30,750.0,22500.0
2021071404015073,RADHI,4,36,50,750.0,37500.0
2021071404014963,RADHI,28,1,24,749.0,17976.0
2021071404014927,RADHI,40,16,200,751.0,150200.0
2021071404015225,RADHI,6,19,10,749.0,7490.0
2021071404015224,RADHI,49,19,50,749.0,37450.0
2021071404015223,RADHI,58,19,40,749.0,29960.0
2021071404015222,RADHI,40,19,50,749.0,37450.0
2021071404015221,RADHI,45,19,100,749.0,74900.0
2021071404015220,RADHI,28,19,26,749.0,19474.0
2021071404014926,RBCL,58,38,100,21580.0,2158000.0
2021071404014925,RBCL,35,38,50,21600.0,1080000.0
2021071404015232,RHPC,40,56,665,558.0,371070.0
2021071404015231,RHPC,18,56,335,558.0,186930.0
2021071404015117,RHPC,18,8,15,558.0,8370.0
2021071404015092,RHPC,17,33,184,560.0,103040.0
2021071404015091,RHPC,17,22,100,560.0,56000.0
2021071404015090,RHPC,17,58,100,560.0,56000.0
2021071404014911,RHPC,42,56,296,558.0,165168.0
2021071404014880,RHPC,42,6,200,557.0,111400.0
2021071404014818,RHPC,18,56,204,558.0,113832.0
2021071404014817,RHPC,18,52,100,557.0,55700.0
2021071404014816,RHPC,18,56,196,557.0,109172.0
2021071404015089,RHPC,17,35,16,560.0,8960.0
2021071404015088,RHPC,17,1,100,560.0,56000.0
2021071404015071,RHPC,18,45,50,558.0,27900.0
2021071404015070,RHPC,17,45,350,559.0,195650.0
2021071404014994,RHPC,17,36,150,559.0,83850.0
2021071404014990,RHPC,42,34,"1,500",558.0,837000.0
2021071404015244,RHPL,49,13,15,462.0,6930.0
2021071404015237,RHPL,26,13,100,462.0,46200.0
2021071404015199,RHPL,1,13,40,462.0,18480.0
2021071404015198,RHPL,1,58,50,462.0,23100.0
2021071404015197,RHPL,1,45,10,462.0,4620.0
2021071404015193,RHPL,55,45,100,462.0,46200.0
2021071404014924,RHPL,55,16,100,462.0,46200.0
2021071404014923,RHPL,55,32,30,462.0,13860.0
2021071404014916,RHPL,6,32,200,462.0,92400.0
2021071404014885,RHPL,56,32,500,462.0,231000.0
2021071404014771,RHPL,13,32,"2,000",462.0,924000.0
2021071404015077,RHPL,1,45,90,462.0,41580.0
2021071404015076,RHPL,1,57,10,462.0,4620.0
2021071404015020,RHPL,25,57,50,462.0,23100.0
2021071404014958,RHPL,32,29,40,461.0,18440.0
2021071404014947,RHPL,55,57,40,462.0,18480.0
2021071404014934,RHPL,55,16,30,462.0,13860.0
2021071404015188,RHPL,14,3,692,461.0,319012.0
2021071404015187,RHPL,32,3,118,461.0,54398.0
2021071404015168,RHPL,58,45,100,462.0,46200.0
2021071404015167,RHPL,5,45,200,462.0,92400.0
2021071404015145,RHPL,32,43,50,461.0,23050.0
2021071404015109,RHPL,32,57,80,461.0,36880.0
2021071404014874,RRHP,50,33,115,396.0,45540.0
2021071404014873,RRHP,50,51,100,395.0,39500.0
2021071404014872,RRHP,50,35,100,395.0,39500.0
2021071404014871,RRHP,50,25,200,395.0,79000.0
2021071404014870,RRHP,50,21,40,395.0,15800.0
2021071404014869,RRHP,50,58,245,395.0,96775.0
2021071404014868,RRHP,50,57,100,394.0,39400.0
2021071404014867,RRHP,50,41,30,393.0,11790.0
2021071404014866,RRHP,50,18,70,393.0,27510.0
2021071404015155,SGI,17,14,10,724.0,7240.0
2021071404015075,SGI,17,16,10,724.0,7240.0
2021071404015033,SGI,17,29,10,724.0,7240.0
2021071404015165,SHL,17,53,200,269.0,53800.0
2021071404015235,SHPC,48,26,500,502.0,251000.0
2021071404015169,SHPC,43,26,100,502.0,50200.0
2021071404015164,SHPC,4,26,500,502.0,251000.0
2021071404014759,SHPC,46,35,200,501.0,100200.0
2021071404014812,SHPC,4,57,500,501.0,250500.0
2021071404014807,SHPC,51,14,40,501.0,20040.0
2021071404014806,SHPC,51,42,80,501.0,40080.0
2021071404014805,SHPC,51,35,130,501.0,65130.0
2021071404014826,SHPC,45,56,224,502.0,112448.0
2021071404014825,SHPC,45,13,100,502.0,50200.0
2021071404014824,SHPC,45,32,300,502.0,150600.0
2021071404014823,SHPC,45,21,10,502.0,5020.0
2021071404014814,SHPC,4,8,150,501.0,75150.0
2021071404014813,SHPC,4,14,160,501.0,80160.0
2021071404014894,SHPC,45,26,"1,466",502.0,735932.0
2021071404014891,SHPC,21,34,10,503.0,5030.0
2021071404014890,SHPC,21,57,10,503.0,5030.0
2021071404014889,SHPC,21,36,480,503.0,241440.0
2021071404014888,SHPC,56,36,20,503.0,10060.0
2021071404014949,SHPC,38,26,"1,000",502.0,502000.0
2021071404014905,SHPC,42,26,100,502.0,50200.0
2021071404015034,SHPC,4,57,160,501.0,80160.0
2021071404014962,SHPC,51,26,220,502.0,110440.0
2021071404014956,SHPC,45,26,"2,466",502.0,1237932.0
2021071404014955,SHPC,45,26,"2,434",502.0,1221868.0
2021071404015153,SHPC,4,56,100,501.0,50100.0
2021071404015186,SIC,4,21,20,1345.0,26900.0
2021071404015144,SICL,29,48,110,1951.0,214610.0
2021071404015143,SICL,42,48,20,1951.0,39020.0
2021071404015142,SICL,46,48,500,1951.0,975500.0
2021071404015141,SICL,19,48,10,1951.0,19510.0
2021071404015019,SIL,52,43,45,1040.0,46800.0
2021071404014883,SIL,52,11,200,1045.0,209000.0
2021071404014882,SIL,52,45,100,1044.0,104400.0
2021071404014802,SIL,52,29,100,1040.0,104000.0
2021071404015242,SJCL,29,47,60,442.0,26520.0
2021071404015241,SJCL,29,58,100,442.0,44200.0
2021071404015240,SJCL,29,19,10,442.0,4420.0
2021071404015239,SJCL,29,10,10,442.0,4420.0
2021071404015238,SJCL,29,42,20,442.0,8840.0
2021071404015173,SJCL,34,57,20,440.0,8800.0
2021071404014820,SJCL,34,51,10,443.0,4430.0
2021071404014819,SJCL,34,11,10,443.0,4430.0
2021071404015172,SJCL,19,57,20,441.0,8820.0
2021071404015102,SJCL,19,29,20,441.0,8820.0
2021071404015054,SJCL,25,6,30,442.0,13260.0
2021071404014847,SJCL,25,35,90,442.0,39780.0
2021071404014822,SJCL,34,34,20,443.0,8860.0
2021071404014821,SJCL,34,51,10,443.0,4430.0
2021071404015128,SLCF,51,58,100,10.25,1025.0
2021071404015127,SLCF,51,59,100,10.25,1025.0
2021071404015126,SLCF,51,58,500,10.25,5125.0
2021071404014961,SLCF,51,58,100,10.2,1020.0
2021071404014763,SLCF,48,3,100,10.05,1005.0
2021071404015159,SPDL,4,44,120,435.0,52200.0
2021071404015158,SPDL,45,44,30,435.0,13050.0
2021071404015101,SPDL,35,45,100,436.0,43600.0
2021071404015100,SPDL,45,50,20,435.0,8700.0
2021071404014996,SPDL,14,45,115,436.0,50140.0
2021071404014992,SPDL,14,58,885,436.0,385860.0
2021071404014914,SPDL,45,35,50,438.0,21900.0
2021071404014864,SPDL,58,38,50,438.0,21900.0
2021071404014991,SPDL,14,58,"1,615",436.0,704140.0
2021071404014970,SPDL,17,28,320,437.0,139840.0
2021071404014969,SPDL,34,57,300,438.0,131400.0
2021071404014967,SPDL,26,57,495,438.0,216810.0
2021071404014966,SPDL,26,35,150,438.0,65700.0
2021071404014965,SPDL,26,57,100,438.0,43800.0
2021071404015207,SSHL,34,32,80,330.0,26400.0
2021071404015206,SSHL,34,25,20,330.0,6600.0
2021071404015200,SSHL,6,36,"1,000",330.0,330000.0
2021071404015106,SSHL,35,21,100,329.0,32900.0
2021071404015105,SSHL,35,45,130,329.0,42770.0
2021071404015085,SSHL,6,45,460,329.0,151340.0
2021071404014840,SSHL,6,6,100,328.0,32800.0
2021071404014839,SSHL,6,26,145,328.0,47560.0
2021071404014768,SSHL,57,26,55,328.0,18040.0
2021071404014767,SSHL,57,58,50,328.0,16400.0
2021071404014766,SSHL,57,50,195,328.0,63960.0
2021071404014898,SSHL,6,36,20,328.0,6560.0
2021071404014886,SSHL,4,38,10,329.0,3290.0
2021071404014844,SSHL,6,58,10,328.0,3280.0
2021071404014843,SSHL,6,21,175,328.0,57400.0
2021071404014842,SSHL,6,45,500,328.0,164000.0
2021071404014841,SSHL,6,59,50,328.0,16400.0
2021071404015084,SSHL,6,57,40,329.0,13160.0
2021071404015015,SSHL,6,57,60,329.0,19740.0
2021071404015014,SSHL,6,49,300,329.0,98700.0
2021071404015013,SSHL,6,16,150,329.0,49350.0
2021071404015012,SSHL,6,38,490,329.0,161210.0
2021071404014899,SSHL,6,36,984,328.0,322752.0
2021071404015068,TRH,57,34,215,406.0,87290.0
2021071404015150,UIC,5,42,10,716.0,7160.0
2021071404014856,UIC,43,51,50,717.0,35850.0
2021071404015256,UMHL,58,28,300,384.0,115200.0
2021071404015255,UMHL,58,28,200,383.0,76600.0
2021071404015254,UMHL,58,32,200,383.0,76600.0
2021071404014811,UMHL,49,25,300,385.0,115500.0
2021071404014772,UMHL,48,38,340,384.0,130560.0
2021071404014902,UMHL,48,44,42,384.0,16128.0
2021071404014950,UMHL,45,51,340,383.0,130220.0
2021071404014908,UMHL,29,28,242,384.0,92928.0
2021071404014904,UMHL,29,44,358,384.0,137472.0
2021071404014903,UMHL,41,44,100,384.0,38400.0
2021071404015022,UMHL,35,44,200,383.0,76600.0
2021071404014951,UMHL,55,51,100,383.0,38300.0
2021071404015139,UMHL,58,32,50,383.0,19150.0
2021071404015131,UMHL,34,32,50,383.0,19150.0
2021071404015113,UMHL,34,44,50,383.0,19150.0
2021071404015096,UMHL,42,44,100,383.0,38300.0
2021071404015087,UMHL,45,44,50,383.0,19150.0
2021071404015138,UNHPL,39,22,40,367.0,14680.0
2021071404015137,UNHPL,39,35,100,366.0,36600.0
2021071404014975,UNHPL,29,22,10,367.0,3670.0
2021071404015253,UPCL,50,35,290,301.0,87290.0
2021071404015252,UPCL,59,35,60,301.0,18060.0
2021071404015095,UPCL,59,21,440,301.0,132440.0
2021071404015083,UPCL,6,58,265,300.0,79500.0
2021071404015082,UPCL,47,58,100,300.0,30000.0
2021071404015081,UPCL,34,58,50,300.0,15000.0
2021071404014986,UPCL,42,57,50,301.0,15050.0
2021071404014985,UPCL,42,14,40,301.0,12040.0
2021071404014976,UPCL,28,32,200,300.0,60000.0
2021071404014957,UPCL,29,14,100,301.0,30100.0
2021071404015080,UPCL,32,58,100,300.0,30000.0
2021071404015079,UPCL,28,58,285,300.0,85500.0
2021071404015056,UPCL,49,21,100,301.0,30100.0
2021071404015032,UPCL,49,32,90,301.0,27090.0
2021071404015031,UPCL,42,32,10,301.0,3010.0
2021071404014987,UPCL,42,42,100,301.0,30100.0
2021071404015219,UPPER,10,42,70,695.0,48650.0
2021071404015192,UPPER,10,13,100,695.0,69500.0
2021071404015191,UPPER,10,33,80,695.0,55600.0
2021071404015163,UPPER,10,8,163,695.0,113285.0
2021071404015154,UPPER,10,4,46,695.0,31970.0
2021071404015148,UPPER,6,46,100,694.0,69400.0
2021071404014761,UPPER,45,7,78,696.0,54288.0
2021071404014760,UPPER,45,7,109,695.0,75755.0
2021071404014892,UPPER,42,1,150,695.0,104250.0
2021071404014855,UPPER,41,51,500,695.0,347500.0
2021071404014815,UPPER,6,41,100,694.0,69400.0
2021071404014777,UPPER,16,19,100,696.0,69600.0
2021071404014762,UPPER,45,19,113,696.0,78648.0
2021071404015028,UPPER,10,43,210,696.0,146160.0
2021071404015027,UPPER,10,45,100,696.0,69600.0
2021071404015026,UPPER,10,19,227,696.0,157992.0
2021071404015018,UPPER,38,19,30,696.0,20880.0
2021071404014900,UPPER,42,45,10,695.0,6950.0
2021071404015078,UPPER,52,4,10,695.0,6950.0
2021071404015042,UPPER,42,4,44,695.0,30580.0
2021071404015036,UPPER,42,59,150,695.0,104250.0
2021071404015030,UPPER,42,14,146,695.0,101470.0
2021071404015029,UPPER,10,26,463,696.0,322248.0
2021071404014671,AHPC,48,57,722,464.0,335008.0
2021071404014456,AHPC,42,57,92,464.0,42688.0
2021071404014455,AHPC,42,37,108,464.0,50112.0
2021071404014436,AHPC,32,57,70,464.0,32480.0
2021071404014435,AHPC,32,47,30,464.0,13920.0
2021071404014698,AKPL,34,36,71,456.0,32376.0
2021071404014697,AKPL,34,42,249,456.0,113544.0
2021071404014696,AKPL,34,26,80,456.0,36480.0
2021071404014663,AKPL,59,26,120,456.0,54720.0
2021071404014662,AKPL,59,39,100,456.0,45600.0
2021071404014661,AKPL,59,57,100,456.0,45600.0
2021071404014276,AKPL,25,45,11,454.0,4994.0
2021071404014275,AKPL,38,45,500,454.0,227000.0
2021071404014274,AKPL,40,45,79,454.0,35866.0
2021071404014273,AKPL,59,45,500,455.0,227500.0
2021071404014272,AKPL,47,45,500,455.0,227500.0
2021071404014271,AKPL,50,45,410,455.0,186550.0
2021071404014590,AKPL,50,21,41,456.0,18696.0
2021071404014589,AKPL,50,29,149,456.0,67944.0
2021071404014533,AKPL,52,29,500,456.0,228000.0
2021071404014463,AKPL,45,29,"1,000",456.0,456000.0
2021071404014434,AKPL,45,47,200,455.0,91000.0
2021071404014384,AKPL,41,29,65,456.0,29640.0
2021071404014660,AKPL,59,38,50,456.0,22800.0
2021071404014659,AKPL,59,34,100,456.0,45600.0
2021071404014658,AKPL,59,38,30,456.0,13680.0
2021071404014657,AKPL,59,57,10,456.0,4560.0
2021071404014656,AKPL,59,36,490,456.0,223440.0
2021071404014591,AKPL,50,36,10,456.0,4560.0
2021071404014757,API,29,40,564,389.0,219396.0
2021071404014756,API,29,35,36,389.0,14004.0
2021071404014700,API,16,35,"1,000",389.0,389000.0
2021071404014604,API,45,35,100,389.0,38900.0
2021071404014563,API,51,35,70,389.0,27230.0
2021071404014562,API,50,35,50,389.0,19450.0
2021071404014279,API,33,58,22,390.0,8580.0
2021071404014278,API,33,20,179,390.0,69810.0
2021071404014318,API,29,49,"1,000",390.0,390000.0
2021071404014305,API,51,49,30,390.0,11700.0
2021071404014302,API,29,49,99,390.0,38610.0
2021071404014301,API,29,13,901,390.0,351390.0
2021071404014295,API,13,13,300,390.0,117000.0
2021071404014280,API,33,13,799,390.0,311610.0
2021071404014424,API,58,49,75,390.0,29250.0
2021071404014389,API,6,49,80,390.0,31200.0
2021071404014385,API,25,49,"1,000",390.0,390000.0
2021071404014380,API,1,49,100,390.0,39000.0
2021071404014375,API,54,53,"1,000",389.0,389000.0
2021071404014373,API,54,49,50,390.0,19500.0
2021071404014489,API,32,49,500,390.0,195000.0
2021071404014461,API,17,35,101,389.0,39289.0
2021071404014460,API,19,35,50,389.0,19450.0
2021071404014459,API,17,35,500,389.0,194500.0
2021071404014458,API,43,35,250,389.0,97250.0
2021071404014457,API,54,35,187,389.0,72743.0
2021071404014561,API,43,35,100,389.0,38900.0
2021071404014560,API,7,35,"1,000",389.0,389000.0
2021071404014559,API,45,35,200,389.0,77800.0
2021071404014558,API,7,35,20,389.0,7780.0
2021071404014557,API,35,35,25,389.0,9725.0
2021071404014556,API,17,35,399,389.0,155211.0
2021071404014594,BARUN,22,21,10,529.0,5290.0
2021071404014754,BPCL,45,49,500,509.0,254500.0
2021071404014692,BPCL,53,49,50,509.0,25450.0
2021071404014529,BPCL,29,49,100,509.0,50900.0
2021071404014499,BPCL,58,49,40,509.0,20360.0
2021071404014490,BPCL,43,49,10,509.0,5090.0
2021071404014440,BPCL,45,49,"1,000",509.0,509000.0
2021071404014409,BPCL,59,49,50,509.0,25450.0
2021071404014393,BPCL,39,49,10,509.0,5090.0
2021071404014308,BPCL,17,25,100,508.0,50800.0
2021071404014593,CGH,1,59,10,1510.0,15100.0
2021071404014597,CHCL,5,47,55,679.0,37345.0
2021071404014596,CHCL,5,21,45,679.0,30555.0
2021071404014387,CHCL,45,22,100,678.0,67800.0
2021071404014286,CHCL,39,32,100,679.0,67900.0
2021071404014388,CHL,59,4,70,488.0,34160.0
2021071404014267,CHL,59,55,300,487.0,146100.0
2021071404014654,CMF1,48,38,500,12.7,6350.0
2021071404014294,CMF1,3,17,"2,000",12.52,25040.0
2021071404014293,CMF1,59,17,"2,900",12.53,36337.0
2021071404014292,CMF1,32,17,100,12.53,1253.0
2021071404014386,EIC,49,49,50,746.0,37300.0
2021071404014535,GIC,8,29,10,692.0,6920.0
2021071404014433,GIC,8,6,10,692.0,6920.0
2021071404014730,GLH,26,38,10,367.0,3670.0
2021071404014554,GLH,55,28,10,366.0,3660.0
2021071404014731,HDHPC,46,14,190,289.0,54910.0
2021071404014630,HDHPC,35,40,"1,000",290.0,290000.0
2021071404014601,HDHPC,42,49,243,290.0,70470.0
2021071404014600,HDHPC,42,58,100,290.0,29000.0
2021071404014599,HDHPC,42,25,100,290.0,29000.0
2021071404014598,HDHPC,42,21,57,290.0,16530.0
2021071404014262,HDHPC,17,45,10,290.0,2900.0
2021071404014261,HDHPC,17,34,"1,000",290.0,290000.0
2021071404014260,HDHPC,17,48,100,290.0,29000.0
2021071404014259,HDHPC,17,58,110,290.0,31900.0
2021071404014258,HDHPC,17,54,20,290.0,5800.0
2021071404014339,HDHPC,17,45,200,290.0,58000.0
2021071404014338,HDHPC,17,20,345,290.0,100050.0
2021071404014266,HDHPC,17,20,655,290.0,189950.0
2021071404014265,HDHPC,17,38,100,290.0,29000.0
2021071404014264,HDHPC,17,58,21,290.0,6090.0
2021071404014263,HDHPC,17,16,78,290.0,22620.0
2021071404014345,HDHPC,17,45,400,290.0,116000.0
2021071404014344,HDHPC,17,37,400,290.0,116000.0
2021071404014343,HDHPC,17,58,100,290.0,29000.0
2021071404014342,HDHPC,17,41,200,290.0,58000.0
2021071404014341,HDHPC,17,52,"2,210",290.0,640900.0
2021071404014340,HDHPC,17,6,200,290.0,58000.0
2021071404014444,HDHPC,58,49,120,290.0,34800.0
2021071404014411,HDHPC,49,49,10,290.0,2900.0
2021071404014349,HDHPC,17,49,270,290.0,78300.0
2021071404014348,HDHPC,17,5,100,290.0,29000.0
2021071404014347,HDHPC,17,49,75,290.0,21750.0
2021071404014346,HDHPC,17,34,500,290.0,145000.0
2021071404014451,HDHPC,4,32,32,290.0,9280.0
2021071404014450,HDHPC,4,28,30,290.0,8700.0
2021071404014449,HDHPC,4,35,70,290.0,20300.0
2021071404014448,HDHPC,4,55,"1,000",290.0,290000.0
2021071404014447,HDHPC,4,20,100,290.0,29000.0
2021071404014446,HDHPC,4,49,100,290.0,29000.0
2021071404014476,HDHPC,59,56,170,290.0,49300.0
2021071404014475,HDHPC,59,49,200,290.0,58000.0
2021071404014474,HDHPC,59,42,12,290.0,3480.0
2021071404014454,HDHPC,4,42,68,290.0,19720.0
2021071404014453,HDHPC,4,41,500,290.0,145000.0
2021071404014452,HDHPC,4,11,100,290.0,29000.0
2021071404014502,HDHPC,46,58,56,289.0,16184.0
2021071404014481,HDHPC,59,21,43,290.0,12470.0
2021071404014480,HDHPC,59,45,100,290.0,29000.0
2021071404014479,HDHPC,59,45,375,290.0,108750.0
2021071404014478,HDHPC,59,21,90,290.0,26100.0
2021071404014477,HDHPC,59,56,10,290.0,2900.0
2021071404014689,HGI,11,54,150,750.0,112500.0
2021071404014688,HGI,32,54,100,750.0,75000.0
2021071404014687,HGI,38,54,100,750.0,75000.0
2021071404014686,HGI,21,54,20,750.0,15000.0
2021071404014685,HGI,17,54,30,750.0,22500.0
2021071404014684,HGI,19,54,20,750.0,15000.0
2021071404014572,HGI,38,54,300,757.0,227100.0
2021071404014571,HGI,8,54,500,757.0,378500.0
2021071404014570,HGI,47,54,20,757.0,15140.0
2021071404014569,HGI,39,54,79,757.0,59803.0
2021071404014568,HGI,58,54,10,758.0,7580.0
2021071404014567,HGI,54,54,20,758.0,15160.0
2021071404014578,HGI,34,54,100,755.0,75500.0
2021071404014577,HGI,55,54,200,755.0,151000.0
2021071404014576,HGI,25,54,500,755.0,377500.0
2021071404014575,HGI,25,54,50,756.0,37800.0
2021071404014574,HGI,51,54,100,756.0,75600.0
2021071404014573,HGI,11,54,43,756.0,32508.0
2021071404014584,HGI,59,54,70,751.0,52570.0
2021071404014583,HGI,11,54,500,752.0,376000.0
2021071404014582,HGI,21,54,100,755.0,75500.0
2021071404014581,HGI,38,54,160,755.0,120800.0
2021071404014580,HGI,29,54,60,755.0,45300.0
2021071404014579,HGI,29,54,50,755.0,37750.0
2021071404014677,HGI,38,54,10,750.0,7500.0
2021071404014676,HGI,11,54,100,750.0,75000.0
2021071404014675,HGI,49,54,100,758.0,75800.0
2021071404014637,HGI,21,54,882,751.0,662382.0
2021071404014586,HGI,21,54,118,751.0,88618.0
2021071404014585,HGI,32,54,20,751.0,15020.0
2021071404014683,HGI,43,54,300,750.0,225000.0
2021071404014682,HGI,43,54,50,750.0,37500.0
2021071404014681,HGI,32,54,50,750.0,37500.0
2021071404014680,HGI,17,54,100,750.0,75000.0
2021071404014679,HGI,34,54,50,750.0,37500.0
2021071404014678,HGI,34,54,50,750.0,37500.0
2021071404014750,HPPL,57,21,10,452.0,4520.0
2021071404014638,HPPL,57,46,10,452.0,4520.0
2021071404014555,HPPL,8,6,10,453.0,4530.0
2021071404014547,HPPL,8,37,40,453.0,18120.0
2021071404014530,HPPL,35,47,80,453.0,36240.0
2021071404014464,HPPL,35,59,"1,912",453.0,866136.0
2021071404014297,HPPL,37,53,400,453.0,181200.0
2021071404014282,HPPL,44,53,"1,000",453.0,453000.0
2021071404014281,HPPL,5,53,481,453.0,217893.0
2021071404014432,HPPL,28,59,88,453.0,39864.0
2021071404014431,HPPL,28,53,119,453.0,53907.0
2021071404014428,HPPL,57,50,259,452.0,117068.0
2021071404014427,HPPL,52,50,31,452.0,14012.0
2021071404014426,HPPL,58,50,10,452.0,4520.0
2021071404014400,HPPL,58,14,10,452.0,4520.0
2021071404014501,HURJA,58,19,20,367.0,7340.0
2021071404014537,IGI,4,21,100,1200.0,120000.0
2021071404014462,IGI,4,35,"1,980",1200.0,2376000.0
2021071404014401,KEF,29,3,100,10.08,1008.0
2021071404014492,KKHC,58,1,15,270.0,4050.0
2021071404014639,KPCL,6,6,10,459.0,4590.0
2021071404014366,KPCL,6,33,10,459.0,4590.0
2021071404014365,KPCL,59,33,20,459.0,9180.0
2021071404014360,KPCL,59,34,10,459.0,4590.0
2021071404014672,LEC,32,48,50,355.0,17750.0
2021071404014605,LGIL,34,51,15,770.0,11550.0
2021071404014653,MEN,46,35,25,866.0,21650.0
2021071404014416,MEN,46,25,10,866.0,8660.0
2021071404014337,MHNL,25,14,100,336.0,33600.0
2021071404014616,NGPL,29,41,66,525.0,34650.0
2021071404014364,NGPL,38,41,134,525.0,70350.0
2021071404014363,NGPL,38,32,66,524.0,34584.0
2021071404014713,NHDL,14,44,100,449.0,44900.0
2021071404014712,NHDL,14,35,10,449.0,4490.0
2021071404014711,NHDL,14,5,50,448.0,22400.0
2021071404014710,NHDL,14,44,100,448.0,44800.0
2021071404014709,NHDL,14,35,10,448.0,4480.0
2021071404014708,NHDL,14,42,10,447.0,4470.0
2021071404014607,NHDL,45,28,10,445.0,4450.0
2021071404014606,NHDL,45,35,15,445.0,6675.0
2021071404014707,NHDL,14,28,30,446.0,13380.0
2021071404014706,NHDL,14,34,10,446.0,4460.0
2021071404014705,NHDL,14,6,10,446.0,4460.0
2021071404014704,NHDL,14,57,25,445.0,11125.0
2021071404014655,NHDL,45,57,200,445.0,89000.0
2021071404014608,NHDL,45,57,275,445.0,122375.0
2021071404014728,NHPC,21,38,100,310.0,31000.0
2021071404014646,NHPC,56,38,200,310.0,62000.0
2021071404014641,NHPC,50,38,30,310.0,9300.0
2021071404014635,NHPC,45,49,"4,920",309.0,1520280.0
2021071404014548,NHPC,33,49,500,310.0,155000.0
2021071404014517,NHPC,51,49,500,310.0,155000.0
2021071404014309,NHPC,45,38,190,309.0,58710.0
2021071404014315,NHPC,45,6,"1,000",309.0,309000.0
2021071404014314,NHPC,45,4,250,309.0,77250.0
2021071404014313,NHPC,45,55,100,309.0,30900.0
2021071404014312,NHPC,45,55,124,309.0,38316.0
2021071404014311,NHPC,45,38,"1,000",309.0,309000.0
2021071404014310,NHPC,45,42,560,309.0,173040.0
2021071404014468,NHPC,41,49,80,310.0,24800.0
2021071404014467,NHPC,41,57,320,310.0,99200.0
2021071404014466,NHPC,41,1,100,310.0,31000.0
2021071404014465,NHPC,41,21,500,310.0,155000.0
2021071404014317,NHPC,45,45,"1,000",309.0,309000.0
2021071404014316,NHPC,45,45,50,309.0,15450.0
2021071404014624,NIBLPF,47,22,"4,000",14.9,59600.0
2021071404014439,NIBLPF,47,42,"6,990",14.89,104081.1
2021071404014402,NIBLPF,47,42,"10,000",14.89,148900.0
2021071404014405,NICBF,8,47,469,13.68,6415.92
2021071404014404,NICBF,21,47,"1,900",13.69,26011.0
2021071404014482,NICL,8,25,20,1005.0,20100.0
2021071404014394,NICL,32,56,100,1000.0,100000.0
2021071404014359,NICL,29,56,75,999.0,74925.0
2021071404014358,NICL,42,56,55,999.0,54945.0
2021071404014357,NICL,47,56,60,999.0,59940.0
2021071404014356,NICL,45,56,100,999.0,99900.0
2021071404014270,NICL,25,56,500,1000.0,500000.0
2021071404014269,NICL,42,56,100,1000.0,100000.0
2021071404014268,NICL,17,56,50,1000.0,50000.0
2021071404014355,NICL,32,56,10,999.0,9990.0
2021071404014354,NICL,51,56,50,999.0,49950.0
2021071404014353,NICL,38,56,200,999.0,199800.0
2021071404014352,NICL,38,56,15,999.0,14985.0
2021071404014351,NICL,47,56,400,999.0,399600.0
2021071404014350,NICL,56,56,150,999.0,149850.0
2021071404014751,NIL,42,14,189,1357.0,256473.0
2021071404014399,NIL,42,6,11,1357.0,14927.0
2021071404014398,NIL,17,6,10,1357.0,13570.0
2021071404014397,NIL,13,6,200,1357.0,271400.0
2021071404014396,NIL,16,6,50,1357.0,67850.0
2021071404014395,NIL,50,6,11,1357.0,14927.0
2021071404014443,NLG,32,44,100,1206.0,120600.0
2021071404014369,NLG,25,41,10,1208.0,12080.0
2021071404014287,NLG,58,10,300,1205.0,361500.0
2021071404014651,OHL,36,48,90,662.0,59580.0
2021071404014650,OHL,58,48,200,663.0,132600.0
2021071404014649,OHL,58,48,200,663.0,132600.0
2021071404014648,OHL,58,48,500,664.0,332000.0
2021071404014647,OHL,35,48,10,664.0,6640.0
2021071404014520,OHL,19,44,54,666.0,35964.0
2021071404014526,OHL,58,44,300,665.0,199500.0
2021071404014525,OHL,48,44,100,665.0,66500.0
2021071404014524,OHL,58,44,400,665.0,266000.0
2021071404014523,OHL,58,44,300,665.0,199500.0
2021071404014522,OHL,13,44,100,666.0,66600.0
2021071404014521,OHL,20,44,100,666.0,66600.0
2021071404014645,PIC,25,53,10,1170.0,11700.0
2021071404014603,PIC,50,25,120,1169.0,140280.0
2021071404014699,PMHPL,14,33,20,284.0,5680.0
2021071404014518,PMHPL,51,33,20,285.0,5700.0
2021071404014330,PMHPL,51,14,10,285.0,2850.0
2021071404014536,PPCL,48,11,20,357.0,7140.0
2021071404014500,PPCL,48,56,100,357.0,35700.0
2021071404014285,PPCL,48,11,10,357.0,3570.0
2021071404014615,PRIN,58,25,190,941.0,178790.0
2021071404014614,PRIN,57,25,50,941.0,47050.0
2021071404014613,PRIN,57,25,10,941.0,9410.0
2021071404014491,PRIN,42,58,80,944.0,75520.0
2021071404014652,RADHI,45,16,85,750.0,63750.0
2021071404014528,RADHI,59,16,10,750.0,7500.0
2021071404014420,RADHI,45,16,50,750.0,37500.0
2021071404014419,RADHI,36,16,10,750.0,7500.0
2021071404014418,RADHI,38,16,50,750.0,37500.0
2021071404014417,RADHI,20,16,100,750.0,75000.0
2021071404014383,RHPC,58,56,18,557.0,10026.0
2021071404014382,RHPC,58,52,50,555.0,27750.0
2021071404014381,RHPC,58,45,32,555.0,17760.0
2021071404014720,RHPL,32,49,212,461.0,97732.0
2021071404014719,RHPL,52,49,400,461.0,184400.0
2021071404014718,RHPL,51,49,50,461.0,23050.0
2021071404014717,RHPL,49,49,63,461.0,29043.0
2021071404014716,RHPL,41,49,100,461.0,46100.0
2021071404014715,RHPL,42,49,15,461.0,6915.0
2021071404014303,RHPL,34,32,480,462.0,221760.0
2021071404014288,RHPL,14,57,150,461.0,69150.0
2021071404014392,RHPL,43,16,10,462.0,4620.0
2021071404014391,RHPL,41,16,50,462.0,23100.0
2021071404014390,RHPL,41,52,50,462.0,23100.0
2021071404014377,RHPL,34,52,20,462.0,9240.0
2021071404014376,RHPL,34,33,180,462.0,83160.0
2021071404014304,RHPL,34,33,20,462.0,9240.0
2021071404014488,RHPL,29,51,133,463.0,61579.0
2021071404014487,RHPL,29,44,107,463.0,49541.0
2021071404014486,RHPL,29,34,70,463.0,32410.0
2021071404014485,RHPL,29,33,100,463.0,46300.0
2021071404014484,RHPL,29,16,90,462.0,41580.0
2021071404014469,RHPL,25,16,50,462.0,23100.0
2021071404014714,RHPL,14,49,560,461.0,258160.0
2021071404014691,RHPL,57,32,230,462.0,106260.0
2021071404014609,RHPL,56,32,40,462.0,18480.0
2021071404014566,RHPL,56,34,10,462.0,4620.0
2021071404014565,RHPL,44,34,60,462.0,27720.0
2021071404014549,RHPL,44,14,40,462.0,18480.0
2021071404014726,RRHP,21,18,50,393.0,19650.0
2021071404014725,RRHP,34,18,50,393.0,19650.0
2021071404014724,RRHP,41,18,50,393.0,19650.0
2021071404014723,RRHP,49,18,100,393.0,39300.0
2021071404014722,RRHP,32,18,50,393.0,19650.0
2021071404014721,RRHP,16,18,130,394.0,51220.0
2021071404014406,RRHP,46,14,150,394.0,59100.0
2021071404014307,RRHP,49,22,50,395.0,19750.0
2021071404014306,RRHP,49,54,50,394.0,19700.0
2021071404014627,RRHP,16,33,250,394.0,98500.0
2021071404014595,RRHP,13,58,200,395.0,79000.0
2021071404014519,RRHP,32,10,50,393.0,19650.0
2021071404014472,RRHP,46,58,40,395.0,15800.0
2021071404014408,RRHP,46,51,100,395.0,39500.0
2021071404014407,RRHP,46,22,70,395.0,27650.0
2021071404014755,SAEF,39,47,100,16.84,1684.0
2021071404014516,SAEF,50,47,"36,140",16.66,602092.4
2021071404014515,SAEF,35,47,"10,000",16.66,166600.0
2021071404014514,SAEF,35,47,"10,000",16.67,166700.0
2021071404014513,SAEF,49,47,"2,500",16.68,41700.0
2021071404014329,SAEF,49,4,"2,500",16.68,41700.0
2021071404014322,SAEF,44,4,"10,000",16.71,167100.0
2021071404014321,SAEF,34,4,"20,000",16.72,334400.0
2021071404014320,SAEF,43,4,"2,500",16.73,41825.0
2021071404014328,SAEF,35,4,"10,000",16.68,166800.0
2021071404014327,SAEF,26,4,"3,000",16.69,50070.0
2021071404014326,SAEF,42,4,"5,000",16.69,83450.0
2021071404014325,SAEF,35,4,"10,000",16.69,166900.0
2021071404014324,SAEF,44,4,"10,000",16.7,167000.0
2021071404014323,SAEF,26,4,"2,000",16.71,33420.0
2021071404014634,SGI,17,37,100,724.0,72400.0
2021071404014633,SGI,17,51,10,724.0,7240.0
2021071404014437,SGI,36,51,40,721.0,28840.0
2021071404014668,SHL,21,38,456,268.0,122208.0
2021071404014667,SHL,57,38,100,269.0,26900.0
2021071404014666,SHL,6,38,350,269.0,94150.0
2021071404014333,SHL,42,13,350,270.0,94500.0
2021071404014332,SHL,6,6,500,269.0,134500.0
2021071404014331,SHL,53,6,"1,000",269.0,269000.0
2021071404014729,SHPC,57,35,200,501.0,100200.0
2021071404014702,SHPC,45,35,70,501.0,35070.0
2021071404014701,SHPC,45,57,30,501.0,15030.0
2021071404014277,SHPC,49,26,514,500.0,257000.0
2021071404014335,SHPC,6,26,500,500.0,250000.0
2021071404014506,SHPC,34,58,500,500.0,250000.0
2021071404014505,SHPC,34,46,200,500.0,100000.0
2021071404014504,SHPC,34,3,"1,000",500.0,500000.0
2021071404014503,SHPC,34,26,"2,771",500.0,1385500.0
2021071404014508,SHPC,34,55,329,500.0,164500.0
2021071404014507,SHPC,34,32,200,500.0,100000.0
2021071404014543,SHPC,45,37,400,500.0,200000.0
2021071404014542,SHPC,45,51,100,500.0,50000.0
2021071404014541,SHPC,45,56,665,500.0,332500.0
2021071404014540,SHPC,45,10,40,500.0,20000.0
2021071404014539,SHPC,45,50,80,500.0,40000.0
2021071404014538,SHPC,45,55,171,500.0,85500.0
2021071404014628,SHPC,56,57,20,501.0,10020.0
2021071404014588,SHPC,45,25,100,500.0,50000.0
2021071404014674,SHPC,26,57,100,501.0,50100.0
2021071404014743,SICL,54,58,74,1950.0,144300.0
2021071404014742,SICL,5,58,50,1950.0,97500.0
2021071404014741,SICL,22,58,20,1950.0,39000.0
2021071404014740,SICL,4,58,50,1950.0,97500.0
2021071404014739,SICL,4,58,500,1950.0,975000.0
2021071404014738,SICL,53,58,10,1950.0,19500.0
2021071404014545,SICL,46,28,100,1961.0,196100.0
2021071404014442,SICL,46,28,79,1961.0,154919.0
2021071404014441,SICL,46,3,100,1960.0,196000.0
2021071404014319,SICL,46,42,200,1960.0,392000.0
2021071404014737,SICL,4,58,200,1950.0,390000.0
2021071404014736,SICL,51,58,50,1951.0,97550.0
2021071404014735,SICL,59,58,18,1951.0,35118.0
2021071404014734,SICL,47,58,13,1951.0,25363.0
2021071404014733,SICL,51,58,15,1955.0,29325.0
2021071404014640,SICL,21,36,50,1963.0,98150.0
2021071404014632,SIL,52,37,35,1040.0,36400.0
2021071404014631,SIL,52,37,65,1040.0,67600.0
2021071404014498,SIL,52,17,135,1040.0,140400.0
2021071404014497,SIL,52,17,300,1040.0,312000.0
2021071404014496,SIL,41,17,50,1040.0,52000.0
2021071404014495,SIL,34,17,40,1041.0,41640.0
2021071404014494,SIL,42,17,150,1041.0,156150.0
2021071404014493,SIL,35,17,25,1044.0,26100.0
2021071404014749,SJCL,49,11,40,443.0,17720.0
2021071404014748,SJCL,49,17,40,443.0,17720.0
2021071404014747,SJCL,49,17,10,443.0,4430.0
2021071404014746,SJCL,49,58,10,443.0,4430.0
2021071404014564,SJCL,43,58,10,443.0,4430.0
2021071404014534,SJCL,25,57,40,442.0,17680.0
2021071404014284,SJCL,25,14,200,442.0,88400.0
2021071404014283,SJCL,25,40,20,442.0,8840.0
2021071404014753,SPDL,17,57,80,437.0,34960.0
2021071404014752,SPDL,45,57,920,438.0,402960.0
2021071404014727,SPDL,45,4,50,439.0,21950.0
2021071404014626,SPDL,45,45,30,438.0,13140.0
2021071404014625,SPDL,45,14,50,438.0,21900.0
2021071404014592,SPDL,17,36,100,437.0,43700.0
2021071404014334,SPDL,45,34,"1,000",441.0,441000.0
2021071404014300,SPDL,44,46,192,438.0,84096.0
2021071404014299,SPDL,44,46,108,440.0,47520.0
2021071404014438,SPDL,41,14,50,438.0,21900.0
2021071404014422,SPDL,41,51,100,438.0,43800.0
2021071404014414,SPDL,44,11,82,440.0,36080.0
2021071404014413,SPDL,44,14,100,440.0,44000.0
2021071404014412,SPDL,44,57,100,439.0,43900.0
2021071404014374,SPDL,44,35,20,438.0,8760.0
2021071404014644,SSHL,38,17,150,326.0,48900.0
2021071404014643,SSHL,45,17,300,327.0,98100.0
2021071404014642,SSHL,21,17,50,327.0,16350.0
2021071404014587,SSHL,58,50,145,328.0,47560.0
2021071404014527,SSHL,38,20,100,327.0,32700.0
2021071404014415,SSHL,4,1,1,332.0,332.0
2021071404014367,SSHL,38,13,"2,000",326.0,652000.0
2021071404014296,SSHL,45,58,50,326.0,16300.0
2021071404014290,SSHL,58,45,100,327.0,32700.0
2021071404014289,SSHL,58,48,200,327.0,65400.0
2021071404014336,UIC,59,51,100,717.0,71700.0
2021071404014745,UMHL,25,25,153,385.0,58905.0
2021071404014744,UMHL,25,41,47,385.0,18095.0
2021071404014703,UMHL,34,41,220,385.0,84700.0
2021071404014429,UMHL,17,57,510,385.0,196350.0
2021071404014423,UMHL,53,57,200,385.0,77000.0
2021071404014379,UMHL,58,57,290,385.0,111650.0
2021071404014378,UMHL,58,38,510,385.0,196350.0
2021071404014368,UMHL,48,39,70,384.0,26880.0
2021071404014473,UMHL,48,41,"1,000",384.0,384000.0
2021071404014430,UMHL,17,45,"1,490",385.0,573650.0
2021071404014532,UMHL,34,28,40,385.0,15400.0
2021071404014531,UMHL,34,34,60,385.0,23100.0
2021071404014510,UMHL,1,34,40,385.0,15400.0
2021071404014509,UMHL,1,45,10,385.0,3850.0
2021071404014629,UMHL,49,28,275,385.0,105875.0
2021071404014602,UMHL,58,28,100,385.0,38500.0
2021071404014546,UMHL,50,28,"1,000",385.0,385000.0
2021071404014544,UMHL,48,29,500,384.0,192000.0
2021071404014695,UMHL,17,41,83,385.0,31955.0
2021071404014694,UMHL,17,45,200,385.0,77000.0
2021071404014693,UMHL,17,28,17,385.0,6545.0
2021071404014670,UMHL,35,28,17,385.0,6545.0
2021071404014669,UMHL,49,28,51,385.0,19635.0
2021071404014553,UMRH,17,54,410,470.0,192700.0
2021071404014552,UMRH,17,57,50,470.0,23500.0
2021071404014551,UMRH,17,33,10,470.0,4700.0
2021071404014550,UMRH,17,40,10,467.0,4670.0
2021071404014636,UNHPL,39,56,30,365.0,10950.0
2021071404014483,UNHPL,39,21,30,365.0,10950.0
2021071404014425,UNHPL,22,21,250,365.0,91250.0
2021071404014362,UNHPL,22,13,250,365.0,91250.0
2021071404014361,UNHPL,59,13,250,365.0,91250.0
2021071404014298,UNHPL,58,3,"2,405",368.0,885040.0
2021071404014291,UNHPL,58,11,200,368.0,73600.0
2021071404014732,UPCL,38,14,10,301.0,3010.0
2021071404014665,UPCL,51,47,600,302.0,181200.0
2021071404014664,UPCL,48,47,300,302.0,90600.0
2021071404014623,UPCL,17,47,645,302.0,194790.0
2021071404014622,UPCL,17,38,"2,000",302.0,604000.0
2021071404014621,UPCL,17,19,100,302.0,30200.0
2021071404014410,UPCL,6,17,200,302.0,60400.0
2021071404014620,UPCL,17,26,50,302.0,15100.0
2021071404014619,UPCL,17,51,50,302.0,15100.0
2021071404014618,UPCL,17,58,60,302.0,18120.0
2021071404014617,UPCL,17,17,95,302.0,28690.0
2021071404014690,UPPER,55,7,12,695.0,8340.0
2021071404014673,UPPER,46,7,29,695.0,20155.0
2021071404014612,UPPER,45,7,22,696.0,15312.0
2021071404014611,UPPER,45,22,130,696.0,90480.0
2021071404014610,UPPER,45,38,48,696.0,33408.0
2021071404014445,UPPER,6,33,15,696.0,10440.0
2021071404014421,UPPER,45,33,200,696.0,139200.0
2021071404014403,UPPER,26,20,10,695.0,6950.0
2021071404014372,UPPER,26,1,160,695.0,111200.0
2021071404014371,UPPER,33,1,30,695.0,20850.0
2021071404014370,UPPER,58,1,10,695.0,6950.0
2021071404014512,UPPER,34,51,50,695.0,34750.0
2021071404014511,UPPER,26,51,30,695.0,20850.0
2021071404014471,UPPER,53,38,52,696.0,36192.0
2021071404014470,UPPER,53,33,33,696.0,22968.0
2021071404014104,AHPC,40,1,94,463.0,43522.0
2021071404014094,AHPC,40,5,10,463.0,4630.0
2021071404014075,AHPC,36,47,20,464.0,9280.0
2021071404014074,AHPC,36,43,30,464.0,13920.0
2021071404014073,AHPC,36,21,50,464.0,23200.0
2021071404014072,AHPC,36,58,900,464.0,417600.0
2021071404014053,AHPC,40,53,110,463.0,50930.0
2021071404013856,AHPC,4,21,50,462.0,23100.0
2021071404013846,AHPC,4,37,290,462.0,133980.0
2021071404013845,AHPC,6,37,10,462.0,4620.0
2021071404014177,AKPL,50,29,105,456.0,47880.0
2021071404014157,AKPL,21,29,200,456.0,91200.0
2021071404014108,AKPL,42,29,88,456.0,40128.0
2021071404013999,AKPL,42,29,200,456.0,91200.0
2021071404013970,AKPL,50,1,143,455.0,65065.0
2021071404013900,AKPL,50,42,347,455.0,157885.0
2021071404013795,AKPL,1,32,100,455.0,45500.0
2021071404013899,AKPL,50,54,100,455.0,45500.0
2021071404013895,AKPL,40,59,50,454.0,22700.0
2021071404013881,AKPL,57,45,100,455.0,45500.0
2021071404013880,AKPL,57,32,43,455.0,19565.0
2021071404013857,AKPL,17,32,500,455.0,227500.0
2021071404013850,AKPL,40,45,200,454.0,90800.0
2021071404014230,API,11,20,250,390.0,97500.0
2021071404014185,API,54,6,100,389.0,38900.0
2021071404014109,API,54,57,300,389.0,116700.0
2021071404014024,API,54,57,"1,183",389.0,460187.0
2021071404014023,API,54,41,30,389.0,11670.0
2021071404014022,API,54,38,200,389.0,77800.0
2021071404013808,API,34,56,100,388.0,38800.0
2021071404013807,API,45,56,100,388.0,38800.0
2021071404013806,API,47,56,100,388.0,38800.0
2021071404013805,API,42,56,107,388.0,41516.0
2021071404014004,API,16,38,100,389.0,38900.0
2021071404014003,API,16,21,250,389.0,97250.0
2021071404014002,API,16,34,650,389.0,252850.0
2021071404013974,API,29,34,200,389.0,77800.0
2021071404013829,API,4,56,459,388.0,178092.0
2021071404013809,API,25,56,284,388.0,110192.0
2021071404014165,BPCL,17,55,50,508.0,25400.0
2021071404014154,BPCL,17,16,65,508.0,33020.0
2021071404014143,BPCL,47,16,35,508.0,17780.0
2021071404014142,BPCL,47,48,25,508.0,12700.0
2021071404014141,BPCL,47,44,240,508.0,121920.0
2021071404013834,BPCL,56,44,"1,000",507.0,507000.0
2021071404013816,BPCL,17,38,100,506.0,50600.0
2021071404013796,BPCL,44,11,100,506.0,50600.0
2021071404014114,BPCL,32,44,50,508.0,25400.0
2021071404013989,BPCL,44,44,10,508.0,5080.0
2021071404013835,BPCL,56,43,100,507.0,50700.0
2021071404014176,CGH,21,17,10,1505.0,15050.0
2021071404013867,CGH,34,18,20,1504.0,30080.0
2021071404014162,CHCL,43,3,10,680.0,6800.0
2021071404014052,CHCL,39,57,210,679.0,142590.0
2021071404013940,CHCL,29,57,290,679.0,196910.0
2021071404013903,CHCL,29,14,130,679.0,88270.0
2021071404013902,CHCL,29,26,40,679.0,27160.0
2021071404013901,CHCL,29,40,40,679.0,27160.0
2021071404013842,CHCL,51,40,220,679.0,149380.0
2021071404013841,CHCL,51,56,80,678.0,54240.0
2021071404013828,CHCL,10,33,25,677.0,16925.0
2021071404013825,CHCL,58,56,100,678.0,67800.0
2021071404014192,CHL,59,55,30,487.0,14610.0
2021071404014191,CHL,59,4,100,487.0,48700.0
2021071404014190,CHL,59,4,10,486.0,4860.0
2021071404014189,CHL,59,41,190,486.0,92340.0
2021071404014184,CHL,26,47,250,484.0,121000.0
2021071404014183,CHL,56,47,298,484.0,144232.0
2021071404014032,CHL,48,41,500,486.0,243000.0
2021071404013952,CHL,57,41,10,486.0,4860.0
2021071404013915,CHL,56,58,502,484.0,242968.0
2021071404013914,CHL,58,58,"1,000",484.0,484000.0
2021071404013913,CHL,21,58,10,484.0,4840.0
2021071404013849,CHL,17,41,300,486.0,145800.0
2021071404013831,EIC,40,48,14,745.0,10430.0
2021071404014238,GHL,21,4,50,296.0,14800.0
2021071404014076,GHL,21,4,50,296.0,14800.0
2021071404014182,GIC,8,58,10,692.0,6920.0
2021071404013973,GIC,41,58,40,692.0,27680.0
2021071404013972,GIC,41,19,10,691.0,6910.0
2021071404013956,GIC,52,39,10,691.0,6910.0
2021071404013948,GIC,17,58,100,692.0,69200.0
2021071404013853,GIC,52,8,35,691.0,24185.0
2021071404013852,GIC,59,8,60,691.0,41460.0
2021071404013840,GIC,41,58,50,692.0,34600.0
2021071404014159,GLH,55,57,10,366.0,3660.0
2021071404014107,GLH,55,52,40,366.0,14640.0
2021071404014045,GLH,55,14,10,366.0,3660.0
2021071404013911,GLH,55,38,10,366.0,3660.0
2021071404014257,HDHPC,17,34,20,290.0,5800.0
2021071404014256,HDHPC,17,26,100,290.0,29000.0
2021071404014255,HDHPC,17,36,400,290.0,116000.0
2021071404014254,HDHPC,17,57,300,290.0,87000.0
2021071404014253,HDHPC,17,59,75,290.0,21750.0
2021071404014252,HDHPC,17,17,300,290.0,87000.0
2021071404013959,HDHPC,59,11,50,289.0,14450.0
2021071404013931,HDHPC,59,13,"1,000",289.0,289000.0
2021071404013930,HDHPC,59,34,50,289.0,14450.0
2021071404013917,HDHPC,54,34,50,289.0,14450.0
2021071404013819,HDHPC,37,38,204,289.0,58956.0
2021071404013818,HDHPC,46,38,"1,796",289.0,519044.0
2021071404013997,HDHPC,49,28,198,290.0,57420.0
2021071404013996,HDHPC,49,33,100,290.0,29000.0
2021071404013995,HDHPC,49,47,10,290.0,2900.0
2021071404013994,HDHPC,49,42,180,290.0,52200.0
2021071404013988,HDHPC,38,42,20,290.0,5800.0
2021071404013960,HDHPC,26,11,150,289.0,43350.0
2021071404014115,HDHPC,35,58,80,289.0,23120.0
2021071404014105,HDHPC,28,58,25,289.0,7225.0
2021071404014100,HDHPC,52,58,500,289.0,144500.0
2021071404014070,HDHPC,37,58,301,289.0,86989.0
2021071404014061,HDHPC,34,58,500,289.0,144500.0
2021071404014018,HDHPC,26,58,850,289.0,245650.0
2021071404014245,HDHPC,17,16,100,290.0,29000.0
2021071404014244,HDHPC,17,41,"1,000",290.0,290000.0
2021071404014243,HDHPC,17,28,302,290.0,87580.0
2021071404014242,HDHPC,17,29,100,289.0,28900.0
2021071404014241,HDHPC,17,17,300,289.0,86700.0
2021071404014240,HDHPC,17,58,"3,744",289.0,1082016.0
2021071404014251,HDHPC,17,22,100,290.0,29000.0
2021071404014250,HDHPC,17,38,50,290.0,14500.0
2021071404014249,HDHPC,17,58,55,290.0,15950.0
2021071404014248,HDHPC,17,54,400,290.0,116000.0
2021071404014247,HDHPC,17,26,60,290.0,17400.0
2021071404014246,HDHPC,17,48,500,290.0,145000.0
2021071404014181,HPPL,5,6,19,453.0,8607.0
2021071404014180,HPPL,35,6,22,453.0,9966.0
2021071404014179,HPPL,35,58,100,453.0,45300.0
2021071404014175,HPPL,35,41,236,455.0,107380.0
2021071404014174,HPPL,35,49,44,455.0,20020.0
2021071404014173,HPPL,35,51,50,455.0,22750.0
2021071404013879,HPPL,49,34,250,453.0,113250.0
2021071404013874,HPPL,49,50,160,453.0,72480.0
2021071404013824,HPPL,58,58,200,452.0,90400.0
2021071404013823,HPPL,37,58,549,452.0,248148.0
2021071404013822,HPPL,28,58,50,455.0,22750.0
2021071404014056,HPPL,32,58,40,453.0,18120.0
2021071404014046,HPPL,5,58,200,453.0,90600.0
2021071404013964,HPPL,38,58,60,453.0,27180.0
2021071404013963,HPPL,38,34,10,453.0,4530.0
2021071404013962,HPPL,38,7,10,453.0,4530.0
2021071404013961,HPPL,38,6,20,453.0,9060.0
2021071404014153,HPPL,35,51,100,453.0,45300.0
2021071404014123,HPPL,35,48,78,453.0,35334.0
2021071404014090,HPPL,35,58,110,453.0,49830.0
2021071404014069,HPPL,35,44,100,453.0,45300.0
2021071404014068,HPPL,35,50,200,453.0,90600.0
2021071404014067,HPPL,35,58,290,453.0,131370.0
2021071404014172,HPPL,35,21,10,455.0,4550.0
2021071404014171,HPPL,35,22,50,455.0,22750.0
2021071404014170,HPPL,35,58,500,455.0,227500.0
2021071404014169,HPPL,35,35,100,455.0,45500.0
2021071404014168,HPPL,35,51,100,455.0,45500.0
2021071404014167,HPPL,35,29,10,454.0,4540.0
2021071404014210,HURJA,59,19,46,367.0,16882.0
2021071404014209,HURJA,59,10,54,367.0,19818.0
2021071404014088,HURJA,59,10,30,367.0,11010.0
2021071404013946,HURJA,59,56,70,366.0,25620.0
2021071404013945,HURJA,59,41,100,366.0,36600.0
2021071404013944,HURJA,59,10,100,366.0,36600.0
2021071404013943,HURJA,59,35,150,365.0,54750.0
2021071404013942,HURJA,59,10,100,365.0,36500.0
2021071404014048,JOSHI,29,22,33,286.0,9438.0
2021071404014035,JOSHI,29,51,20,286.0,5720.0
2021071404014034,JOSHI,29,49,40,286.0,11440.0
2021071404013990,JOSHI,41,45,50,286.0,14300.0
2021071404013951,JOSHI,41,45,50,286.0,14300.0
2021071404013950,JOSHI,41,53,100,286.0,28600.0
2021071404013794,JOSHI,57,21,20,285.0,5700.0
2021071404013793,JOSHI,57,59,20,285.0,5700.0
2021071404013792,JOSHI,57,43,100,285.0,28500.0
2021071404013791,JOSHI,57,59,20,285.0,5700.0
2021071404013790,JOSHI,57,6,100,285.0,28500.0
2021071404013789,JOSHI,57,34,540,285.0,153900.0
2021071404013978,KKHC,51,1,204,270.0,55080.0
2021071404013977,KKHC,51,21,50,270.0,13500.0
2021071404013976,KKHC,51,40,26,270.0,7020.0
2021071404013975,KKHC,51,39,220,270.0,59400.0
2021071404013869,KKHC,32,39,29,270.0,7830.0
2021071404013868,KKHC,32,57,21,268.0,5628.0
2021071404014213,KPCL,59,34,270,459.0,123930.0
2021071404014212,KPCL,58,34,30,459.0,13770.0
2021071404014120,KPCL,58,58,20,459.0,9180.0
2021071404013949,KPCL,44,13,32,462.0,14784.0
2021071404014187,LEC,54,38,10,352.0,3520.0
2021071404014089,LEC,7,45,10,355.0,3550.0
2021071404014087,LEC,28,20,145,356.0,51620.0
2021071404014086,LEC,28,55,55,356.0,19580.0
