Transact. No.,Symbol,Buyer,Seller,Quantity,Rate,Amount
2021071504030034,AHPC,29,6,400,480.0,192000.0
2021071504030006,AHPC,38,55,20,479.0,9580.0
2021071504030077,AHPC,6,47,84,480.0,40320.0
2021071504030074,AHPC,13,47,66,480.0,31680.0
2021071504030073,AHPC,13,6,34,480.0,16320.0
2021071504030039,AHPC,5,45,155,479.0,74245.0
2021071504030038,AHPC,49,45,100,479.0,47900.0
2021071504030037,AHPC,38,45,145,479.0,69455.0
2021071504030083,AHPC,6,25,100,482.0,48200.0
2021071504030082,AHPC,6,28,200,482.0,96400.0
2021071504030081,AHPC,6,38,100,482.0,48200.0
2021071504030080,AHPC,6,26,50,481.0,24050.0
2021071504030079,AHPC,6,38,237,481.0,113997.0
2021071504030078,AHPC,6,1,10,480.0,4800.0
2021071504030340,AHPC,17,3,211,480.0,101280.0
2021071504030320,AHPC,34,3,50,480.0,24000.0
2021071504030298,AHPC,48,3,100,480.0,48000.0
2021071504030166,AHPC,5,33,10,479.0,4790.0
2021071504030084,AHPC,6,37,219,482.0,105558.0
2021071504030326,AIL,59,26,150,813.0,121950.0
2021071504030265,AIL,57,45,20,814.0,16280.0
2021071504030228,AIL,39,45,100,814.0,81400.0
2021071504030386,AKPL,16,57,200,474.0,94800.0
2021071504030251,AKPL,25,56,739,479.0,353981.0
2021071504030250,AKPL,25,59,100,479.0,47900.0
2021071504030249,AKPL,25,44,50,479.0,23950.0
2021071504030248,AKPL,25,39,230,479.0,110170.0
2021071504030247,AKPL,25,28,500,478.0,239000.0
2021071504030071,AKPL,26,58,100,474.0,47400.0
2021071504030042,AKPL,50,59,10,475.0,4750.0
2021071504030089,AKPL,42,45,500,473.0,236500.0
2021071504030088,AKPL,26,45,60,473.0,28380.0
2021071504030087,AKPL,16,45,85,473.0,40205.0
2021071504030086,AKPL,25,45,111,473.0,52503.0
2021071504030085,AKPL,20,45,100,474.0,47400.0
2021071504030072,AKPL,20,58,100,474.0,47400.0
2021071504030217,AKPL,50,59,10,475.0,4750.0
2021071504030094,AKPL,21,45,105,473.0,49665.0
2021071504030093,AKPL,29,45,100,473.0,47300.0
2021071504030092,AKPL,37,45,100,473.0,47300.0
2021071504030091,AKPL,56,45,500,473.0,236500.0
2021071504030090,AKPL,25,45,100,473.0,47300.0
2021071504030240,AKPL,25,56,100,477.0,47700.0
2021071504030239,AKPL,25,46,500,477.0,238500.0
2021071504030238,AKPL,25,57,500,477.0,238500.0
2021071504030237,AKPL,25,49,500,476.0,238000.0
2021071504030236,AKPL,25,44,989,476.0,470764.0
2021071504030235,AKPL,25,59,180,475.0,85500.0
2021071504030246,AKPL,25,1,10,478.0,4780.0
2021071504030245,AKPL,25,25,100,478.0,47800.0
2021071504030244,AKPL,25,59,10,478.0,4780.0
2021071504030243,AKPL,25,17,57,478.0,27246.0
2021071504030242,AKPL,25,56,415,478.0,198370.0
2021071504030241,AKPL,25,35,20,477.0,9540.0
2021071504030392,API,4,49,100,403.0,40300.0
2021071504030373,API,14,44,70,404.0,28280.0
2021071504030372,API,14,32,130,404.0,52520.0
2021071504030356,API,56,32,200,404.0,80800.0
2021071504030276,API,4,46,15,403.0,6045.0
2021071504030275,API,48,46,85,403.0,34255.0
2021071504030153,API,16,32,100,404.0,40400.0
2021071504030011,API,48,32,70,404.0,28280.0
2021071504030010,API,48,42,330,404.0,133320.0
2021071504029980,API,42,42,10,404.0,4040.0
2021071504029979,API,26,42,90,404.0,36360.0
2021071504029970,API,6,42,50,404.0,20200.0
2021071504030390,BARUN,17,14,100,531.0,53100.0
2021071504030389,BARUN,20,14,100,545.0,54500.0
2021071504030318,BARUN,20,49,10,548.0,5480.0
2021071504030225,BARUN,20,57,15,550.0,8250.0
2021071504029985,BARUN,20,57,50,539.0,26950.0
2021071504029984,BARUN,20,57,20,539.0,10780.0
2021071504029983,BARUN,20,35,350,538.0,188300.0
2021071504029982,BARUN,20,35,420,538.0,225960.0
2021071504029991,BARUN,20,20,208,546.0,113568.0
2021071504029990,BARUN,20,14,100,542.0,54200.0
2021071504029989,BARUN,20,53,100,542.0,54200.0
2021071504029988,BARUN,20,26,"1,777",540.0,959580.0
2021071504029987,BARUN,20,20,500,540.0,270000.0
2021071504029986,BARUN,20,54,10,540.0,5400.0
2021071504030013,BARUN,17,16,160,531.0,84960.0
2021071504030012,BARUN,51,16,100,538.0,53800.0
2021071504029995,BARUN,20,32,414,547.0,226458.0
2021071504029994,BARUN,20,20,"1,000",547.0,547000.0
2021071504029993,BARUN,20,28,40,547.0,21880.0
2021071504029992,BARUN,20,5,11,546.0,6006.0
2021071504030049,BARUN,20,48,171,549.0,93879.0
2021071504030048,BARUN,20,20,500,548.0,274000.0
2021071504030047,BARUN,20,45,100,548.0,54800.0
2021071504030046,BARUN,20,52,40,548.0,21920.0
2021071504030045,BARUN,20,32,186,547.0,101742.0
2021071504030224,BARUN,20,58,35,549.0,19215.0
2021071504030223,BARUN,20,20,150,549.0,82350.0
2021071504030124,BARUN,20,20,850,549.0,466650.0
2021071504030123,BARUN,20,58,100,549.0,54900.0
2021071504030122,BARUN,20,29,50,549.0,27450.0
2021071504030371,BPCL,4,51,10,506.0,5060.0
2021071504030347,BPCL,47,59,30,507.0,15210.0
2021071504030324,BPCL,4,21,17,506.0,8602.0
2021071504030323,BPCL,48,21,33,506.0,16698.0
2021071504030307,BPCL,29,59,50,507.0,25350.0
2021071504030040,BPCL,42,59,290,507.0,147030.0
2021071504030222,BPCL,58,59,18,507.0,9126.0
2021071504030192,BPCL,51,59,100,507.0,50700.0
2021071504030394,CGH,50,3,50,1505.0,75250.0
2021071504030355,CGH,48,34,10,1510.0,15100.0
2021071504030254,CGH,41,26,10,1509.0,15090.0
2021071504030253,CGH,49,26,10,1509.0,15090.0
2021071504030376,CHCL,56,16,90,687.0,61830.0
2021071504030069,CHCL,45,14,200,686.0,137200.0
2021071504030068,CHCL,45,43,200,685.0,137000.0
2021071504030067,CHCL,45,14,200,684.0,136800.0
2021071504030066,CHCL,45,8,50,684.0,34200.0
2021071504030065,CHCL,45,17,50,683.0,34150.0
2021071504030064,CHCL,45,21,700,683.0,478100.0
2021071504030063,CHCL,45,32,70,682.0,47740.0
2021071504030309,CHL,14,28,150,485.0,72750.0
2021071504030308,CHL,41,28,300,485.0,145500.0
2021071504030259,CHL,32,32,30,487.0,14610.0
2021071504030391,DHPL,14,13,160,279.0,44640.0
2021071504030137,DHPL,41,13,200,279.0,55800.0
2021071504030104,DHPL,16,13,140,279.0,39060.0
2021071504030103,DHPL,16,11,80,279.0,22320.0
2021071504030312,EIC,10,53,18,749.0,13482.0
2021071504030311,EIC,34,53,13,749.0,9737.0
2021071504030384,GHL,38,55,155,305.0,47275.0
2021071504030383,GHL,21,55,150,305.0,45750.0
2021071504030155,GHL,21,35,50,305.0,15250.0
2021071504030279,GIC,1,35,10,693.0,6930.0
2021071504030226,GLH,1,50,10,373.0,3730.0
2021071504029978,GLH,17,50,90,373.0,33570.0
2021071504029977,GLH,17,35,10,373.0,3730.0
2021071504030310,HDHPC,49,29,"1,120",292.0,327040.0
2021071504030271,HDHPC,49,45,200,292.0,58400.0
2021071504030227,HDHPC,49,1,10,292.0,2920.0
2021071504030221,HDHPC,49,45,100,292.0,29200.0
2021071504030212,HDHPC,26,22,10,293.0,2930.0
2021071504030120,HDHPC,49,21,100,292.0,29200.0
2021071504030119,HDHPC,49,35,402,292.0,117384.0
2021071504030118,HDHPC,49,22,145,291.0,42195.0
2021071504030117,HDHPC,49,58,400,291.0,116400.0
2021071504030017,HDHPC,45,22,100,290.0,29000.0
2021071504030016,HDHPC,8,22,100,290.0,29000.0
2021071504030363,HGI,10,6,10,768.0,7680.0
2021071504030399,HPPL,48,50,183,449.0,82167.0
2021071504030398,HPPL,7,50,30,450.0,13500.0
2021071504030397,HPPL,58,50,887,450.0,399150.0
2021071504030370,HPPL,25,41,330,452.0,149160.0
2021071504030369,HPPL,25,52,100,452.0,45200.0
2021071504030368,HPPL,25,16,70,451.0,31570.0
2021071504030116,HPPL,6,1,100,450.0,45000.0
2021071504030362,HPPL,58,44,50,450.0,22500.0
2021071504030234,HPPL,58,6,63,450.0,28350.0
2021071504030143,HPPL,7,6,17,450.0,7650.0
2021071504030142,HPPL,7,42,144,450.0,64800.0
2021071504030141,HPPL,7,53,185,450.0,83250.0
2021071504030140,HPPL,7,1,510,450.0,229500.0
2021071504030252,HURJA,35,56,50,360.0,18000.0
2021071504030021,IGI,4,34,10,1209.0,12090.0
2021071504030216,JOSHI,16,28,100,294.0,29400.0
2021071504030294,KEF,35,21,100,10.5,1050.0
2021071504030293,KEF,35,28,200,10.49,2098.0
2021071504030060,KEF,35,28,"3,800",10.49,39862.0
2021071504030059,KEF,35,58,200,10.48,2096.0
2021071504030058,KEF,35,45,500,10.48,5240.0
2021071504030057,KEF,35,13,"1,000",10.4,10400.0
2021071504030050,KEF,35,3,100,10.38,1038.0
2021071504030056,KEF,35,32,100,10.4,1040.0
2021071504030055,KEF,35,44,500,10.4,5200.0
2021071504030054,KEF,35,45,500,10.4,5200.0
2021071504030053,KEF,35,17,200,10.4,2080.0
2021071504030052,KEF,35,51,"1,100",10.38,11418.0
2021071504030051,KEF,35,51,"2,000",10.38,20760.0
2021071505000025,KLBSL,34,34,10,1740.0,17400.0
2021071505000024,KLBSL,34,29,100,1740.0,174000.0
2021071505000023,KLBSL,34,28,500,1734.0,867000.0
2021071505000022,KLBSL,34,37,200,1733.0,346600.0
2021071505000021,KLBSL,34,52,100,1730.0,173000.0
2021071505000020,KLBSL,34,59,20,1728.0,34560.0
2021071505000001,KLBSL,49,28,50,1697.0,84850.0
2021071505000007,KLBSL,43,47,40,1696.0,67840.0
2021071505000006,KLBSL,14,47,50,1696.0,84800.0
2021071505000005,KLBSL,50,47,10,1697.0,16970.0
2021071505000004,KLBSL,11,47,50,1697.0,84850.0
2021071505000003,KLBSL,50,16,10,1697.0,16970.0
2021071505000002,KLBSL,49,28,100,1697.0,169700.0
2021071505000013,KLBSL,49,41,50,1715.0,85750.0
2021071505000012,KLBSL,14,26,30,1697.0,50910.0
2021071505000011,KLBSL,46,26,10,1698.0,16980.0
2021071505000010,KLBSL,57,34,30,1696.0,50880.0
2021071505000009,KLBSL,49,47,69,1695.0,116955.0
2021071505000008,KLBSL,13,47,81,1695.0,137295.0
2021071505000019,KLBSL,46,45,11,1720.0,18920.0
2021071505000018,KLBSL,10,45,20,1720.0,34400.0
2021071505000017,KLBSL,57,45,30,1720.0,51600.0
2021071505000016,KLBSL,57,14,10,1720.0,17200.0
2021071505000015,KLBSL,57,38,10,1720.0,17200.0
2021071505000014,KLBSL,16,37,"1,000",1728.0,1728000.0
2021071504030395,KPCL,50,3,24,474.0,11376.0
2021071504030317,KPCL,32,1,279,477.0,133083.0
2021071504030316,KPCL,32,41,71,476.0,33796.0
2021071504030315,KPCL,32,4,150,475.0,71250.0
2021071504030023,KPCL,50,34,26,473.0,12298.0
2021071504030018,KPCL,42,58,10,472.0,4720.0
2021071504030134,LEC,39,42,250,380.0,95000.0
2021071504030121,LEC,39,49,10,380.0,3800.0
2021071504030113,LEC,21,1,650,381.0,247650.0
2021071504030112,LEC,21,34,10,381.0,3810.0
2021071504030111,LEC,21,37,100,381.0,38100.0
2021071504030110,LEC,21,16,100,381.0,38100.0
2021071504030109,LEC,21,42,10,381.0,3810.0
2021071504030108,LEC,21,49,20,381.0,7620.0
2021071504030107,LEC,21,48,10,381.0,3810.0
2021071504030106,LEC,21,33,100,381.0,38100.0
2021071504030002,LEC,39,32,145,380.0,55100.0
2021071504030281,LGIL,8,36,90,780.0,70200.0
2021071504030280,LGIL,34,36,10,780.0,7800.0
2021071504030393,LUK,34,33,100,12.62,1262.0
2021071504030385,MEN,57,58,500,890.0,445000.0
2021071504030139,MEN,39,58,"1,000",890.0,890000.0
2021071504030114,MEN,57,56,"1,000",888.0,888000.0
2021071504030009,MEN,39,55,100,890.0,89000.0
2021071504030297,MHNL,14,21,50,346.0,17300.0
2021071504030296,MHNL,14,42,20,345.0,6900.0
2021071504030295,MHNL,14,49,50,340.0,17000.0
2021071504030005,MHNL,45,49,350,340.0,119000.0
2021071504030004,MHNL,58,49,40,341.0,13640.0
2021071504030003,MHNL,38,49,60,342.0,20520.0
2021071504030300,NBF2,13,17,"1,000",14.1,14100.0
2021071504030214,NEF,6,42,"4,159",14.6,60721.4
2021071504030213,NEF,6,33,841,14.6,12278.6
2021071504030100,NEF,49,33,159,14.6,2321.4
2021071504030099,NEF,49,34,241,14.5,3494.5
2021071504030440,NGPL,38,11,288,570.0,164160.0
2021071504030439,NGPL,38,21,130,570.0,74100.0
2021071504030438,NGPL,38,58,25,570.0,14250.0
2021071504030437,NGPL,38,3,410,570.0,233700.0
2021071504030436,NGPL,38,17,500,570.0,285000.0
2021071504030435,NGPL,38,35,100,570.0,57000.0
2021071504030332,NGPL,38,5,100,563.0,56300.0
2021071504030328,NGPL,19,48,10,565.0,5650.0
2021071504030133,NGPL,38,53,380,562.0,213560.0
2021071504030132,NGPL,51,53,50,563.0,28150.0
2021071504030131,NGPL,38,53,20,563.0,11260.0
2021071504030404,NGPL,38,13,10,566.0,5660.0
2021071504030403,NGPL,38,54,100,566.0,56600.0
2021071504030402,NGPL,38,26,50,566.0,28300.0
2021071504030401,NGPL,38,17,67,566.0,37922.0
2021071504030400,NGPL,38,48,40,565.0,22600.0
2021071504030354,NGPL,42,48,12,563.0,6756.0
2021071504030410,NGPL,38,42,50,567.0,28350.0
2021071504030409,NGPL,38,56,12,567.0,6804.0
2021071504030408,NGPL,38,38,50,567.0,28350.0
2021071504030407,NGPL,38,18,100,567.0,56700.0
2021071504030406,NGPL,38,5,100,567.0,56700.0
2021071504030405,NGPL,38,21,50,567.0,28350.0
2021071504030416,NGPL,38,22,300,568.0,170400.0
2021071504030415,NGPL,38,54,12,568.0,6816.0
2021071504030414,NGPL,38,11,50,568.0,28400.0
2021071504030413,NGPL,38,42,500,567.0,283500.0
2021071504030412,NGPL,38,49,250,567.0,141750.0
2021071504030411,NGPL,38,49,331,567.0,187677.0
2021071504030422,NGPL,38,34,500,569.0,284500.0
2021071504030421,NGPL,38,35,100,569.0,56900.0
2021071504030420,NGPL,38,58,90,568.0,51120.0
2021071504030419,NGPL,38,21,500,568.0,284000.0
2021071504030418,NGPL,38,22,550,568.0,312400.0
2021071504030417,NGPL,38,29,107,568.0,60776.0
2021071504030428,NGPL,38,33,50,569.0,28450.0
2021071504030427,NGPL,38,17,60,569.0,34140.0
2021071504030426,NGPL,38,49,75,569.0,42675.0
2021071504030425,NGPL,38,18,100,569.0,56900.0
2021071504030424,NGPL,38,52,200,569.0,113800.0
2021071504030423,NGPL,38,1,100,569.0,56900.0
2021071504030434,NGPL,38,34,100,570.0,57000.0
2021071504030433,NGPL,38,14,150,569.0,85350.0
2021071504030432,NGPL,38,50,11,569.0,6259.0
2021071504030431,NGPL,38,44,410,569.0,233290.0
2021071504030430,NGPL,38,58,500,569.0,284500.0
2021071504030429,NGPL,38,58,100,569.0,56900.0
2021071504030377,NHDL,29,36,200,473.0,94600.0
2021071504030349,NHDL,35,5,50,472.0,23600.0
2021071504030274,NHDL,59,45,100,471.0,47100.0
2021071504030273,NHDL,59,45,125,471.0,58875.0
2021071504030272,NHDL,45,45,70,472.0,33040.0
2021071504030164,NHDL,45,45,80,472.0,37760.0
2021071504030062,NHDL,48,45,10,472.0,4720.0
2021071504030015,NHDL,44,45,10,472.0,4720.0
2021071504029976,NHDL,39,36,200,473.0,94600.0
2021071504030388,NHPC,25,51,80,310.0,24800.0
2021071504030387,NHPC,25,3,20,309.0,6180.0
2021071504030378,NHPC,29,3,150,309.0,46350.0
2021071504030343,NHPC,58,48,300,309.0,92700.0
2021071504030342,NHPC,58,4,500,309.0,154500.0
2021071504030341,NHPC,58,44,600,309.0,185400.0
2021071504030136,NHPC,46,44,140,309.0,43260.0
2021071504030135,NHPC,46,34,30,309.0,9270.0
2021071504030102,NHPC,58,34,10,309.0,3090.0
2021071504030076,NHPC,42,51,240,308.0,73920.0
2021071504030070,NHPC,37,34,10,309.0,3090.0
2021071504030301,NHPC,34,44,50,309.0,15450.0
2021071504030163,NHPC,49,44,10,309.0,3090.0
2021071504030150,NHPC,44,35,163,308.0,50204.0
2021071504030149,NHPC,38,35,500,308.0,154000.0
2021071504030148,NHPC,42,35,987,308.0,303996.0
2021071504030146,NHPC,32,44,200,309.0,61800.0
2021071504029974,NIBSF1,41,41,"2,500",14.36,35900.0
2021071504030366,NICL,40,4,10,1022.0,10220.0
2021071504030353,NICL,50,26,70,1020.0,71400.0
2021071504030352,NICL,38,26,100,1020.0,102000.0
2021071504030351,NICL,57,26,100,1020.0,102000.0
2021071504030350,NICL,58,26,30,1020.0,30600.0
2021071504030314,NICL,54,4,20,1022.0,20440.0
2021071504030313,NICL,54,4,74,1022.0,75628.0
2021071504030258,NICL,45,4,26,1022.0,26572.0
2021071504030257,NICL,45,4,50,1022.0,51100.0
2021071504030256,NICL,45,51,24,1022.0,24528.0
2021071504030036,NICL,58,45,40,1020.0,40800.0
2021071504030035,NICL,10,45,245,1021.0,250145.0
2021071504030380,NIL,55,34,70,1348.0,94360.0
2021071504030319,NIL,33,34,30,1348.0,40440.0
2021071504030232,NLG,6,49,14,1220.0,17080.0
2021071504030231,NLG,6,44,100,1219.0,121900.0
2021071504030230,NLG,6,58,296,1219.0,360824.0
2021071504030229,NLG,6,39,190,1218.0,231420.0
2021071504030115,NLG,38,39,10,1218.0,12180.0
2021071504030396,NMB50,43,3,"1,000",14.95,14950.0
2021071504030096,NMB50,43,57,500,14.95,7475.0
2021071504030095,NMB50,43,53,500,14.95,7475.0
2021071504030379,OHL,6,49,10,654.0,6540.0
2021071504030215,OHL,22,21,100,656.0,65600.0
2021071504030162,PIC,4,51,100,1170.0,117000.0
2021071504030360,PMHPL,39,49,100,302.0,30200.0
2021071504030359,PMHPL,34,49,100,302.0,30200.0
2021071504030358,PMHPL,29,49,500,302.0,151000.0
2021071504030357,PMHPL,43,49,149,302.0,44998.0
2021071504030306,PMHPL,29,11,80,303.0,24240.0
2021071504030305,PMHPL,29,4,10,303.0,3030.0
2021071504030304,PMHPL,29,16,10,303.0,3030.0
2021071504030220,PPCL,55,19,100,370.0,37000.0
2021071504030219,PPCL,49,19,73,370.0,27010.0
2021071504030266,RADHI,33,38,63,746.0,46998.0
2021071504030125,RADHI,33,57,37,746.0,27602.0
2021071504030007,RADHI,29,57,110,745.0,81950.0
2021071504030382,RHPC,4,39,100,576.0,57600.0
2021071504030375,RHPC,4,18,980,580.0,568400.0
2021071504030374,RHPC,4,34,20,578.0,11560.0
2021071504030325,RHPC,4,14,500,576.0,288000.0
2021071504030321,RHPC,4,47,"3,000",576.0,1728000.0
2021071504030211,RHPC,4,14,"1,000",576.0,576000.0
2021071504030008,RHPC,4,22,100,567.0,56700.0
2021071504029981,RHPC,4,44,150,565.0,84750.0
2021071504030157,RHPC,4,49,300,576.0,172800.0
2021071504030156,RHPC,4,39,100,576.0,57600.0
2021071504030145,RHPC,4,44,100,576.0,57600.0
2021071504030144,RHPC,4,14,500,576.0,288000.0
2021071504030030,RHPC,4,43,100,576.0,57600.0
2021071504030029,RHPC,4,38,19,576.0,10944.0
2021071504030198,RHPC,4,14,"1,200",580.0,696000.0
2021071504030197,RHPC,4,42,100,579.0,57900.0
2021071504030196,RHPC,4,39,90,579.0,52110.0
2021071504030195,RHPC,4,39,500,579.0,289500.0
2021071504030194,RHPC,4,41,10,578.0,5780.0
2021071504030193,RHPC,4,25,357,577.0,205989.0
2021071504030204,RHPC,4,45,200,580.0,116000.0
2021071504030203,RHPC,4,33,50,580.0,29000.0
2021071504030202,RHPC,4,47,"1,000",580.0,580000.0
2021071504030201,RHPC,4,49,42,580.0,24360.0
2021071504030200,RHPC,4,42,20,580.0,11600.0
2021071504030199,RHPC,4,1,500,580.0,290000.0
2021071504030210,RHPC,4,35,433,582.0,252006.0
2021071504030209,RHPC,4,7,50,581.0,29050.0
2021071504030208,RHPC,4,52,230,581.0,133630.0
2021071504030207,RHPC,4,7,100,581.0,58100.0
2021071504030206,RHPC,4,1,100,580.0,58000.0
2021071504030205,RHPC,4,29,18,580.0,10440.0
2021071504030348,RHPL,28,51,100,474.0,47400.0
2021071504030287,RHPL,41,37,50,475.0,23750.0
2021071504030101,RHPL,28,58,400,474.0,189600.0
2021071504030043,RHPL,28,34,80,474.0,37920.0
2021071504030026,RHPL,28,35,20,474.0,9480.0
2021071504030000,RHPL,29,37,70,475.0,33250.0
2021071504030264,RRHP,41,1,10,428.0,4280.0
2021071504030263,RRHP,41,6,200,428.0,85600.0
2021071504030262,RRHP,41,32,50,428.0,21400.0
2021071504030261,RRHP,41,56,20,428.0,8560.0
2021071504030260,RRHP,41,34,220,428.0,94160.0
2021071504029975,RRHP,38,34,50,428.0,21400.0
2021071504030152,SAEF,45,49,"1,000",16.79,16790.0
2021071504030218,SEF,22,43,"3,500",14.05,49175.0
2021071504030159,SFMF,34,26,100,16.0,1600.0
2021071504030105,SGI,59,34,10,731.0,7310.0
2021071504030346,SHL,1,34,870,262.0,227940.0
2021071504030345,SHL,45,34,300,262.0,78600.0
2021071504030344,SHL,28,34,630,263.0,165690.0
2021071504030255,SHL,53,22,205,265.0,54325.0
2021071504030191,SHL,28,34,170,263.0,44710.0
2021071504030190,SHL,45,34,500,263.0,131500.0
2021071504030171,SHL,28,34,500,263.0,131500.0
2021071504030170,SHL,42,34,300,264.0,79200.0
2021071504030169,SHL,51,34,100,264.0,26400.0
2021071504030168,SHL,51,38,100,264.0,26400.0
2021071504030165,SHL,6,58,280,264.0,73920.0
2021071504030024,SHL,45,34,114,264.0,30096.0
2021071504030177,SHL,50,34,100,263.0,26300.0
2021071504030176,SHL,56,34,100,263.0,26300.0
2021071504030175,SHL,57,34,200,263.0,52600.0
2021071504030174,SHL,17,34,100,263.0,26300.0
2021071504030173,SHL,44,34,100,263.0,26300.0
2021071504030172,SHL,29,34,100,263.0,26300.0
2021071504030183,SHL,42,34,100,263.0,26300.0
2021071504030182,SHL,50,34,"1,000",263.0,263000.0
2021071504030181,SHL,25,34,200,263.0,52600.0
2021071504030180,SHL,5,34,100,263.0,26300.0
2021071504030179,SHL,50,34,100,263.0,26300.0
2021071504030178,SHL,25,34,100,263.0,26300.0
2021071504030189,SHL,38,34,100,263.0,26300.0
2021071504030188,SHL,58,34,380,263.0,99940.0
2021071504030187,SHL,19,34,200,263.0,52600.0
2021071504030186,SHL,39,34,100,263.0,26300.0
2021071504030185,SHL,53,34,100,263.0,26300.0
2021071504030184,SHL,8,34,300,263.0,78900.0
2021071504030327,SHPC,49,29,300,513.0,153900.0
2021071504030322,SICL,4,50,22,1952.0,42944.0
2021071504030044,SICL,22,34,9,1950.0,17550.0
2021071504030331,SIL,44,16,100,1058.0,105800.0
2021071504030330,SIL,44,14,50,1056.0,52800.0
2021071504030329,SIL,44,4,100,1050.0,105000.0
2021071504030339,SJCL,34,26,178,449.0,79922.0
2021071504030338,SJCL,34,35,20,448.0,8960.0
2021071504030337,SJCL,34,36,40,447.0,17880.0
2021071504030336,SJCL,34,51,50,446.0,22300.0
2021071504030335,SJCL,34,4,10,446.0,4460.0
2021071504030334,SJCL,34,11,190,445.0,84550.0
2021071504030333,SJCL,34,39,12,444.0,5328.0
2021071504030151,SJCL,33,39,88,444.0,39072.0
2021071504030028,SJCL,33,38,62,444.0,27528.0
2021071504030027,SJCL,38,38,127,444.0,56388.0
2021071504030020,SJCL,58,11,310,445.0,137950.0
2021071504030019,SJCL,58,32,50,445.0,22250.0
2021071504030367,SPDL,25,58,10,449.0,4490.0
2021071504030303,SPDL,49,58,200,449.0,89800.0
2021071504030302,SPDL,58,41,20,448.0,8960.0
2021071504030299,SPDL,58,58,10,449.0,4490.0
2021071504030268,SSHL,6,6,10,338.0,3380.0
2021071504030233,SSHL,54,6,10,338.0,3380.0
2021071504030158,SSHL,57,37,100,336.0,33600.0
2021071504030147,SSHL,4,1,1,342.0,342.0
2021071504030160,TRH,55,43,"1,000",400.0,400000.0
2021071504030128,TRH,14,4,180,399.0,71820.0
2021071504030127,TRH,45,4,50,399.0,19950.0
2021071504030126,TRH,45,4,90,399.0,35910.0
2021071504030278,UIC,52,41,80,715.0,57200.0
2021071504030277,UIC,34,41,20,715.0,14300.0
2021071504030267,UIC,56,45,200,716.0,143200.0
2021071504030041,UIC,42,45,25,716.0,17900.0
2021071504030365,UMHL,45,55,100,403.0,40300.0
2021071504030364,UMHL,5,55,317,403.0,127751.0
2021071504030361,UMHL,5,45,10,403.0,4030.0
2021071504030288,UMHL,47,39,10,405.0,4050.0
2021071504030286,UMHL,5,59,673,403.0,271219.0
2021071504029996,UMHL,35,26,89,404.0,35956.0
2021071504029973,UMHL,59,26,11,404.0,4444.0
2021071504029972,UMHL,59,41,20,404.0,8080.0
2021071504029971,UMHL,59,13,219,404.0,88476.0
2021071504030097,UMHL,1,56,61,404.0,24644.0
2021071504030061,UMHL,1,6,139,404.0,56156.0
2021071504030022,UMHL,35,6,11,404.0,4444.0
2021071504029999,UMHL,35,40,100,404.0,40400.0
2021071504029998,UMHL,35,34,100,404.0,40400.0
2021071504029997,UMHL,35,45,200,404.0,80800.0
2021071504030285,UMHL,51,59,500,403.0,201500.0
2021071504030284,UMHL,38,59,480,403.0,193440.0
2021071504030283,UMHL,58,59,297,403.0,119691.0
2021071504030282,UMHL,16,59,50,404.0,20200.0
2021071504030154,UMHL,16,54,50,404.0,20200.0
2021071504030098,UMHL,58,56,44,403.0,17732.0
2021071504030292,UMRH,57,39,10,475.0,4750.0
2021071504030291,UMRH,57,34,45,475.0,21375.0
2021071504029966,UMRH,7,43,10,478.0,4780.0
2021071504029968,UMRH,57,43,345,475.0,163875.0
2021071504029967,UMRH,7,43,10,476.0,4760.0
2021071504030025,UMRH,57,34,465,475.0,220875.0
2021071504030130,UMRH,7,34,100,475.0,47500.0
2021071504030290,UNHPL,58,21,100,370.0,37000.0
2021071504030289,UNHPL,45,21,100,370.0,37000.0
2021071504030167,UNHPL,8,57,156,370.0,57720.0
2021071504030001,UNHPL,8,7,40,370.0,14800.0
2021071504030381,UPCL,21,32,100,315.0,31500.0
2021071504030270,UPCL,53,32,99,315.0,31185.0
2021071504030269,UPCL,53,14,76,315.0,23940.0
2021071504030033,UPCL,38,6,425,313.0,133025.0
2021071504030032,UPCL,54,6,500,313.0,156500.0
2021071504030031,UPCL,44,6,175,313.0,54775.0
2021071504030014,UPCL,44,45,600,313.0,187800.0
2021071504029969,UPCL,44,51,200,313.0,62600.0
2021071504030161,UPPER,48,57,50,704.0,35200.0
2021071504030138,UPPER,51,45,150,705.0,105750.0
2021071504030129,UPPER,4,45,100,705.0,70500.0
2021071504030075,UPPER,47,45,100,705.0,70500.0
2021071504029886,AHPC,21,6,100,480.0,48000.0
2021071504029843,AHPC,56,6,200,480.0,96000.0
2021071504029770,AHPC,32,6,266,480.0,127680.0
2021071504029769,AHPC,32,51,334,480.0,160320.0
2021071504029728,AHPC,38,22,35,479.0,16765.0
2021071504029727,AHPC,45,22,80,479.0,38320.0
2021071504029726,AHPC,45,22,200,479.0,95800.0
2021071504029671,AHPC,45,55,100,479.0,47900.0
2021071504029545,AHPC,45,55,200,479.0,95800.0
2021071504029491,AHPC,25,51,100,480.0,48000.0
2021071504029864,AIL,59,56,50,813.0,40650.0
2021071504029723,AIL,8,45,100,814.0,81400.0
2021071504029517,AIL,59,11,260,813.0,211380.0
2021071504029516,AIL,38,11,10,813.0,8130.0
2021071504029515,AIL,16,11,30,813.0,24390.0
2021071504029928,AKPL,26,35,100,474.0,47400.0
2021071504029767,AKPL,25,44,11,476.0,5236.0
2021071504029766,AKPL,25,45,21,476.0,9996.0
2021071504029765,AKPL,25,13,50,476.0,23800.0
2021071504029764,AKPL,25,7,100,476.0,47600.0
2021071504029763,AKPL,25,46,58,476.0,27608.0
2021071504029756,AKPL,25,42,10,475.0,4750.0
2021071504029755,AKPL,25,53,100,474.0,47400.0
2021071504029754,AKPL,25,58,50,473.0,23650.0
2021071504029490,AKPL,25,45,39,473.0,18447.0
2021071504029762,AKPL,25,57,100,475.0,47500.0
2021071504029761,AKPL,25,45,50,475.0,23750.0
2021071504029760,AKPL,25,45,100,475.0,47500.0
2021071504029759,AKPL,25,46,200,475.0,95000.0
2021071504029758,AKPL,25,49,100,475.0,47500.0
2021071504029757,AKPL,25,58,100,475.0,47500.0
2021071504029938,API,7,42,20,404.0,8080.0
2021071504029937,API,38,42,100,404.0,40400.0
2021071504029901,API,34,54,100,404.0,40400.0
2021071504029865,API,5,54,50,404.0,20200.0
2021071504029838,API,25,54,480,404.0,193920.0
2021071504029797,API,48,33,15,403.0,6045.0
2021071504029590,API,42,54,69,404.0,27876.0
2021071504029589,API,42,44,181,404.0,73124.0
2021071504029519,API,7,44,100,404.0,40400.0
2021071504029796,API,33,33,85,403.0,34255.0
2021071504029785,API,17,54,100,404.0,40400.0
2021071504029778,API,58,54,150,404.0,60600.0
2021071504029684,API,52,54,50,404.0,20200.0
2021071504029663,API,33,49,20,403.0,8060.0
2021071504029662,API,56,49,207,403.0,83421.0
2021071504029773,BARUN,20,35,80,538.0,43040.0
2021071504029539,BARUN,20,57,10,539.0,5390.0
2021071504029819,BBC,10,55,10,5600.0,56000.0
2021071504029775,BBC,10,49,10,5600.0,56000.0
2021071504029524,BBC,10,55,10,5600.0,56000.0
2021071504029523,BBC,14,55,10,5600.0,56000.0
2021071504029902,BPCL,1,13,300,508.0,152400.0
2021071504029887,BPCL,25,13,30,508.0,15240.0
2021071504029722,BPCL,43,13,150,508.0,76200.0
2021071504029721,BPCL,43,42,100,508.0,50800.0
2021071504029720,BPCL,43,34,150,508.0,76200.0
2021071504029715,BPCL,41,34,40,508.0,20320.0
2021071504029922,CGH,50,35,15,1505.0,22575.0
2021071504029562,CGH,50,34,90,1505.0,135450.0
2021071504029554,CGH,13,34,10,1503.0,15030.0
2021071504029553,CGH,6,34,10,1503.0,15030.0
2021071504029552,CGH,45,34,30,1504.0,45120.0
2021071504029934,CHCL,57,32,50,682.0,34100.0
2021071504029735,CHCL,6,37,290,682.0,197780.0
2021071504029599,CHCL,34,37,60,682.0,40920.0
2021071504029522,CHCL,35,37,50,682.0,34100.0
2021071504029518,CHCL,17,37,50,682.0,34100.0
2021071504029879,CHL,11,32,123,487.0,59901.0
2021071504029878,CHL,11,14,360,487.0,175320.0
2021071504029877,CHL,11,16,17,486.0,8262.0
2021071504029709,CHL,58,16,15,486.0,7290.0
2021071504029630,CHL,58,16,136,486.0,66096.0
2021071504029629,CHL,34,16,32,486.0,15552.0
2021071504029783,CMF2,48,42,100,14.15,1415.0
2021071504029925,DHPL,14,11,500,279.0,139500.0
2021071504029923,DHPL,6,51,45,278.0,12510.0
2021071504029863,DHPL,6,41,100,278.0,27800.0
2021071504029862,DHPL,49,41,30,278.0,8340.0
2021071504029861,DHPL,57,41,20,278.0,5560.0
2021071504029860,DHPL,56,41,50,278.0,13900.0
2021071504029859,DHPL,14,41,300,278.0,83400.0
2021071504029820,DHPL,14,25,100,278.0,27800.0
2021071504029718,DHPL,35,11,20,279.0,5580.0
2021071504029592,DHPL,6,11,200,279.0,55800.0
2021071504029932,EIC,34,42,50,749.0,37450.0
2021071504029924,EIC,38,38,10,750.0,7500.0
2021071504029708,EIC,40,49,63,748.0,47124.0
2021071504029707,EIC,17,49,10,748.0,7480.0
2021071504029706,EIC,11,49,27,748.0,20196.0
2021071504029680,EIC,1,22,20,749.0,14980.0
2021071504029666,GHL,51,28,67,304.0,20368.0
2021071504029601,GHL,39,28,100,304.0,30400.0
2021071504029582,GHL,51,28,100,304.0,30400.0
2021071504029570,GHL,43,28,40,304.0,12160.0
2021071504029569,GHL,55,28,30,304.0,9120.0
2021071504029492,GHL,16,28,63,304.0,19152.0
2021071504029847,GIMES1,58,13,100,20.28,2028.0
2021071504029846,GIMES1,58,19,200,20.17,4034.0
2021071504029943,GLH,17,54,10,372.0,3720.0
2021071504029548,GLH,42,50,24,374.0,8976.0
2021071504029883,HDHPC,35,35,50,292.0,14600.0
2021071504029823,HDHPC,56,35,50,292.0,14600.0
2021071504029792,HDHPC,40,55,200,290.0,58000.0
2021071504029791,HDHPC,33,55,500,291.0,145500.0
2021071504029716,HDHPC,40,58,300,290.0,87000.0
2021071504029714,HDHPC,42,42,20,291.0,5820.0
2021071504029471,HDHPC,4,49,950,288.0,273600.0
2021071504029470,HDHPC,4,49,20,288.0,5760.0
2021071504029469,HDHPC,4,49,"2,000",288.0,576000.0
2021071504029468,HDHPC,57,49,50,288.0,14400.0
2021071504029467,HDHPC,45,49,500,288.0,144000.0
2021071504029466,HDHPC,51,49,100,289.0,28900.0
2021071504029477,HDHPC,40,49,500,288.0,144000.0
2021071504029476,HDHPC,13,49,370,288.0,106560.0
2021071504029475,HDHPC,44,49,350,288.0,100800.0
2021071504029474,HDHPC,43,49,500,288.0,144000.0
2021071504029473,HDHPC,43,49,90,288.0,25920.0
2021071504029472,HDHPC,45,49,100,288.0,28800.0
2021071504029483,HDHPC,48,49,900,287.0,258300.0
2021071504029482,HDHPC,42,49,200,287.0,57400.0
2021071504029481,HDHPC,51,49,100,287.0,28700.0
2021071504029480,HDHPC,51,49,500,288.0,144000.0
2021071504029479,HDHPC,51,49,"1,000",288.0,288000.0
2021071504029478,HDHPC,10,49,"1,000",288.0,288000.0
2021071504029713,HDHPC,42,45,500,291.0,145500.0
2021071504029488,HDHPC,4,49,762,287.0,218694.0
2021071504029487,HDHPC,50,49,80,287.0,22960.0
2021071504029486,HDHPC,6,49,60,287.0,17220.0
2021071504029485,HDHPC,35,49,"1,000",287.0,287000.0
2021071504029484,HDHPC,58,49,100,287.0,28700.0
2021071504029888,HPPL,16,1,500,450.0,225000.0
2021071504029669,HPPL,42,1,10,450.0,4500.0
2021071504029628,HPPL,7,16,10,451.0,4510.0
2021071504029627,HPPL,7,41,10,451.0,4510.0
2021071504029626,HPPL,7,33,30,450.0,13500.0
2021071504029957,HURJA,59,56,500,360.0,180000.0
2021071504029956,HURJA,45,56,100,360.0,36000.0
2021071504029955,HURJA,35,56,40,360.0,14400.0
2021071504029954,HURJA,38,56,80,360.0,28800.0
2021071504029953,HURJA,34,56,100,362.0,36200.0
2021071504029952,HURJA,28,56,100,363.0,36300.0
2021071504029951,HURJA,37,56,640,365.0,233600.0
2021071504029731,JOSHI,20,28,80,294.0,23520.0
2021071504029730,JOSHI,20,42,100,294.0,29400.0
2021071504029729,JOSHI,20,52,20,294.0,5880.0
2021071504029921,KEF,35,3,400,10.38,4152.0
2021071504029920,KEF,35,4,"1,000",10.35,10350.0
2021071504029919,KEF,35,49,100,10.35,1035.0
2021071504029918,KEF,35,34,"1,500",10.3,15450.0
2021071504029917,KEF,35,6,"1,000",10.3,10300.0
2021071504029916,KEF,35,17,200,10.3,2060.0
2021071504029746,KEF,35,4,100,10.2,1020.0
2021071504029745,KEF,35,6,900,10.2,9180.0
2021071504029744,KEF,35,58,100,10.19,1019.0
2021071504029743,KEF,35,56,400,10.18,4072.0
2021071504029659,KEF,35,35,100,10.18,1018.0
2021071504029567,KEF,57,58,400,10.02,4008.0
2021071504029903,KEF,35,32,"1,000",10.15,10150.0
2021071504029751,KEF,35,46,200,10.21,2042.0
2021071504029750,KEF,35,29,200,10.2,2040.0
2021071504029749,KEF,35,49,100,10.2,1020.0
2021071504029748,KEF,35,32,100,10.2,1020.0
2021071504029747,KEF,35,48,500,10.2,5100.0
2021071504029909,KEF,35,26,100,10.25,1025.0
2021071504029908,KEF,35,58,200,10.23,2046.0
2021071504029907,KEF,35,58,300,10.23,3069.0
2021071504029906,KEF,35,42,"1,200",10.23,12276.0
2021071504029905,KEF,35,59,"1,000",10.23,10230.0
2021071504029904,KEF,35,44,300,10.23,3069.0
2021071504029915,KEF,35,21,100,10.3,1030.0
2021071504029914,KEF,35,35,500,10.3,5150.0
2021071504029913,KEF,35,56,200,10.3,2060.0
2021071504029912,KEF,35,45,500,10.29,5145.0
2021071504029911,KEF,35,35,300,10.28,3084.0
2021071504029910,KEF,35,58,100,10.28,1028.0
2021071504029793,KKHC,38,57,200,279.0,55800.0
2021071504029676,KKHC,38,47,80,279.0,22320.0
2021071504029675,KKHC,38,53,86,278.0,23908.0
2021071504029657,KKHC,46,53,55,278.0,15290.0
2021071504029656,KKHC,44,53,169,278.0,46982.0
2021071504029965,KPCL,32,34,174,473.0,82302.0
2021071504029809,KPCL,32,22,180,473.0,85140.0
2021071504029500,KPCL,42,17,10,472.0,4720.0
2021071504029724,KPCL,32,56,46,473.0,21758.0
2021071504029710,KPCL,32,51,100,473.0,47300.0
2021071504029899,LEC,39,37,100,380.0,38000.0
2021071504029835,LEC,1,45,10,381.0,3810.0
2021071504029834,LEC,1,49,30,381.0,11430.0
2021071504029833,LEC,1,17,58,381.0,22098.0
2021071504029784,LEC,39,36,360,380.0,136800.0
2021071504029705,LEC,39,47,500,380.0,190000.0
2021071504029593,LEC,39,32,100,380.0,38000.0
2021071504029565,LEC,39,5,50,380.0,19000.0
2021071504029551,LEC,39,1,10,380.0,3800.0
2021071504029544,LGIL,34,4,110,780.0,85800.0
2021071504029543,LGIL,34,45,60,779.0,46740.0
2021071504029542,LGIL,34,38,20,779.0,15580.0
2021071504029525,LGIL,57,38,180,779.0,140220.0
2021071504029939,MEN,39,29,10,883.0,8830.0
2021071504029853,MHNL,38,57,40,342.0,13680.0
2021071504029588,MHNL,38,57,10,342.0,3420.0
2021071504029690,NBF2,36,17,110,14.1,1551.0
2021071504029854,NGPL,38,47,50,563.0,28150.0
2021071504029654,NGPL,38,17,433,566.0,245078.0
2021071504029653,NGPL,38,53,300,566.0,169800.0
2021071504029652,NGPL,38,42,50,566.0,28300.0
2021071504029651,NGPL,38,29,398,566.0,225268.0
2021071504029650,NGPL,38,35,300,566.0,169800.0
2021071504029637,NGPL,38,11,11,563.0,6193.0
2021071504029643,NGPL,38,50,510,565.0,288150.0
2021071504029642,NGPL,38,1,580,565.0,327700.0
2021071504029641,NGPL,38,40,100,564.0,56400.0
2021071504029640,NGPL,38,42,50,564.0,28200.0
2021071504029639,NGPL,38,42,400,564.0,225600.0
2021071504029638,NGPL,38,20,56,563.0,31528.0
2021071504029649,NGPL,38,13,50,565.0,28250.0
2021071504029648,NGPL,38,37,12,565.0,6780.0
2021071504029647,NGPL,38,49,100,565.0,56500.0
2021071504029646,NGPL,38,38,350,565.0,197750.0
2021071504029645,NGPL,38,38,100,565.0,56500.0
2021071504029644,NGPL,38,47,200,565.0,113000.0
2021071504029948,NHDL,44,58,20,472.0,9440.0
2021071504029808,NHDL,59,32,25,471.0,11775.0
2021071504029807,NHDL,49,32,50,471.0,23550.0
2021071504029806,NHDL,1,32,50,471.0,23550.0
2021071504029805,NHDL,17,32,100,471.0,47100.0
2021071504029804,NHDL,8,32,125,471.0,58875.0
2021071504029803,NHDL,6,32,30,471.0,14130.0
2021071504029802,NHDL,38,32,120,472.0,56640.0
2021071504029777,NHDL,38,46,80,472.0,37760.0
2021071504029776,NHDL,55,46,20,472.0,9440.0
2021071504029719,NHDL,55,57,90,472.0,42480.0
2021071504029608,NHDL,55,14,10,472.0,4720.0
2021071504029963,NHPC,42,37,273,308.0,84084.0
2021071504029962,NHPC,42,37,727,308.0,223916.0
2021071504029945,NHPC,57,34,100,309.0,30900.0
2021071504029936,NHPC,21,34,30,309.0,9270.0
2021071504029926,NHPC,58,34,300,309.0,92700.0
2021071504029898,NHPC,42,34,50,309.0,15450.0
2021071504029584,NHPC,45,4,100,309.0,30900.0
2021071504029546,NHPC,45,45,100,309.0,30900.0
2021071504029526,NHPC,52,45,200,309.0,61800.0
2021071504029825,NHPC,34,50,100,309.0,30900.0
2021071504029824,NHPC,34,50,120,309.0,37080.0
2021071504029664,NHPC,58,4,10,310.0,3100.0
2021071504029658,NHPC,34,58,80,309.0,24720.0
2021071504029600,NHPC,34,48,100,309.0,30900.0
2021071504029585,NHPC,50,4,500,309.0,154500.0
2021071504029893,NHPC,57,34,200,309.0,61800.0
2021071504029851,NHPC,42,4,773,308.0,238084.0
2021071504029850,NHPC,38,4,30,308.0,9240.0
2021071504029849,NHPC,34,4,473,308.0,145684.0
2021071504029827,NHPC,52,34,170,309.0,52530.0
2021071504029826,NHPC,52,50,480,309.0,148320.0
2021071504029858,NIBSF1,42,41,900,14.36,12924.0
2021071504029670,NICBF,34,47,"10,000",13.73,137300.0
2021071504029964,NICL,10,10,100,1021.0,102100.0
2021071504029933,NICL,10,52,15,1021.0,15315.0
2021071504029876,NICL,10,53,20,1021.0,20420.0
2021071504029875,NICL,10,36,100,1021.0,102100.0
2021071504029874,NICL,10,52,20,1021.0,20420.0
2021071504029685,NICL,58,52,100,1020.0,102000.0
2021071504029496,NICL,32,35,50,1020.0,51000.0
2021071504029495,NICL,19,35,200,1020.0,204000.0
2021071504029494,NICL,52,35,50,1020.0,51000.0
2021071504029493,NICL,58,35,590,1020.0,601800.0
2021071504029661,NICL,58,48,10,1020.0,10200.0
2021071504029660,NICL,38,48,40,1020.0,40800.0
2021071504029550,NICL,1,52,40,1021.0,40840.0
2021071504029549,NICL,1,45,10,1021.0,10210.0
2021071504029498,NICL,38,35,10,1020.0,10200.0
2021071504029497,NICL,8,35,100,1020.0,102000.0
2021071504029873,NIL,42,34,801,1356.0,1086156.0
2021071504029872,NIL,42,14,300,1355.0,406500.0
2021071504029871,NIL,42,7,160,1355.0,216800.0
2021071504029870,NIL,42,58,20,1355.0,27100.0
2021071504029869,NIL,42,45,150,1354.0,203100.0
2021071504029868,NIL,42,41,69,1350.0,93150.0
2021071504029634,NIL,44,41,31,1350.0,41850.0
2021071504029633,NIL,44,45,30,1350.0,40500.0
2021071504029632,NIL,44,41,50,1349.0,67450.0
2021071504029631,NIL,44,42,89,1348.0,119972.0
2021071504029900,NLG,57,52,75,1203.0,90225.0
2021071504029856,NLG,26,58,183,1219.0,223077.0
2021071504029855,NLG,26,29,50,1218.0,60900.0
2021071504029694,NLG,22,56,100,1210.0,121000.0
2021071504029693,NLG,42,56,25,1210.0,30250.0
2021071504029692,NLG,51,56,200,1212.0,242400.0
2021071504029691,NLG,21,56,100,1218.0,121800.0
2021071504029612,NLG,21,48,100,1218.0,121800.0
2021071504029700,NLG,25,56,20,1203.0,24060.0
2021071504029699,NLG,57,56,72,1203.0,86616.0
2021071504029698,NLG,45,56,40,1205.0,48200.0
2021071504029697,NLG,49,56,50,1205.0,60250.0
2021071504029696,NLG,19,56,50,1205.0,60250.0
2021071504029695,NLG,48,56,100,1208.0,120800.0
2021071504029703,NLG,33,56,100,1203.0,120300.0
2021071504029702,NLG,52,56,40,1203.0,48120.0
2021071504029701,NLG,57,56,100,1203.0,120300.0
2021071504029845,NMB50,49,3,100,14.93,1493.0
2021071504029844,NMB50,49,51,100,14.85,1485.0
2021071504029586,NMB50,43,42,"41,900",14.83,621377.0
2021071504029568,NMB50,58,42,"2,000",14.83,29660.0
2021071504029857,OHL,45,21,100,656.0,65600.0
2021071504029738,PICL,34,38,50,810.0,40500.0
2021071504029737,PICL,35,38,250,812.0,203000.0
2021071504029736,PICL,49,38,50,812.0,40600.0
2021071504029704,PICL,49,49,250,812.0,203000.0
2021071504029678,PICL,34,59,260,810.0,210600.0
2021071504029677,PICL,42,59,40,810.0,32400.0
2021071504029822,PMHPL,43,26,290,302.0,87580.0
2021071504029564,PMHPL,49,36,80,303.0,24240.0
2021071504029563,PMHPL,49,34,690,303.0,209070.0
2021071504029561,PPCL,49,42,37,370.0,13690.0
2021071504029947,PRIN,38,44,500,960.0,480000.0
2021071504029782,PRIN,38,44,125,960.0,120000.0
2021071504029781,PRIN,38,38,375,960.0,360000.0
2021071504029768,PRIN,38,44,200,960.0,192000.0
2021071504029689,PRIN,38,44,130,960.0,124800.0
2021071504029688,PRIN,38,32,20,960.0,19200.0
2021071504029576,PRIN,38,48,100,956.0,95600.0
2021071504029575,PRIN,38,29,200,956.0,191200.0
2021071504029574,PRIN,38,57,105,950.0,99750.0
2021071504029573,PRIN,38,57,25,955.0,23875.0
2021071504029687,PRIN,38,38,200,960.0,192000.0
2021071504029686,PRIN,38,41,150,957.0,143550.0
2021071504029580,PRIN,38,42,50,960.0,48000.0
2021071504029579,PRIN,38,38,20,958.0,19160.0
2021071504029578,PRIN,38,35,10,958.0,9580.0
2021071504029577,PRIN,38,29,10,957.0,9570.0
2021071504029665,RADHI,29,34,20,745.0,14900.0
2021071504029499,RADHI,1,14,70,746.0,52220.0
2021071504029581,RBCL,35,58,11,21600.0,237600.0
2021071504029927,RHPC,4,38,166,565.0,93790.0
2021071504029821,RHPC,4,39,100,565.0,56500.0
2021071504029607,RHPC,42,14,10,554.0,5540.0
2021071504029540,RHPC,34,14,10,553.0,5530.0
2021071504029514,RHPC,4,25,143,577.0,82511.0
2021071504029513,RHPC,4,7,"2,000",576.0,1152000.0
2021071504029506,RHPC,4,7,100,575.0,57500.0
2021071504029505,RHPC,4,4,100,575.0,57500.0
2021071504029504,RHPC,4,43,500,575.0,287500.0
2021071504029503,RHPC,4,28,50,575.0,28750.0
2021071504029502,RHPC,4,48,51,575.0,29325.0
2021071504029501,RHPC,4,25,288,574.0,165312.0
2021071504029512,RHPC,4,28,20,576.0,11520.0
2021071504029511,RHPC,4,52,33,576.0,19008.0
2021071504029510,RHPC,4,1,50,576.0,28800.0
2021071504029509,RHPC,4,46,515,575.0,296125.0
2021071504029508,RHPC,4,41,50,575.0,28750.0
2021071504029507,RHPC,4,49,100,575.0,57500.0
2021071504029946,RHPL,28,22,40,474.0,18960.0
2021071504029852,RHPL,35,37,200,475.0,95000.0
2021071504029566,RHPL,33,37,100,475.0,47500.0
2021071504029560,RHPL,46,37,50,475.0,23750.0
2021071504029942,RRHP,55,53,81,427.0,34587.0
2021071504029941,RRHP,26,53,30,427.0,12810.0
2021071504029940,RRHP,53,53,89,427.0,38003.0
2021071504029930,RRHP,53,19,11,427.0,4697.0
2021071504029929,RRHP,33,19,90,427.0,38430.0
2021071504029725,RRHP,42,34,100,428.0,42800.0
2021071504029555,RRHP,21,34,100,428.0,42800.0
2021071504029752,SAEF,45,49,"1,000",16.79,16790.0
2021071504029712,SFMF,13,26,"3,000",16.0,48000.0
2021071504029774,SGI,59,44,10,731.0,7310.0
2021071504029587,SGI,59,48,10,731.0,7310.0
2021071504029541,SGI,59,49,10,731.0,7310.0
2021071504029521,SGI,59,56,10,731.0,7310.0
2021071504029520,SGI,59,51,10,731.0,7310.0
2021071504029818,SHL,7,34,100,264.0,26400.0
2021071504029817,SHL,22,34,275,264.0,72600.0
2021071504029816,SHL,6,34,150,264.0,39600.0
2021071504029815,SHL,49,34,200,264.0,52800.0
2021071504029814,SHL,6,34,100,264.0,26400.0
2021071504029813,SHL,49,34,150,264.0,39600.0
2021071504029812,SHL,3,34,200,264.0,52800.0
2021071504029811,SHL,59,34,500,264.0,132000.0
2021071504029810,SHL,5,34,200,264.0,52800.0
2021071504029683,SHL,5,41,100,264.0,26400.0
2021071504029547,SHL,5,59,100,264.0,26400.0
2021071504029895,SHPC,49,29,154,513.0,79002.0
2021071504029772,SHPC,49,32,101,513.0,51813.0
2021071504029528,SHPC,20,10,101,513.0,51813.0
2021071504029527,SHPC,34,10,100,513.0,51300.0
2021071504029771,SHPC,20,32,399,513.0,204687.0
2021071504029739,SICL,58,1,10,1953.0,19530.0
2021071504029625,SICL,39,58,720,1950.0,1404000.0
2021071504029624,SICL,34,58,30,1950.0,58500.0
2021071504029623,SICL,55,58,50,1950.0,97500.0
2021071504029622,SICL,52,58,100,1950.0,195000.0
2021071504029621,SICL,26,58,10,1950.0,19500.0
2021071504029620,SICL,18,58,40,1951.0,78040.0
2021071504029619,SICL,57,58,50,1953.0,97650.0
2021071504029529,SICL,57,40,19,1952.0,37088.0
2021071504029944,SIL,20,38,150,1044.0,156600.0
2021071504029672,SIL,49,58,10,1042.0,10420.0
2021071504029832,SJCL,38,55,73,444.0,32412.0
2021071504029831,SJCL,57,55,20,444.0,8880.0
2021071504029830,SJCL,58,55,112,444.0,49728.0
2021071504029829,SJCL,14,55,150,444.0,66600.0
2021071504029828,SJCL,37,55,145,444.0,64380.0
2021071504029740,SJCL,58,32,20,445.0,8900.0
2021071504029603,SJCL,17,17,20,445.0,8900.0
2021071504029602,SJCL,17,57,105,445.0,46725.0
2021071504029572,SJCL,37,8,50,444.0,22200.0
2021071504029734,SJCL,56,32,10,445.0,4450.0
2021071504029733,SJCL,56,56,100,445.0,44500.0
2021071504029732,SJCL,56,49,10,445.0,4450.0
2021071504029606,SJCL,17,45,100,445.0,44500.0
2021071504029605,SJCL,17,11,90,445.0,40050.0
2021071504029604,SJCL,17,38,20,445.0,8900.0
2021071504029961,SPDL,58,5,11,446.0,4906.0
2021071504029960,SPDL,51,5,67,446.0,29882.0
2021071504029959,SPDL,54,5,222,447.0,99234.0
2021071504029958,SPDL,40,5,200,448.0,89600.0
2021071504029935,SPDL,54,4,30,447.0,13410.0
2021071504029931,SPDL,54,59,748,447.0,334356.0
2021071504029679,SPDL,58,36,200,448.0,89600.0
2021071504029611,SPDL,51,36,265,448.0,118720.0
2021071504029610,SPDL,51,4,35,448.0,15680.0
2021071504029609,SPDL,44,58,30,447.0,13410.0
2021071504029583,SPDL,44,41,33,447.0,14751.0
2021071504029840,SPDL,8,13,100,448.0,44800.0
2021071504029839,SPDL,8,4,135,448.0,60480.0
2021071504029780,SPDL,46,34,163,447.0,72861.0
2021071504029779,SPDL,44,34,37,447.0,16539.0
2021071504029682,SPDL,38,4,15,448.0,6720.0
2021071504029681,SPDL,38,36,35,448.0,15680.0
2021071504029894,SPDL,51,6,50,446.0,22300.0
2021071504029891,SPDL,46,59,37,447.0,16539.0
2021071504029890,SPDL,5,59,150,448.0,67200.0
2021071504029889,SPDL,8,59,65,448.0,29120.0
2021071504029842,SPDL,8,3,100,448.0,44800.0
2021071504029841,SPDL,8,57,100,448.0,44800.0
2021071504029848,SSHL,57,52,15,336.0,5040.0
2021071504029837,SSHL,57,52,50,336.0,16800.0
2021071504029836,SSHL,57,49,316,336.0,106176.0
2021071504029788,SSHL,5,22,210,335.0,70350.0
2021071504029787,SSHL,6,22,500,335.0,167500.0
2021071504029786,SSHL,56,22,690,335.0,231150.0
2021071504029597,SSHL,19,49,100,336.0,33600.0
2021071504029596,SSHL,11,49,50,336.0,16800.0
2021071504029595,SSHL,43,49,44,336.0,14784.0
2021071504029594,SSHL,42,49,60,336.0,20160.0
2021071504029867,STC,59,21,10,9849.0,98490.0
2021071504029866,STC,59,4,15,9800.0,147000.0
2021071504029798,TRH,51,43,100,400.0,40000.0
2021071504029571,TRH,29,43,41,400.0,16400.0
2021071504029538,UIC,25,57,100,715.0,71500.0
2021071504029537,UIC,8,57,32,715.0,22880.0
2021071504029536,UIC,29,57,200,716.0,143200.0
2021071504029535,UIC,16,57,66,717.0,47322.0
2021071504029897,UMHL,58,14,24,403.0,9672.0
2021071504029896,UMHL,13,14,20,403.0,8060.0
2021071504029892,UMHL,1,13,200,404.0,80800.0
2021071504029801,UMHL,36,13,50,404.0,20200.0
2021071504029635,UMHL,38,49,100,403.0,40300.0
2021071504029531,UMHL,13,13,130,404.0,52520.0
2021071504029530,UMHL,13,6,170,404.0,68680.0
2021071504029674,UMHL,35,13,351,404.0,141804.0
2021071504029673,UMHL,35,54,99,403.0,39897.0
2021071504029668,UMHL,38,54,201,403.0,81003.0
2021071504029667,UMHL,21,13,50,404.0,20200.0
2021071504029636,UMHL,38,57,300,403.0,120900.0
2021071504029882,UMRH,41,58,10,479.0,4790.0
2021071504029881,UMRH,41,36,10,478.0,4780.0
2021071504029880,UMRH,41,58,10,476.0,4760.0
2021071504029753,UMRH,57,58,10,475.0,4750.0
2021071504029717,UMRH,57,58,20,475.0,9500.0
2021071504029711,UMRH,57,45,160,475.0,76000.0
2021071504029618,UMRH,48,47,10,474.0,4740.0
2021071504029613,UMRH,45,38,195,474.0,92430.0
2021071504029885,UNHPL,4,7,50,370.0,18500.0
2021071504029884,UNHPL,4,57,150,370.0,55500.0
2021071504029795,UPCL,44,25,15,313.0,4695.0
2021071504029794,UPCL,44,58,10,313.0,3130.0
2021071504029790,UPCL,50,57,80,313.0,25040.0
2021071504029789,UPCL,50,29,60,313.0,18780.0
2021071504029617,UPCL,49,29,40,313.0,12520.0
2021071504029616,UPCL,49,17,110,313.0,34430.0
2021071504029534,UPCL,50,56,30,313.0,9390.0
2021071504029533,UPCL,50,16,100,313.0,31300.0
2021071504029532,UPCL,50,42,460,313.0,143980.0
2021071504029950,UPPER,34,45,150,705.0,105750.0
2021071504029949,UPPER,34,21,350,705.0,246750.0
2021071504029800,UPPER,48,21,200,705.0,141000.0
2021071504029799,UPPER,41,21,50,705.0,35250.0
2021071504029556,UPPER,32,39,80,705.0,56400.0
2021071504029489,UPPER,52,28,10,706.0,7060.0
2021071504029614,UPPER,19,25,28,705.0,19740.0
2021071504029598,UPPER,34,25,72,705.0,50760.0
2021071504029591,UPPER,34,25,98,705.0,69090.0
2021071504029559,UPPER,16,39,100,705.0,70500.0
2021071504029558,UPPER,35,39,10,705.0,7050.0
2021071504029557,UPPER,14,39,50,705.0,35250.0
2021071504029742,UPPER,29,11,30,706.0,21180.0
2021071504029741,UPPER,29,28,70,706.0,49420.0
2021071504029655,UPPER,32,28,20,706.0,14120.0
2021071504029615,UPPER,19,28,22,706.0,15532.0
2021071504029405,AHPC,58,51,20,480.0,9600.0
2021071504029391,AHPC,44,51,46,480.0,22080.0
2021071504029390,AHPC,44,36,54,480.0,25920.0
2021071504029246,AHPC,5,36,446,480.0,214080.0
2021071504029222,AHPC,5,40,500,480.0,240000.0
2021071504029207,AHPC,5,36,54,480.0,25920.0
2021071504029035,AHPC,54,45,101,480.0,48480.0
2021071504029206,AHPC,43,36,105,480.0,50400.0
2021071504029205,AHPC,25,36,841,480.0,403680.0
2021071504029185,AHPC,43,38,63,481.0,30303.0
2021071504029038,AHPC,25,45,159,480.0,76320.0
2021071504029037,AHPC,35,45,10,480.0,4800.0
2021071504029036,AHPC,52,45,130,480.0,62400.0
2021071504029239,AIL,16,44,40,813.0,32520.0
2021071504029238,AIL,22,44,10,813.0,8130.0
2021071504029017,AIL,22,32,10,813.0,8130.0
2021071504029270,AKJCL,43,38,10,289.0,2890.0
2021071504029278,AKPL,25,45,200,473.0,94600.0
2021071504029277,AKPL,21,45,100,473.0,47300.0
2021071504029276,AKPL,40,45,420,473.0,198660.0
2021071504029160,AKPL,1,21,30,474.0,14220.0
2021071504029013,AKPL,34,35,30,475.0,14250.0
2021071504029397,API,19,44,49,404.0,19796.0
2021071504029337,API,56,34,293,403.0,118079.0
2021071504029336,API,1,34,300,403.0,120900.0
2021071504029335,API,6,34,120,403.0,48360.0
2021071504029334,API,52,34,20,403.0,8060.0
2021071504029333,API,22,34,100,403.0,40300.0
2021071504029100,API,49,33,170,404.0,68680.0
2021071504028978,API,55,33,100,404.0,40400.0
2021071504028967,API,48,33,400,404.0,161600.0
2021071504028966,API,48,25,700,404.0,282800.0
2021071504029332,API,57,34,100,403.0,40300.0
2021071504029331,API,49,34,20,403.0,8060.0
2021071504029330,API,25,34,47,403.0,18941.0
2021071504029217,API,25,3,15,403.0,6045.0
2021071504029193,API,33,44,670,404.0,270680.0
2021071504029192,API,33,33,330,404.0,133320.0
2021071504029434,BARUN,58,14,60,530.0,31800.0
2021071504029433,BARUN,43,14,10,530.0,5300.0
2021071504029432,BARUN,58,14,200,530.0,106000.0
2021071504029431,BARUN,47,14,200,530.0,106000.0
2021071504029430,BARUN,10,14,500,531.0,265500.0
2021071504029429,BARUN,48,14,100,531.0,53100.0
2021071504029022,BARUN,25,40,140,534.0,74760.0
2021071504029021,BARUN,25,40,150,534.0,80100.0
2021071504029396,BARUN,20,57,10,539.0,5390.0
2021071504029263,BARUN,51,57,15,534.0,8010.0
2021071504029094,BARUN,17,35,520,533.0,277160.0
2021071504029093,BARUN,48,35,20,534.0,10680.0
2021071504029092,BARUN,25,35,360,534.0,192240.0
2021071504029428,BARUN,11,14,100,531.0,53100.0
2021071504029427,BARUN,38,14,100,531.0,53100.0
2021071504029426,BARUN,36,14,200,532.0,106400.0
2021071504029425,BARUN,17,14,230,533.0,122590.0
2021071504029012,BBC,16,3,10,5602.0,56020.0
2021071504029300,BPCL,48,14,75,506.0,37950.0
2021071504029299,BPCL,48,50,231,506.0,116886.0
2021071504029298,BPCL,48,32,211,506.0,106766.0
2021071504029285,BPCL,13,32,289,506.0,146234.0
2021071504029284,BPCL,13,34,11,506.0,5566.0
2021071504029155,BPCL,41,4,100,505.0,50500.0
2021071504029027,BPCL,41,45,60,505.0,30300.0
2021071504029202,CGH,21,34,10,1505.0,15050.0
2021071504029184,CGH,34,29,10,1505.0,15050.0
2021071504029183,CGH,34,57,10,1505.0,15050.0
2021071504029416,CHCL,45,37,50,682.0,34100.0
2021071504029231,CHCL,44,56,238,678.0,161364.0
2021071504029230,CHCL,57,56,50,678.0,33900.0
2021071504029229,CHCL,43,56,427,678.0,289506.0
2021071504029228,CHCL,16,56,500,679.0,339500.0
2021071504029227,CHCL,36,56,100,680.0,68000.0
2021071504029226,CHCL,16,56,500,680.0,340000.0
2021071504029225,CHCL,50,56,135,680.0,91800.0
2021071504029224,CHCL,19,56,50,681.0,34050.0
2021071504029223,CHCL,45,21,50,683.0,34150.0
2021071504029203,CHL,34,41,50,486.0,24300.0
2021071504029164,CHL,34,20,100,486.0,48600.0
2021071504029163,CHL,34,33,52,486.0,25272.0
2021071504029020,CHL,34,43,16,485.0,7760.0
2021071504029019,CHL,58,43,40,485.0,19400.0
2021071504029324,EIC,51,51,50,749.0,37450.0
2021071504029323,EIC,45,51,87,749.0,65163.0
2021071504029358,GHL,45,28,100,304.0,30400.0
2021071504029182,GHL,51,51,93,304.0,28272.0
2021071504029181,GHL,58,51,67,304.0,20368.0
2021071504029420,GLH,49,41,10,372.0,3720.0
2021071504029419,GLH,39,49,89,373.0,33197.0
2021071504029167,GLH,55,49,10,373.0,3730.0
2021071504029465,HDHPC,13,49,770,289.0,222530.0
2021071504029464,HDHPC,57,49,360,289.0,104040.0
2021071504029463,HDHPC,46,49,"1,000",289.0,289000.0
2021071504029462,HDHPC,45,49,410,289.0,118490.0
2021071504029461,HDHPC,33,49,74,289.0,21386.0
2021071504029460,HDHPC,47,49,500,290.0,145000.0
2021071504029136,HDHPC,42,36,20,292.0,5840.0
2021071504029135,HDHPC,42,36,20,292.0,5840.0
2021071504029134,HDHPC,42,42,110,292.0,32120.0
2021071504029132,HDHPC,45,54,40,290.0,11600.0
2021071504029131,HDHPC,44,54,50,291.0,14550.0
2021071504029348,HDHPC,49,33,150,290.0,43500.0
2021071504029347,HDHPC,33,33,150,290.0,43500.0
2021071504029346,HDHPC,51,33,100,290.0,29000.0
2021071504029345,HDHPC,45,33,759,290.0,220110.0
2021071504029194,HDHPC,58,35,18,292.0,5256.0
2021071504029137,HDHPC,42,35,150,292.0,43800.0
2021071504029354,HDHPC,16,33,400,290.0,116000.0
2021071504029353,HDHPC,57,33,50,290.0,14500.0
2021071504029352,HDHPC,40,33,500,290.0,145000.0
2021071504029351,HDHPC,36,33,200,290.0,58000.0
2021071504029350,HDHPC,58,33,50,290.0,14500.0
2021071504029349,HDHPC,45,33,300,290.0,87000.0
2021071504029459,HDHPC,35,49,344,290.0,99760.0
2021071504029458,HDHPC,43,49,110,291.0,32010.0
2021071504029457,HDHPC,3,49,200,291.0,58200.0
2021071504029357,HDHPC,45,33,41,290.0,11890.0
2021071504029356,HDHPC,57,33,100,290.0,29000.0
2021071504029355,HDHPC,14,33,200,290.0,58000.0
2021071504029410,HGI,38,6,340,763.0,259420.0
2021071504029409,HGI,1,6,50,764.0,38200.0
2021071504029408,HGI,50,6,110,765.0,84150.0
2021071504029161,HGI,50,22,140,765.0,107100.0
2021071504029281,HPPL,21,33,200,450.0,90000.0
2021071504029251,HPPL,58,33,60,450.0,27000.0
2021071504029180,HPPL,28,52,100,452.0,45200.0
2021071504029016,HPPL,7,38,144,449.0,64656.0
2021071504029454,IGI,50,58,50,1210.0,60500.0
2021071504029442,IGI,45,58,100,1210.0,121000.0
2021071504029441,IGI,29,58,200,1210.0,242000.0
2021071504029440,IGI,5,58,"3,447",1210.0,4170870.0
2021071504029144,IGI,35,57,50,1212.0,60600.0
2021071504029178,IGI,45,57,10,1212.0,12120.0
2021071504029250,IGI,5,7,30,1210.0,36300.0
2021071504029249,IGI,14,7,10,1211.0,12110.0
2021071504029282,JOSHI,20,58,20,293.0,5860.0
2021071504029168,JOSHI,20,48,126,293.0,36918.0
2021071504029453,KKHC,35,47,20,279.0,5580.0
2021071504029452,KPCL,42,58,10,472.0,4720.0
2021071504029450,LEC,39,46,"1,000",380.0,380000.0
2021071504029404,LEC,39,58,500,380.0,190000.0
2021071504029283,LEC,39,57,10,380.0,3800.0
2021071504029275,LEC,39,35,500,380.0,190000.0
2021071504029091,LEC,39,17,42,381.0,16002.0
2021071504029090,LEC,39,17,100,380.0,38000.0
2021071504029047,LEC,39,22,20,376.0,7520.0
2021071504029046,LEC,39,58,46,376.0,17296.0
2021071504029025,LEC,50,1,10,375.0,3750.0
2021071504029010,LEC,57,58,250,376.0,94000.0
2021071504029053,LEC,39,52,500,377.0,188500.0
2021071504029052,LEC,39,36,10,377.0,3770.0
2021071504029051,LEC,39,42,10,377.0,3770.0
2021071504029050,LEC,39,22,20,377.0,7540.0
2021071504029049,LEC,39,21,200,377.0,75400.0
2021071504029048,LEC,39,34,400,376.0,150400.0
2021071504029059,LEC,39,57,30,379.0,11370.0
2021071504029058,LEC,39,56,50,378.0,18900.0
2021071504029057,LEC,39,50,30,378.0,11340.0
2021071504029056,LEC,39,8,434,378.0,164052.0
2021071504029055,LEC,39,36,10,377.0,3770.0
2021071504029054,LEC,39,48,450,377.0,169650.0
2021071504029065,LEC,39,44,520,379.0,197080.0
2021071504029064,LEC,39,28,100,379.0,37900.0
2021071504029063,LEC,39,32,50,379.0,18950.0
2021071504029062,LEC,39,6,200,379.0,75800.0
2021071504029061,LEC,39,45,10,379.0,3790.0
2021071504029060,LEC,39,42,20,379.0,7580.0
2021071504029071,LEC,39,34,100,380.0,38000.0
2021071504029070,LEC,39,49,200,380.0,76000.0
2021071504029069,LEC,39,51,200,380.0,76000.0
2021071504029068,LEC,39,10,400,380.0,152000.0
2021071504029067,LEC,39,28,"3,360",379.0,1273440.0
2021071504029066,LEC,39,54,20,379.0,7580.0
2021071504029077,LEC,39,1,40,380.0,15200.0
2021071504029076,LEC,39,45,40,380.0,15200.0
2021071504029075,LEC,39,14,800,380.0,304000.0
2021071504029074,LEC,39,47,200,380.0,76000.0
2021071504029073,LEC,39,7,48,380.0,18240.0
2021071504029072,LEC,39,16,80,380.0,30400.0
2021071504029083,LEC,39,1,400,380.0,152000.0
2021071504029082,LEC,39,5,10,380.0,3800.0
2021071504029081,LEC,39,22,20,380.0,7600.0
2021071504029080,LEC,39,58,100,380.0,38000.0
2021071504029079,LEC,39,38,100,380.0,38000.0
2021071504029078,LEC,39,25,10,380.0,3800.0
2021071504029089,LEC,39,44,10,380.0,3800.0
2021071504029088,LEC,39,16,300,380.0,114000.0
2021071504029087,LEC,39,56,50,380.0,19000.0
2021071504029086,LEC,39,21,200,380.0,76000.0
2021071504029085,LEC,39,33,50,380.0,19000.0
2021071504029084,LEC,39,36,10,380.0,3800.0
2021071504029401,LGIL,57,47,20,779.0,15580.0
2021071504029219,LGIL,35,4,30,780.0,23400.0
2021071504029417,MEN,39,41,100,883.0,88300.0
2021071504029112,MEN,39,54,100,888.0,88800.0
2021071504029111,MEN,39,41,100,888.0,88800.0
2021071504029110,MEN,39,51,10,887.0,8870.0
2021071504029109,MEN,39,28,290,887.0,257230.0
2021071504029108,MEN,39,29,500,883.0,441500.0
2021071504029170,MHNL,58,54,20,341.0,6820.0
2021071504029169,MHNL,58,51,40,341.0,13640.0
2021071504029162,MHNL,45,22,150,340.0,51000.0
2021071504029451,NBF2,36,19,"3,000",14.05,42150.0
2021071504029439,NGPL,38,58,"2,372",562.0,1333064.0
2021071504029438,NGPL,43,58,"1,618",562.0,909316.0
2021071504029406,NGPL,43,1,500,562.0,281000.0
2021071504029280,NGPL,43,4,500,562.0,281000.0
2021071504029216,NGPL,43,48,800,562.0,449600.0
2021071504029011,NGPL,43,32,50,562.0,28100.0
2021071504028973,NGPL,43,8,12,562.0,6744.0
2021071504028972,NGPL,36,8,38,563.0,21394.0
2021071504028970,NGPL,36,40,20,563.0,11260.0
2021071504029295,NHDL,3,14,15,472.0,7080.0
2021071504029294,NHDL,44,14,300,472.0,141600.0
2021071504029293,NHDL,22,14,100,472.0,47200.0
2021071504029292,NHDL,32,14,80,472.0,37760.0
2021071504029279,NHDL,32,58,20,472.0,9440.0
2021071504029266,NHDL,34,36,50,473.0,23650.0
2021071504029252,NHDL,32,54,50,472.0,23600.0
2021071504029026,NHDL,19,36,23,473.0,10879.0
2021071504029407,NHPC,34,45,100,309.0,30900.0
2021071504029402,NHPC,26,45,100,309.0,30900.0
2021071504029329,NHPC,45,4,200,310.0,62000.0
2021071504029321,NHPC,34,38,527,308.0,162316.0
2021071504029320,NHPC,32,38,500,308.0,154000.0
2021071504029319,NHPC,58,38,500,308.0,154000.0
2021071504029018,NHPC,34,4,100,310.0,31000.0
2021071504029272,NHPC,42,4,70,310.0,21700.0
2021071504029032,NHPC,34,38,288,309.0,88992.0
2021071504029031,NHPC,4,38,100,309.0,30900.0
2021071504029030,NHPC,57,38,10,309.0,3090.0
2021071504029029,NHPC,4,38,200,309.0,61800.0
2021071504029028,NHPC,42,38,882,309.0,272538.0
2021071504029306,NHPC,51,38,50,308.0,15400.0
2021071504029305,NHPC,38,38,30,308.0,9240.0
2021071504029304,NHPC,22,38,50,308.0,15400.0
2021071504029303,NHPC,38,38,"1,500",308.0,462000.0
2021071504029302,NHPC,34,38,200,309.0,61800.0
2021071504029301,NHPC,34,38,212,309.0,65508.0
2021071504029312,NHPC,39,38,100,308.0,30800.0
2021071504029311,NHPC,43,38,100,308.0,30800.0
2021071504029310,NHPC,25,38,"1,500",308.0,462000.0
2021071504029309,NHPC,43,38,11,308.0,3388.0
2021071504029308,NHPC,53,38,100,308.0,30800.0
2021071504029307,NHPC,41,38,500,308.0,154000.0
2021071504029318,NHPC,54,38,150,308.0,46200.0
2021071504029317,NHPC,57,38,20,308.0,6160.0
2021071504029316,NHPC,58,38,500,308.0,154000.0
2021071504029315,NHPC,34,38,200,308.0,61600.0
2021071504029314,NHPC,34,38,200,308.0,61600.0
2021071504029313,NHPC,25,38,50,308.0,15400.0
2021071504029424,NICBF,11,47,"10,000",13.73,137300.0
2021071504029368,NICL,58,56,410,1020.0,418200.0
2021071504029367,NICL,46,56,10,1020.0,10200.0
2021071504029366,NICL,41,56,100,1020.0,102000.0
2021071504029365,NICL,45,56,60,1020.0,61200.0
2021071504029364,NICL,57,56,100,1021.0,102100.0
2021071504029363,NICL,1,56,40,1021.0,40840.0
2021071504029362,NICL,55,56,30,1021.0,30630.0
2021071504029286,NICL,55,4,30,1021.0,30630.0
2021071504028991,NICL,57,4,370,1020.0,377400.0
2021071504028990,NICL,1,4,30,1021.0,30630.0
2021071504029437,NIL,44,42,31,1348.0,41788.0
2021071504029436,NIL,44,47,10,1348.0,13480.0
2021071504029435,NIL,44,55,259,1348.0,349132.0
2021071504029361,NIL,42,21,70,1346.0,94220.0
2021071504029360,NIL,57,21,30,1346.0,40380.0
2021071504029274,NIL,57,14,20,1346.0,26920.0
2021071504029273,NIL,57,14,100,1347.0,134700.0
2021071504029130,NIL,44,55,193,1348.0,260164.0
2021071504029129,NIL,44,26,107,1347.0,144129.0
2021071504029297,OHL,33,21,10,656.0,6560.0
2021071504029133,PIC,38,10,11,1171.0,12881.0
2021071504028981,PIC,38,34,39,1171.0,45669.0
2021071504028980,PIC,58,34,11,1171.0,12881.0
2021071504028968,PIC,58,25,39,1165.0,45435.0
2021071504029418,PICL,42,25,60,810.0,48600.0
2021071504029204,PICL,38,41,20,810.0,16200.0
2021071504029156,PMHPL,32,34,30,303.0,9090.0
2021071504029104,PMHPL,43,53,99,302.0,29898.0
2021071504029033,PMHPL,43,14,10,302.0,3020.0
2021071504029328,PPCL,49,26,290,370.0,107300.0
2021071504029327,PPCL,57,26,30,370.0,11100.0
2021071504029326,PPCL,58,26,10,370.0,3700.0
2021071504029325,PPCL,55,26,170,370.0,62900.0
2021071504029449,PRIN,38,26,10,955.0,9550.0
2021071504029448,PRIN,38,43,200,955.0,191000.0
2021071504029447,PRIN,38,35,150,955.0,143250.0
2021071504029446,PRIN,38,53,90,953.0,85770.0
2021071504029445,PRIN,38,59,25,952.0,23800.0
2021071504029291,PRIN,38,49,100,950.0,95000.0
2021071504029198,PRIN,38,14,187,949.0,177463.0
2021071504028989,PRIN,38,38,300,949.0,284700.0
2021071504028988,PRIN,38,35,39,947.0,36933.0
2021071504028987,PRIN,38,32,102,945.0,96390.0
2021071504029290,PRIN,38,21,102,950.0,96900.0
2021071504029289,PRIN,38,43,154,950.0,146300.0
2021071504029288,PRIN,38,42,127,950.0,120650.0
2021071504029218,PRIN,38,46,50,949.0,47450.0
2021071504029200,PRIN,38,42,273,950.0,259350.0
2021071504029199,PRIN,38,10,40,950.0,38000.0
2021071504029197,RADHI,57,14,200,746.0,149200.0
2021071504029196,RADHI,35,14,30,746.0,22380.0
2021071504029128,RADHI,39,28,177,743.0,131511.0
2021071504029127,RADHI,6,28,500,744.0,372000.0
2021071504029126,RADHI,36,28,10,744.0,7440.0
2021071504029125,RADHI,39,28,"1,000",744.0,744000.0
2021071504029039,RADHI,41,54,200,746.0,149200.0
2021071504029045,RADHI,49,54,20,745.0,14900.0
2021071504029044,RADHI,54,54,25,745.0,18625.0
2021071504029043,RADHI,41,54,125,745.0,93125.0
2021071504029042,RADHI,26,54,100,745.0,74500.0
2021071504029041,RADHI,26,54,60,745.0,44700.0
2021071504029040,RADHI,22,54,20,745.0,14900.0
2021071504029118,RADHI,58,28,33,745.0,24585.0
2021071504029117,RADHI,36,28,20,745.0,14900.0
2021071504029116,RADHI,22,28,20,745.0,14900.0
2021071504029115,RADHI,45,28,200,745.0,149000.0
2021071504029114,RADHI,4,28,100,745.0,74500.0
2021071504029113,RADHI,49,28,80,745.0,59600.0
2021071504029124,RADHI,57,28,100,744.0,74400.0
2021071504029123,RADHI,26,28,500,744.0,372000.0
2021071504029122,RADHI,53,28,100,745.0,74500.0
2021071504029121,RADHI,38,28,10,745.0,7450.0
2021071504029120,RADHI,25,28,100,745.0,74500.0
2021071504029119,RADHI,57,28,50,745.0,37250.0
2021071504029387,RHPC,4,25,437,574.0,250838.0
2021071504029386,RHPC,4,51,100,572.0,57200.0
2021071504029385,RHPC,4,6,200,572.0,114400.0
2021071504029384,RHPC,4,44,100,572.0,57200.0
2021071504029383,RHPC,4,56,13,571.0,7423.0
2021071504029382,RHPC,4,3,27,571.0,15417.0
2021071504029095,RHPC,18,52,150,554.0,83100.0
2021071504029004,RHPC,34,14,100,553.0,55300.0
2021071504029003,RHPC,34,14,400,553.0,221200.0
2021071504029147,RHPC,4,41,500,558.0,279000.0
2021071504029146,RHPC,4,14,500,558.0,279000.0
2021071504029145,RHPC,4,58,"1,037",557.0,577609.0
2021071504029139,RHPC,6,58,"1,963",557.0,1093391.0
2021071504029138,RHPC,6,57,37,557.0,20609.0
2021071504029096,RHPC,18,14,100,554.0,55400.0
2021071504029153,RHPC,4,13,14,560.0,7840.0
2021071504029152,RHPC,4,38,18,560.0,10080.0
2021071504029151,RHPC,4,16,182,560.0,101920.0
2021071504029150,RHPC,4,47,12,559.0,6708.0
2021071504029149,RHPC,4,14,500,559.0,279500.0
2021071504029148,RHPC,4,59,10,559.0,5590.0
2021071504029257,RHPC,4,57,100,566.0,56600.0
2021071504029256,RHPC,4,47,"1,000",565.0,565000.0
2021071504029255,RHPC,4,14,"1,000",562.0,562000.0
2021071504029254,RHPC,4,57,500,560.0,280000.0
2021071504029253,RHPC,4,40,273,560.0,152880.0
2021071504029154,RHPC,4,40,227,560.0,127120.0
2021071504029369,RHPC,4,48,304,568.0,172672.0
2021071504029262,RHPC,4,48,596,568.0,338528.0
2021071504029261,RHPC,4,7,200,568.0,113600.0
2021071504029260,RHPC,4,13,50,567.0,28350.0
2021071504029259,RHPC,4,56,190,567.0,107730.0
2021071504029258,RHPC,4,40,91,566.0,51506.0
2021071504029375,RHPC,4,19,45,570.0,25650.0
2021071504029374,RHPC,4,5,500,570.0,285000.0
2021071504029373,RHPC,4,6,100,570.0,57000.0
2021071504029372,RHPC,4,22,17,570.0,9690.0
2021071504029371,RHPC,4,38,120,569.0,68280.0
2021071504029370,RHPC,4,49,50,569.0,28450.0
2021071504029381,RHPC,4,41,150,570.0,85500.0
2021071504029380,RHPC,4,5,18,570.0,10260.0
2021071504029379,RHPC,4,39,100,570.0,57000.0
2021071504029378,RHPC,4,33,500,570.0,285000.0
2021071504029377,RHPC,4,51,19,570.0,10830.0
2021071504029376,RHPC,4,54,200,570.0,114000.0
2021071504029456,RHPL,49,37,23,475.0,10925.0
2021071504029455,RHPL,46,37,100,476.0,47600.0
2021071504029443,RHPL,49,42,70,475.0,33250.0
2021071504029389,RHPL,56,58,100,476.0,47600.0
2021071504029388,RHPL,45,8,150,475.0,71250.0
2021071504029269,RHPL,45,3,350,475.0,166250.0
2021071504028971,RHPL,28,4,20,475.0,9500.0
2021071504029015,RHPL,28,33,200,475.0,95000.0
2021071504028986,RHPL,48,39,46,476.0,21896.0
2021071504028985,RHPL,48,8,200,476.0,95200.0
2021071504028984,RHPL,48,3,15,476.0,7140.0
2021071504028983,RHPL,48,58,40,476.0,19040.0
2021071504028982,RHPL,48,3,99,476.0,47124.0
2021071504029268,RHPL,41,3,50,475.0,23750.0
2021071504029267,RHPL,55,3,100,475.0,47500.0
2021071504029191,RHPL,22,52,30,475.0,14250.0
2021071504029172,RHPL,22,45,28,475.0,13300.0
2021071504029171,RHPL,28,45,682,475.0,323950.0
2021071504029166,RHPL,46,39,250,476.0,119000.0
2021071504029245,RRHP,45,34,130,428.0,55640.0
2021071504029244,RRHP,45,40,150,428.0,64200.0
2021071504029243,RRHP,45,20,90,428.0,38520.0
2021071504029237,RRHP,5,20,10,428.0,4280.0
2021071504029179,RRHP,35,20,30,428.0,12840.0
2021071504029158,RRHP,33,54,10,427.0,4270.0
2021071504029157,RRHP,29,54,90,427.0,38430.0
2021071504029098,RRHP,38,20,170,428.0,72760.0
2021071504029097,RRHP,38,8,30,428.0,12840.0
2021071504028993,SEF,16,43,"6,500",14.08,91520.0
2021071504029422,SGI,21,42,10,730.0,7300.0
2021071504029403,SGI,21,26,50,730.0,36500.0
2021071504029023,SGI,21,45,215,730.0,156950.0
2021071504029395,SHL,5,34,100,264.0,26400.0
2021071504029394,SHL,52,34,100,264.0,26400.0
2021071504029393,SHL,43,34,100,264.0,26400.0
2021071504029392,SHL,19,34,100,264.0,26400.0
2021071504029359,SHL,53,22,100,265.0,26500.0
2021071504029343,SHL,1,45,189,264.0,49896.0
2021071504029342,SHL,38,45,111,264.0,29304.0
2021071504029287,SHL,36,22,100,265.0,26500.0
2021071504029190,SHL,16,5,20,266.0,5320.0
2021071504029189,SHL,21,5,230,266.0,61180.0
2021071504029176,SHL,4,5,100,266.0,26600.0
2021071504029444,SHPC,34,54,503,513.0,258039.0
2021071504029344,SHPC,45,54,100,513.0,51300.0
2021071504029221,SHPC,49,54,20,513.0,10260.0
2021071504029220,SHPC,51,54,177,513.0,90801.0
2021071504028976,SHPC,51,8,15,513.0,7695.0
2021071504028975,SHPC,38,8,100,513.0,51300.0
2021071504028974,SHPC,34,8,85,513.0,43605.0
2021071504028996,SHPC,55,34,100,514.0,51400.0
2021071504028995,SHPC,55,45,300,514.0,154200.0
2021071504028994,SHPC,55,16,55,514.0,28270.0
2021071504028992,SHPC,51,57,200,513.0,102600.0
2021071504028979,SHPC,51,45,108,513.0,55404.0
2021071504028998,SHPC,55,45,45,514.0,23130.0
2021071504028997,SHPC,55,51,500,514.0,257000.0
2021071504029177,SHPC,16,45,400,514.0,205600.0
2021071504029159,SHPC,10,45,200,514.0,102800.0
2021071504029271,SIC,43,35,20,1344.0,26880.0
2021071504029423,SICL,42,22,30,1958.0,58740.0
2021071504029264,SICL,48,34,12,1952.0,23424.0
2021071504029107,SICL,48,34,39,1952.0,76128.0
2021071504029235,SIGS2,43,4,100,14.2,1420.0
2021071504029234,SIGS2,43,43,"5,000",14.19,70950.0
2021071504029233,SIGS2,43,22,"5,000",14.18,70900.0
2021071504029232,SIGS2,43,44,100,14.1,1410.0
2021071504029236,SIL,21,38,13,1044.0,13572.0
2021071504029421,SPDL,43,41,17,447.0,7599.0
2021071504029322,SPDL,57,4,100,448.0,44800.0
2021071504029242,SPDL,43,49,50,447.0,22350.0
2021071504029241,SPDL,43,57,30,447.0,13410.0
2021071504029240,SPDL,43,54,15,447.0,6705.0
2021071504029165,SPDL,51,3,100,446.0,44600.0
2021071504029106,SPDL,28,54,85,447.0,37995.0
2021071504029105,SPDL,28,45,15,447.0,6705.0
2021071504028969,SPDL,51,13,83,446.0,37018.0
2021071504029341,SSHL,42,43,80,336.0,26880.0
2021071504029340,SSHL,43,43,100,336.0,33600.0
2021071504029339,SSHL,42,43,20,336.0,6720.0
2021071504029265,SSHL,42,4,50,336.0,16800.0
2021071504029247,SSHL,50,45,23,336.0,7728.0
2021071504029186,SSHL,47,45,71,336.0,23856.0
2021071504029099,SSHL,33,49,44,336.0,14784.0
2021071504029143,TRH,20,43,50,398.0,19900.0
2021071504029142,TRH,45,43,100,398.0,39800.0
2021071504029141,TRH,17,43,"1,000",398.0,398000.0
2021071504029140,TRH,26,43,200,398.0,79600.0
2021071504029248,UIC,8,13,100,715.0,71500.0
2021071504029215,UMHL,38,22,199,403.0,80197.0
2021071504029214,UMHL,28,22,151,403.0,60853.0
2021071504028977,UMHL,48,42,25,403.0,10075.0
2021071504029014,UMHL,33,38,30,403.0,12090.0
2021071504029001,UMHL,10,6,80,404.0,32320.0
2021071504029000,UMHL,10,44,100,404.0,40400.0
2021071504028999,UMHL,10,39,20,404.0,8080.0
2021071504029213,UMHL,28,57,49,403.0,19747.0
2021071504029212,UMHL,3,57,151,403.0,60853.0
2021071504029195,UMHL,3,48,100,403.0,40300.0
2021071504029034,UMHL,3,38,249,403.0,100347.0
2021071504029024,UMRH,38,38,95,476.0,45220.0
2021071504029296,UMRH,51,44,10,475.0,4750.0
2021071504029415,UMRH,57,47,"1,000",475.0,475000.0
2021071504029414,UMRH,51,47,10,475.0,4750.0
2021071504029175,UNHPL,14,52,50,370.0,18500.0
2021071504029174,UNHPL,14,25,30,370.0,11100.0
2021071504029173,UNHPL,14,41,12,369.0,4428.0
2021071504029413,UPCL,53,43,825,312.0,257400.0
2021071504029412,UPCL,49,43,75,312.0,23400.0
2021071504029411,UPCL,41,43,100,312.0,31200.0
2021071504029398,UPCL,36,42,300,313.0,93900.0
2021071504029002,UPCL,57,59,100,313.0,31300.0
2021071504029400,UPPER,6,28,28,706.0,19768.0
2021071504029007,UPPER,50,35,60,705.0,42300.0
2021071504029006,UPPER,50,37,"1,000",705.0,705000.0
2021071504029005,UPPER,50,45,25,705.0,17625.0
2021071504029103,UPPER,6,51,28,706.0,19768.0
2021071504029102,UPPER,6,14,37,706.0,26122.0
2021071504029101,UPPER,6,29,35,705.0,24675.0
2021071504029009,UPPER,50,29,165,705.0,116325.0
2021071504029008,UPPER,50,1,250,705.0,176250.0
2021071504029209,UPPER,49,1,100,704.0,70400.0
2021071504029208,UPPER,58,1,50,704.0,35200.0
2021071504029201,UPPER,58,45,10,704.0,7040.0
2021071504029188,UPPER,58,41,190,704.0,133760.0
2021071504029187,UPPER,4,41,60,704.0,42240.0
2021071504029399,UPPER,6,51,72,706.0,50832.0
2021071504029338,UPPER,32,51,20,705.0,14100.0
2021071504029211,UPPER,48,1,120,704.0,84480.0
2021071504029210,UPPER,8,1,30,704.0,21120.0
2021071504028796,AHPC,13,38,200,481.0,96200.0
2021071504028603,AHPC,54,43,99,480.0,47520.0
2021071504028602,AHPC,49,43,660,480.0,316800.0
2021071504028601,AHPC,35,43,101,481.0,48581.0
2021071504028552,AHPC,35,25,120,481.0,57720.0
2021071504028512,AHPC,35,6,500,481.0,240500.0
2021071504028511,AHPC,35,36,250,481.0,120250.0
2021071504028510,AHPC,35,37,500,481.0,240500.0
2021071504028509,AHPC,35,20,20,481.0,9620.0
2021071504028500,AIL,22,40,10,813.0,8130.0
2021071504028842,AKJCL,6,58,127,290.0,36830.0
2021071504028669,AKJCL,6,48,548,289.0,158372.0
2021071504028668,AKJCL,6,1,10,289.0,2890.0
2021071504028622,AKJCL,6,48,15,288.0,4320.0
2021071504028576,AKJCL,6,32,20,288.0,5760.0
2021071504028575,AKJCL,6,4,400,288.0,115200.0
2021071504028574,AKJCL,6,21,100,288.0,28800.0
2021071504028502,AKJCL,43,37,40,287.0,11480.0
2021071504028501,AKJCL,34,37,60,287.0,17220.0
2021071504028929,AKPL,1,7,70,474.0,33180.0
2021071504028913,AKPL,40,32,80,473.0,37840.0
2021071504028840,AKPL,57,7,30,474.0,14220.0
2021071504028792,AKPL,25,41,128,472.0,60416.0
2021071504028791,AKPL,25,41,840,472.0,396480.0
2021071504028790,AKPL,57,41,250,473.0,118250.0
2021071504028490,AKPL,58,55,350,473.0,165550.0
2021071504028489,AKPL,58,55,150,475.0,71250.0
2021071504028473,AKPL,58,56,50,475.0,23750.0
2021071504028789,AKPL,33,41,282,473.0,133386.0
2021071504028605,AKPL,33,34,18,473.0,8514.0
2021071504028580,AKPL,50,34,82,475.0,38950.0
2021071504028565,AKPL,50,54,118,473.0,55814.0
2021071504028499,AKPL,42,54,180,473.0,85140.0
2021071504028495,AKPL,58,54,202,473.0,95546.0
2021071504028894,API,25,1,60,403.0,24180.0
2021071504028823,API,13,25,300,404.0,121200.0
2021071504028822,API,13,21,200,404.0,80800.0
2021071504028794,API,25,41,100,403.0,40300.0
2021071504028788,API,25,34,25,403.0,10075.0
2021071504028660,API,25,29,100,403.0,40300.0
2021071504028532,API,26,22,628,403.0,253084.0
2021071504028487,API,47,29,35,402.0,14070.0
2021071504028650,API,25,19,200,403.0,80600.0
2021071504028591,API,25,43,100,403.0,40300.0
2021071504028572,API,25,32,353,403.0,142259.0
2021071504028571,API,26,32,247,403.0,99541.0
2021071504028550,API,26,38,100,403.0,40300.0
2021071504028533,API,26,34,25,403.0,10075.0
2021071504028914,BARUN,51,26,50,535.0,26750.0
2021071504028884,BARUN,25,49,50,534.0,26700.0
2021071504028836,BARUN,14,26,50,535.0,26750.0
2021071504028835,BARUN,35,26,70,535.0,37450.0
2021071504028834,BARUN,5,26,53,535.0,28355.0
2021071504028787,BARUN,5,34,197,535.0,105395.0
2021071504028786,BARUN,14,34,100,535.0,53500.0
2021071504028599,BARUN,20,35,100,537.0,53700.0
2021071504028598,BARUN,20,39,400,537.0,214800.0
2021071504028597,BARUN,56,39,100,537.0,53700.0
2021071504028568,BARUN,17,39,500,537.0,268500.0
2021071504028488,BARUN,45,34,500,538.0,269000.0
2021071504028847,BBC,16,32,20,5602.0,112040.0
2021071504028846,BBC,28,32,10,5603.0,56030.0
2021071504028845,BBC,28,32,68,5603.0,381004.0
2021071504028844,BBC,28,32,72,5603.0,403416.0
2021071504028904,BPCL,41,1,400,505.0,202000.0
2021071504028841,BPCL,57,57,50,504.0,25200.0
2021071504028795,BPCL,48,1,100,505.0,50500.0
2021071504028756,BPCL,47,38,70,505.0,35350.0
2021071504028645,BPCL,58,38,20,505.0,10100.0
2021071504028535,BPCL,58,26,311,504.0,156744.0
2021071504028534,BPCL,7,26,439,504.0,221256.0
2021071504028529,BPCL,7,45,61,504.0,30744.0
2021071504028528,BPCL,59,45,89,504.0,44856.0
2021071504028644,BPCL,58,57,30,505.0,15150.0
2021071504028629,BPCL,21,57,20,505.0,10100.0
2021071504028618,BPCL,57,58,41,504.0,20664.0
2021071504028617,BPCL,16,58,30,504.0,15120.0
2021071504028616,BPCL,58,58,27,504.0,13608.0
2021071504028582,BPCL,58,32,22,504.0,11088.0
2021071504028921,CGH,29,49,108,1505.0,162540.0
2021071504028920,CGH,29,28,42,1505.0,63210.0
2021071504028492,CGH,4,28,120,1505.0,180600.0
2021071504028491,CGH,58,28,18,1505.0,27090.0
2021071504028506,CHCL,50,56,15,680.0,10200.0
2021071504028505,CHCL,50,18,50,679.0,33950.0
2021071504028472,CHCL,43,34,73,678.0,49494.0
2021071504028471,CHCL,40,34,200,678.0,135600.0
2021071504028470,CHCL,46,34,35,678.0,23730.0
2021071504028469,CHCL,16,34,300,679.0,203700.0
2021071504028923,CHL,58,22,10,485.0,4850.0
2021071504028888,CHL,6,33,75,486.0,36450.0
2021071504028887,CHL,6,22,50,485.0,24250.0
2021071504028526,CHL,51,33,373,486.0,181278.0
2021071504028525,CHL,51,43,37,486.0,17982.0
2021071504028477,CHL,58,43,13,486.0,6318.0
2021071504028915,CMF1,22,36,"2,750",12.58,34595.0
2021071504028627,CMF2,42,43,"3,000",14.1,42300.0
2021071504028626,CMF2,42,45,200,14.1,2820.0
2021071504028625,CMF2,42,25,100,14.1,1410.0
2021071504028628,DHPL,14,37,100,278.0,27800.0
2021071504028621,DHPL,14,28,50,278.0,13900.0
2021071504028620,DHPL,14,51,17,278.0,4726.0
2021071504028619,DHPL,14,45,30,278.0,8340.0
2021071504028588,DHPL,28,45,500,278.0,139000.0
2021071504028900,EIC,48,38,84,750.0,63000.0
2021071504028851,EIC,45,45,13,749.0,9737.0
2021071504028850,EIC,1,45,17,749.0,12733.0
2021071504028652,GHL,51,37,150,304.0,45600.0
2021071504028651,GHL,8,37,10,304.0,3040.0
2021071504028928,GHL,58,57,133,304.0,40432.0
2021071504028922,GHL,51,57,50,304.0,15200.0
2021071504028833,GHL,34,26,10,303.0,3030.0
2021071504028730,GHL,17,37,60,304.0,18240.0
2021071504028849,GIC,45,44,10,692.0,6920.0
2021071504028600,GIC,35,14,10,691.0,6910.0
2021071504028563,GIMES1,58,19,100,20.17,2017.0
2021071504028631,GLH,55,42,40,373.0,14920.0
2021071504028566,GLH,49,39,10,372.0,3720.0
2021071504028918,HDHPC,49,29,"1,000",291.0,291000.0
2021071504028843,HDHPC,56,36,"1,000",291.0,291000.0
2021071504028544,HDHPC,40,42,790,292.0,230680.0
2021071504028543,HDHPC,40,49,210,291.0,61110.0
2021071504028539,HDHPC,38,49,290,291.0,84390.0
2021071504028538,HDHPC,38,14,10,291.0,2910.0
2021071504028519,HDHPC,45,28,101,290.0,29290.0
2021071504028537,HGI,40,22,250,765.0,191250.0
2021071504028593,HPPL,58,56,250,448.0,112000.0
2021071504028592,HPPL,26,56,250,448.0,112000.0
2021071504028546,HPPL,7,44,295,453.0,133635.0
2021071504028545,HPPL,7,35,205,452.0,92660.0
2021071504028527,IGI,5,38,563,1210.0,681230.0
2021071504028630,IGI,5,44,50,1210.0,60500.0
2021071504028964,JOSHI,20,40,13,292.0,3796.0
2021071504028827,JOSHI,37,40,100,292.0,29200.0
2021071504028826,JOSHI,56,40,40,292.0,11680.0
2021071504028825,JOSHI,52,40,72,292.0,21024.0
2021071504028824,JOSHI,42,40,675,292.0,197100.0
2021071504028659,JOSHI,41,55,10,293.0,2930.0
2021071504028658,JOSHI,41,25,10,293.0,2930.0
2021071504028657,JOSHI,41,46,150,293.0,43950.0
2021071504028474,JOSHI,42,28,175,292.0,51100.0
2021071504028932,KKHC,10,13,"1,000",279.0,279000.0
2021071504028931,KKHC,57,13,100,279.0,27900.0
2021071504028930,KKHC,38,13,350,279.0,97650.0
2021071504028760,KKHC,38,21,100,279.0,27900.0
2021071504028831,KPCL,5,22,20,475.0,9500.0
2021071504028484,KPCL,5,1,30,475.0,14250.0
2021071504028895,LEC,50,1,10,375.0,3750.0
2021071504028784,LEC,11,58,100,376.0,37600.0
2021071504028762,LEC,50,33,200,375.0,75000.0
2021071504028674,LEC,11,58,27,376.0,10152.0
2021071504028483,LEC,50,38,110,375.0,41250.0
2021071504028468,LEC,6,58,77,376.0,28952.0
2021071504028467,LEC,6,36,10,376.0,3760.0
2021071504028466,LEC,6,58,40,376.0,15040.0
2021071504028917,LGIL,19,4,10,780.0,7800.0
2021071504028916,LGIL,41,4,50,780.0,39000.0
2021071504028504,MEN,35,28,10,887.0,8870.0
2021071504028503,MEN,35,1,10,883.0,8830.0
2021071504028729,MHNL,57,54,20,341.0,6820.0
2021071504028896,NGPL,36,41,200,563.0,112600.0
2021071504028881,NGPL,36,53,12,563.0,6756.0
2021071504028852,NGPL,36,42,230,563.0,129490.0
2021071504028803,NGPL,43,44,20,562.0,11240.0
2021071504028802,NGPL,25,42,100,563.0,56300.0
2021071504028752,NGPL,25,45,20,563.0,11260.0
2021071504028751,NGPL,25,6,30,563.0,16890.0
2021071504028681,NGPL,43,40,200,562.0,112400.0
2021071504028648,NGPL,36,6,500,563.0,281500.0
2021071504028559,NGPL,38,6,100,563.0,56300.0
2021071504028486,NGPL,43,55,500,562.0,281000.0
2021071504028899,NHDL,32,38,50,472.0,23600.0
2021071504028890,NHDL,26,36,30,473.0,14190.0
2021071504028524,NHDL,41,36,90,473.0,42570.0
2021071504028523,NHDL,41,14,10,472.0,4720.0
2021071504028522,NHDL,41,13,150,472.0,70800.0
2021071504028521,NHDL,41,34,50,472.0,23600.0
2021071504028886,NHPC,42,51,250,309.0,77250.0
2021071504028885,NHPC,58,4,10,310.0,3100.0
2021071504028858,NHPC,29,4,50,310.0,15500.0
2021071504028837,NHPC,22,4,300,310.0,93000.0
2021071504028830,NHPC,42,37,368,309.0,113712.0
2021071504028829,NHPC,42,37,"1,500",309.0,463500.0
2021071504028755,NHPC,34,4,100,310.0,31000.0
2021071504028666,NHPC,28,4,100,310.0,31000.0
2021071504028634,NHPC,34,4,"1,500",310.0,465000.0
2021071504028590,NHPC,25,4,100,310.0,31000.0
2021071504028589,NHPC,45,36,"1,000",309.0,309000.0
2021071504028809,NHPC,57,10,50,309.0,15450.0
2021071504028808,NHPC,32,10,500,309.0,154500.0
2021071504028807,NHPC,17,10,50,309.0,15450.0
2021071504028806,NHPC,59,10,"1,000",309.0,309000.0
2021071504028805,NHPC,40,10,"1,000",309.0,309000.0
2021071504028804,NHPC,45,10,"1,262",309.0,389958.0
2021071504028815,NHPC,14,10,50,309.0,15450.0
2021071504028814,NHPC,57,10,50,309.0,15450.0
2021071504028813,NHPC,3,10,200,309.0,61800.0
2021071504028812,NHPC,45,10,"1,600",309.0,494400.0
2021071504028811,NHPC,51,10,50,309.0,15450.0
2021071504028810,NHPC,6,10,200,309.0,61800.0
2021071504028828,NHPC,42,37,"1,132",309.0,349788.0
2021071504028820,NHPC,42,10,368,309.0,113712.0
2021071504028819,NHPC,16,10,500,309.0,154500.0
2021071504028818,NHPC,42,10,"1,000",309.0,309000.0
2021071504028817,NHPC,42,10,100,309.0,30900.0
2021071504028816,NHPC,45,10,20,309.0,6180.0
2021071504028911,NICL,45,34,28,1021.0,28588.0
2021071504028821,NICL,57,42,20,1020.0,20400.0
2021071504028759,NICL,57,22,10,1020.0,10200.0
2021071504028758,NICL,57,55,80,1020.0,81600.0
2021071504028637,NICL,14,45,50,1019.0,50950.0
2021071504028607,NICL,57,55,100,1020.0,102000.0
2021071504028530,NICL,8,35,50,1020.0,51000.0
2021071504028481,NICL,54,35,50,1020.0,51000.0
2021071504028480,NICL,35,35,100,1020.0,102000.0
2021071504028479,NICL,34,35,295,1020.0,300900.0
2021071504028475,NICL,34,49,15,1020.0,15300.0
2021071504028907,NIL,44,42,80,1347.0,107760.0
2021071504028906,NIL,44,57,120,1346.0,161520.0
2021071504028905,NIL,44,58,100,1346.0,134600.0
2021071504028680,NIL,13,26,128,1346.0,172288.0
2021071504028636,NIL,34,26,50,1346.0,67300.0
2021071504028635,NIL,34,41,50,1346.0,67300.0
2021071504028549,NIL,41,41,50,1346.0,67300.0
2021071504028757,NLG,26,58,67,1215.0,81405.0
2021071504028536,NLG,6,58,33,1215.0,40095.0
2021071504028531,NLG,26,5,200,1218.0,243600.0
2021071504028585,NMB50,14,42,"6,100",14.83,90463.0
2021071504028584,NMB50,14,42,"3,000",14.83,44490.0
2021071504028583,NMB50,14,17,900,14.82,13338.0
2021071504028963,PIC,45,25,40,1165.0,46600.0
2021071504028880,PIC,22,25,10,1165.0,11650.0
2021071504028879,PIC,34,25,200,1165.0,233000.0
2021071504028878,PIC,34,25,91,1165.0,106015.0
2021071504028877,PIC,21,25,200,1165.0,233000.0
2021071504028876,PIC,7,25,10,1165.0,11650.0
2021071504028854,PIC,4,36,30,1168.0,35040.0
2021071504028853,PIC,48,36,10,1169.0,11690.0
2021071504028869,PIC,45,25,15,1166.0,17490.0
2021071504028868,PIC,56,25,100,1167.0,116700.0
2021071504028867,PIC,8,25,50,1167.0,58350.0
2021071504028857,PIC,8,36,50,1167.0,58350.0
2021071504028856,PIC,35,36,100,1167.0,116700.0
2021071504028855,PIC,7,36,10,1168.0,11680.0
2021071504028875,PIC,53,25,50,1165.0,58250.0
2021071504028874,PIC,47,25,50,1165.0,58250.0
2021071504028873,PIC,8,25,10,1165.0,11650.0
2021071504028872,PIC,19,25,50,1165.0,58250.0
2021071504028871,PIC,45,25,35,1165.0,40775.0
2021071504028870,PIC,42,25,50,1166.0,58300.0
2021071504028910,PICL,6,43,100,812.0,81200.0
2021071504028866,PICL,38,59,25,810.0,20250.0
2021071504028865,PICL,53,59,500,810.0,405000.0
2021071504028864,PICL,46,59,500,810.0,405000.0
2021071504028863,PICL,58,59,20,810.0,16200.0
2021071504028862,PICL,32,59,50,811.0,40550.0
2021071504028861,PICL,51,59,150,811.0,121650.0
2021071504028860,PICL,58,59,65,812.0,52780.0
2021071504028859,PICL,5,59,390,812.0,316680.0
2021071504028754,PICL,5,58,10,812.0,8120.0
2021071504028633,PICL,57,16,110,813.0,89430.0
2021071504028570,PICL,57,49,250,813.0,203250.0
2021071504028965,PMHPL,53,34,10,303.0,3030.0
2021071504028498,PMHPL,49,34,100,303.0,30300.0
2021071504028497,PMHPL,51,34,30,303.0,9090.0
2021071504028496,PMHPL,22,34,140,303.0,42420.0
2021071504028761,PPCL,55,41,50,370.0,18500.0
2021071504028898,PRIN,38,32,420,945.0,396900.0
2021071504028897,PRIN,38,22,80,945.0,75600.0
2021071504028664,PRIN,38,34,228,940.0,214320.0
2021071504028663,PRIN,36,34,239,940.0,224660.0
2021071504028662,PRIN,38,34,33,941.0,31053.0
2021071504028623,PRIN,38,35,500,943.0,471500.0
2021071504028581,PRIN,38,35,500,943.0,471500.0
2021071504028482,PRIN,38,56,17,941.0,15997.0
2021071504028643,RADHI,8,54,50,747.0,37350.0
2021071504028478,RADHI,13,36,10,748.0,7480.0
2021071504028661,RBCL,35,39,10,21600.0,216000.0
2021071504028564,RHPC,50,52,100,554.0,55400.0
2021071504028927,RHPL,28,45,98,475.0,46550.0
2021071504028926,RHPL,36,45,200,475.0,95000.0
2021071504028925,RHPL,26,45,25,475.0,11875.0
2021071504028924,RHPL,57,45,177,475.0,84075.0
2021071504028912,RHPL,57,52,20,475.0,9500.0
2021071504028753,RHPL,57,51,80,475.0,38000.0
2021071504028562,RHPL,46,14,80,476.0,38080.0
2021071504028548,RHPL,57,38,23,475.0,10925.0
2021071504028547,RHPL,32,38,167,475.0,79325.0
2021071504028679,RHPL,57,3,100,476.0,47600.0
2021071504028678,RHPL,46,3,20,476.0,9520.0
2021071504028677,RHPL,43,3,101,476.0,48076.0
2021071504028676,RHPL,11,3,100,476.0,47600.0
2021071504028675,RHPL,46,3,80,476.0,38080.0
2021071504028573,RHPL,46,14,320,476.0,152320.0
2021071504028893,RRHP,29,21,10,427.0,4270.0
2021071504028673,RRHP,21,41,50,426.0,21300.0
2021071504028672,RRHP,47,41,50,427.0,21350.0
2021071504028641,RRHP,58,19,20,427.0,8540.0
2021071504028640,RRHP,58,45,10,427.0,4270.0
2021071504028639,RRHP,58,11,10,427.0,4270.0
2021071504028638,RRHP,58,6,60,427.0,25620.0
2021071504028579,RRHP,16,6,90,427.0,38430.0
2021071504028578,RRHP,16,17,10,427.0,4270.0
2021071504028577,RRHP,16,39,100,427.0,42700.0
2021071504028667,SFMF,21,47,"8,000",15.99,127920.0
2021071504028485,SFMF,21,47,"10,000",15.99,159900.0
2021071504028494,SGI,43,46,10,731.0,7310.0
2021071504028493,SGI,43,22,80,731.0,58480.0
2021071504028889,SHL,16,5,150,266.0,39900.0
2021071504028728,SHL,57,34,100,265.0,26500.0
2021071504028727,SHL,39,34,500,265.0,132500.0
2021071504028726,SHL,38,34,250,265.0,66250.0
2021071504028725,SHL,38,34,"1,000",265.0,265000.0
2021071504028724,SHL,14,34,300,265.0,79500.0
2021071504028624,SHL,1,34,150,267.0,40050.0
2021071504028561,SHL,7,58,100,266.0,26600.0
2021071504028687,SHL,42,34,"1,000",265.0,265000.0
2021071504028686,SHL,35,34,110,265.0,29150.0
2021071504028685,SHL,39,34,400,265.0,106000.0
2021071504028684,SHL,41,34,100,265.0,26500.0
2021071504028683,SHL,28,34,200,265.0,53000.0
2021071504028682,SHL,39,34,300,265.0,79500.0
2021071504028693,SHL,21,34,"1,000",265.0,265000.0
2021071504028692,SHL,16,34,200,265.0,53000.0
2021071504028691,SHL,43,34,160,265.0,42400.0
2021071504028690,SHL,40,34,250,265.0,66250.0
2021071504028689,SHL,48,34,100,265.0,26500.0
2021071504028688,SHL,43,34,300,265.0,79500.0
2021071504028699,SHL,47,34,100,265.0,26500.0
2021071504028698,SHL,35,34,207,265.0,54855.0
2021071504028697,SHL,58,34,100,265.0,26500.0
2021071504028696,SHL,16,34,100,265.0,26500.0
2021071504028695,SHL,45,34,"1,000",265.0,265000.0
2021071504028694,SHL,46,34,100,265.0,26500.0
2021071504028705,SHL,57,34,115,265.0,30475.0
2021071504028704,SHL,21,34,300,265.0,79500.0
2021071504028703,SHL,57,34,400,265.0,106000.0
2021071504028702,SHL,6,34,500,265.0,132500.0
2021071504028701,SHL,55,34,100,265.0,26500.0
2021071504028700,SHL,25,34,100,265.0,26500.0
2021071504028711,SHL,44,34,100,265.0,26500.0
2021071504028710,SHL,51,34,"1,000",265.0,265000.0
2021071504028709,SHL,49,34,"1,500",265.0,397500.0
2021071504028708,SHL,59,34,100,265.0,26500.0
2021071504028707,SHL,49,34,100,265.0,26500.0
2021071504028706,SHL,54,34,100,265.0,26500.0
2021071504028717,SHL,58,34,100,265.0,26500.0
2021071504028716,SHL,49,34,200,265.0,53000.0
2021071504028715,SHL,49,34,"2,000",265.0,530000.0
2021071504028714,SHL,38,34,100,265.0,26500.0
2021071504028713,SHL,45,34,100,265.0,26500.0
2021071504028712,SHL,38,34,300,265.0,79500.0
2021071504028723,SHL,25,34,100,265.0,26500.0
2021071504028722,SHL,57,34,100,265.0,26500.0
2021071504028721,SHL,40,34,250,265.0,66250.0
2021071504028720,SHL,58,34,100,265.0,26500.0
2021071504028719,SHL,59,34,100,265.0,26500.0
2021071504028718,SHL,25,34,"1,200",265.0,318000.0
2021071504028892,SHPC,21,16,45,514.0,23130.0
2021071504028891,SHPC,21,32,155,514.0,79670.0
2021071504028594,SHPC,55,21,80,513.0,41040.0
2021071504028615,SHPC,38,32,75,514.0,38550.0
2021071504028614,SHPC,38,48,25,514.0,12850.0
2021071504028613,SHPC,34,42,81,513.0,41553.0
2021071504028612,SHPC,57,42,100,513.0,51300.0
2021071504028611,SHPC,55,42,19,513.0,9747.0
2021071504028596,SHPC,55,1,20,513.0,10260.0
2021071504028848,SHPC,34,58,130,513.0,66690.0
2021071504028832,SHPC,34,21,100,513.0,51300.0
2021071504028665,SHPC,26,32,270,514.0,138780.0
2021071504028642,SHPC,34,56,104,513.0,53352.0
2021071504028604,SICL,22,44,15,1950.0,29250.0
2021071504028569,SICL,22,41,26,1950.0,50700.0
2021071504028520,SICL,52,41,100,1950.0,195000.0
2021071504028838,SJCL,37,59,40,444.0,17760.0
2021071504028671,SJCL,37,51,20,444.0,8880.0
2021071504028653,SJCL,37,58,245,444.0,108780.0
2021071504028518,SJCL,6,44,66,443.0,29238.0
2021071504028517,SJCL,19,44,23,443.0,10189.0
2021071504028516,SJCL,1,44,120,443.0,53160.0
2021071504028515,SJCL,6,44,300,443.0,132900.0
2021071504028514,SJCL,58,44,100,443.0,44300.0
2021071504028513,SJCL,54,44,71,443.0,31453.0
2021071504028919,SPDL,51,13,100,446.0,44600.0
2021071504028610,SPDL,25,39,199,445.0,88555.0
2021071504028609,SPDL,4,39,51,445.0,22695.0
2021071504028670,SSHL,43,49,100,336.0,33600.0
2021071504028476,SSHL,58,49,100,336.0,33600.0
2021071504028901,STC,58,59,30,9750.0,292500.0
2021071504028839,STC,35,59,10,9750.0,97500.0
2021071504028608,STC,6,59,10,9750.0,97500.0
2021071504028962,TRH,55,43,50,399.0,19950.0
2021071504028961,TRH,57,43,200,399.0,79800.0
2021071504028960,TRH,45,43,300,399.0,119700.0
2021071504028959,TRH,54,43,"1,000",399.0,399000.0
2021071504028958,TRH,25,43,100,399.0,39900.0
2021071504028957,TRH,50,43,10,399.0,3990.0
2021071504028649,TRH,58,4,50,405.0,20250.0
2021071504028567,TRH,26,10,100,405.0,40500.0
2021071504028903,TRH,39,10,50,404.0,20200.0
2021071504028902,TRH,57,10,50,404.0,20200.0
2021071504028938,TRH,41,43,200,401.0,80200.0
2021071504028937,TRH,7,43,100,401.0,40100.0
2021071504028936,TRH,45,43,100,403.0,40300.0
2021071504028935,TRH,39,43,400,403.0,161200.0
2021071504028934,TRH,49,43,20,404.0,8080.0
2021071504028933,TRH,39,43,250,404.0,101000.0
2021071504028944,TRH,6,43,"1,000",400.0,400000.0
2021071504028943,TRH,54,43,"1,000",400.0,400000.0
2021071504028942,TRH,57,43,50,400.0,20000.0
2021071504028941,TRH,44,43,100,400.0,40000.0
2021071504028940,TRH,45,43,550,400.0,220000.0
2021071504028939,TRH,46,43,150,400.0,60000.0
2021071504028950,TRH,38,43,40,400.0,16000.0
2021071504028949,TRH,51,43,100,400.0,40000.0
2021071504028948,TRH,40,43,500,400.0,200000.0
2021071504028947,TRH,21,43,40,400.0,16000.0
2021071504028946,TRH,58,43,100,400.0,40000.0
2021071504028945,TRH,6,43,100,400.0,40000.0
2021071504028956,TRH,42,43,299,400.0,119600.0
2021071504028955,TRH,51,43,300,400.0,120000.0
2021071504028954,TRH,58,43,100,400.0,40000.0
2021071504028953,TRH,59,43,100,400.0,40000.0
2021071504028952,TRH,36,43,150,400.0,60000.0
2021071504028951,TRH,50,43,200,400.0,80000.0
2021071504028783,UIC,8,25,68,715.0,48620.0
2021071504028782,UIC,26,25,100,715.0,71500.0
2021071504028781,UIC,45,25,50,715.0,35750.0
2021071504028780,UIC,38,25,100,715.0,71500.0
2021071504028779,UIC,51,25,200,715.0,143000.0
2021071504028778,UIC,53,25,50,715.0,35750.0
2021071504028765,UIC,39,25,100,717.0,71700.0
2021071504028764,UIC,39,25,140,717.0,100380.0
2021071504028763,UIC,57,25,100,718.0,71800.0
2021071504028656,UIC,57,48,660,720.0,475200.0
2021071504028655,UIC,57,45,200,719.0,143800.0
2021071504028654,UIC,57,38,140,719.0,100660.0
2021071504028771,UIC,6,25,500,716.0,358000.0
2021071504028770,UIC,40,25,12,717.0,8604.0
2021071504028769,UIC,44,25,100,717.0,71700.0
2021071504028768,UIC,33,25,50,717.0,35850.0
2021071504028767,UIC,13,25,100,717.0,71700.0
2021071504028766,UIC,29,25,200,717.0,143400.0
2021071504028777,UIC,56,25,200,715.0,143000.0
2021071504028776,UIC,41,25,15,715.0,10725.0
2021071504028775,UIC,19,25,200,716.0,143200.0
2021071504028774,UIC,34,25,100,716.0,71600.0
2021071504028773,UIC,21,25,65,716.0,46540.0
2021071504028772,UIC,6,25,50,716.0,35800.0
2021071504028909,UMHL,56,39,80,404.0,32320.0
2021071504028908,UMHL,56,45,70,404.0,28280.0
2021071504028883,UMHL,41,45,30,404.0,12120.0
2021071504028882,UMHL,41,41,170,404.0,68680.0
2021071504028554,UMHL,58,58,730,403.0,294190.0
2021071504028553,UMHL,48,58,375,403.0,151125.0
2021071504028542,UMHL,48,28,500,403.0,201500.0
2021071504028508,UMHL,42,41,30,404.0,12120.0
2021071504028507,UMHL,42,59,46,404.0,18584.0
2021071504028595,UMHL,36,26,350,403.0,141050.0
2021071504028558,UMHL,33,58,"6,935",402.0,2787870.0
2021071504028557,UMHL,25,58,500,403.0,201500.0
2021071504028556,UMHL,42,58,"1,000",403.0,403000.0
2021071504028555,UMHL,29,58,50,403.0,20150.0
2021071504028647,UMHL,48,26,470,403.0,189410.0
2021071504028646,UMHL,37,26,150,403.0,60450.0
2021071504028750,UPCL,3,48,260,311.0,80860.0
2021071504028749,UPCL,56,48,115,312.0,35880.0
2021071504028748,UPCL,34,48,100,312.0,31200.0
2021071504028747,UPCL,38,48,100,312.0,31200.0
2021071504028746,UPCL,44,48,100,312.0,31200.0
2021071504028541,UPCL,46,51,187,312.0,58344.0
2021071504028540,UPCL,40,51,13,313.0,4069.0
2021071504028733,UPCL,6,48,"1,000",313.0,313000.0
2021071504028732,UPCL,34,48,807,313.0,252591.0
2021071504028606,UPCL,34,1,18,313.0,5634.0
2021071504028587,UPCL,34,56,20,313.0,6260.0
2021071504028586,UPCL,34,21,155,313.0,48515.0
2021071504028739,UPCL,51,48,500,312.0,156000.0
2021071504028738,UPCL,45,48,200,312.0,62400.0
2021071504028737,UPCL,57,48,100,312.0,31200.0
2021071504028736,UPCL,4,48,100,312.0,31200.0
2021071504028735,UPCL,46,48,313,312.0,97656.0
2021071504028734,UPCL,54,48,100,313.0,31300.0
2021071504028745,UPCL,11,48,20,312.0,6240.0
2021071504028744,UPCL,41,48,300,312.0,93600.0
2021071504028743,UPCL,34,48,100,312.0,31200.0
2021071504028742,UPCL,57,48,"1,000",312.0,312000.0
2021071504028741,UPCL,21,48,100,312.0,31200.0
2021071504028740,UPCL,58,48,100,312.0,31200.0
2021071504028801,UPPER,4,4,40,704.0,28160.0
2021071504028800,UPPER,28,4,100,704.0,70400.0
2021071504028799,UPPER,38,4,500,704.0,352000.0
2021071504028798,UPPER,28,4,100,704.0,70400.0
2021071504028797,UPPER,34,4,110,704.0,77440.0
2021071504028551,UPPER,32,22,50,705.0,35250.0
2021071504028793,UPPER,34,59,100,704.0,70400.0
2021071504028785,UPPER,34,58,50,704.0,35200.0
2021071504028731,UPPER,41,22,500,705.0,352500.0
2021071504028632,UPPER,41,22,60,705.0,42300.0
2021071504028560,UPPER,34,58,100,704.0,70400.0
2021071504028357,AHPC,49,3,300,480.0,144000.0
2021071504028295,AHPC,49,49,90,480.0,43200.0
2021071504028294,AHPC,49,6,950,480.0,456000.0
2021071504028191,AHPC,8,6,50,480.0,24000.0
2021071504028190,AHPC,8,6,450,480.0,216000.0
2021071504028095,AHPC,48,44,"1,000",481.0,481000.0
2021071504028094,AHPC,48,32,500,481.0,240500.0
2021071504028093,AHPC,48,49,367,481.0,176527.0
2021071504028092,AHPC,48,45,230,480.0,110400.0
2021071504028065,AHPC,35,49,355,479.0,170045.0
2021071504028267,AIL,22,38,10,813.0,8130.0
2021071504028045,AIL,22,34,50,813.0,40650.0
2021071504027991,AIL,22,26,10,813.0,8130.0
2021071504028417,AKJCL,34,6,10,287.0,2870.0
2021071504028387,AKJCL,17,25,100,287.0,28700.0
2021071504028293,AKJCL,45,21,100,288.0,28800.0
2021071504028022,AKJCL,40,21,10,288.0,2880.0
2021071504028442,AKPL,58,7,200,475.0,95000.0
2021071504028441,AKPL,58,53,"1,000",475.0,475000.0
2021071504028440,AKPL,58,42,300,475.0,142500.0
2021071504028439,AKPL,58,26,10,475.0,4750.0
2021071504028438,AKPL,58,1,10,475.0,4750.0
2021071504028437,AKPL,58,57,100,475.0,47500.0
2021071504028365,AKPL,58,57,48,473.0,22704.0
2021071504028143,AKPL,58,42,400,473.0,189200.0
2021071504028142,AKPL,44,42,100,473.0,47300.0
2021071504028049,AKPL,44,45,100,473.0,47300.0
2021071504028436,AKPL,58,32,100,475.0,47500.0
2021071504028435,AKPL,58,59,50,475.0,23750.0
2021071504028434,AKPL,58,41,840,475.0,399000.0
2021071504028433,AKPL,58,49,"1,140",475.0,541500.0
2021071504028432,AKPL,58,46,50,474.0,23700.0
2021071504028416,AKPL,58,46,50,474.0,23700.0
2021071504028453,API,48,22,240,403.0,96720.0
2021071504028368,API,57,22,132,403.0,53196.0
2021071504028367,API,57,25,52,403.0,20956.0
2021071504028366,API,57,41,116,403.0,46748.0
2021071504028355,API,42,41,100,403.0,40300.0
2021071504028201,API,47,33,50,402.0,20100.0
2021071504027984,API,5,25,50,403.0,20150.0
2021071504027983,API,17,25,300,403.0,120900.0
2021071504027982,API,42,25,50,403.0,20150.0
2021071504027969,API,42,52,50,403.0,20150.0
2021071504028192,API,16,41,284,403.0,114452.0
2021071504028185,API,16,48,150,403.0,60450.0
2021071504028141,API,17,48,100,403.0,40300.0
2021071504028140,API,5,48,650,403.0,261950.0
2021071504028068,API,5,50,100,403.0,40300.0
2021071504028046,API,5,39,200,403.0,80600.0
2021071504028200,API,5,33,50,402.0,20100.0
2021071504028199,API,39,33,600,402.0,241200.0
2021071504028198,API,58,33,50,402.0,20100.0
2021071504028197,API,42,33,150,402.0,60300.0
2021071504028196,API,40,33,"1,000",402.0,402000.0
2021071504028195,API,17,33,100,402.0,40200.0
2021071504028318,BARUN,20,34,200,538.0,107600.0
2021071504028309,BARUN,25,34,200,538.0,107600.0
2021071504028308,BARUN,28,34,200,538.0,107600.0
2021071504028307,BARUN,25,34,601,538.0,323338.0
2021071504028138,BARUN,51,57,10,539.0,5390.0
2021071504028021,BARUN,51,55,290,539.0,156310.0
2021071504028403,BBC,58,3,10,5610.0,56100.0
2021071504028409,BPCL,59,18,11,504.0,5544.0
2021071504028408,BPCL,36,18,89,504.0,44856.0
2021071504028369,BPCL,7,57,100,505.0,50500.0
2021071504028305,BPCL,48,57,120,505.0,60600.0
2021071504028304,BPCL,48,42,100,505.0,50500.0
2021071504028303,BPCL,48,25,230,505.0,116150.0
2021071504028274,BPCL,55,25,100,505.0,50500.0
2021071504028262,BPCL,45,25,20,505.0,10100.0
2021071504028165,BPCL,36,38,11,504.0,5544.0
2021071504028109,BPCL,6,51,150,504.0,75600.0
2021071504028087,BPCL,38,25,50,505.0,25250.0
2021071504028083,CGH,53,37,50,1508.0,75400.0
2021071504028082,CGH,53,34,10,1508.0,15080.0
2021071504028081,CGH,53,28,10,1508.0,15080.0
2021071504028354,CHCL,58,56,100,680.0,68000.0
2021071504028306,CHCL,42,56,50,680.0,34000.0
2021071504028245,CHCL,34,56,60,680.0,40800.0
2021071504028244,CHCL,42,56,100,680.0,68000.0
2021071504028243,CHCL,34,56,200,680.0,136000.0
2021071504028242,CHCL,21,56,50,680.0,34000.0
2021071504028124,CHCL,46,34,50,684.0,34200.0
2021071504028029,CHCL,58,34,82,684.0,56088.0
2021071504028205,CHCL,18,56,500,682.0,341000.0
2021071504028204,CHCL,7,56,130,682.0,88660.0
2021071504028135,CHCL,7,59,370,682.0,252340.0
2021071504028134,CHCL,45,59,"2,000",682.0,1364000.0
2021071504028133,CHCL,58,59,100,683.0,68300.0
2021071504028132,CHCL,42,59,30,683.0,20490.0
2021071504028211,CHCL,32,56,100,681.0,68100.0
2021071504028210,CHCL,42,56,50,681.0,34050.0
2021071504028209,CHCL,51,56,100,681.0,68100.0
2021071504028208,CHCL,28,56,50,681.0,34050.0
2021071504028207,CHCL,1,56,100,681.0,68100.0
2021071504028206,CHCL,58,56,13,681.0,8853.0
2021071504028217,CHCL,38,56,10,680.0,6800.0
2021071504028216,CHCL,28,56,200,680.0,136000.0
2021071504028215,CHCL,55,56,300,681.0,204300.0
2021071504028214,CHCL,41,56,50,681.0,34050.0
2021071504028213,CHCL,49,56,20,681.0,13620.0
2021071504028212,CHCL,44,56,300,681.0,204300.0
2021071504028223,CHCL,4,56,50,680.0,34000.0
2021071504028222,CHCL,1,56,150,680.0,102000.0
2021071504028221,CHCL,47,56,20,680.0,13600.0
2021071504028220,CHCL,54,56,100,680.0,68000.0
2021071504028219,CHCL,45,56,100,680.0,68000.0
2021071504028218,CHCL,58,56,100,680.0,68000.0
2021071504028229,CHCL,40,56,200,680.0,136000.0
2021071504028228,CHCL,42,56,80,680.0,54400.0
2021071504028227,CHCL,41,56,688,680.0,467840.0
2021071504028226,CHCL,57,56,100,680.0,68000.0
2021071504028225,CHCL,58,56,40,680.0,27200.0
2021071504028224,CHCL,46,56,60,680.0,40800.0
2021071504028235,CHCL,35,56,66,680.0,44880.0
2021071504028234,CHCL,4,56,50,680.0,34000.0
2021071504028233,CHCL,38,56,50,680.0,34000.0
2021071504028232,CHCL,47,56,10,680.0,6800.0
2021071504028231,CHCL,34,56,50,680.0,34000.0
2021071504028230,CHCL,38,56,30,680.0,20400.0
2021071504028241,CHCL,41,56,20,680.0,13600.0
2021071504028240,CHCL,42,56,100,680.0,68000.0
2021071504028239,CHCL,51,56,200,680.0,136000.0
2021071504028238,CHCL,26,56,200,680.0,136000.0
2021071504028237,CHCL,32,56,300,680.0,204000.0
2021071504028236,CHCL,22,56,50,680.0,34000.0
2021071504028273,CMF2,48,25,300,14.1,4230.0
2021071504028272,CMF2,48,57,500,13.89,6945.0
2021071504028271,CMF2,48,25,"1,200",13.89,16668.0
2021071504028270,CMF2,48,41,"2,500",13.7,34250.0
2021071504028269,CMF2,48,56,500,13.65,6825.0
2021071504028402,DHPL,16,45,400,278.0,111200.0
2021071504028419,EIC,45,38,100,750.0,75000.0
2021071504028418,EIC,14,38,150,750.0,112500.0
2021071504028360,EIC,1,28,"1,000",749.0,749000.0
2021071504028203,EIC,1,42,16,749.0,11984.0
2021071504028188,EIC,1,58,21,749.0,15729.0
2021071504028178,EIC,1,28,723,749.0,541527.0
2021071504028127,EIC,1,58,24,749.0,17976.0
2021071504028058,EIC,1,38,30,749.0,22470.0
2021071504028043,EIC,45,28,11,750.0,8250.0
2021071504027973,EIC,44,28,100,750.0,75000.0
2021071504028407,GHL,34,26,55,303.0,16665.0
2021071504028406,GHL,8,26,125,303.0,37875.0
2021071504028103,GIC,47,51,10,694.0,6940.0
2021071504028086,GIC,47,8,30,694.0,20820.0
2021071504028085,GIC,39,8,15,694.0,10410.0
2021071504028047,GIC,39,51,10,694.0,6940.0
2021071504028458,GLH,49,16,10,372.0,3720.0
2021071504028370,GLH,49,42,10,372.0,3720.0
2021071504028020,GLH,36,50,190,374.0,71060.0
2021071504028019,GLH,36,34,10,373.0,3730.0
2021071504028018,GLH,36,36,10,373.0,3730.0
2021071504028017,GLH,36,52,10,373.0,3730.0
2021071504028016,GLH,36,38,10,373.0,3730.0
2021071504028289,HDHPC,53,5,50,291.0,14550.0
2021071504028284,HDHPC,17,5,100,291.0,29100.0
2021071504028139,HDHPC,45,6,20,290.0,5800.0
2021071504028115,HDHPC,45,28,80,290.0,23200.0
2021071504028084,HDHPC,33,55,376,289.0,108664.0
2021071504028361,HGI,35,39,300,763.0,228900.0
2021071504028450,HPPL,7,35,130,452.0,58760.0
2021071504028449,HPPL,7,49,10,452.0,4520.0
2021071504028448,HPPL,7,21,150,452.0,67800.0
2021071504028447,HPPL,7,57,100,451.0,45100.0
2021071504028446,HPPL,7,20,300,451.0,135300.0
2021071504028445,HPPL,7,56,80,450.0,36000.0
2021071504028091,HPPL,26,5,10,448.0,4480.0
2021071504028090,HPPL,42,5,90,448.0,40320.0
2021071504028070,HPPL,42,42,10,448.0,4480.0
2021071504028069,HPPL,17,42,90,448.0,40320.0
2021071504028444,HPPL,7,32,230,450.0,103500.0
2021071504028364,HPPL,26,26,50,448.0,22400.0
2021071504028286,HPPL,7,32,120,450.0,54000.0
2021071504028285,HPPL,7,14,180,449.0,80820.0
2021071504028170,HPPL,49,14,120,449.0,53880.0
2021071504028099,HPPL,26,53,190,448.0,85120.0
2021071504028055,HURJA,37,52,360,365.0,131400.0
2021071504028054,HURJA,34,52,100,365.0,36500.0
2021071504028053,HURJA,34,52,50,365.0,18250.0
2021071504028052,HURJA,41,52,100,365.0,36500.0
2021071504028003,HURJA,59,52,270,366.0,98820.0
2021071504028002,HURJA,58,52,200,366.0,73200.0
2021071504027995,HURJA,56,52,375,369.0,138375.0
2021071504028001,HURJA,47,52,25,366.0,9150.0
2021071504028000,HURJA,11,52,500,366.0,183000.0
2021071504027999,HURJA,35,52,10,366.0,3660.0
2021071504027998,HURJA,56,52,410,366.0,150060.0
2021071504027997,HURJA,46,52,100,367.0,36700.0
2021071504027996,HURJA,42,52,500,367.0,183500.0
2021071504028457,IGI,16,38,150,1211.0,181650.0
2021071504028456,IGI,58,38,200,1211.0,242200.0
2021071504028044,IGI,35,38,100,1212.0,121200.0
2021071504028004,IGI,1,49,95,1212.0,115140.0
