Transact. No.,Symbol,Buyer,Seller,Quantity,Rate,Amount
2021071104020436,AHPC,6,5,110,459.0,50490.0
2021071104020435,AHPC,6,49,390,458.0,178620.0
2021071104020372,AHPC,45,49,10,458.0,4580.0
2021071104020353,AHPC,6,49,100,458.0,45800.0
2021071104020523,AIL,13,48,45,829.0,37305.0
2021071104020315,AKJCL,59,1,50,283.0,14150.0
2021071104020314,AKJCL,59,6,250,283.0,70750.0
2021071104020313,AKJCL,59,41,20,283.0,5660.0
2021071104020312,AKJCL,59,29,10,283.0,2830.0
2021071104020311,AKJCL,59,41,20,283.0,5660.0
2021071104020310,AKJCL,59,58,50,283.0,14150.0
2021071104020309,AKJCL,59,6,100,282.0,28200.0
2021071104020586,AKPL,42,49,90,456.0,41040.0
2021071104020585,AKPL,16,49,10,456.0,4560.0
2021071104020538,AKPL,16,45,490,456.0,223440.0
2021071104020491,AKPL,34,45,260,456.0,118560.0
2021071104020453,AKPL,44,45,100,456.0,45600.0
2021071104020443,AKPL,52,45,150,456.0,68400.0
2021071104020305,AKPL,39,32,90,456.0,41040.0
2021071104020295,AKPL,50,32,100,456.0,45600.0
2021071104020266,AKPL,21,32,60,456.0,27360.0
2021071104020265,AKPL,21,13,20,456.0,9120.0
2021071104020264,AKPL,21,33,20,456.0,9120.0
2021071104020442,AKPL,52,14,150,456.0,68400.0
2021071104020406,AKPL,34,53,200,455.0,91000.0
2021071104020370,AKPL,55,14,190,456.0,86640.0
2021071104020358,AKPL,47,14,100,456.0,45600.0
2021071104020307,AKPL,39,14,60,456.0,27360.0
2021071104020306,AKPL,39,37,100,456.0,45600.0
2021071104020583,API,22,13,65,395.0,25675.0
2021071104020582,API,22,35,10,395.0,3950.0
2021071104020581,API,22,53,100,395.0,39500.0
2021071104020580,API,22,45,25,395.0,9875.0
2021071104020561,API,33,45,75,395.0,29625.0
2021071104020560,API,33,38,50,395.0,19750.0
2021071104020283,API,41,38,310,395.0,122450.0
2021071104020282,API,41,44,190,395.0,75050.0
2021071104020270,API,57,7,200,394.0,78800.0
2021071104020239,API,39,44,10,395.0,3950.0
2021071104020362,API,33,16,300,395.0,118500.0
2021071104020352,API,4,16,100,395.0,39500.0
2021071104020351,API,4,45,200,395.0,79000.0
2021071104020350,API,4,58,10,395.0,3950.0
2021071104020349,API,4,38,190,395.0,75050.0
2021071104020317,API,28,38,500,395.0,197500.0
2021071104020404,API,52,13,200,394.0,78800.0
2021071104020403,API,57,13,745,394.0,293530.0
2021071104020398,API,55,39,50,395.0,19750.0
2021071104020365,API,33,39,50,395.0,19750.0
2021071104020364,API,33,53,50,395.0,19750.0
2021071104020363,API,33,55,100,395.0,39500.0
2021071104020504,API,47,49,345,393.0,135585.0
2021071104020490,API,58,51,65,395.0,25675.0
2021071104020489,API,58,49,35,394.0,13790.0
2021071104020441,API,45,49,20,394.0,7880.0
2021071104020440,API,42,49,45,394.0,17730.0
2021071104020405,API,42,13,55,394.0,21670.0
2021071104020559,API,33,16,50,395.0,19750.0
2021071104020558,API,33,51,325,395.0,128375.0
2021071104020514,API,22,51,110,395.0,43450.0
2021071104020513,API,22,36,90,394.0,35460.0
2021071104020506,API,57,36,10,394.0,3940.0
2021071104020505,API,21,49,355,393.0,139515.0
2021071104020540,BARUN,58,13,10,538.0,5380.0
2021071104020531,BARUN,20,13,10,538.0,5380.0
2021071104020525,BARUN,14,13,10,538.0,5380.0
2021071104020486,BARUN,22,20,950,538.0,511100.0
2021071104020482,BARUN,51,47,100,539.0,53900.0
2021071104020419,BARUN,22,34,50,538.0,26900.0
2021071104020382,BARUN,20,11,35,540.0,18900.0
2021071104020381,BARUN,20,58,165,540.0,89100.0
2021071104020380,BARUN,20,38,300,538.0,161400.0
2021071104020366,BARUN,51,38,500,538.0,269000.0
2021071104020534,BBC,49,50,10,5740.0,57400.0
2021071104020251,BBC,49,42,20,5739.0,114780.0
2021071104020516,BPCL,58,45,30,509.0,15270.0
2021071104020515,BPCL,58,58,20,509.0,10180.0
2021071104020483,BPCL,6,57,30,508.0,15240.0
2021071104020260,BPCL,50,58,20,509.0,10180.0
2021071104020259,BPCL,50,49,80,509.0,40720.0
2021071104020281,BPCL,6,57,70,508.0,35560.0
2021071104020574,CGH,56,10,41,1550.0,63550.0
2021071104020573,CGH,56,34,10,1550.0,15500.0
2021071104020572,CGH,56,19,10,1550.0,15500.0
2021071104020571,CGH,56,5,39,1549.0,60411.0
2021071104020570,CGH,56,54,10,1548.0,15480.0
2021071104020569,CGH,56,50,80,1548.0,123840.0
2021071104020568,CGH,56,54,10,1538.0,15380.0
2021071104020304,CGH,55,50,10,1548.0,15480.0
2021071104020300,CGH,29,50,10,1548.0,15480.0
2021071104020535,CHCL,49,58,700,670.0,469000.0
2021071104020488,CHCL,28,58,"1,000",670.0,670000.0
2021071104020449,CHCL,34,58,100,670.0,67000.0
2021071104020369,CHCL,34,58,100,670.0,67000.0
2021071104020357,CHCL,49,58,30,670.0,20100.0
2021071104020273,CHL,32,57,40,456.0,18240.0
2021071104020272,CHL,32,32,60,455.0,27300.0
2021071104020230,DHPL,19,54,100,272.0,27200.0
2021071104020229,DHPL,19,16,100,272.0,27200.0
2021071104020228,DHPL,19,16,30,272.0,8160.0
2021071104020227,DHPL,19,59,425,272.0,115600.0
2021071104020473,EIC,4,57,100,766.0,76600.0
2021071104020466,EIC,38,57,45,766.0,34470.0
2021071104020478,GHL,17,4,10,300.0,3000.0
2021071104020477,GHL,17,19,10,299.0,2990.0
2021071104020476,GHL,17,45,30,299.0,8970.0
2021071104020475,GHL,17,22,10,299.0,2990.0
2021071104020474,GHL,17,39,20,299.0,5980.0
2021071104020467,GHL,13,40,100,295.0,29500.0
2021071104020226,GHL,13,55,50,295.0,14750.0
2021071104020494,GIC,54,42,30,702.0,21060.0
2021071104020407,GIC,14,52,10,702.0,7020.0
2021071104020377,GIC,5,43,10,701.0,7010.0
2021071104020333,GIC,42,43,100,702.0,70200.0
2021071104020263,GIC,5,40,10,701.0,7010.0
2021071104020410,GIC,14,42,70,702.0,49140.0
2021071104020409,GIC,14,22,10,702.0,7020.0
2021071104020408,GIC,14,51,10,702.0,7020.0
2021071104020485,GLH,46,33,50,370.0,18500.0
2021071104020268,GLH,4,22,10,371.0,3710.0
2021071104020567,HDHPC,7,25,50,288.0,14400.0
2021071104020563,HDHPC,38,25,50,288.0,14400.0
2021071104020462,HDHPC,6,25,200,288.0,57600.0
2021071104020461,HDHPC,49,25,200,288.0,57600.0
2021071104020460,HDHPC,33,25,100,288.0,28800.0
2021071104020459,HDHPC,1,25,70,288.0,20160.0
2021071104020237,HDHPC,1,33,430,288.0,123840.0
2021071104020437,HPPL,21,52,10,417.0,4170.0
2021071104020345,HPPL,42,54,200,416.0,83200.0
2021071104020344,HPPL,42,22,300,416.0,124800.0
2021071104020343,HPPL,42,17,10,416.0,4160.0
2021071104020342,HPPL,42,14,100,416.0,41600.0
2021071104020341,HPPL,42,42,825,416.0,343200.0
2021071104020565,HURJA,44,1,10,367.0,3670.0
2021071104020493,HURJA,40,1,10,367.0,3670.0
2021071104020250,HURJA,40,51,20,367.0,7340.0
2021071104020249,HURJA,40,55,150,367.0,55050.0
2021071104020248,HURJA,40,41,20,367.0,7340.0
2021071104020247,HURJA,40,48,500,367.0,183500.0
2021071104020246,HURJA,40,35,100,367.0,36700.0
2021071104020245,HURJA,40,45,30,365.0,10950.0
2021071104020244,HURJA,40,57,100,365.0,36500.0
2021071104020243,HURJA,40,55,60,365.0,21900.0
2021071104020242,HURJA,40,42,20,362.0,7240.0
2021071104020512,JOSHI,3,21,63,295.0,18585.0
2021071104020511,JOSHI,3,22,10,294.0,2940.0
2021071104020510,JOSHI,3,51,127,294.0,37338.0
2021071104020394,JOSHI,3,51,73,294.0,21462.0
2021071104020393,JOSHI,3,57,300,294.0,88200.0
2021071104020392,JOSHI,3,58,22,294.0,6468.0
2021071104020391,JOSHI,3,22,20,293.0,5860.0
2021071104020390,JOSHI,3,49,85,292.0,24820.0
2021071104020348,JOSHI,50,49,215,292.0,62780.0
2021071104020347,JOSHI,50,58,20,292.0,5840.0
2021071104020346,JOSHI,50,58,165,292.0,48180.0
2021071104020335,KKHC,6,46,20,284.0,5680.0
2021071104020334,KKHC,6,58,80,282.0,22560.0
2021071104020267,KKHC,51,58,10,282.0,2820.0
2021071104020238,KKHC,6,58,10,282.0,2820.0
2021071105000128,KLBSL,33,56,90,1760.0,158400.0
2021071105000127,KLBSL,57,56,10,1760.0,17600.0
2021071105000126,KLBSL,57,47,50,1759.0,87950.0
2021071105000125,KLBSL,57,43,40,1759.0,70360.0
2021071105000124,KLBSL,57,14,10,1755.0,17550.0
2021071105000123,KLBSL,53,14,90,1755.0,157950.0
2021071105000002,KLBSL,48,42,50,1699.0,84950.0
2021071105000001,KLBSL,14,42,50,1671.0,83550.0
2021071105000008,KLBSL,52,57,20,1704.0,34080.0
2021071105000007,KLBSL,52,47,30,1704.0,51120.0
2021071105000006,KLBSL,58,16,100,1700.0,170000.0
2021071105000005,KLBSL,58,45,45,1700.0,76500.0
2021071105000004,KLBSL,58,42,10,1700.0,17000.0
2021071105000003,KLBSL,14,40,50,1695.0,84750.0
2021071105000014,KLBSL,57,36,50,1720.0,86000.0
2021071105000013,KLBSL,14,10,14,1705.0,23870.0
2021071105000012,KLBSL,14,36,19,1705.0,32395.0
2021071105000011,KLBSL,52,21,50,1720.0,86000.0
2021071105000010,KLBSL,52,36,50,1720.0,86000.0
2021071105000009,KLBSL,58,57,26,1700.0,44200.0
2021071105000020,KLBSL,44,28,40,1695.0,67800.0
2021071105000019,KLBSL,50,28,100,1695.0,169500.0
2021071105000018,KLBSL,45,29,10,1695.0,16950.0
2021071105000017,KLBSL,58,58,19,1700.0,32300.0
2021071105000016,KLBSL,14,25,67,1705.0,114235.0
2021071105000015,KLBSL,59,36,15,1720.0,25800.0
2021071105000026,KLBSL,16,52,10,1716.0,17160.0
2021071105000025,KLBSL,25,29,50,1716.0,85800.0
2021071105000024,KLBSL,58,42,10,1715.0,17150.0
2021071105000023,KLBSL,44,10,20,1705.0,34100.0
2021071105000022,KLBSL,44,25,33,1705.0,56265.0
2021071105000021,KLBSL,44,16,64,1704.0,109056.0
2021071105000032,KLBSL,16,36,35,1720.0,60200.0
2021071105000031,KLBSL,16,42,50,1719.0,85950.0
2021071105000030,KLBSL,55,42,40,1718.0,68720.0
2021071105000029,KLBSL,16,38,40,1717.0,68680.0
2021071105000028,KLBSL,16,42,200,1717.0,343400.0
2021071105000027,KLBSL,16,20,50,1716.0,85800.0
2021071105000038,KLBSL,16,16,100,1720.0,172000.0
2021071105000037,KLBSL,16,38,28,1720.0,48160.0
2021071105000036,KLBSL,16,29,54,1720.0,92880.0
2021071105000035,KLBSL,16,14,110,1720.0,189200.0
2021071105000034,KLBSL,16,29,54,1720.0,92880.0
2021071105000033,KLBSL,16,41,20,1720.0,34400.0
2021071105000044,KLBSL,57,43,10,1728.0,17280.0
2021071105000043,KLBSL,57,16,180,1727.0,310860.0
2021071105000042,KLBSL,58,16,20,1727.0,34540.0
2021071105000041,KLBSL,16,36,27,1728.0,46656.0
2021071105000040,KLBSL,16,29,20,1727.0,34540.0
2021071105000039,KLBSL,47,37,100,1725.0,172500.0
2021071105000050,KLBSL,32,25,20,1732.0,34640.0
2021071105000049,KLBSL,32,38,20,1732.0,34640.0
2021071105000048,KLBSL,32,29,30,1732.0,51960.0
2021071105000047,KLBSL,58,38,10,1732.0,17320.0
2021071105000046,KLBSL,58,42,10,1732.0,17320.0
2021071105000045,KLBSL,57,38,100,1730.0,173000.0
2021071105000056,KLBSL,57,16,10,1738.0,17380.0
2021071105000055,KLBSL,57,29,50,1730.0,86500.0
2021071105000054,KLBSL,57,25,100,1730.0,173000.0
2021071105000053,KLBSL,57,29,10,1730.0,17300.0
2021071105000052,KLBSL,57,25,30,1730.0,51900.0
2021071105000051,KLBSL,57,16,100,1730.0,173000.0
2021071105000062,KLBSL,49,42,20,1715.0,34300.0
2021071105000061,KLBSL,57,43,10,1730.0,17300.0
2021071105000060,KLBSL,57,52,20,1740.0,34800.0
2021071105000059,KLBSL,57,38,100,1740.0,174000.0
2021071105000058,KLBSL,57,38,100,1740.0,174000.0
2021071105000057,KLBSL,57,47,10,1739.0,17390.0
2021071105000068,KLBSL,14,45,10,1739.0,17390.0
2021071105000067,KLBSL,45,29,20,1739.0,34780.0
2021071105000066,KLBSL,45,33,20,1739.0,34780.0
2021071105000065,KLBSL,45,38,10,1739.0,17390.0
2021071105000064,KLBSL,57,16,10,1740.0,17400.0
2021071105000063,KLBSL,57,38,10,1720.0,17200.0
2021071105000074,KLBSL,49,58,30,1737.0,52110.0
2021071105000073,KLBSL,14,58,70,1740.0,121800.0
2021071105000072,KLBSL,14,6,100,1740.0,174000.0
2021071105000071,KLBSL,14,8,200,1740.0,348000.0
2021071105000070,KLBSL,14,16,90,1740.0,156600.0
2021071105000069,KLBSL,14,29,30,1739.0,52170.0
2021071105000080,KLBSL,58,20,20,1731.0,34620.0
2021071105000079,KLBSL,14,42,50,1730.0,86500.0
2021071105000078,KLBSL,14,32,50,1729.0,86450.0
2021071105000077,KLBSL,57,35,100,1730.0,173000.0
2021071105000076,KLBSL,14,58,20,1721.0,34420.0
2021071105000075,KLBSL,14,38,54,1721.0,92934.0
2021071105000086,KLBSL,50,42,56,1720.0,96320.0
2021071105000085,KLBSL,50,58,44,1720.0,75680.0
2021071105000084,KLBSL,1,58,25,1721.0,43025.0
2021071105000083,KLBSL,14,58,26,1721.0,44746.0
2021071105000082,KLBSL,38,42,20,1732.0,34640.0
2021071105000081,KLBSL,38,20,30,1731.0,51930.0
2021071105000092,KLBSL,13,6,20,1730.0,34600.0
2021071105000091,KLBSL,55,6,30,1730.0,51900.0
2021071105000090,KLBSL,32,42,200,1711.0,342200.0
2021071105000089,KLBSL,14,42,100,1712.0,171200.0
2021071105000088,KLBSL,14,42,100,1715.0,171500.0
2021071105000087,KLBSL,52,42,20,1716.0,34320.0
2021071105000098,KLBSL,13,52,30,1739.0,52170.0
2021071105000097,KLBSL,13,42,40,1735.0,69400.0
2021071105000096,KLBSL,13,42,100,1734.0,173400.0
2021071105000095,KLBSL,13,49,50,1732.0,86600.0
2021071105000094,KLBSL,13,48,10,1732.0,17320.0
2021071105000093,KLBSL,13,42,30,1732.0,51960.0
2021071105000104,KLBSL,13,10,20,1742.0,34840.0
2021071105000103,KLBSL,13,35,10,1740.0,17400.0
2021071105000102,KLBSL,13,58,20,1740.0,34800.0
2021071105000101,KLBSL,13,57,50,1740.0,87000.0
2021071105000100,KLBSL,13,52,50,1740.0,87000.0
2021071105000099,KLBSL,13,58,30,1740.0,52200.0
2021071105000110,KLBSL,48,45,50,1745.0,87250.0
2021071105000109,KLBSL,17,45,50,1745.0,87250.0
2021071105000108,KLBSL,48,38,50,1744.0,87200.0
2021071105000107,KLBSL,13,16,100,1743.0,174300.0
2021071105000106,KLBSL,13,45,50,1743.0,87150.0
2021071105000105,KLBSL,13,17,250,1743.0,435750.0
2021071105000116,KLBSL,13,50,50,1750.0,87500.0
2021071105000115,KLBSL,13,13,40,1750.0,70000.0
2021071105000114,KLBSL,13,3,50,1750.0,87500.0
2021071105000113,KLBSL,57,42,50,1749.0,87450.0
2021071105000112,KLBSL,57,29,50,1749.0,87450.0
2021071105000111,KLBSL,53,45,50,1745.0,87250.0
2021071105000122,KLBSL,53,16,60,1754.0,105240.0
2021071105000121,KLBSL,57,38,11,1755.0,19305.0
2021071105000120,KLBSL,57,52,10,1751.0,17510.0
2021071105000119,KLBSL,13,52,60,1751.0,105060.0
2021071105000118,KLBSL,13,59,100,1751.0,175100.0
2021071105000117,KLBSL,13,35,50,1751.0,87550.0
2021071104020576,KPCL,48,5,100,440.0,44000.0
2021071104020469,KPCL,32,45,20,441.0,8820.0
2021071104020537,LEC,58,13,20,347.0,6940.0
2021071104020509,LEC,42,13,400,347.0,138800.0
2021071104020487,LEC,21,13,200,347.0,69400.0
2021071104020389,LEC,47,13,500,347.0,173500.0
2021071104020388,LEC,47,13,200,347.0,69400.0
2021071104020387,LEC,47,13,500,347.0,173500.0
2021071104020386,LEC,38,13,10,348.0,3480.0
2021071104020367,LEC,53,41,30,350.0,10500.0
2021071104020566,LGIL,22,17,50,800.0,40000.0
2021071104020421,MEN,39,49,10,874.0,8740.0
2021071104020299,MEN,39,40,20,877.0,17540.0
2021071104020384,MHNL,48,45,500,331.0,165500.0
2021071104020292,NEF,47,58,"20,494",14.3,293064.2
2021071104020291,NEF,40,58,"10,000",14.3,143000.0
2021071104020290,NEF,37,58,"8,506",14.3,121635.8
2021071104020289,NEF,17,58,"1,000",14.33,14330.0
2021071104020288,NEF,42,58,"10,000",14.35,143500.0
2021071104020533,NGPL,20,34,200,477.0,95400.0
2021071104020434,NGPL,20,13,75,477.0,35775.0
2021071104020261,NGPL,20,22,200,477.0,95400.0
2021071104020555,NHPC,43,34,"2,065",317.0,654605.0
2021071104020554,NHPC,43,34,100,317.0,31700.0
2021071104020553,NHPC,43,45,450,317.0,142650.0
2021071104020552,NHPC,43,46,400,317.0,126800.0
2021071104020551,NHPC,43,57,20,317.0,6340.0
2021071104020539,NHPC,45,57,30,317.0,9510.0
2021071104020293,NHPC,53,58,300,317.0,95100.0
2021071104020285,NHPC,56,58,100,317.0,31700.0
2021071104020496,NHPC,59,57,50,317.0,15850.0
2021071104020495,NHPC,59,5,50,317.0,15850.0
2021071104020361,NHPC,53,5,450,317.0,142650.0
2021071104020360,NHPC,53,58,50,317.0,15850.0
2021071104020359,NHPC,53,34,"1,000",317.0,317000.0
2021071104020316,NHPC,59,58,50,317.0,15850.0
2021071104020374,NIBLPF,29,22,"21,300",14.6,310980.0
2021071104020448,NIBSF1,59,44,"30,000",14.18,425400.0
2021071104020447,NIBSF1,17,44,"4,052",14.18,57457.36
2021071104020318,NIBSF1,16,44,566,14.19,8031.54
2021071104020274,NICBF,59,25,100,13.71,1371.0
2021071104020416,NICL,57,49,10,1038.0,10380.0
2021071104020397,NICL,43,17,200,1038.0,207600.0
2021071104020396,NICL,43,45,10,1037.0,10370.0
2021071104020395,NICL,43,18,35,1037.0,36295.0
2021071104020594,NIL,14,10,66,1381.0,91146.0
2021071104020593,NIL,25,10,34,1381.0,46954.0
2021071104020590,NIL,25,48,16,1381.0,22096.0
2021071104020497,NIL,14,51,100,1380.0,138000.0
2021071104020480,NIL,13,48,34,1381.0,46954.0
2021071104020452,NIL,14,45,150,1380.0,207000.0
2021071104020356,NIL,14,6,47,1380.0,64860.0
2021071104020355,NIL,14,25,200,1380.0,276000.0
2021071104020354,NIL,14,57,30,1380.0,41400.0
2021071104020340,NIL,50,53,50,1379.0,68950.0
2021071104020339,NIL,44,53,50,1379.0,68950.0
2021071104020484,NLG,44,28,30,1244.0,37320.0
2021071104020470,NLG,44,57,100,1244.0,124400.0
2021071104020456,NLG,44,58,100,1244.0,124400.0
2021071104020269,NLG,41,39,100,1240.0,124000.0
2021071104020236,NLG,26,40,100,1240.0,124000.0
2021071104020302,NLG,44,39,100,1240.0,124000.0
2021071104020301,NLG,26,39,300,1240.0,372000.0
2021071104020298,NLG,41,1,50,1236.0,61800.0
2021071104020297,NLG,59,1,100,1236.0,123600.0
2021071104020296,NLG,45,1,50,1237.0,61850.0
2021071104020546,OHL,43,58,186,685.0,127410.0
2021071104020545,OHL,39,58,100,685.0,68500.0
2021071104020544,OHL,28,58,100,685.0,68500.0
2021071104020543,OHL,59,58,10,685.0,6850.0
2021071104020542,OHL,54,58,20,685.0,13700.0
2021071104020541,OHL,58,58,134,686.0,91924.0
2021071104020379,OHL,58,38,166,686.0,113876.0
2021071104020378,OHL,22,38,209,686.0,143374.0
2021071104020550,PIC,16,53,25,1199.0,29975.0
2021071104020549,PIC,16,19,10,1199.0,11990.0
2021071104020548,PIC,16,53,315,1199.0,377685.0
2021071104020454,PICL,51,38,30,819.0,24570.0
2021071104020575,PMHPL,19,4,100,287.0,28700.0
2021071104020507,PMHPL,41,55,50,288.0,14400.0
2021071104020280,PMHPL,6,55,30,288.0,8640.0
2021071104020279,PMHPL,6,7,10,288.0,2880.0
2021071104020278,PMHPL,6,45,10,288.0,2880.0
2021071104020277,PMHPL,6,59,10,288.0,2880.0
2021071104020579,PRIN,34,16,81,959.0,77679.0
2021071104020578,PRIN,11,16,15,959.0,14385.0
2021071104020577,PRIN,39,16,20,959.0,19180.0
2021071104020400,PRIN,39,6,454,959.0,435386.0
2021071104020399,PRIN,39,38,500,959.0,479500.0
2021071104020337,PRIN,38,6,20,959.0,19180.0
2021071104020464,RADHI,57,21,100,753.0,75300.0
2021071104020463,RADHI,57,35,38,753.0,28614.0
2021071104020458,RADHI,26,35,37,753.0,27861.0
2021071104020457,RADHI,26,47,63,752.0,47376.0
2021071104020417,RADHI,49,47,37,752.0,27824.0
2021071104020338,RADHI,33,45,10,751.0,7510.0
2021071104020547,RHPC,44,58,500,534.0,267000.0
2021071104020536,RHPC,58,58,20,534.0,10680.0
2021071104020276,RHPC,42,20,20,535.0,10700.0
2021071104020597,RHPL,14,44,13,450.0,5850.0
2021071104020596,RHPL,14,17,17,450.0,7650.0
2021071104020595,RHPL,14,10,70,450.0,31500.0
2021071104020557,RHPL,48,10,30,450.0,13500.0
2021071104020556,RHPL,48,42,40,450.0,18000.0
2021071104020503,RHPL,6,42,10,450.0,4500.0
2021071104020502,RHPL,6,54,80,450.0,36000.0
2021071104020501,RHPL,6,49,40,450.0,18000.0
2021071104020500,RHPL,6,43,70,450.0,31500.0
2021071104020481,RHPL,34,43,100,450.0,45000.0
2021071104020294,RHPL,34,42,200,449.0,89800.0
2021071104020287,RRHP,39,33,100,377.0,37700.0
2021071104020472,SAEF,42,45,"1,000",16.74,16740.0
2021071104020530,SEF,6,54,"2,000",14.0,28000.0
2021071104020529,SEF,6,45,"1,000",14.0,14000.0
2021071104020528,SEF,6,32,"1,000",13.9,13900.0
2021071104020527,SEF,6,3,500,13.9,6950.0
2021071104020526,SEF,6,51,400,13.9,5560.0
2021071104020564,SGI,29,38,60,736.0,44160.0
2021071104020383,SHL,36,41,110,274.0,30140.0
2021071104020284,SHL,58,41,"1,000",274.0,274000.0
2021071104020592,SHPC,14,34,100,495.0,49500.0
2021071104020524,SHPC,34,34,300,495.0,148500.0
2021071104020257,SHPC,49,45,69,496.0,34224.0
2021071104020376,SIC,59,16,14,1370.0,19180.0
2021071104020375,SIC,45,16,36,1374.0,49464.0
2021071104020371,SIC,39,33,12,1375.0,16500.0
2021071104020235,SIC,39,33,14,1375.0,19250.0
2021071104020591,SICL,34,14,30,1989.0,59670.0
2021071104020402,SICL,34,57,20,1986.0,39720.0
2021071104020401,SICL,8,14,10,1989.0,19890.0
2021071104020275,SICL,53,14,20,1989.0,39780.0
2021071104020508,SJCL,17,42,250,427.0,106750.0
2021071104020522,SPDL,58,58,50,422.0,21100.0
2021071104020521,SPDL,58,38,220,421.0,92620.0
2021071104020520,SPDL,58,51,20,421.0,8420.0
2021071104020519,SPDL,58,1,10,421.0,4210.0
2021071104020415,SPDL,16,5,207,418.0,86526.0
2021071104020414,SPDL,14,5,75,419.0,31425.0
2021071104020413,SPDL,14,5,28,419.0,11732.0
2021071104020412,SPDL,54,5,190,420.0,79800.0
2021071104020286,SPDL,54,1,20,420.0,8400.0
2021071104020271,SPDL,54,32,90,420.0,37800.0
2021071104020420,SSHL,33,50,160,329.0,52640.0
2021071104020445,TRH,42,4,490,416.0,203840.0
2021071104020444,TRH,42,41,10,416.0,4160.0
2021071104020584,UIC,56,48,10,745.0,7450.0
2021071104020499,UIC,25,8,11,748.0,8228.0
2021071104020234,UIC,7,25,490,742.0,363580.0
2021071104020233,UIC,7,25,50,742.0,37100.0
2021071104020232,UIC,38,25,50,742.0,37100.0
2021071104020231,UIC,33,25,10,746.0,7460.0
2021071104020498,UMHL,32,21,200,372.0,74400.0
2021071104020492,UMHL,59,21,500,372.0,186000.0
2021071104020439,UMHL,40,49,134,371.0,49714.0
2021071104020438,UMHL,32,49,16,371.0,5936.0
2021071104020308,UMHL,32,52,74,371.0,27454.0
2021071104020258,UMRH,49,45,100,459.0,45900.0
2021071104020262,UNHPL,38,47,100,375.0,37500.0
2021071104020254,UNHPL,26,47,280,375.0,105000.0
2021071104020253,UNHPL,26,32,20,375.0,7500.0
2021071104020252,UNHPL,26,48,400,374.0,149600.0
2021071104020241,UNHPL,36,32,10,375.0,3750.0
2021071104020471,UPCL,47,46,10,300.0,3000.0
2021071104020451,UPCL,49,45,50,299.0,14950.0
2021071104020433,UPCL,54,46,860,300.0,258000.0
2021071104020432,UPCL,54,57,500,300.0,150000.0
2021071104020431,UPCL,54,5,500,300.0,150000.0
2021071104020240,UPCL,42,57,100,299.0,29900.0
2021071104020256,UPCL,49,11,100,299.0,29900.0
2021071104020255,UPCL,49,57,44,299.0,13156.0
2021071104020424,UPCL,54,57,250,300.0,75000.0
2021071104020423,UPCL,54,14,20,300.0,6000.0
2021071104020422,UPCL,54,42,25,300.0,7500.0
2021071104020430,UPCL,54,34,100,300.0,30000.0
2021071104020429,UPCL,54,36,25,300.0,7500.0
2021071104020428,UPCL,54,47,80,300.0,24000.0
2021071104020427,UPCL,54,57,500,300.0,150000.0
2021071104020426,UPCL,54,22,100,300.0,30000.0
2021071104020425,UPCL,54,43,40,300.0,12000.0
2021071104020589,UPPER,17,51,60,694.0,41640.0
2021071104020588,UPPER,17,34,50,694.0,34700.0
2021071104020587,UPPER,17,26,390,694.0,270660.0
2021071104020562,UPPER,57,26,100,694.0,69400.0
2021071104020532,UPPER,32,26,10,694.0,6940.0
2021071104020323,UPPER,29,17,200,694.0,138800.0
2021071104020322,UPPER,58,17,40,694.0,27760.0
2021071104020321,UPPER,43,17,50,694.0,34700.0
2021071104020320,UPPER,45,17,100,694.0,69400.0
2021071104020319,UPPER,48,17,870,694.0,603780.0
2021071104020303,UPPER,22,32,70,695.0,48650.0
2021071104020329,UPPER,17,17,70,693.0,48510.0
2021071104020328,UPPER,52,17,170,693.0,117810.0
2021071104020327,UPPER,14,17,100,693.0,69300.0
2021071104020326,UPPER,44,17,50,693.0,34650.0
2021071104020325,UPPER,55,17,28,693.0,19404.0
2021071104020324,UPPER,49,17,32,694.0,22208.0
2021071104020373,UPPER,46,5,100,694.0,69400.0
2021071104020368,UPPER,16,5,100,694.0,69400.0
2021071104020336,UPPER,6,32,20,695.0,13900.0
2021071104020332,UPPER,45,17,165,693.0,114345.0
2021071104020331,UPPER,46,17,25,693.0,17325.0
2021071104020330,UPPER,4,17,100,693.0,69300.0
2021071104020455,UPPER,45,45,53,693.0,36729.0
2021071104020450,UPPER,38,5,25,694.0,17350.0
2021071104020446,UPPER,57,5,100,694.0,69400.0
2021071104020418,UPPER,45,47,20,693.0,13860.0
2021071104020411,UPPER,43,5,50,694.0,34700.0
2021071104020385,UPPER,58,5,100,694.0,69400.0
2021071104020518,UPPER,49,19,138,693.0,95634.0
2021071104020517,UPPER,45,19,62,693.0,42966.0
2021071104020479,UPPER,57,5,50,694.0,34700.0
2021071104020468,UPPER,21,5,20,694.0,13880.0
2021071104020465,UPPER,46,5,10,694.0,6940.0
2021071104020211,AHPC,39,29,400,453.0,181200.0
2021071104020210,AHPC,32,29,100,455.0,45500.0
2021071104020209,AHPC,48,5,"1,500",459.0,688500.0
2021071104020184,AHPC,28,35,391,460.0,179860.0
2021071104020183,AHPC,28,6,109,460.0,50140.0
2021071104020177,AHPC,6,6,191,460.0,87860.0
2021071104019729,AHPC,6,44,200,460.0,92000.0
2021071104019728,AHPC,6,21,20,460.0,9200.0
2021071104019727,AHPC,6,26,325,460.0,149500.0
2021071104019726,AHPC,6,3,100,460.0,46000.0
2021071104019753,AHPC,21,32,200,454.0,90800.0
2021071104019752,AHPC,6,32,842,462.0,389004.0
2021071104019733,AHPC,6,35,122,461.0,56242.0
2021071104019732,AHPC,6,54,20,461.0,9220.0
2021071104019731,AHPC,6,1,10,460.0,4600.0
2021071104019730,AHPC,6,25,18,460.0,8280.0
2021071104019872,AHPC,52,32,"1,000",453.0,453000.0
2021071104019845,AHPC,28,58,468,451.0,211068.0
2021071104019844,AHPC,28,58,500,451.0,225500.0
2021071104019843,AHPC,42,58,32,451.0,14432.0
2021071104019782,AHPC,46,32,100,453.0,45300.0
2021071104019774,AHPC,39,32,"1,369",453.0,620157.0
2021071104019926,AHPC,36,53,611,460.0,281060.0
2021071104019925,AHPC,36,45,"2,500",460.0,1150000.0
2021071104019924,AHPC,36,32,889,453.0,402717.0
2021071104019921,AHPC,49,32,200,453.0,90600.0
2021071104019900,AHPC,57,32,300,453.0,135900.0
2021071104019881,AHPC,32,32,100,453.0,45300.0
2021071104020176,AHPC,6,28,20,460.0,9200.0
2021071104020175,AHPC,6,53,300,460.0,138000.0
2021071104020174,AHPC,6,57,100,460.0,46000.0
2021071104020173,AHPC,6,53,389,460.0,178940.0
2021071104020005,AHPC,28,44,50,451.0,22550.0
2021071104020004,AHPC,58,44,50,453.0,22650.0
2021071104020050,AIL,49,56,25,828.0,20700.0
2021071104020025,AIL,29,48,10,829.0,8290.0
2021071104020024,AIL,58,48,50,829.0,41450.0
2021071104019997,AIL,6,48,300,829.0,248700.0
2021071104019920,AIL,49,45,60,828.0,49680.0
2021071104019849,AIL,58,48,10,829.0,8290.0
2021071104020078,AKJCL,52,21,100,282.0,28200.0
2021071104020077,AKJCL,52,58,100,282.0,28200.0
2021071104020076,AKJCL,52,45,100,282.0,28200.0
2021071104020075,AKJCL,52,33,190,282.0,53580.0
2021071104020068,AKJCL,56,7,20,280.0,5600.0
2021071104019827,AKJCL,34,22,10,280.0,2800.0
2021071104019822,AKJCL,44,51,10,280.0,2800.0
2021071104019734,AKJCL,20,51,10,280.0,2800.0
2021071104020144,AKPL,21,33,20,456.0,9120.0
2021071104020143,AKPL,21,51,230,456.0,104880.0
2021071104020118,AKPL,50,51,10,456.0,4560.0
2021071104020103,AKPL,34,51,300,456.0,136800.0
2021071104020049,AKPL,34,51,129,455.0,58695.0
2021071104020048,AKPL,59,51,21,455.0,9555.0
2021071104019802,AKPL,28,37,50,457.0,22850.0
2021071104019792,AKPL,6,1,20,456.0,9120.0
2021071104020047,AKPL,20,51,50,455.0,22750.0
2021071104019870,AKPL,36,51,100,456.0,45600.0
2021071104019820,AKPL,36,51,50,456.0,22800.0
2021071104019819,AKPL,22,51,30,456.0,13680.0
2021071104019818,AKPL,6,51,280,456.0,127680.0
2021071104019817,AKPL,36,37,50,457.0,22850.0
2021071104020123,API,57,52,10,394.0,3940.0
2021071104020060,API,57,1,150,394.0,59100.0
2021071104020059,API,57,53,"1,000",394.0,394000.0
2021071104020058,API,57,16,200,394.0,78800.0
2021071104020057,API,57,21,100,394.0,39400.0
2021071104020056,API,57,22,110,394.0,43340.0
2021071104019868,API,35,58,350,393.0,137550.0
2021071104019864,API,14,58,100,393.0,39300.0
2021071104019860,API,49,58,150,393.0,58950.0
2021071104019847,API,13,58,80,393.0,31440.0
2021071104019759,API,45,58,50,393.0,19650.0
2021071104019743,API,42,58,50,393.0,19650.0
2021071104020055,API,57,28,100,394.0,39400.0
2021071104020054,API,57,58,360,394.0,141840.0
2021071104019957,API,47,47,500,393.0,196500.0
2021071104019956,API,47,1,85,393.0,33405.0
2021071104019927,API,33,1,15,393.0,5895.0
2021071104019869,API,35,34,150,393.0,58950.0
2021071104020053,BARUN,10,14,95,536.0,50920.0
2021071104020052,BARUN,51,14,65,538.0,34970.0
2021071104020051,BARUN,58,14,90,539.0,48510.0
2021071104020018,BARUN,43,58,700,540.0,378000.0
2021071104019861,BARUN,58,42,10,539.0,5390.0
2021071104019808,BARUN,58,25,500,539.0,269500.0
2021071104019807,BBC,49,34,10,5709.0,57090.0
2021071104020202,BPCL,26,49,100,509.0,50900.0
2021071104020061,BPCL,51,49,100,509.0,50900.0
2021071104019791,BPCL,29,49,250,509.0,127250.0
2021071104019777,BPCL,48,49,44,508.0,22352.0
2021071104019776,BPCL,34,49,100,508.0,50800.0
2021071104019775,BPCL,54,49,"1,856",508.0,942848.0
2021071104020026,BPCL,48,49,120,509.0,61080.0
2021071104020013,CGH,6,21,10,1536.0,15360.0
2021071104020220,CHCL,6,58,360,670.0,241200.0
2021071104020204,CHCL,10,42,50,669.0,33450.0
2021071104019975,CHCL,1,58,200,670.0,134000.0
2021071104019974,CHCL,20,58,500,670.0,335000.0
2021071104019973,CHCL,37,58,250,670.0,167500.0
2021071104019972,CHCL,58,58,100,670.0,67000.0
2021071104019959,CHCL,41,58,500,673.0,336500.0
2021071104019958,CHCL,49,58,250,673.0,168250.0
2021071104019862,CHCL,49,34,50,674.0,33700.0
2021071104019816,CHCL,20,34,530,674.0,357220.0
2021071104019810,CHCL,18,34,100,674.0,67400.0
2021071104019736,CHCL,41,58,500,675.0,337500.0
2021071104019965,CHCL,14,58,32,672.0,21504.0
2021071104019964,CHCL,58,58,500,672.0,336000.0
2021071104019963,CHCL,1,58,200,672.0,134400.0
2021071104019962,CHCL,48,58,100,672.0,67200.0
2021071104019961,CHCL,48,58,50,673.0,33650.0
2021071104019960,CHCL,37,58,250,673.0,168250.0
2021071104019971,CHCL,22,58,25,670.0,16750.0
2021071104019970,CHCL,57,58,100,670.0,67000.0
2021071104019969,CHCL,1,58,200,671.0,134200.0
2021071104019968,CHCL,47,58,50,671.0,33550.0
2021071104019967,CHCL,33,58,"1,400",671.0,939400.0
2021071104019966,CHCL,51,58,500,671.0,335500.0
2021071104020067,CHL,14,38,210,452.0,94920.0
2021071104020066,CHL,1,38,100,452.0,45200.0
2021071104020065,CHL,17,38,100,452.0,45200.0
2021071104020064,CHL,14,38,90,452.0,40680.0
2021071104020063,CHL,58,38,500,453.0,226500.0
2021071104019794,CHL,58,57,100,457.0,45700.0
2021071104019765,CHL,35,38,990,453.0,448470.0
2021071104020074,CMF1,42,42,"2,000",12.6,25200.0
2021071104020041,CMF2,22,14,300,13.15,3945.0
2021071104019985,DHPL,28,59,75,272.0,20400.0
2021071104019984,DHPL,28,48,25,272.0,6800.0
2021071104020034,EIC,38,57,10,766.0,7660.0
2021071104020225,GHL,13,18,125,295.0,36875.0
2021071104020224,GHL,13,54,40,295.0,11800.0
2021071104019846,GHL,34,49,500,294.0,147000.0
2021071104019874,GIC,58,45,20,701.0,14020.0
2021071104019873,GIC,58,39,10,701.0,7010.0
2021071104020124,GIC,5,22,10,701.0,7010.0
2021071104020117,GIC,58,51,10,701.0,7010.0
2021071104020116,GIC,58,49,10,701.0,7010.0
2021071104020115,GIC,58,49,10,701.0,7010.0
2021071104020114,GIC,58,45,90,701.0,63090.0
2021071104020079,GIC,10,45,90,701.0,63090.0
2021071104020127,GIC,5,5,50,701.0,35050.0
2021071104020126,GIC,5,45,200,701.0,140200.0
2021071104020125,GIC,5,13,50,701.0,35050.0
2021071104020198,GLH,46,33,25,370.0,9250.0
2021071104019756,GLH,46,22,10,370.0,3700.0
2021071104020207,HDHPC,42,33,70,288.0,20160.0
2021071104020189,HDHPC,42,13,500,288.0,144000.0
2021071104020188,HDHPC,42,49,80,288.0,23040.0
2021071104020187,HDHPC,42,45,375,288.0,108000.0
2021071104020100,HDHPC,49,45,70,288.0,20160.0
2021071104020029,HDHPC,49,45,10,288.0,2880.0
2021071104019805,HDHPC,32,14,10,287.0,2870.0
2021071104019762,HDHPC,39,45,79,288.0,22752.0
2021071104019761,HDHPC,39,29,150,288.0,43200.0
2021071104019760,HDHPC,39,17,21,288.0,6048.0
2021071104019758,HDHPC,21,32,10,286.0,2860.0
2021071104019755,HDHPC,56,17,15,288.0,4320.0
2021071104019905,HDHPC,42,49,100,288.0,28800.0
2021071104019904,HDHPC,42,11,200,288.0,57600.0
2021071104019903,HDHPC,42,47,20,288.0,5760.0
2021071104019902,HDHPC,42,45,"1,000",288.0,288000.0
2021071104019901,HDHPC,42,45,121,288.0,34848.0
2021071104019875,HDHPC,32,49,20,287.0,5740.0
2021071104019911,HDHPC,42,33,"1,000",288.0,288000.0
2021071104019910,HDHPC,42,49,100,288.0,28800.0
2021071104019909,HDHPC,42,38,200,288.0,57600.0
2021071104019908,HDHPC,42,22,100,288.0,28800.0
2021071104019907,HDHPC,42,45,700,288.0,201600.0
2021071104019906,HDHPC,42,56,200,288.0,57600.0
2021071104020010,HDHPC,32,14,100,287.0,28700.0
2021071104019916,HDHPC,42,45,45,288.0,12960.0
2021071104019915,HDHPC,42,40,100,288.0,28800.0
2021071104019914,HDHPC,42,32,500,288.0,144000.0
2021071104019913,HDHPC,42,48,400,288.0,115200.0
2021071104019912,HDHPC,42,21,100,288.0,28800.0
2021071104020040,HGI,17,20,79,788.0,62252.0
2021071104020033,HPPL,42,42,175,416.0,72800.0
2021071104020032,HPPL,42,41,10,416.0,4160.0
2021071104020031,HPPL,42,34,10,416.0,4160.0
2021071104020030,HPPL,42,54,305,416.0,126880.0
2021071104019931,HPPL,26,54,195,416.0,81120.0
2021071104019930,HPPL,26,38,10,416.0,4160.0
2021071104019929,HPPL,26,47,10,416.0,4160.0
2021071104019806,HPPL,34,38,45,415.0,18675.0
2021071104019896,HURJA,40,55,90,365.0,32850.0
2021071104019895,HURJA,40,21,200,364.0,72800.0
2021071104019894,HURJA,40,34,20,364.0,7280.0
2021071104019893,HURJA,40,43,100,364.0,36400.0
2021071104019892,HURJA,40,3,20,364.0,7280.0
2021071104019891,HURJA,40,39,60,363.0,21780.0
2021071104019796,HURJA,40,36,180,360.0,64800.0
2021071104019884,HURJA,40,17,100,362.0,36200.0
2021071104019883,HURJA,40,35,320,361.0,115520.0
2021071104019882,HURJA,40,6,30,361.0,10830.0
2021071104019799,HURJA,40,45,50,360.0,18000.0
2021071104019798,HURJA,40,45,50,360.0,18000.0
2021071104019797,HURJA,40,42,20,360.0,7200.0
2021071104019890,HURJA,40,38,50,362.0,18100.0
2021071104019889,HURJA,40,51,50,362.0,18100.0
2021071104019888,HURJA,40,55,150,362.0,54300.0
2021071104019887,HURJA,40,10,250,362.0,90500.0
2021071104019886,HURJA,40,41,10,362.0,3620.0
2021071104019885,HURJA,40,47,50,362.0,18100.0
2021071104019848,IGI,34,21,10,1226.0,12260.0
2021071104020086,JOSHI,42,58,40,292.0,11680.0
2021071104020082,JOSHI,57,58,200,292.0,58400.0
2021071104020081,JOSHI,51,58,30,293.0,8790.0
2021071104019866,JOSHI,45,52,15,291.0,4365.0
2021071104019865,JOSHI,50,52,285,292.0,83220.0
2021071104019781,JOSHI,50,57,65,292.0,18980.0
2021071104019749,JOSHI,48,57,35,292.0,10220.0
2021071104019748,JOSHI,20,57,100,292.0,29200.0
2021071104019747,JOSHI,44,57,200,292.0,58400.0
2021071104019745,JOSHI,14,58,25,294.0,7350.0
2021071104019744,JOSHI,14,7,75,294.0,22050.0
2021071104019993,KKHC,45,41,200,279.0,55800.0
2021071104019941,KKHC,6,46,11,284.0,3124.0
2021071104019940,KKHC,6,44,80,281.0,22480.0
2021071104019939,KKHC,6,51,50,280.0,14000.0
2021071104019938,KKHC,6,58,30,280.0,8400.0
2021071104019937,KKHC,6,13,100,280.0,28000.0
2021071104019936,KKHC,6,17,10,280.0,2800.0
2021071104019935,KKHC,6,17,10,280.0,2800.0
2021071104019934,KKHC,6,38,16,280.0,4480.0
2021071104019933,KKHC,6,51,20,280.0,5600.0
2021071104019932,KKHC,6,56,23,280.0,6440.0
2021071104020045,LEC,53,5,15,350.0,5250.0
2021071104020044,LEC,53,45,150,350.0,52500.0
2021071104020043,LEC,53,35,10,349.0,3490.0
2021071104020028,LEC,38,35,10,348.0,3480.0
2021071104019942,LEMF,55,58,200,14.45,2890.0
2021071104020137,LGIL,58,49,15,797.0,11955.0
2021071104020096,LGIL,34,17,10,800.0,8000.0
2021071104020095,LGIL,34,59,10,799.0,7990.0
2021071104020094,LGIL,34,3,40,799.0,31960.0
2021071104020219,MEN,1,21,10,875.0,8750.0
2021071104020218,MEN,1,57,10,860.0,8600.0
2021071104019813,MEN,10,22,10,858.0,8580.0
2021071104020012,MHNL,51,58,15,330.0,4950.0
2021071104020011,MHNL,51,58,30,330.0,9900.0
2021071104020122,NGPL,20,22,751,477.0,358227.0
2021071104020121,NGPL,28,22,199,477.0,94923.0
2021071104020120,NGPL,44,22,50,478.0,23900.0
2021071104020221,NHPC,43,46,400,316.0,126400.0
2021071104020206,NHPC,25,58,195,317.0,61815.0
2021071104020129,NHPC,16,58,80,317.0,25360.0
2021071104020102,NHPC,33,58,55,317.0,17435.0
2021071104020101,NHPC,33,39,945,317.0,299565.0
2021071104020009,NHPC,37,39,10,317.0,3170.0
2021071104019825,NHPC,22,42,100,316.0,31600.0
2021071104019824,NHPC,56,42,338,316.0,106808.0
2021071104019809,NHPC,56,45,200,316.0,63200.0
2021071104019773,NHPC,16,39,25,317.0,7925.0
2021071104019766,NHPC,37,39,10,317.0,3170.0
2021071104019945,NHPC,57,37,100,315.0,31500.0
2021071104019944,NHPC,57,37,300,315.0,94500.0
2021071104019928,NHPC,16,41,25,316.0,7900.0
2021071104019898,NHPC,53,41,190,316.0,60040.0
2021071104019897,NHPC,53,42,190,316.0,60040.0
2021071104019880,NHPC,58,42,10,316.0,3160.0
2021071104019951,NHPC,16,37,100,315.0,31500.0
2021071104019950,NHPC,13,37,300,315.0,94500.0
2021071104019949,NHPC,16,37,25,315.0,7875.0
2021071104019948,NHPC,16,37,25,315.0,7875.0
2021071104019947,NHPC,16,37,25,315.0,7875.0
2021071104019946,NHPC,58,37,100,315.0,31500.0
2021071104019982,NHPC,43,53,180,316.0,56880.0
2021071104019981,NHPC,43,28,100,316.0,31600.0
2021071104019980,NHPC,43,35,"1,000",316.0,316000.0
2021071104019979,NHPC,43,41,285,316.0,90060.0
2021071104019953,NHPC,22,37,25,315.0,7875.0
2021071104019952,NHPC,8,37,"2,000",315.0,630000.0
2021071104020147,NIBLPF,42,22,"1,000",14.6,14600.0
2021071104020146,NIBLPF,16,22,100,14.6,1460.0
2021071104020203,NIBSF1,52,44,"5,000",14.21,71050.0
2021071104019772,NIBSF1,16,44,"4,434",14.19,62918.46
2021071104019771,NIBSF1,25,44,666,14.2,9457.2
2021071104019770,NIBSF1,33,44,"3,000",14.21,42630.0
2021071104019769,NIBSF1,17,44,"1,500",14.24,21360.0
2021071104019768,NIBSF1,26,44,400,14.25,5700.0
2021071104019793,NICBF,59,34,100,13.6,1360.0
2021071104020145,NICL,32,18,30,1037.0,31110.0
2021071104020142,NICL,32,38,20,1037.0,20740.0
2021071104020070,NICL,56,38,80,1037.0,82960.0
2021071104020046,NICL,56,34,40,1037.0,41480.0
2021071104020015,NICL,4,42,100,1034.0,103400.0
2021071104020006,NICL,4,58,20,1034.0,20680.0
2021071104019992,NICL,35,34,100,1037.0,103700.0
2021071104019836,NICL,53,42,50,1035.0,51750.0
2021071104019780,NICL,3,34,"1,860",1037.0,1928820.0
2021071104019779,NICL,3,49,334,1036.0,346024.0
2021071104019778,NICL,3,34,806,1036.0,835016.0
2021071104020181,NIL,44,41,150,1379.0,206850.0
2021071104020088,NLG,26,32,40,1240.0,49600.0
2021071104020087,NLG,26,40,57,1240.0,70680.0
2021071104020039,NLG,45,40,18,1240.0,22320.0
2021071104020038,NLG,45,57,50,1239.0,61950.0
2021071104020023,NLG,40,58,90,1236.0,111240.0
2021071104020022,NLG,49,58,10,1239.0,12390.0
2021071104019986,NLG,11,40,125,1240.0,155000.0
2021071104019835,NLG,26,40,300,1240.0,372000.0
2021071104019834,NLG,26,33,100,1239.0,123900.0
2021071104020171,OHL,22,48,291,686.0,199626.0
2021071104020170,OHL,3,48,40,686.0,27440.0
2021071104020169,OHL,42,48,20,686.0,13720.0
2021071104020168,OHL,42,48,100,686.0,68600.0
2021071104020167,OHL,25,48,100,686.0,68600.0
2021071104020166,OHL,46,48,25,687.0,17175.0
2021071104019978,OHL,36,32,125,690.0,86250.0
2021071104019955,OHL,44,32,20,690.0,13800.0
2021071104019954,OHL,44,58,480,690.0,331200.0
2021071104020165,OHL,25,48,44,687.0,30228.0
2021071104020164,OHL,22,48,50,687.0,34350.0
2021071104020163,OHL,25,48,300,689.0,206700.0
2021071104020162,OHL,46,48,30,689.0,20670.0
2021071104019998,PICL,52,42,106,820.0,86920.0
2021071104019943,PICL,22,42,50,820.0,41000.0
2021071104020090,PMHPL,6,55,100,287.0,28700.0
2021071104020007,PMHPL,6,33,40,287.0,11480.0
2021071104019833,PRIN,52,6,108,959.0,103572.0
2021071104019832,PRIN,22,6,89,959.0,85351.0
2021071104020186,RADHI,51,45,40,753.0,30120.0
2021071104020155,RADHI,19,50,45,754.0,33930.0
2021071104020084,RADHI,44,33,100,755.0,75500.0
2021071104020002,RADHI,42,33,60,755.0,45300.0
2021071104020001,RADHI,42,57,50,755.0,37750.0
2021071104020000,RADHI,42,14,10,755.0,7550.0
2021071104019785,RADHI,42,14,129,753.0,97137.0
2021071104019784,RADHI,52,14,19,753.0,14307.0
2021071104019783,RADHI,49,14,188,754.0,141752.0
2021071104019764,RADHI,57,50,100,755.0,75500.0
2021071104019999,RADHI,42,50,480,755.0,362400.0
2021071104019790,RADHI,22,14,16,750.0,12000.0
2021071104019789,RADHI,22,14,100,750.0,75000.0
2021071104019788,RADHI,17,14,50,750.0,37500.0
2021071104019787,RADHI,58,14,20,750.0,15000.0
2021071104019786,RADHI,26,14,478,752.0,359456.0
2021071104020172,RHPC,28,20,100,535.0,53500.0
2021071104020133,RHPC,34,20,80,535.0,42800.0
2021071104020132,RHPC,39,20,50,535.0,26750.0
2021071104020131,RHPC,14,20,10,535.0,5350.0
2021071104019977,RHPC,42,58,470,536.0,251920.0
2021071104019976,RHPC,42,49,30,535.0,16050.0
2021071104020180,RHPL,48,43,130,450.0,58500.0
2021071104020179,RHPL,48,43,70,450.0,31500.0
2021071104020085,RHPL,16,43,500,450.0,225000.0
2021071104019919,RHPL,8,43,460,450.0,207000.0
2021071104019918,RHPL,8,49,40,449.0,17960.0
2021071104019871,RHPL,26,43,50,450.0,22500.0
2021071104019735,RHPL,52,43,100,450.0,45000.0
2021071104019859,RRHP,1,33,600,377.0,226200.0
2021071104019858,RRHP,45,33,100,377.0,37700.0
2021071104019857,RRHP,42,33,100,377.0,37700.0
2021071104019856,RRHP,36,33,100,377.0,37700.0
2021071104019855,RRHP,8,33,50,377.0,18850.0
2021071104019854,RRHP,41,33,500,377.0,188500.0
2021071104019853,RRHP,8,33,50,377.0,18850.0
2021071104019852,RRHP,26,33,70,377.0,26390.0
2021071104019842,RRHP,58,48,100,378.0,37800.0
2021071104019763,RRHP,16,48,500,378.0,189000.0
2021071104020008,SGI,51,38,20,736.0,14720.0
2021071104019878,SGI,51,42,30,736.0,22080.0
2021071104019876,SGI,1,35,10,735.0,7350.0
2021071104019867,SGI,58,42,70,736.0,51520.0
2021071104019801,SGI,22,42,10,736.0,7360.0
2021071104019751,SGI,6,7,10,735.0,7350.0
2021071104020197,SHL,49,13,150,271.0,40650.0
2021071104020196,SHL,1,13,250,271.0,67750.0
2021071104020195,SHL,51,13,100,271.0,27100.0
2021071104020194,SHL,57,13,100,271.0,27100.0
2021071104020193,SHL,48,13,100,272.0,27200.0
2021071104020192,SHL,57,13,500,272.0,136000.0
2021071104019850,SHL,57,26,200,273.0,54600.0
2021071104019815,SHL,57,58,120,273.0,32760.0
2021071104019814,SHL,25,58,100,274.0,27400.0
2021071104020191,SHL,32,13,500,272.0,136000.0
2021071104020190,SHL,55,13,500,273.0,136500.0
2021071104019990,SHL,32,26,500,272.0,136000.0
2021071104019989,SHL,34,26,100,272.0,27200.0
2021071104019988,SHL,49,26,100,272.0,27200.0
2021071104019987,SHL,43,26,100,272.0,27200.0
2021071104020185,SHPC,49,5,21,495.0,10395.0
2021071104020159,SHPC,21,5,50,495.0,24750.0
2021071104020158,SHPC,51,5,50,495.0,24750.0
2021071104020157,SHPC,29,5,30,495.0,14850.0
2021071104020156,SHPC,21,5,50,496.0,24800.0
2021071104019923,SHPC,34,45,200,495.0,99000.0
2021071104019922,SHPC,49,45,800,496.0,396800.0
2021071104019821,SHPC,39,3,200,495.0,99000.0
2021071104020099,SHPC,34,41,80,496.0,39680.0
2021071104020098,SHPC,34,36,200,496.0,99200.0
2021071104020097,SHPC,34,51,370,496.0,183520.0
2021071104020016,SHPC,34,45,50,495.0,24750.0
2021071104020140,SHPC,29,45,270,495.0,133650.0
2021071104020139,SHPC,22,45,50,495.0,24750.0
2021071104020138,SHPC,1,45,180,496.0,89280.0
2021071104020128,SHPC,1,41,120,496.0,59520.0
2021071104019983,SIC,39,49,24,1375.0,33000.0
2021071104019831,SIC,45,49,26,1375.0,35750.0
2021071104019830,SIC,45,48,24,1375.0,33000.0
2021071104019754,SIC,58,48,10,1375.0,13750.0
2021071104020134,SICL,41,45,50,1990.0,99500.0
2021071104019841,SIGS2,6,58,"2,600",13.8,35880.0
2021071104019840,SIGS2,6,58,"6,400",13.8,88320.0
2021071104019839,SIGS2,25,58,"10,000",13.81,138100.0
2021071104019838,SIGS2,26,58,"1,000",13.81,13810.0
2021071104019837,SIGS2,45,58,"30,000",13.84,415200.0
2021071104019742,SIL,34,58,100,1074.0,107400.0
2021071104019741,SIL,34,32,20,1074.0,21480.0
2021071104019740,SIL,34,11,50,1073.0,53650.0
2021071104019739,SIL,34,45,20,1068.0,21360.0
2021071104019738,SIL,34,11,10,1067.0,10670.0
2021071104020199,SJCL,17,21,20,428.0,8560.0
2021071104020178,SJCL,57,26,20,426.0,8520.0
2021071104019991,SJCL,8,54,30,425.0,12750.0
2021071104019750,SJCL,8,58,20,425.0,8500.0
2021071104019737,SJCL,8,14,10,425.0,4250.0
2021071104020080,SPDL,49,32,30,420.0,12600.0
2021071104019899,SPDL,14,1,10,419.0,4190.0
2021071104019757,SPDL,46,32,100,420.0,42000.0
2021071104020119,SSHL,33,35,100,328.0,32800.0
2021071104020069,SSHL,48,50,50,329.0,16450.0
2021071104020042,SSHL,33,21,50,328.0,16400.0
2021071104020201,STC,43,57,10,9920.0,99200.0
2021071104020200,STC,26,57,10,9950.0,99500.0
2021071104020216,TRH,57,57,50,415.0,20750.0
2021071104020215,TRH,57,53,50,415.0,20750.0
2021071104020214,TRH,57,50,150,415.0,62250.0
2021071104020213,TRH,57,16,50,415.0,20750.0
2021071104020212,TRH,57,38,50,414.0,20700.0
2021071104020073,TRH,57,16,50,415.0,20750.0
2021071104020072,TRH,57,51,50,415.0,20750.0
2021071104020071,TRH,57,17,100,414.0,41400.0
2021071104019879,TRH,21,35,40,412.0,16480.0
2021071104020208,UIC,26,8,50,748.0,37400.0
2021071104019800,UIC,33,48,40,746.0,29840.0
2021071104020222,UMHL,32,7,100,371.0,37100.0
2021071104019795,UMHL,58,21,100,373.0,37300.0
2021071104019746,UMHL,45,21,729,373.0,271917.0
2021071104019995,UMHL,38,21,300,372.0,111600.0
2021071104019994,UMHL,11,21,370,372.0,137640.0
2021071104019851,UMHL,57,21,200,373.0,74600.0
2021071104020089,UMHL,43,21,50,372.0,18600.0
2021071104019996,UMHL,21,21,50,372.0,18600.0
2021071104020136,UMHL,43,21,80,372.0,29760.0
2021071104020113,UMHL,14,21,100,372.0,37200.0
2021071104020035,UNHPL,34,32,10,375.0,3750.0
2021071104020017,UNHPL,34,32,10,375.0,3750.0
2021071104019828,UNHPL,56,32,10,375.0,3750.0
2021071104019823,UNHPL,34,32,40,375.0,15000.0
2021071104020217,UPCL,58,57,116,299.0,34684.0
2021071104020154,UPCL,42,57,240,299.0,71760.0
2021071104020153,UPCL,42,47,60,299.0,17940.0
2021071104020152,UPCL,57,32,98,297.0,29106.0
2021071104020151,UPCL,25,32,73,297.0,21681.0
2021071104020150,UPCL,45,32,200,298.0,59600.0
2021071104019917,UPCL,53,14,10,298.0,2980.0
2021071104019877,UPCL,19,32,"1,000",299.0,299000.0
2021071104019829,UPCL,53,14,10,298.0,2980.0
2021071104019826,UPCL,22,32,"1,000",299.0,299000.0
2021071104020149,UPCL,32,32,100,298.0,29800.0
2021071104020148,UPCL,53,32,79,298.0,23542.0
2021071104020130,UPCL,53,58,50,298.0,14900.0
2021071104020223,UPPER,21,32,100,695.0,69500.0
2021071104020205,UPPER,48,5,130,694.0,90220.0
2021071104020182,UPPER,45,5,25,694.0,17350.0
2021071104020161,UPPER,48,5,10,694.0,6940.0
2021071104020160,UPPER,36,5,50,694.0,34700.0
2021071104020141,UPPER,50,5,145,694.0,100630.0
2021071104019812,UPPER,35,33,100,694.0,69400.0
2021071104019811,UPPER,35,45,20,694.0,13880.0
2021071104019804,UPPER,14,45,20,694.0,13880.0
2021071104019803,UPPER,41,56,100,694.0,69400.0
2021071104019767,UPPER,45,56,29,694.0,20126.0
2021071104020021,UPPER,17,55,40,694.0,27760.0
2021071104020020,UPPER,17,52,20,694.0,13880.0
2021071104020019,UPPER,35,52,30,694.0,20820.0
2021071104020014,UPPER,33,17,20,695.0,13900.0
2021071104020003,UPPER,36,17,200,695.0,139000.0
2021071104019863,UPPER,35,52,100,694.0,69400.0
2021071104020091,UPPER,17,41,420,694.0,291480.0
2021071104020083,UPPER,42,32,20,695.0,13900.0
2021071104020062,UPPER,17,45,20,694.0,13880.0
2021071104020037,UPPER,17,32,20,695.0,13900.0
2021071104020036,UPPER,17,17,680,695.0,472600.0
2021071104020027,UPPER,45,17,100,695.0,69500.0
2021071104020107,UPPER,25,5,100,694.0,69400.0
2021071104020106,UPPER,58,5,20,694.0,13880.0
2021071104020105,UPPER,42,5,100,694.0,69400.0
2021071104020104,UPPER,40,5,20,694.0,13880.0
2021071104020093,UPPER,40,41,80,694.0,55520.0
2021071104020092,UPPER,33,41,500,694.0,347000.0
2021071104020135,UPPER,45,5,20,694.0,13880.0
2021071104020112,UPPER,43,5,50,694.0,34700.0
2021071104020111,UPPER,8,5,200,694.0,138800.0
2021071104020110,UPPER,7,5,140,694.0,97160.0
2021071104020109,UPPER,13,5,250,694.0,173500.0
2021071104020108,UPPER,38,5,50,694.0,34700.0
2021071104019725,AHPC,6,33,49,460.0,22540.0
2021071104019724,AHPC,6,55,800,459.0,367200.0
2021071104019723,AHPC,6,5,"1,000",457.0,457000.0
2021071104019722,AHPC,6,35,250,456.0,114000.0
2021071104019721,AHPC,6,42,10,455.0,4550.0
2021071104019720,AHPC,6,47,115,455.0,52325.0
2021071104019230,AHPC,21,17,10,452.0,4520.0
2021071104019444,AHPC,4,44,300,453.0,135900.0
2021071104019443,AHPC,4,22,100,453.0,45300.0
2021071104019442,AHPC,4,6,"1,000",453.0,453000.0
2021071104019441,AHPC,4,47,500,453.0,226500.0
2021071104019440,AHPC,4,45,100,452.0,45200.0
2021071104019439,AHPC,4,17,65,452.0,29380.0
2021071104019450,AHPC,4,45,20,453.0,9060.0
2021071104019449,AHPC,4,44,500,453.0,226500.0
2021071104019448,AHPC,4,21,50,453.0,22650.0
2021071104019447,AHPC,4,26,100,453.0,45300.0
2021071104019446,AHPC,4,28,200,453.0,90600.0
2021071104019445,AHPC,4,36,"1,000",453.0,453000.0
2021071104019641,AHPC,45,6,90,454.0,40860.0
2021071104019609,AHPC,4,6,10,454.0,4540.0
2021071104019454,AHPC,4,57,50,453.0,22650.0
2021071104019453,AHPC,4,21,200,453.0,90600.0
2021071104019452,AHPC,4,20,55,453.0,24915.0
2021071104019451,AHPC,4,58,50,453.0,22650.0
2021071104019647,AHPC,45,13,101,454.0,45854.0
2021071104019646,AHPC,45,48,500,454.0,227000.0
2021071104019645,AHPC,45,37,100,454.0,45400.0
2021071104019644,AHPC,45,7,80,454.0,36320.0
2021071104019643,AHPC,45,29,28,454.0,12712.0
2021071104019642,AHPC,45,56,50,454.0,22700.0
2021071104019713,AHPC,6,18,500,453.0,226500.0
2021071104019698,AHPC,35,38,171,454.0,77634.0
2021071104019697,AHPC,35,13,99,454.0,44946.0
2021071104019654,AHPC,35,20,"3,730",453.0,1689690.0
2021071104019653,AHPC,4,20,10,453.0,4530.0
2021071104019648,AHPC,45,13,51,454.0,23154.0
2021071104019719,AHPC,6,32,30,455.0,13650.0
2021071104019718,AHPC,6,44,250,455.0,113750.0
2021071104019717,AHPC,6,20,50,455.0,22750.0
2021071104019716,AHPC,6,52,200,455.0,91000.0
2021071104019715,AHPC,6,57,60,454.0,27240.0
2021071104019714,AHPC,6,38,29,454.0,13166.0
2021071104019628,AIL,49,22,10,828.0,8280.0
2021071104019513,AIL,29,48,40,829.0,33160.0
2021071104019408,AIL,54,48,40,829.0,33160.0
2021071104019407,AIL,54,45,10,829.0,8290.0
2021071104019406,AIL,54,51,10,829.0,8290.0
2021071104019405,AIL,54,21,10,829.0,8290.0
2021071104019404,AIL,54,10,30,829.0,24870.0
2021071104019244,AIL,41,10,20,829.0,16580.0
2021071104019675,AKJCL,28,51,100,280.0,28000.0
2021071104019668,AKJCL,49,51,500,280.0,140000.0
2021071104019667,AKJCL,48,51,10,280.0,2800.0
2021071104019558,AKJCL,35,33,10,282.0,2820.0
2021071104019556,AKJCL,4,21,10,281.0,2810.0
2021071104019355,AKJCL,44,21,10,281.0,2810.0
2021071104019354,AKJCL,44,41,10,281.0,2810.0
2021071104019680,AKPL,45,43,100,456.0,45600.0
2021071104019471,AKPL,46,37,229,457.0,104653.0
2021071104019470,AKPL,46,49,21,456.0,9576.0
2021071104019416,AKPL,17,49,10,456.0,4560.0
2021071104019342,AKPL,58,49,219,456.0,99864.0
2021071104019341,AKPL,21,49,250,456.0,114000.0
2021071104019338,AKPL,42,41,50,456.0,22800.0
2021071104019693,API,36,58,50,393.0,19650.0
2021071104019650,API,36,58,50,393.0,19650.0
2021071104019605,API,49,58,100,393.0,39300.0
2021071104019604,API,54,58,20,393.0,7860.0
2021071104019430,API,21,39,355,392.0,139160.0
2021071104019429,API,21,39,80,392.0,31360.0
2021071104019292,API,5,28,200,393.0,78600.0
2021071104019291,API,5,57,10,393.0,3930.0
2021071104019290,API,5,16,"1,000",393.0,393000.0
2021071104019289,API,5,43,498,393.0,195714.0
2021071104019428,API,35,39,50,393.0,19650.0
2021071104019427,API,5,39,315,393.0,123795.0
2021071104019296,API,5,45,54,393.0,21222.0
2021071104019295,API,5,58,"1,000",393.0,393000.0
2021071104019294,API,5,49,50,393.0,19650.0
2021071104019293,API,5,43,100,393.0,39300.0
2021071104019640,BARUN,51,49,300,538.0,161400.0
2021071104019603,BARUN,51,25,10,538.0,5380.0
2021071104019602,BARUN,51,13,25,538.0,13450.0
2021071104019601,BARUN,51,42,100,538.0,53800.0
2021071104019555,BARUN,10,59,10,536.0,5360.0
2021071104019546,BARUN,10,38,900,536.0,482400.0
2021071104019413,BARUN,58,38,100,531.0,53100.0
2021071104019533,BARUN,10,35,450,534.0,240300.0
2021071104019532,BARUN,10,57,10,533.0,5330.0
2021071104019531,BARUN,10,57,11,533.0,5863.0
2021071104019530,BARUN,10,20,540,533.0,287820.0
2021071104019477,BARUN,22,20,460,533.0,245180.0
2021071104019476,BARUN,22,57,40,532.0,21280.0
2021071104019539,BARUN,10,17,100,535.0,53500.0
2021071104019538,BARUN,10,17,10,535.0,5350.0
2021071104019537,BARUN,10,19,"1,000",534.0,534000.0
2021071104019536,BARUN,10,20,100,534.0,53400.0
2021071104019535,BARUN,10,45,200,534.0,106800.0
2021071104019534,BARUN,10,21,50,534.0,26700.0
2021071104019545,BARUN,10,39,50,536.0,26800.0
2021071104019544,BARUN,10,57,300,536.0,160800.0
2021071104019543,BARUN,10,4,10,535.0,5350.0
2021071104019542,BARUN,10,17,500,535.0,267500.0
2021071104019541,BARUN,10,36,300,535.0,160500.0
2021071104019540,BARUN,10,57,50,535.0,26750.0
2021071104019678,BBC,49,43,10,5708.0,57080.0
2021071104019431,BBC,1,43,10,5707.0,57070.0
2021071104019689,BPCL,46,49,25,509.0,12725.0
2021071104019587,BPCL,54,53,100,508.0,50800.0
2021071104019550,BPCL,54,43,19,508.0,9652.0
2021071104019549,BPCL,54,49,25,507.0,12675.0
2021071104019483,BPCL,1,49,100,507.0,50700.0
2021071104019466,BPCL,57,49,10,507.0,5070.0
2021071104019245,BPCL,45,43,324,508.0,164592.0
2021071104019231,BPCL,33,49,100,509.0,50900.0
2021071104019229,BPCL,41,49,100,509.0,50900.0
2021071104019251,BPCL,58,43,30,508.0,15240.0
2021071104019250,BPCL,38,43,15,508.0,7620.0
2021071104019249,BPCL,16,43,50,508.0,25400.0
2021071104019248,BPCL,53,43,100,508.0,50800.0
2021071104019247,BPCL,51,43,190,508.0,96520.0
2021071104019246,BPCL,32,43,100,508.0,50800.0
2021071104019257,BPCL,58,43,100,508.0,50800.0
2021071104019256,BPCL,45,43,100,508.0,50800.0
2021071104019255,BPCL,42,43,40,508.0,20320.0
2021071104019254,BPCL,48,43,50,508.0,25400.0
2021071104019253,BPCL,19,43,125,508.0,63500.0
2021071104019252,BPCL,58,43,200,508.0,101600.0
2021071104019302,BPCL,16,49,100,507.0,50700.0
2021071104019301,BPCL,48,49,"1,356",507.0,687492.0
2021071104019282,BPCL,41,43,50,508.0,25400.0
2021071104019271,BPCL,33,43,500,508.0,254000.0
2021071104019259,BPCL,38,43,100,508.0,50800.0
2021071104019258,BPCL,46,43,25,508.0,12700.0
2021071104019308,BPCL,50,49,100,507.0,50700.0
2021071104019307,BPCL,52,49,10,507.0,5070.0
2021071104019306,BPCL,17,49,150,507.0,76050.0
2021071104019305,BPCL,51,49,190,507.0,96330.0
2021071104019304,BPCL,28,49,500,507.0,253500.0
2021071104019303,BPCL,6,49,50,507.0,25350.0
2021071104019314,BPCL,49,49,459,507.0,232713.0
2021071104019313,BPCL,22,49,500,507.0,253500.0
2021071104019312,BPCL,41,49,100,507.0,50700.0
2021071104019311,BPCL,47,49,100,507.0,50700.0
2021071104019310,BPCL,34,49,100,507.0,50700.0
2021071104019309,BPCL,14,49,50,507.0,25350.0
2021071104019403,BPCL,26,49,50,507.0,25350.0
2021071104019322,BPCL,50,49,500,507.0,253500.0
2021071104019316,BPCL,16,49,50,507.0,25350.0
2021071104019315,BPCL,6,49,500,507.0,253500.0
2021071104019674,CGH,21,22,10,1534.0,15340.0
2021071104019614,CGH,26,14,25,1534.0,38350.0
2021071104019613,CGH,26,14,30,1534.0,46020.0
2021071104019612,CGH,58,14,40,1534.0,61360.0
2021071104019611,CGH,34,14,20,1535.0,30700.0
2021071104019610,CGH,22,14,25,1536.0,38400.0
2021071104019548,CGH,22,46,15,1536.0,23040.0
2021071104019324,CGH,22,58,10,1536.0,15360.0
2021071104019669,CHCL,59,58,100,675.0,67500.0
2021071104019553,CHCL,33,58,500,675.0,337500.0
2021071104019475,CHCL,50,58,30,675.0,20250.0
2021071104019394,CHCL,33,58,500,675.0,337500.0
2021071104019281,CHCL,33,58,500,675.0,337500.0
2021071104019551,CHL,44,54,200,458.0,91600.0
2021071104019514,CHL,35,38,10,453.0,4530.0
2021071104019261,CHL,14,38,10,452.0,4520.0
2021071104019561,DHPL,28,21,100,271.0,27100.0
2021071104019461,DHPL,41,16,25,271.0,6775.0
2021071104019460,DHPL,41,58,25,271.0,6775.0
2021071104019401,DHPL,38,58,25,271.0,6775.0
2021071104019457,EIC,34,58,100,760.0,76000.0
2021071104019456,EIC,42,58,76,761.0,57836.0
2021071104019455,EIC,17,58,150,762.0,114300.0
2021071104019353,EIC,38,58,10,766.0,7660.0
2021071104019352,EIC,28,58,140,766.0,107240.0
2021071104019318,EIC,42,40,100,767.0,76700.0
2021071104019287,EIC,28,51,280,766.0,214480.0
2021071104019275,GHL,34,18,100,294.0,29400.0
2021071104019700,GIC,10,22,10,700.0,7000.0
2021071104019462,GIC,45,6,10,700.0,7000.0
2021071104019670,GLH,34,22,20,371.0,7420.0
2021071104019478,GLH,46,33,10,370.0,3700.0
2021071104019690,HDHPC,37,17,10,288.0,2880.0
2021071104019629,HDHPC,21,58,250,286.0,71500.0
2021071104019600,HDHPC,39,17,54,288.0,15552.0
2021071104019599,HDHPC,39,51,100,288.0,28800.0
2021071104019598,HDHPC,39,42,196,288.0,56448.0
2021071104019597,HDHPC,39,56,150,287.0,43050.0
2021071104019372,HDHPC,10,46,745,287.0,213815.0
2021071104019286,HDHPC,56,46,100,287.0,28700.0
2021071104019278,HDHPC,44,46,55,287.0,15785.0
2021071104019277,HDHPC,44,45,10,286.0,2860.0
2021071104019276,HDHPC,44,6,35,286.0,10010.0
2021071104019378,HDHPC,10,16,100,288.0,28800.0
2021071104019377,HDHPC,10,13,500,288.0,144000.0
2021071104019376,HDHPC,10,52,30,288.0,8640.0
2021071104019375,HDHPC,10,22,200,288.0,57600.0
2021071104019374,HDHPC,10,34,90,287.0,25830.0
2021071104019373,HDHPC,10,28,801,287.0,229887.0
2021071104019384,HDHPC,10,50,35,288.0,10080.0
2021071104019383,HDHPC,10,56,200,288.0,57600.0
2021071104019382,HDHPC,10,20,450,288.0,129600.0
2021071104019381,HDHPC,10,21,500,288.0,144000.0
2021071104019380,HDHPC,10,14,205,288.0,59040.0
2021071104019379,HDHPC,10,7,120,288.0,34560.0
2021071104019390,HDHPC,10,51,10,288.0,2880.0
2021071104019389,HDHPC,10,57,10,288.0,2880.0
2021071104019388,HDHPC,10,51,100,288.0,28800.0
2021071104019387,HDHPC,10,47,"1,000",288.0,288000.0
2021071104019386,HDHPC,10,57,"1,000",288.0,288000.0
2021071104019385,HDHPC,10,20,500,288.0,144000.0
2021071104019458,HDHPC,8,56,80,287.0,22960.0
2021071104019426,HDHPC,28,56,20,287.0,5740.0
2021071104019425,HDHPC,28,51,10,286.0,2860.0
2021071104019393,HDHPC,10,42,704,288.0,202752.0
2021071104019392,HDHPC,10,42,200,288.0,57600.0
2021071104019391,HDHPC,10,26,"2,000",288.0,576000.0
2021071104019237,HGI,1,20,56,788.0,44128.0
2021071104019236,HGI,1,22,44,787.0,34628.0
2021071104019576,HPPL,34,43,150,415.0,62250.0
2021071104019552,HPPL,20,43,10,415.0,4150.0
2021071104019481,HPPL,34,14,170,412.0,70040.0
2021071104019423,HPPL,34,45,10,412.0,4120.0
2021071104019343,HPPL,26,43,60,415.0,24900.0
2021071104019317,IGI,54,19,40,1221.0,48840.0
2021071104019464,IGI,54,38,30,1221.0,36630.0
2021071104019619,IGI,28,21,39,1226.0,47814.0
2021071104019618,IGI,28,40,50,1225.0,61250.0
2021071104019617,IGI,28,57,11,1225.0,13475.0
2021071104019660,IGI,54,50,50,1221.0,61050.0
2021071104019702,JOSHI,57,16,95,292.0,27740.0
2021071104019687,JOSHI,38,14,20,293.0,5860.0
2021071104019686,JOSHI,38,49,20,293.0,5860.0
2021071104019402,JOSHI,57,43,100,292.0,29200.0
2021071104019432,KKHC,45,26,16,279.0,4464.0
2021071104019396,KKHC,35,56,27,280.0,7560.0
2021071104019395,KKHC,35,4,223,280.0,62440.0
2021071104019333,KPCL,51,34,10,440.0,4400.0
2021071104019332,KPCL,51,34,10,440.0,4400.0
2021071104019331,KPCL,51,6,10,440.0,4400.0
2021071104019330,KPCL,51,14,10,440.0,4400.0
2021071104019329,KPCL,51,58,10,440.0,4400.0
2021071104019337,KPCL,51,42,10,440.0,4400.0
2021071104019336,KPCL,51,7,10,440.0,4400.0
2021071104019335,KPCL,51,41,10,440.0,4400.0
2021071104019334,KPCL,51,47,300,440.0,132000.0
2021071104019649,LEMF,28,43,"14,700",14.41,211827.0
2021071104019573,LEMF,55,43,"5,000",14.41,72050.0
2021071104019572,LEMF,55,43,"5,000",14.41,72050.0
2021071104019571,LEMF,55,43,"5,000",14.41,72050.0
2021071104019570,LEMF,55,43,"5,000",14.41,72050.0
2021071104019569,LEMF,55,43,300,14.41,4323.0
2021071104019568,LEMF,55,43,"5,000",14.45,72250.0
2021071104019567,LEMF,55,43,"5,000",14.45,72250.0
2021071104019566,LEMF,55,43,"5,000",14.45,72250.0
2021071104019692,LGIL,28,57,100,798.0,79800.0
2021071104019691,LGIL,28,57,110,798.0,87780.0
2021071104019688,LGIL,4,57,100,796.0,79600.0
2021071104019463,LGIL,41,10,50,796.0,39800.0
2021071104019274,NGPL,42,22,300,478.0,143400.0
2021071104019270,NGPL,44,32,150,479.0,71850.0
2021071104019519,NHDL,14,48,10,456.0,4560.0
2021071104019243,NHDL,14,48,10,448.0,4480.0
2021071104019242,NHDL,14,1,10,440.0,4400.0
2021071104019241,NHDL,14,58,20,440.0,8800.0
2021071104019240,NHDL,14,48,10,440.0,4400.0
2021071104019239,NHDL,14,44,120,440.0,52800.0
2021071104019238,NHDL,14,49,715,440.0,314600.0
2021071104019710,NHPC,56,35,702,316.0,221832.0
2021071104019709,NHPC,43,35,"1,298",316.0,410168.0
2021071104019685,NHPC,16,39,10,317.0,3170.0
2021071104019684,NHPC,16,38,15,317.0,4755.0
2021071104019679,NHPC,29,38,225,317.0,71325.0
2021071104019596,NHPC,43,40,300,316.0,94800.0
2021071104019234,NHPC,43,21,20,316.0,6320.0
2021071104019233,NHPC,43,51,50,316.0,15800.0
2021071104019232,NHPC,43,58,"3,232",316.0,1021312.0
2021071104019480,NHPC,49,38,130,317.0,41210.0
2021071104019359,NHPC,10,38,110,317.0,34870.0
2021071104019357,NHPC,34,38,20,317.0,6340.0
2021071104019356,NHPC,34,5,280,317.0,88760.0
2021071104019349,NHPC,44,5,80,317.0,25360.0
2021071104019235,NHPC,43,34,100,316.0,31600.0
2021071104019683,NICL,34,34,350,1036.0,362600.0
2021071104019682,NICL,34,55,20,1035.0,20700.0
2021071104019681,NICL,38,55,50,1035.0,51750.0
2021071104019606,NICL,39,34,500,1036.0,518000.0
2021071104019579,NICL,38,43,50,1035.0,51750.0
2021071104019346,NICL,34,34,244,1036.0,252784.0
2021071104019265,NICL,19,34,100,1036.0,103600.0
2021071104019264,NICL,19,57,100,1035.0,103500.0
2021071104019263,NICL,19,22,50,1035.0,51750.0
2021071104019615,NIL,58,11,10,1379.0,13790.0
2021071104019564,NIL,13,57,120,1380.0,165600.0
2021071104019503,NIL,14,36,476,1378.0,655928.0
2021071104019502,NIL,49,36,50,1378.0,68900.0
2021071104019501,NIL,57,36,205,1378.0,282490.0
2021071104019500,NIL,45,36,50,1379.0,68950.0
2021071104019499,NIL,33,36,219,1379.0,302001.0
2021071104019412,NIL,33,20,31,1379.0,42749.0
2021071104019411,NIL,6,20,50,1379.0,68950.0
2021071104019410,NIL,6,20,100,1379.0,137900.0
2021071104019409,NIL,6,20,19,1379.0,26201.0
2021071104019347,NIL,47,57,50,1380.0,69000.0
2021071104019398,NLG,20,28,50,1234.0,61700.0
2021071104019397,NLG,16,28,50,1234.0,61700.0
2021071104019659,OHL,44,58,500,690.0,345000.0
2021071104019361,OHL,36,55,110,688.0,75680.0
2021071104019360,OHL,25,55,40,689.0,27560.0
2021071104019673,PICL,52,35,50,819.0,40950.0
2021071104019672,PICL,52,22,30,819.0,24570.0
2021071104019671,PICL,52,52,24,819.0,19656.0
2021071104019608,PICL,3,52,30,819.0,24570.0
2021071104019345,PMHPL,44,59,90,288.0,25920.0
2021071104019344,PMHPL,44,48,10,288.0,2880.0
2021071104019560,PRIN,22,21,11,959.0,10549.0
2021071104019521,PRIN,49,21,89,959.0,85351.0
2021071104019520,PRIN,49,42,11,959.0,10549.0
2021071104019708,RADHI,57,50,100,755.0,75500.0
2021071104019563,RADHI,49,6,97,754.0,73138.0
2021071104019467,RADHI,51,6,25,754.0,18850.0
2021071104019438,RADHI,58,6,100,754.0,75400.0
2021071104019437,RADHI,8,6,15,754.0,11310.0
2021071104019436,RADHI,5,6,10,754.0,7540.0
2021071104019435,RADHI,57,6,200,754.0,150800.0
2021071104019434,RADHI,6,6,25,754.0,18850.0
2021071104019433,RADHI,57,6,28,754.0,21112.0
2021071104019339,RADHI,41,50,10,755.0,7550.0
2021071104019262,RADHI,42,50,50,755.0,37750.0
2021071104019658,RHPL,11,43,500,450.0,225000.0
2021071104019657,RHPL,42,43,30,450.0,13500.0
2021071104019656,RHPL,51,43,200,450.0,90000.0
2021071104019655,RHPL,56,43,90,450.0,40500.0
2021071104019622,RHPL,56,6,10,450.0,4500.0
2021071104019621,RHPL,25,6,40,450.0,18000.0
2021071104019498,RHPL,32,45,100,451.0,45100.0
2021071104019415,RHPL,25,58,60,450.0,27000.0
2021071104019414,RHPL,36,58,10,451.0,4510.0
2021071104019358,RHPL,36,33,50,451.0,22550.0
2021071104019526,RHPL,28,44,200,452.0,90400.0
2021071104019525,RHPL,28,3,30,452.0,13560.0
2021071104019524,RHPL,28,42,20,452.0,9040.0
2021071104019523,RHPL,28,14,50,452.0,22600.0
2021071104019522,RHPL,28,44,250,452.0,113000.0
2021071104019512,RHPL,32,44,200,451.0,90200.0
2021071104019586,RHPL,28,40,400,452.0,180800.0
2021071104019585,RHPL,28,1,500,451.0,225500.0
2021071104019584,RHPL,28,38,100,451.0,45100.0
2021071104019565,RHPL,32,38,200,451.0,90200.0
2021071104019528,RHPL,28,40,380,452.0,171760.0
2021071104019527,RHPL,28,14,70,452.0,31640.0
2021071104019370,SFMF,40,34,"3,724",15.88,59137.12
2021071104019369,SFMF,40,34,"1,357",15.88,21549.16
2021071104019368,SFMF,59,34,619,15.9,9842.1
2021071104019279,SFMF,59,34,"1,881",15.9,29907.9
2021071104019559,SHL,45,1,"1,000",274.0,274000.0
2021071104019624,SHPC,39,51,130,496.0,64480.0
2021071104019623,SHPC,39,59,70,496.0,34720.0
2021071104019288,SHPC,51,3,170,496.0,84320.0
2021071104019260,SHPC,22,3,20,496.0,9920.0
2021071104019418,SHPC,59,3,50,495.0,24750.0
2021071104019417,SHPC,45,3,50,495.0,24750.0
2021071104019351,SHPC,45,42,150,495.0,74250.0
2021071104019350,SHPC,11,42,450,495.0,222750.0
2021071104019348,SHPC,41,3,100,496.0,49600.0
2021071104019340,SHPC,11,42,50,495.0,24750.0
2021071104019422,SHPC,25,3,150,495.0,74250.0
2021071104019421,SHPC,35,3,"1,000",495.0,495000.0
2021071104019420,SHPC,58,3,150,495.0,74250.0
2021071104019419,SHPC,45,3,400,495.0,198000.0
2021071104019557,SHPC,47,59,200,496.0,99200.0
2021071104019518,SHPC,57,59,230,496.0,114080.0
2021071104019517,SHPC,57,42,25,495.0,12375.0
2021071104019516,SHPC,57,3,245,495.0,121275.0
2021071104019616,SIC,45,49,64,1374.0,87936.0
2021071104019529,SIC,45,43,46,1370.0,63020.0
2021071104019515,SIC,52,43,54,1370.0,73980.0
2021071104019479,SIC,42,49,20,1374.0,27480.0
2021071104019399,SIC,52,54,12,1370.0,16440.0
2021071104019371,SIC,52,44,20,1370.0,27400.0
2021071104019266,SIC,52,44,14,1370.0,19180.0
2021071104019554,SICL,21,45,50,1990.0,99500.0
2021071104019280,SICL,11,11,20,1988.0,39760.0
2021071104019677,SJCL,8,6,30,425.0,12750.0
2021071104019676,SJCL,42,6,10,426.0,4260.0
2021071104019666,SJCL,17,35,20,427.0,8540.0
2021071104019665,SJCL,17,51,10,427.0,4270.0
2021071104019664,SJCL,17,58,40,427.0,17080.0
2021071104019663,SJCL,17,45,20,427.0,8540.0
2021071104019491,SJCL,4,34,10,426.0,4260.0
2021071104019490,SJCL,4,25,10,426.0,4260.0
2021071104019489,SJCL,4,36,15,426.0,6390.0
2021071104019424,SJCL,8,49,10,425.0,4250.0
2021071104019273,SJCL,4,36,25,426.0,10650.0
2021071104019272,SJCL,4,50,75,426.0,31950.0
2021071104019662,SJCL,17,4,30,427.0,12810.0
2021071104019661,SJCL,17,26,10,427.0,4270.0
2021071104019495,SJCL,4,26,30,427.0,12810.0
2021071104019494,SJCL,4,20,25,427.0,10675.0
2021071104019493,SJCL,4,14,40,426.0,17040.0
2021071104019492,SJCL,4,22,20,426.0,8520.0
2021071104019595,SPDL,17,32,250,420.0,105000.0
2021071104019594,SPDL,42,32,500,420.0,210000.0
2021071104019593,SPDL,43,32,500,420.0,210000.0
2021071104019592,SPDL,41,32,100,420.0,42000.0
2021071104019591,SPDL,46,32,"1,000",420.0,420000.0
2021071104019590,SPDL,36,32,700,420.0,294000.0
2021071104019300,SPDL,40,36,45,421.0,18945.0
2021071104019589,SPDL,14,32,100,420.0,42000.0
2021071104019588,SPDL,49,32,630,420.0,264600.0
2021071104019496,SPDL,21,58,50,422.0,21100.0
2021071104019474,SPDL,49,40,135,420.0,56700.0
2021071104019473,SPDL,47,40,100,421.0,42100.0
2021071104019472,SPDL,40,40,65,421.0,27365.0
2021071104019484,SSHL,58,50,50,329.0,16450.0
2021071104019319,SSHL,33,34,650,328.0,213200.0
2021071104019284,SSHL,48,50,400,329.0,131600.0
2021071104019283,SSHL,48,50,100,329.0,32900.0
2021071104019468,STC,11,43,16,9950.0,159200.0
2021071104019707,TRH,42,35,60,412.0,24720.0
2021071104019706,TRH,42,56,440,412.0,181280.0
2021071104019328,TRH,42,56,560,412.0,230720.0
2021071104019327,TRH,42,11,20,412.0,8240.0
2021071104019326,TRH,42,17,30,411.0,12330.0
2021071104019325,TRH,42,43,390,411.0,160290.0
2021071104019299,UIC,39,48,100,747.0,74700.0
2021071104019298,UIC,39,55,20,747.0,14940.0
2021071104019297,UIC,39,4,50,746.0,37300.0
2021071104019269,UIC,26,4,50,746.0,37300.0
2021071104019268,UIC,26,25,10,746.0,7460.0
2021071104019267,UIC,26,48,40,746.0,29840.0
2021071104019696,UMHL,45,55,271,373.0,101083.0
2021071104019583,UMHL,19,55,479,373.0,178667.0
2021071104019582,UMHL,19,10,500,373.0,186500.0
2021071104019581,UMHL,19,38,21,373.0,7833.0
2021071104019321,UMHL,11,17,30,372.0,11160.0
2021071104019488,UMHL,55,38,79,373.0,29467.0
2021071104019487,UMHL,55,44,71,373.0,26483.0
2021071104019580,UMHL,11,33,500,372.0,186000.0
2021071104019562,UMHL,11,47,100,372.0,37200.0
2021071104019364,UMRH,41,34,100,462.0,46200.0
2021071104019363,UMRH,55,34,"1,000",463.0,463000.0
2021071104019362,UMRH,44,34,30,464.0,13920.0
2021071104019469,UMRH,34,34,100,461.0,46100.0
2021071104019400,UMRH,56,34,95,461.0,43795.0
2021071104019367,UMRH,44,34,40,461.0,18440.0
2021071104019366,UMRH,4,34,100,461.0,46100.0
2021071104019365,UMRH,57,34,300,461.0,138300.0
2021071104019695,UNHPL,59,56,100,374.0,37400.0
2021071104019694,UNHPL,21,56,100,374.0,37400.0
2021071104019547,UNHPL,21,14,100,374.0,37400.0
2021071104019577,UPCL,26,32,100,299.0,29900.0
2021071104019510,UPCL,53,5,351,298.0,104598.0
2021071104019509,UPCL,17,5,200,298.0,59600.0
2021071104019508,UPCL,58,5,501,298.0,149298.0
2021071104019507,UPCL,36,5,100,298.0,29800.0
2021071104019227,UPCL,55,50,500,299.0,149500.0
2021071104019226,UPCL,13,50,200,299.0,59800.0
2021071104019506,UPCL,33,5,300,298.0,89400.0
2021071104019505,UPCL,26,5,300,298.0,89400.0
2021071104019504,UPCL,38,5,248,298.0,73904.0
2021071104019482,UPCL,38,50,32,298.0,9536.0
2021071104019228,UPCL,21,50,500,299.0,149500.0
2021071104019712,UPPER,32,56,50,694.0,34700.0
2021071104019711,UPPER,32,22,50,694.0,34700.0
2021071104019705,UPPER,34,56,19,694.0,13186.0
2021071104019704,UPPER,34,39,10,694.0,6940.0
2021071104019703,UPPER,34,57,71,694.0,49274.0
2021071104019701,UPPER,42,57,10,694.0,6940.0
2021071104019320,UPPER,1,54,60,694.0,41640.0
2021071104019285,UPPER,57,54,50,694.0,34700.0
2021071104019323,UPPER,7,54,70,694.0,48580.0
2021071104019459,UPPER,48,54,50,694.0,34700.0
2021071104019574,UPPER,59,38,619,693.0,428967.0
2021071104019511,UPPER,46,54,100,694.0,69400.0
2021071104019497,UPPER,59,45,50,693.0,34650.0
2021071104019486,UPPER,47,54,10,694.0,6940.0
2021071104019485,UPPER,59,21,15,693.0,10395.0
2021071104019465,UPPER,59,38,50,693.0,34650.0
2021071104019607,UPPER,51,54,50,694.0,34700.0
2021071104019578,UPPER,34,54,50,694.0,34700.0
2021071104019575,UPPER,1,38,181,693.0,125433.0
2021071104019631,UPPER,21,39,60,693.0,41580.0
2021071104019630,UPPER,1,39,819,693.0,567567.0
2021071104019627,UPPER,56,57,35,694.0,24290.0
2021071104019626,UPPER,56,54,665,694.0,461510.0
2021071104019625,UPPER,56,1,300,694.0,208200.0
2021071104019620,UPPER,56,54,130,694.0,90220.0
2021071104019637,UPPER,58,39,200,693.0,138600.0
2021071104019636,UPPER,4,39,57,693.0,39501.0
2021071104019635,UPPER,14,39,48,693.0,33264.0
2021071104019634,UPPER,57,39,40,693.0,27720.0
2021071104019633,UPPER,52,39,60,693.0,41580.0
2021071104019632,UPPER,57,39,500,693.0,346500.0
2021071104019699,UPPER,32,57,50,694.0,34700.0
2021071104019652,UPPER,36,57,34,694.0,23596.0
2021071104019651,UPPER,36,39,66,693.0,45738.0
2021071104019639,UPPER,42,39,100,693.0,69300.0
2021071104019638,UPPER,32,39,50,693.0,34650.0
2021071104019123,AHPC,18,17,500,452.0,226000.0
2021071104018987,AHPC,42,5,100,451.0,45100.0
2021071104018922,AHPC,42,35,68,451.0,30668.0
2021071104018921,AHPC,46,35,32,451.0,14432.0
2021071104018896,AHPC,46,18,68,451.0,30668.0
2021071104018895,AHPC,45,18,300,451.0,135300.0
2021071104018894,AHPC,38,18,20,451.0,9020.0
2021071104018893,AHPC,3,18,112,451.0,50512.0
2021071104018887,AHPC,26,17,125,452.0,56500.0
2021071104018886,AHPC,26,44,175,452.0,79100.0
2021071104018885,AHPC,26,14,100,452.0,45200.0
2021071104019027,AIL,54,39,10,828.0,8280.0
2021071104019026,AIL,54,44,10,828.0,8280.0
2021071104019025,AIL,54,48,10,828.0,8280.0
2021071104019217,AKJCL,44,58,10,280.0,2800.0
2021071104019216,AKJCL,44,17,20,280.0,5600.0
2021071104019215,AKJCL,44,14,20,280.0,5600.0
2021071104019214,AKJCL,44,14,30,280.0,8400.0
2021071104018748,AKJCL,1,14,20,280.0,5600.0
2021071104019209,AKPL,42,6,50,456.0,22800.0
2021071104019208,AKPL,58,6,50,456.0,22800.0
2021071104019197,AKPL,50,37,10,457.0,4570.0
2021071104019174,AKPL,58,45,50,456.0,22800.0
2021071104019173,AKPL,50,45,50,456.0,22800.0
2021071104019172,AKPL,50,40,100,456.0,45600.0
2021071104018981,AKPL,38,17,19,457.0,8683.0
2021071104018980,AKPL,38,57,56,457.0,25592.0
2021071104018950,AKPL,45,43,50,456.0,22800.0
2021071104018917,AKPL,50,57,10,457.0,4570.0
2021071104018902,AKPL,45,45,13,456.0,5928.0
2021071104018746,AKPL,45,49,398,456.0,181488.0
2021071104019023,AKPL,59,37,585,457.0,267345.0
2021071104019022,AKPL,59,39,65,457.0,29705.0
2021071104018986,AKPL,54,39,100,457.0,45700.0
2021071104018985,AKPL,50,39,10,457.0,4570.0
2021071104018983,AKPL,38,39,825,457.0,377025.0
2021071104018982,AKPL,38,43,100,457.0,45700.0
2021071104019171,AKPL,36,40,200,456.0,91200.0
2021071104019135,AKPL,50,37,10,457.0,4570.0
2021071104019134,AKPL,25,37,50,457.0,22850.0
2021071104019097,AKPL,45,21,19,456.0,8664.0
2021071104019096,AKPL,50,37,10,457.0,4570.0
2021071104019024,AKPL,45,47,20,456.0,9120.0
2021071104019212,API,48,43,15,393.0,5895.0
2021071104019211,API,34,43,200,393.0,78600.0
2021071104019159,API,21,52,100,392.0,39200.0
2021071104019122,API,21,36,20,392.0,7840.0
2021071104019121,API,17,36,80,392.0,31360.0
2021071104019103,API,17,40,70,392.0,27440.0
2021071104018984,API,56,34,50,393.0,19650.0
2021071104018973,API,33,34,500,393.0,196500.0
2021071104018965,API,32,34,87,393.0,34191.0
2021071104018964,API,32,6,33,393.0,12969.0
2021071104018963,API,32,17,10,393.0,3930.0
2021071104018892,API,49,17,40,393.0,15720.0
2021071104019059,API,35,43,37,393.0,14541.0
2021071104019058,API,35,34,63,393.0,24759.0
2021071104019015,API,48,34,300,393.0,117900.0
2021071104019003,API,10,34,"2,000",393.0,786000.0
2021071104018989,API,58,6,20,392.0,7840.0
2021071104018988,API,21,6,180,392.0,70560.0
2021071104019102,API,28,40,100,392.0,39200.0
2021071104019101,API,46,40,100,392.0,39200.0
2021071104019100,API,55,40,30,392.0,11760.0
2021071104019089,API,21,43,250,393.0,98250.0
2021071104019080,API,55,28,70,392.0,27440.0
2021071104019079,API,58,28,30,392.0,11760.0
2021071104019107,BARUN,56,5,300,530.0,159000.0
2021071104019087,BARUN,56,49,100,530.0,53000.0
2021071104019086,BARUN,56,4,150,530.0,79500.0
2021071104019085,BARUN,56,41,50,530.0,26500.0
2021071104019084,BARUN,56,19,790,530.0,418700.0
2021071104019083,BARUN,56,34,300,529.0,158700.0
2021071104019082,BARUN,56,7,42,529.0,22218.0
2021071104019018,BARUN,42,28,200,528.0,105600.0
2021071104019187,BPCL,45,57,13,508.0,6604.0
2021071104019138,BPCL,45,56,163,508.0,82804.0
2021071104019137,BPCL,34,56,37,508.0,18796.0
2021071104019014,BPCL,7,49,200,509.0,101800.0
2021071104019011,BPCL,34,35,13,508.0,6604.0
2021071104018930,BPCL,45,57,100,508.0,50800.0
2021071104018843,BPCL,13,49,100,509.0,50900.0
2021071104019095,CGH,34,14,100,1536.0,153600.0
2021071104019094,CGH,22,14,50,1537.0,76850.0
2021071104019093,CGH,26,14,10,1540.0,15400.0
2021071104018750,CGH,29,5,11,1549.0,17039.0
2021071104019178,CHCL,49,45,50,673.0,33650.0
2021071104019177,CHCL,22,45,50,673.0,33650.0
2021071104018936,CHCL,32,49,50,674.0,33700.0
2021071104019193,CHL,40,55,300,457.0,137100.0
2021071104019050,CHL,14,38,10,452.0,4520.0
2021071104019030,CHL,52,38,40,457.0,18280.0
2021071104019029,CHL,38,38,50,457.0,22850.0
2021071104019028,CHL,50,38,10,457.0,4570.0
2021071104019224,DHPL,39,51,10,270.0,2700.0
2021071104019223,DHPL,39,43,11,270.0,2970.0
2021071104019222,DHPL,39,58,10,270.0,2700.0
2021071104019221,DHPL,39,43,11,270.0,2970.0
2021071104019220,DHPL,39,25,50,270.0,13500.0
2021071104019090,EIC,28,57,80,762.0,60960.0
2021071104018977,EIC,29,57,26,762.0,19812.0
2021071104018976,EIC,10,57,30,762.0,22860.0
2021071104018975,EIC,54,57,44,762.0,33528.0
2021071104018974,EIC,41,57,20,763.0,15260.0
2021071104018926,EIC,5,32,380,766.0,291080.0
2021071104018925,EIC,5,35,100,766.0,76600.0
2021071104018888,EIC,56,34,50,764.0,38200.0
2021071104019188,GHL,6,54,50,295.0,14750.0
2021071104018747,GHL,34,57,45,294.0,13230.0
2021071104019201,GIC,45,41,100,700.0,70000.0
2021071104019119,GIC,45,51,10,700.0,7000.0
2021071104019118,GIC,45,49,10,700.0,7000.0
2021071104019117,GIC,45,34,11,700.0,7700.0
2021071104018761,GIC,17,49,10,699.0,6990.0
2021071104019021,GIC,52,21,80,699.0,55920.0
2021071104018932,GIC,17,57,10,699.0,6990.0
2021071104018924,GIC,33,37,50,700.0,35000.0
2021071104019116,GIC,45,58,10,700.0,7000.0
2021071104019115,GIC,45,37,40,700.0,28000.0
2021071104019060,GIC,45,21,220,699.0,153780.0
2021071104019045,GIC,3,11,10,698.0,6980.0
2021071104019192,GIMES1,17,44,"8,000",19.75,158000.0
2021071104019114,GIMES1,47,44,"4,800",19.85,95280.0
2021071104018951,GLH,45,57,70,371.0,25970.0
2021071104018874,GLH,46,50,80,370.0,29600.0
2021071104019131,HDHPC,49,6,20,286.0,5720.0
2021071104019040,HDHPC,6,6,10,286.0,2860.0
2021071104019039,HDHPC,47,6,435,286.0,124410.0
2021071104018972,HDHPC,40,46,100,287.0,28700.0
2021071104018971,HDHPC,40,59,200,287.0,57400.0
2021071104018967,HDHPC,47,29,15,286.0,4290.0
2021071104018966,HDHPC,47,22,50,286.0,14300.0
2021071104019205,HGI,5,57,50,786.0,39300.0
2021071104019204,HGI,5,58,35,786.0,27510.0
2021071104019104,HGI,17,58,360,786.0,282960.0
2021071104018873,HGI,1,20,15,788.0,11820.0
2021071104018872,HGI,1,59,15,788.0,11820.0
2021071104019126,HPPL,17,43,80,415.0,33200.0
2021071104019125,HPPL,17,8,10,415.0,4150.0
2021071104019124,HPPL,17,50,10,415.0,4150.0
2021071104018758,HPPL,58,57,10,415.0,4150.0
2021071104018757,HPPL,58,58,10,415.0,4150.0
2021071104018756,HPPL,58,41,20,415.0,8300.0
2021071104018755,HPPL,58,41,20,414.0,8280.0
2021071104018754,HPPL,58,22,10,414.0,4140.0
2021071104018753,HPPL,58,13,20,414.0,8280.0
2021071104018752,HPPL,58,7,10,414.0,4140.0
2021071104019111,HURJA,18,22,20,355.0,7100.0
2021071104019130,IGI,57,42,283,1220.0,345260.0
2021071104018763,IGI,33,42,100,1222.0,122200.0
2021071104018762,IGI,59,42,30,1222.0,36660.0
2021071104019063,IGI,40,42,14,1221.0,17094.0
2021071104019062,IGI,35,42,100,1221.0,122100.0
2021071104019061,IGI,16,42,370,1222.0,452140.0
2021071104019048,IGI,16,42,370,1222.0,452140.0
2021071104019069,IGI,45,42,15,1220.0,18300.0
2021071104019068,IGI,50,42,50,1220.0,61000.0
2021071104019067,IGI,34,42,819,1220.0,999180.0
2021071104019066,IGI,45,42,50,1221.0,61050.0
2021071104019065,IGI,45,42,50,1221.0,61050.0
2021071104019064,IGI,42,42,100,1221.0,122100.0
2021071104019072,IGI,57,42,32,1220.0,39040.0
2021071104019071,IGI,7,42,150,1220.0,183000.0
2021071104019070,IGI,57,42,50,1220.0,61000.0
2021071104018844,JOSHI,58,7,10,294.0,2940.0
2021071104019120,KKHC,58,4,50,280.0,14000.0
2021071104018751,KKHC,22,4,90,280.0,25200.0
2021071104019190,KPCL,49,42,10,439.0,4390.0
2021071104018927,KPCL,57,17,10,439.0,4390.0
2021071104019149,LEC,57,32,113,346.0,39098.0
2021071104019148,LEC,41,32,50,346.0,17300.0
2021071104019147,LEC,21,32,80,346.0,27680.0
2021071104019146,LEC,5,32,200,346.0,69200.0
2021071104019145,LEC,39,32,50,346.0,17300.0
2021071104019144,LEC,43,32,100,346.0,34600.0
2021071104018897,LEC,41,45,50,350.0,17500.0
2021071104018868,LEC,45,50,10,348.0,3480.0
2021071104019143,LEC,57,32,161,347.0,55867.0
2021071104019142,LEC,34,32,90,347.0,31230.0
2021071104019141,LEC,33,32,100,348.0,34800.0
2021071104019140,LEC,34,32,38,348.0,13224.0
2021071104019139,LEC,45,32,18,348.0,6264.0
2021071104018978,LEC,45,50,10,348.0,3480.0
2021071104019033,LEMF,28,4,"2,000",14.45,28900.0
2021071104018958,LGIL,41,3,50,799.0,39950.0
2021071104018745,MEN,38,41,10,875.0,8750.0
2021071104019017,MHNL,57,17,50,330.0,16500.0
2021071104019016,MHNL,57,17,140,330.0,46200.0
2021071104018749,MHNL,54,17,10,330.0,3300.0
2021071104019112,NBF2,50,42,100,14.13,1413.0
2021071104018867,NEF,37,58,"23,630",14.3,337909.0
2021071104018866,NEF,16,58,"5,000",14.31,71550.0
2021071104018865,NEF,38,58,370,14.4,5328.0
2021071104018864,NEF,58,58,"1,000",14.5,14500.0
2021071104018994,NGPL,49,33,10,480.0,4800.0
2021071104018993,NGPL,49,58,100,480.0,48000.0
2021071104018962,NGPL,50,22,60,478.0,28680.0
2021071104018961,NGPL,32,22,100,478.0,47800.0
2021071104018960,NGPL,11,22,43,478.0,20554.0
2021071104018908,NGPL,37,58,100,480.0,48000.0
2021071104018846,NGPL,34,58,500,480.0,240000.0
2021071104018769,NGPL,53,22,100,479.0,47900.0
2021071104018916,NHDL,14,49,25,440.0,11000.0
2021071104018915,NHDL,14,57,250,439.0,109750.0
2021071104018914,NHDL,14,29,100,437.0,43700.0
2021071104018913,NHDL,14,7,10,437.0,4370.0
2021071104018912,NHDL,14,14,100,436.0,43600.0
2021071104018911,NHDL,14,28,65,436.0,28340.0
2021071104018910,NHDL,14,13,200,436.0,87200.0
2021071104018909,NHDL,14,34,200,435.0,87000.0
2021071104019207,NHPC,36,58,50,316.0,15800.0
2021071104019203,NHPC,13,58,500,316.0,158000.0
2021071104019196,NHPC,57,58,500,316.0,158000.0
2021071104019191,NHPC,39,58,20,316.0,6320.0
2021071104019160,NHPC,43,58,"5,000",316.0,1580000.0
2021071104019132,NHPC,22,58,50,316.0,15800.0
2021071104018737,NHPC,48,45,100,315.0,31500.0
2021071104018736,NHPC,49,45,70,315.0,22050.0
2021071104018735,NHPC,16,45,100,315.0,31500.0
2021071104018734,NHPC,42,45,100,315.0,31500.0
2021071104018733,NHPC,49,45,"3,000",315.0,945000.0
2021071104018732,NHPC,49,45,355,315.0,111825.0
2021071104018743,NHPC,52,45,15,315.0,4725.0
2021071104018742,NHPC,5,45,50,315.0,15750.0
2021071104018741,NHPC,8,45,20,315.0,6300.0
2021071104018740,NHPC,1,45,70,315.0,22050.0
2021071104018739,NHPC,25,45,10,315.0,3150.0
2021071104018738,NHPC,39,45,500,315.0,157500.0
2021071104019057,NHPC,43,58,"7,500",316.0,2370000.0
2021071104018953,NHPC,56,52,500,315.0,157500.0
2021071104018938,NHPC,42,58,600,316.0,189600.0
2021071104018771,NHPC,56,44,100,315.0,31500.0
2021071104018767,NHPC,56,45,460,315.0,144900.0
2021071104018760,NHPC,47,45,150,315.0,47250.0
2021071104019202,NICGF,4,45,500,15.0,7500.0
2021071104019092,NICL,4,41,200,1034.0,206800.0
2021071104019091,NICL,4,48,100,1034.0,103400.0
2021071104019046,NICL,56,28,100,1034.0,103400.0
2021071104019036,NICL,49,28,40,1034.0,41360.0
2021071104018941,NICL,34,6,10,1033.0,10330.0
2021071104018901,NICL,34,48,146,1033.0,150818.0
2021071104018841,NICL,57,48,100,1033.0,103300.0
2021071104019206,NIL,51,6,20,1380.0,27600.0
2021071104019099,NIL,44,6,33,1380.0,45540.0
2021071104019098,NIL,44,46,17,1380.0,23460.0
2021071104019032,NIL,40,46,10,1380.0,13800.0
2021071104019031,NIL,26,46,13,1380.0,17940.0
2021071104018945,NIL,26,54,15,1380.0,20700.0
2021071104018836,NIL,44,44,178,1380.0,245640.0
2021071104018835,NIL,44,43,22,1380.0,30360.0
2021071104018770,NIL,16,43,100,1380.0,138000.0
2021071104018759,NIL,47,43,100,1380.0,138000.0
2021071104018944,NIL,26,44,22,1380.0,30360.0
2021071104018929,NIL,42,5,28,1379.0,38612.0
2021071104018890,NIL,6,5,11,1379.0,15169.0
2021071104018863,NIL,41,5,10,1379.0,13790.0
2021071104018862,NIL,35,5,10,1379.0,13790.0
2021071104018861,NIL,22,5,35,1379.0,48265.0
2021071104018949,NLG,4,5,50,1235.0,61750.0
2021071104018839,NLG,44,58,40,1235.0,49400.0
2021071104018838,NLG,44,49,260,1235.0,321100.0
2021071104018948,NLG,4,28,30,1235.0,37050.0
2021071104018947,NLG,4,38,250,1235.0,308750.0
2021071104018906,NLG,44,38,40,1235.0,49400.0
2021071104018905,NLG,44,58,60,1235.0,74100.0
2021071104019181,OHL,25,49,50,689.0,34450.0
2021071104019180,OHL,25,11,300,689.0,206700.0
2021071104019179,OHL,25,49,10,689.0,6890.0
2021071104019106,PIC,28,53,10,1199.0,11990.0
2021071104019105,PIC,32,53,175,1199.0,209825.0
2021071104019037,PIC,49,49,10,1200.0,12000.0
2021071104019013,PIC,44,49,41,1200.0,49200.0
2021071104019012,PIC,44,56,109,1200.0,130800.0
2021071104019002,PIC,38,56,101,1200.0,121200.0
2021071104019001,PIC,38,21,20,1200.0,24000.0
2021071104018731,PIC,32,29,25,1199.0,29975.0
2021071104019176,PICL,51,55,20,817.0,16340.0
2021071104019175,PICL,52,55,90,817.0,73530.0
2021071104018884,PPCL,41,52,45,366.0,16470.0
2021071104018883,PPCL,41,52,20,366.0,7320.0
2021071104018882,PPCL,41,53,15,366.0,5490.0
2021071104018881,PPCL,41,45,10,366.0,3660.0
2021071104018880,PPCL,41,47,30,365.0,10950.0
2021071104018879,PPCL,41,13,30,365.0,10950.0
2021071104018878,PPCL,41,22,30,365.0,10950.0
2021071104018877,PPCL,41,41,10,364.0,3640.0
2021071104018876,PPCL,41,35,10,364.0,3640.0
2021071104019195,PRIN,22,42,40,959.0,38360.0
2021071104019044,PRIN,57,38,140,958.0,134120.0
2021071104019043,PRIN,19,38,200,958.0,191600.0
2021071104019020,PRIN,19,8,100,958.0,95800.0
2021071104019019,PRIN,39,8,20,958.0,19160.0
2021071104018907,PRIN,45,6,50,960.0,48000.0
2021071104018900,PRIN,38,6,20,960.0,19200.0
2021071104018860,PRIN,38,6,94,960.0,90240.0
2021071104018859,PRIN,39,6,25,960.0,24000.0
2021071104018858,PRIN,34,6,40,960.0,38400.0
2021071104019136,RADHI,42,36,50,755.0,37750.0
2021071104018970,RADHI,57,4,72,754.0,54288.0
2021071104018969,RADHI,38,4,10,754.0,7540.0
2021071104018968,RADHI,14,4,18,754.0,13572.0
2021071104018842,RADHI,57,4,50,755.0,37750.0
2021071104019054,RHPC,58,49,100,536.0,53600.0
2021071104018992,RHPL,36,44,50,452.0,22600.0
2021071104018991,RHPL,36,46,10,452.0,4520.0
2021071104018990,RHPL,36,42,40,452.0,18080.0
2021071104018904,RHPL,44,32,10,452.0,4520.0
2021071104018903,RHPL,44,36,90,452.0,40680.0
2021071104018837,RRHP,26,46,10,377.0,3770.0
2021071104019042,SEF,6,42,"1,000",13.8,13800.0
2021071104019041,SEF,6,5,"7,648",13.8,105542.4
2021071104019198,SFMF,40,34,"1,902",15.88,30203.76
2021071104018765,SFMF,40,34,"13,017",15.88,206709.96
2021071104018764,SFMF,34,34,"6,983",15.88,110890.04
2021071104019189,SGI,42,58,10,736.0,7360.0
2021071104019113,SGI,17,50,10,736.0,7360.0
2021071104018933,SGI,17,48,10,736.0,7360.0
2021071104019213,SHL,49,6,150,274.0,41100.0
2021071104019199,SHL,45,29,100,272.0,27200.0
2021071104018935,SHL,17,22,100,272.0,27200.0
2021071104018934,SHL,39,22,120,272.0,32640.0
2021071104018891,SHL,6,1,500,273.0,136500.0
2021071104019081,SHPC,17,3,20,496.0,9920.0
2021071104019034,SHPC,51,35,110,495.0,54450.0
2021071104018954,SHPC,17,3,100,496.0,49600.0
2021071104018923,SHPC,7,3,30,496.0,14880.0
2021071104019088,SIC,1,54,20,1368.0,27360.0
2021071104019053,SIC,55,44,16,1370.0,21920.0
2021071104019052,SIC,55,37,60,1370.0,82200.0
2021071104019051,SIC,55,49,10,1370.0,13700.0
2021071104019035,SIC,1,44,20,1368.0,27360.0
2021071104019109,SICL,33,41,100,1989.0,198900.0
2021071104018931,SICL,32,34,20,1980.0,39600.0
2021071104018871,SICL,32,58,32,1980.0,63360.0
2021071104018870,SICL,39,58,68,1988.0,135184.0
2021071104018834,SICL,53,58,95,1960.0,186200.0
2021071104018833,SICL,32,58,50,1960.0,98000.0
2021071104018772,SICL,51,58,72,1988.0,143136.0
2021071104018766,SICL,51,14,28,1988.0,55664.0
2021071104018778,SICL,14,58,50,1981.0,99050.0
2021071104018777,SICL,58,58,30,1982.0,59460.0
2021071104018776,SICL,29,58,24,1985.0,47640.0
2021071104018775,SICL,45,58,50,1985.0,99250.0
2021071104018774,SICL,21,58,90,1985.0,178650.0
2021071104018773,SICL,38,58,25,1988.0,49700.0
2021071104018784,SICL,21,58,100,1980.0,198000.0
2021071104018783,SICL,4,58,250,1980.0,495000.0
2021071104018782,SICL,58,58,25,1980.0,49500.0
2021071104018781,SICL,49,58,10,1980.0,19800.0
2021071104018780,SICL,7,58,102,1980.0,201960.0
2021071104018779,SICL,19,58,20,1981.0,39620.0
2021071104018790,SICL,8,58,100,1976.0,197600.0
2021071104018789,SICL,22,58,200,1976.0,395200.0
2021071104018788,SICL,41,58,50,1976.0,98800.0
2021071104018787,SICL,50,58,10,1980.0,19800.0
2021071104018786,SICL,58,58,100,1980.0,198000.0
2021071104018785,SICL,10,58,25,1980.0,49500.0
2021071104018796,SICL,29,58,25,1974.0,49350.0
2021071104018795,SICL,39,58,10,1974.0,19740.0
2021071104018794,SICL,51,58,20,1975.0,39500.0
2021071104018793,SICL,28,58,79,1975.0,156025.0
2021071104018792,SICL,16,58,50,1975.0,98750.0
2021071104018791,SICL,26,58,14,1975.0,27650.0
2021071104018802,SICL,26,58,100,1971.0,197100.0
2021071104018801,SICL,49,58,100,1971.0,197100.0
2021071104018800,SICL,21,58,26,1973.0,51298.0
2021071104018799,SICL,29,58,25,1974.0,49350.0
2021071104018798,SICL,29,58,25,1974.0,49350.0
2021071104018797,SICL,29,58,25,1974.0,49350.0
2021071104018808,SICL,51,58,50,1970.0,98500.0
2021071104018807,SICL,41,58,100,1970.0,197000.0
2021071104018806,SICL,42,58,200,1970.0,394000.0
2021071104018805,SICL,56,58,50,1970.0,98500.0
2021071104018804,SICL,35,58,20,1970.0,39400.0
2021071104018803,SICL,36,58,31,1970.0,61070.0
2021071104018814,SICL,42,58,54,1968.0,106272.0
2021071104018813,SICL,50,58,29,1968.0,57072.0
2021071104018812,SICL,52,58,37,1970.0,72890.0
2021071104018811,SICL,22,58,50,1970.0,98500.0
2021071104018810,SICL,42,58,48,1970.0,94560.0
2021071104018809,SICL,38,58,200,1970.0,394000.0
2021071104018820,SICL,16,58,100,1965.0,196500.0
2021071104018819,SICL,53,58,300,1965.0,589500.0
2021071104018818,SICL,53,58,300,1965.0,589500.0
2021071104018817,SICL,19,58,100,1966.0,196600.0
2021071104018816,SICL,34,58,50,1966.0,98300.0
2021071104018815,SICL,1,58,100,1967.0,196700.0
2021071104018826,SICL,54,58,500,1965.0,982500.0
2021071104018825,SICL,11,58,50,1965.0,98250.0
2021071104018824,SICL,41,58,100,1965.0,196500.0
2021071104018823,SICL,59,58,100,1965.0,196500.0
2021071104018822,SICL,48,58,50,1965.0,98250.0
2021071104018821,SICL,38,58,100,1965.0,196500.0
2021071104018832,SICL,57,58,20,1960.0,39200.0
2021071104018831,SICL,11,58,200,1960.0,392000.0
2021071104018830,SICL,49,58,50,1960.0,98000.0
2021071104018829,SICL,49,58,10,1960.0,19600.0
2021071104018828,SICL,45,58,14,1960.0,27440.0
2021071104018827,SICL,56,58,10,1965.0,19650.0
2021071104019158,SIGS2,6,58,"3,600",13.8,49680.0
2021071104019157,SIGS2,8,58,"20,000",13.8,276000.0
2021071104019156,SIGS2,8,58,"2,400",13.8,33120.0
2021071104019155,SIGS2,11,58,"20,000",13.81,276200.0
2021071104019154,SIGS2,35,58,"4,000",13.81,55240.0
2021071104019219,SJCL,8,42,145,425.0,61625.0
2021071104019218,SJCL,18,42,615,425.0,261375.0
2021071104019010,SJCL,18,3,10,425.0,4250.0
2021071104019009,SJCL,18,45,10,425.0,4250.0
2021071104019008,SJCL,18,42,25,425.0,10625.0
2021071104019007,SJCL,18,38,20,425.0,8500.0
2021071104018848,SJCL,1,58,200,425.0,85000.0
2021071104018847,SJCL,1,45,40,425.0,17000.0
2021071104018854,SJCL,1,49,10,425.0,4250.0
2021071104018853,SJCL,1,41,20,425.0,8500.0
2021071104018852,SJCL,1,25,10,425.0,4250.0
2021071104018851,SJCL,1,52,20,425.0,8500.0
2021071104018850,SJCL,1,34,10,425.0,4250.0
2021071104018849,SJCL,1,45,40,425.0,17000.0
2021071104019006,SJCL,18,6,100,425.0,42500.0
2021071104019005,SJCL,18,29,40,425.0,17000.0
2021071104019004,SJCL,18,58,180,425.0,76500.0
2021071104018875,SJCL,41,58,20,425.0,8500.0
2021071104018856,SJCL,1,42,40,425.0,17000.0
2021071104018855,SJCL,1,53,10,425.0,4250.0
2021071104019153,SPDL,40,42,120,421.0,50520.0
2021071104019152,SPDL,37,42,100,421.0,42100.0
2021071104019151,SPDL,39,42,30,421.0,12630.0
2021071104019150,SPDL,26,42,250,421.0,105250.0
2021071104019056,SPDL,26,6,25,421.0,10525.0
2021071104019000,SPDL,26,6,225,421.0,94725.0
2021071104018999,SPDL,49,6,75,421.0,31575.0
2021071104018959,SPDL,35,58,300,422.0,126600.0
2021071104018952,SPDL,49,38,25,421.0,10525.0
2021071104018942,SPDL,49,1,20,421.0,8420.0
2021071104018889,SPDL,49,33,100,421.0,42100.0
2021071104019210,SSHL,33,33,20,328.0,6560.0
2021071104019194,SSHL,55,50,100,329.0,32900.0
2021071104019049,SSHL,33,52,20,328.0,6560.0
2021071104019047,SSHL,57,50,500,329.0,164500.0
2021071104018768,SSHL,55,50,100,329.0,32900.0
2021071104018995,STC,55,8,10,9996.0,99960.0
2021071104019182,TRH,1,43,300,411.0,123300.0
2021071104019133,TRH,49,43,10,411.0,4110.0
2021071104019078,TRH,42,43,300,411.0,123300.0
2021071104019077,TRH,42,49,125,411.0,51375.0
2021071104019076,TRH,42,58,45,411.0,18495.0
2021071104019075,TRH,42,47,10,411.0,4110.0
2021071104019074,TRH,42,44,10,410.0,4100.0
2021071104019073,TRH,42,45,10,410.0,4100.0
2021071104018940,TRH,42,45,490,410.0,200900.0
2021071104018939,TRH,42,19,10,410.0,4100.0
2021071104019184,UIC,25,48,60,746.0,44760.0
2021071104019183,UIC,25,49,40,746.0,29840.0
2021071104018998,UIC,51,25,10,740.0,7400.0
2021071104018997,UIC,5,25,120,740.0,88800.0
2021071104018996,UIC,35,25,70,741.0,51870.0
2021071104019038,UMHL,55,44,200,373.0,74600.0
2021071104018979,UMHL,35,51,100,372.0,37200.0
2021071104018918,UMHL,36,51,300,372.0,111600.0
2021071104019186,UNHPL,52,44,50,376.0,18800.0
2021071104019185,UNHPL,52,20,50,376.0,18800.0
2021071104019168,UNHPL,13,57,500,375.0,187500.0
2021071104019167,UNHPL,50,57,50,375.0,18750.0
2021071104019166,UNHPL,38,57,15,375.0,5625.0
2021071104019165,UNHPL,1,57,50,375.0,18750.0
2021071104019164,UNHPL,50,57,100,375.0,37500.0
2021071104019163,UNHPL,50,57,217,375.0,81375.0
2021071104019225,UPCL,32,50,15,299.0,4485.0
2021071104019200,UPCL,42,32,40,300.0,12000.0
2021071104018899,UPCL,32,29,35,299.0,10465.0
2021071104018898,UPCL,45,29,15,299.0,4485.0
2021071104018937,UPCL,5,32,100,300.0,30000.0
2021071104018928,UPCL,36,42,300,300.0,90000.0
2021071104018920,UPCL,32,14,50,299.0,14950.0
2021071104019110,UPCL,43,32,200,300.0,60000.0
2021071104019108,UPCL,49,32,10,300.0,3000.0
2021071104019170,UPPER,59,33,250,693.0,173250.0
2021071104019169,UPPER,59,51,16,693.0,11088.0
2021071104019162,UPPER,59,51,76,693.0,52668.0
2021071104019161,UPPER,59,35,24,693.0,16632.0
2021071104018744,UPPER,36,57,50,692.0,34600.0
2021071104018730,UPPER,13,57,200,692.0,138400.0
2021071104018729,UPPER,57,57,50,692.0,34600.0
2021071104018728,UPPER,40,57,100,692.0,69200.0
2021071104018727,UPPER,34,57,10,692.0,6920.0
2021071104018726,UPPER,13,57,50,692.0,34600.0
2021071104018869,UPPER,57,57,42,692.0,29064.0
2021071104018857,UPPER,55,57,100,692.0,69200.0
2021071104018845,UPPER,40,57,20,692.0,13840.0
2021071104018840,UPPER,26,57,50,692.0,34600.0
2021071104018956,UPPER,57,10,180,692.0,124560.0
2021071104018955,UPPER,58,33,66,693.0,45738.0
2021071104018946,UPPER,53,33,30,693.0,20790.0
2021071104018943,UPPER,56,33,30,693.0,20790.0
2021071104018919,UPPER,29,33,40,693.0,27720.0
2021071104019055,UPPER,33,33,500,693.0,346500.0
2021071104018957,UPPER,40,33,10,693.0,6930.0
2021071104019129,UPPER,22,35,26,693.0,18018.0
2021071104019128,UPPER,22,46,10,693.0,6930.0
2021071104019127,UPPER,22,33,34,693.0,23562.0
2021071104018701,AHPC,3,34,50,451.0,22550.0
2021071104018700,AHPC,3,25,10,451.0,4510.0
2021071104018699,AHPC,3,29,62,451.0,27962.0
2021071104018698,AHPC,3,6,50,451.0,22550.0
2021071104018648,AHPC,40,6,100,451.0,45100.0
2021071104018629,AHPC,3,19,16,449.0,7184.0
2021071104018322,AHPC,28,25,300,448.0,134400.0
2021071104018426,AHPC,7,21,"1,800",449.0,808200.0
2021071104018425,AHPC,7,33,100,449.0,44900.0
2021071104018424,AHPC,7,34,50,449.0,22450.0
2021071104018423,AHPC,7,52,100,449.0,44900.0
2021071104018422,AHPC,7,29,50,449.0,22450.0
2021071104018323,AHPC,13,25,420,448.0,188160.0
2021071104018432,AHPC,7,45,300,450.0,135000.0
2021071104018431,AHPC,7,8,50,450.0,22500.0
2021071104018430,AHPC,7,57,200,450.0,90000.0
2021071104018429,AHPC,7,52,"3,000",450.0,1350000.0
2021071104018428,AHPC,7,53,"1,000",449.0,449000.0
2021071104018427,AHPC,7,22,130,449.0,58370.0
2021071104018438,AHPC,7,45,40,450.0,18000.0
2021071104018437,AHPC,7,41,50,450.0,22500.0
2021071104018436,AHPC,7,52,100,450.0,45000.0
2021071104018435,AHPC,7,32,500,450.0,225000.0
2021071104018434,AHPC,7,10,100,450.0,45000.0
2021071104018433,AHPC,7,34,50,450.0,22500.0
2021071104018564,AHPC,59,57,"1,000",450.0,450000.0
2021071104018558,AHPC,41,34,50,450.0,22500.0
2021071104018442,AHPC,7,34,50,450.0,22500.0
2021071104018441,AHPC,7,57,30,450.0,13500.0
2021071104018440,AHPC,7,57,200,450.0,90000.0
2021071104018439,AHPC,7,6,100,450.0,45000.0
2021071104018597,AIL,48,18,10,827.0,8270.0
2021071104018485,AIL,48,49,65,827.0,53755.0
2021071104018484,AIL,48,14,10,827.0,8270.0
2021071104018483,AIL,48,49,10,827.0,8270.0
2021071104018482,AIL,48,45,10,827.0,8270.0
2021071104018477,AIL,49,35,20,826.0,16520.0
2021071104018405,AIL,49,52,10,826.0,8260.0
2021071104018279,AIL,22,14,100,826.0,82600.0
2021071104018665,AKJCL,49,6,55,280.0,15400.0
2021071104018409,AKJCL,22,6,30,280.0,8400.0
2021071104018693,AKPL,58,49,50,456.0,22800.0
2021071104018579,AKPL,34,57,21,457.0,9597.0
2021071104018578,AKPL,34,39,200,457.0,91400.0
2021071104018577,AKPL,34,58,100,456.0,45600.0
2021071104018576,AKPL,34,26,500,456.0,228000.0
2021071104018575,AKPL,34,42,14,456.0,6384.0
2021071104018465,AKPL,58,56,11,456.0,5016.0
2021071104018367,AKPL,32,56,89,456.0,40584.0
2021071104018366,AKPL,32,36,11,456.0,5016.0
2021071104018246,AKPL,50,36,10,456.0,4560.0
2021071104018499,AKPL,6,16,50,455.0,22750.0
2021071104018498,AKPL,58,16,200,455.0,91000.0
2021071104018496,AKPL,21,44,50,456.0,22800.0
2021071104018473,AKPL,58,57,100,455.0,45500.0
2021071104018472,AKPL,14,57,100,455.0,45500.0
2021071104018466,AKPL,58,44,489,456.0,222984.0
2021071104018565,AKPL,50,42,10,456.0,4560.0
2021071104018556,AKPL,20,39,100,455.0,45500.0
2021071104018547,AKPL,49,39,100,455.0,45500.0
2021071104018512,AKPL,50,44,10,456.0,4560.0
2021071104018504,AKPL,35,44,450,456.0,205200.0
2021071104018503,AKPL,35,16,50,455.0,22750.0
2021071104018687,API,21,58,30,392.0,11760.0
2021071104018686,API,21,14,20,392.0,7840.0
2021071104018685,API,21,28,370,392.0,145040.0
2021071104018675,API,34,28,30,392.0,11760.0
2021071104018674,API,34,56,70,392.0,27440.0
2021071104018668,API,57,49,90,391.0,35190.0
2021071104018275,API,33,1,36,390.0,14040.0
2021071104018252,API,49,48,50,391.0,19550.0
2021071104018546,API,57,8,10,391.0,3910.0
2021071104018526,API,21,13,100,392.0,39200.0
2021071104018474,API,57,28,500,391.0,195500.0
2021071104018320,API,5,48,"3,475",391.0,1358725.0
2021071104018319,API,34,48,100,391.0,39100.0
2021071104018293,API,3,48,"1,000",391.0,391000.0
2021071104018666,API,45,56,300,392.0,117600.0
2021071104018655,API,25,56,100,392.0,39200.0
2021071104018638,API,41,56,30,392.0,11760.0
2021071104018630,API,58,56,50,392.0,19600.0
2021071104018588,API,35,56,450,392.0,176400.0
2021071104018587,API,35,13,50,392.0,19600.0
2021071104018670,BARUN,42,38,20,528.0,10560.0
2021071104018669,BARUN,56,38,180,528.0,95040.0
2021071104018589,BARUN,56,32,20,528.0,10560.0
2021071104018720,BBC,49,10,20,5710.0,114200.0
2021071104018581,BBC,49,42,20,5700.0,114000.0
2021071104018406,BBC,49,7,10,5700.0,57000.0
2021071104018707,BPCL,44,49,100,509.0,50900.0
2021071104018694,BPCL,45,53,40,508.0,20320.0
2021071104018683,BPCL,42,49,500,509.0,254500.0
2021071104018664,BPCL,22,49,310,509.0,157790.0
2021071104018642,BPCL,58,49,100,509.0,50900.0
2021071104018403,BPCL,49,43,200,510.0,102000.0
2021071104018402,BPCL,57,43,50,510.0,25500.0
2021071104018401,BPCL,16,43,13,510.0,6630.0
2021071104018400,BPCL,35,43,466,510.0,237660.0
2021071104018516,BPCL,47,49,100,509.0,50900.0
2021071104018515,BPCL,42,49,100,509.0,50900.0
2021071104018514,BPCL,6,49,100,509.0,50900.0
2021071104018508,BPCL,17,43,50,510.0,25500.0
2021071104018489,BPCL,52,43,200,510.0,102000.0
2021071104018417,BPCL,19,43,190,510.0,96900.0
2021071104018522,BPCL,42,49,50,509.0,25450.0
2021071104018521,BPCL,44,49,800,509.0,407200.0
2021071104018520,BPCL,45,49,500,509.0,254500.0
2021071104018519,BPCL,57,49,50,509.0,25450.0
2021071104018518,BPCL,19,49,50,509.0,25450.0
2021071104018517,BPCL,1,49,50,509.0,25450.0
2021071104018560,BPCL,51,57,260,508.0,132080.0
2021071104018555,BPCL,19,49,195,509.0,99255.0
2021071104018525,BPCL,59,49,40,509.0,20360.0
2021071104018524,BPCL,21,49,200,509.0,101800.0
2021071104018523,BPCL,17,49,80,509.0,40720.0
2021071104018628,BPCL,45,53,12,508.0,6096.0
2021071104018584,BPCL,6,49,500,509.0,254500.0
2021071104018563,BPCL,45,57,340,508.0,172720.0
2021071104018562,BPCL,32,57,200,508.0,101600.0
2021071104018561,BPCL,6,57,200,508.0,101600.0
2021071104018416,CGH,29,49,50,1549.0,77450.0
2021071104018415,CGH,29,54,10,1545.0,15450.0
2021071104018414,CGH,29,8,20,1545.0,30900.0
2021071104018413,CGH,29,50,50,1540.0,77000.0
2021071104018412,CGH,29,49,30,1540.0,46200.0
2021071104018411,CGH,29,54,10,1540.0,15400.0
2021071104018410,CGH,29,3,109,1540.0,167860.0
2021071104018303,CGH,20,3,10,1540.0,15400.0
2021071104018583,CHCL,8,58,180,675.0,121500.0
2021071104018554,CHCL,29,58,100,675.0,67500.0
2021071104018361,CHCL,16,58,100,675.0,67500.0
2021071104018348,CHCL,17,58,"1,000",675.0,675000.0
2021071104018347,CHCL,42,58,100,675.0,67500.0
2021071104018346,CHCL,52,58,50,675.0,33750.0
2021071104018345,CHCL,22,58,50,678.0,33900.0
2021071104018344,CHCL,6,58,200,678.0,135600.0
2021071104018340,CHCL,21,45,100,680.0,68000.0
2021071104018313,CHCL,17,45,362,680.0,246160.0
2021071104018382,CHL,42,54,53,458.0,24274.0
2021071104018370,CHL,42,38,647,458.0,296326.0
2021071104018369,CHL,58,38,53,458.0,24274.0
2021071104018364,CMF2,22,52,100,13.15,1315.0
2021071104018722,DHPL,55,52,100,267.0,26700.0
2021071104018373,EIC,54,17,956,762.0,728472.0
2021071104018372,EIC,45,17,100,763.0,76300.0
2021071104018371,EIC,38,17,318,763.0,242634.0
2021071104018281,EIC,49,32,20,766.0,15320.0
2021071104018280,EIC,49,45,30,766.0,22980.0
2021071104018339,GHL,21,54,10,295.0,2950.0
2021071104018709,GIC,17,7,10,699.0,6990.0
2021071104018680,GIC,17,17,10,699.0,6990.0
2021071104018374,GIC,7,39,10,699.0,6990.0
2021071104018309,GIC,7,7,10,699.0,6990.0
2021071104018265,GIC,14,37,100,700.0,70000.0
2021071104018553,GIC,17,39,60,699.0,41940.0
2021071104018552,GIC,7,39,40,699.0,27960.0
2021071104018528,GIC,7,22,10,699.0,6990.0
2021071104018571,GIMES1,6,5,400,19.87,7948.0
2021071104018713,GLH,21,50,20,370.0,7400.0
2021071104018710,GLH,21,49,10,370.0,3700.0
2021071104018667,GLH,21,57,10,370.0,3700.0
2021071104018582,GLH,51,57,30,371.0,11130.0
2021071104018551,GLH,21,59,10,370.0,3700.0
2021071104018255,GLH,21,42,10,370.0,3700.0
2021071104018714,HDHPC,59,46,200,287.0,57400.0
2021071104018682,HDHPC,58,46,800,287.0,229600.0
2021071104018671,HDHPC,55,44,100,288.0,28800.0
2021071104018663,HDHPC,58,13,200,287.0,57400.0
2021071104018550,HDHPC,44,46,790,287.0,226730.0
2021071104018545,HDHPC,32,46,10,287.0,2870.0
2021071104018335,HDHPC,21,25,500,287.0,143500.0
2021071104018297,HDHPC,21,5,128,286.0,36608.0
2021071104018296,HDHPC,21,46,120,286.0,34320.0
2021071104018447,HDHPC,44,25,200,287.0,57400.0
2021071104018446,HDHPC,44,58,100,287.0,28700.0
2021071104018445,HDHPC,44,32,500,287.0,143500.0
2021071104018443,HDHPC,33,25,500,287.0,143500.0
2021071104018385,HDHPC,19,45,150,286.0,42900.0
2021071104018384,HDHPC,44,25,"1,000",287.0,287000.0
2021071104018502,HDHPC,6,46,10,287.0,2870.0
2021071104018469,HDHPC,56,46,190,287.0,54530.0
2021071104018468,HDHPC,56,45,10,287.0,2870.0
2021071104018456,HDHPC,57,45,300,287.0,86100.0
2021071104018449,HDHPC,44,45,690,287.0,198030.0
2021071104018448,HDHPC,44,6,10,287.0,2870.0
2021071104018276,HGI,41,59,15,788.0,11820.0
2021071104018717,HPPL,34,54,10,412.0,4120.0
2021071104018696,HPPL,34,1,10,412.0,4120.0
2021071104018537,HPPL,34,45,10,411.0,4110.0
2021071104018536,HPPL,34,52,100,411.0,41100.0
2021071104018535,HPPL,34,34,10,411.0,4110.0
