Transact. No.,Symbol,Buyer,Seller,Quantity,Rate,Amount
2021072004035337,AHPC,45,21,116,513.0,59508.0
2021072004035336,AHPC,45,47,44,513.0,22572.0
2021072004035197,AHPC,16,47,56,513.0,28728.0
2021072004035528,AHPC,16,6,24,513.0,12312.0
2021072004035481,AHPC,5,6,36,513.0,18468.0
2021072004035480,AHPC,5,21,24,513.0,12312.0
2021072004035477,AHPC,38,21,100,513.0,51300.0
2021072004035432,AHPC,34,35,100,512.5,51250.0
2021072004035364,AHPC,34,21,100,513.0,51300.0
2021072004035539,AHPC,47,1,34,513.0,17442.0
2021072004035538,AHPC,47,21,90,513.0,46170.0
2021072004035537,AHPC,47,32,"1,950",513.0,1000350.0
2021072004035536,AHPC,47,44,100,513.0,51300.0
2021072004035535,AHPC,47,58,474,513.0,243162.0
2021072004035529,AHPC,16,58,26,513.0,13338.0
2021072004035602,AHPC,58,54,950,513.9,488205.0
2021072004035601,AHPC,58,42,50,513.0,25650.0
2021072004035543,AHPC,47,54,"1,302",513.9,669097.8
2021072004035542,AHPC,47,57,20,513.5,10270.0
2021072004035541,AHPC,47,52,20,513.5,10270.0
2021072004035540,AHPC,47,50,10,513.5,5135.0
2021072004035422,AIL,21,55,25,839.0,20975.0
2021072004035421,AIL,45,55,15,839.0,12585.0
2021072004035620,AKPL,29,36,10,533.0,5330.0
2021072004035595,AKPL,45,36,100,533.0,53300.0
2021072004035406,AKPL,29,36,10,533.0,5330.0
2021072004035373,AKPL,4,1,310,531.0,164610.0
2021072004035222,AKPL,45,1,100,531.0,53100.0
2021072004035530,API,16,33,20,429.0,8580.0
2021072004035398,API,45,42,150,430.0,64500.0
2021072004035397,API,45,45,50,429.0,21450.0
2021072004035355,API,56,42,124,430.0,53320.0
2021072004035354,API,56,42,500,430.0,215000.0
2021072004035353,API,56,11,140,430.0,60200.0
2021072004035207,API,56,59,500,430.0,215000.0
2021072004035206,API,56,22,100,430.0,43000.0
2021072004035205,API,56,43,71,430.0,30530.0
2021072004035204,API,56,51,50,429.5,21475.0
2021072004035318,API,28,28,200,429.0,85800.0
2021072004035253,API,14,28,145,429.0,62205.0
2021072004035211,API,6,58,100,430.0,43000.0
2021072004035210,API,56,58,169,430.0,72670.0
2021072004035209,API,56,38,100,430.0,43000.0
2021072004035208,API,56,57,10,430.0,4300.0
2021072004035352,API,56,41,50,430.0,21500.0
2021072004035351,API,56,13,200,430.0,86000.0
2021072004035350,API,56,1,100,430.0,43000.0
2021072004035349,API,56,41,"1,000",430.0,430000.0
2021072004035348,API,56,58,731,430.0,314330.0
2021072004035347,API,56,28,155,429.0,66495.0
2021072004035598,BARUN,52,14,40,585.0,23400.0
2021072004035597,BARUN,28,14,10,588.0,5880.0
2021072004035596,BARUN,20,14,50,589.0,29450.0
2021072004035583,BARUN,20,25,10,594.0,5940.0
2021072004035558,BARUN,20,25,472,594.0,280368.0
2021072004035557,BARUN,20,51,160,594.0,95040.0
2021072004035328,BARUN,20,38,10,589.0,5890.0
2021072004035327,BARUN,20,55,30,589.0,17670.0
2021072004035268,BARUN,28,55,10,589.0,5890.0
2021072004035256,BARUN,25,55,10,589.0,5890.0
2021072004035544,BARUN,20,55,30,590.0,17700.0
2021072004035531,BARUN,20,10,100,589.0,58900.0
2021072004035402,BARUN,57,55,20,590.0,11800.0
2021072004035401,BARUN,57,57,80,590.0,47200.0
2021072004035361,BARUN,20,56,10,589.0,5890.0
2021072004035550,BARUN,20,34,490,592.0,290080.0
2021072004035549,BARUN,20,55,50,591.0,29550.0
2021072004035548,BARUN,20,58,190,590.0,112100.0
2021072004035547,BARUN,20,34,50,590.0,29500.0
2021072004035546,BARUN,20,48,150,590.0,88500.0
2021072004035545,BARUN,20,35,25,590.0,14750.0
2021072004035556,BARUN,20,22,66,593.0,39138.0
2021072004035555,BARUN,20,49,50,593.0,29650.0
2021072004035554,BARUN,20,10,50,593.0,29650.0
2021072004035553,BARUN,20,47,17,592.0,10064.0
2021072004035552,BARUN,20,58,100,592.0,59200.0
2021072004035551,BARUN,20,56,100,592.0,59200.0
2021072004035331,BBC,5,32,10,6299.0,62990.0
2021072004035363,BPCL,48,59,100,521.1,52110.0
2021072004035362,BPCL,48,59,400,522.0,208800.0
2021072004035259,BPCL,49,58,100,521.8,52180.0
2021072004035258,BPCL,49,33,100,521.4,52140.0
2021072004035264,BPCL,49,33,36,522.9,18824.4
2021072004035263,BPCL,49,33,200,522.7,104540.0
2021072004035262,BPCL,49,17,15,522.5,7837.5
2021072004035261,BPCL,49,49,40,522.0,20880.0
2021072004035260,BPCL,49,57,209,522.0,109098.0
2021072004035417,CHCL,58,14,5,687.0,3435.0
2021072004035615,CHL,32,28,144,529.0,76176.0
2021072004035614,CHL,32,56,343,529.0,181447.0
2021072004035613,CHL,32,6,50,528.0,26400.0
2021072004035612,CHL,32,42,14,528.0,7392.0
2021072004035611,CHL,32,50,50,527.0,26350.0
2021072004035610,CHL,32,57,10,527.0,5270.0
2021072004035603,CHL,32,56,102,525.0,53550.0
2021072004035466,CHL,54,51,11,524.0,5764.0
2021072004035609,CHL,32,20,200,526.0,105200.0
2021072004035608,CHL,32,58,123,526.0,64698.0
2021072004035607,CHL,32,54,500,526.0,263000.0
2021072004035606,CHL,32,39,150,526.0,78900.0
2021072004035605,CHL,32,42,11,525.0,5775.0
2021072004035604,CHL,32,51,60,525.0,31500.0
2021072004035561,DHPL,32,45,40,284.0,11360.0
2021072004035560,DHPL,32,26,60,282.5,16950.0
2021072004035335,DHPL,45,26,200,282.5,56500.0
2021072004035562,EIC,38,1,10,771.9,7719.0
2021072004035323,EIC,32,39,23,769.0,17687.0
2021072004035322,EIC,19,39,20,769.0,15380.0
2021072004035321,EIC,45,39,107,769.0,82283.0
2021072004035320,EIC,22,39,20,770.0,15400.0
2021072004035319,EIC,45,39,100,770.0,77000.0
2021072004035416,GHL,1,29,90,308.0,27720.0
2021072004035415,GHL,1,25,30,307.0,9210.0
2021072004035414,GHL,1,8,30,307.0,9210.0
2021072004035413,GHL,1,54,50,307.0,15350.0
2021072004035388,GIMES1,41,17,"5,000",22.1,110500.0
2021072004035534,GLH,21,5,20,382.0,7640.0
2021072004035221,GLH,35,57,104,381.1,39634.4
2021072004035494,HDHPC,53,29,500,298.0,149000.0
2021072004035407,HDHPC,21,42,350,297.9,104265.0
2021072004035392,HDHPC,1,29,100,298.0,29800.0
2021072004035391,HDHPC,1,34,50,298.0,14900.0
2021072004035390,HDHPC,1,45,50,298.0,14900.0
2021072004035389,HDHPC,1,25,100,298.0,29800.0
2021072004035370,HPPL,42,5,79,540.0,42660.0
2021072004035369,HPPL,42,59,24,540.0,12960.0
2021072004035368,HPPL,42,19,50,539.9,26995.0
2021072004035367,HPPL,42,34,200,539.0,107800.0
2021072004035366,HPPL,42,51,317,539.0,170863.0
2021072004035365,HPPL,42,51,30,535.0,16050.0
2021072004035275,HURJA,58,19,119,386.6,46005.4
2021072004035574,JOSHI,42,48,70,295.0,20650.0
2021072004035372,JOSHI,4,47,100,296.0,29600.0
2021072004035371,JOSHI,4,57,50,295.3,14765.0
2021072004035325,JOSHI,42,45,135,295.0,39825.0
2021072004035324,JOSHI,29,45,15,295.0,4425.0
2021072005000045,JSLBB,58,17,10,3559.0,35590.0
2021072005000044,JSLBB,54,32,50,3520.0,176000.0
2021072005000043,JSLBB,50,32,100,3520.0,352000.0
2021072005000041,JSLBB,51,32,112,3530.0,395360.0
2021072005000040,JSLBB,45,32,50,3530.0,176500.0
2021072005000039,JSLBB,51,32,10,3534.0,35340.0
2021072005000004,JSLBB,47,1,10,3560.0,35600.0
2021072005000003,JSLBB,20,45,40,3559.0,142360.0
2021072005000002,JSLBB,47,45,10,3559.0,35590.0
2021072005000001,JSLBB,47,21,10,3558.9,35589.0
2021072005000013,JSLBB,34,58,10,3534.0,35340.0
2021072005000011,JSLBB,53,41,40,3532.0,141280.0
2021072005000010,JSLBB,53,45,10,3532.0,35320.0
2021072005000007,JSLBB,39,57,25,3580.0,89500.0
2021072005000006,JSLBB,57,45,96,3590.0,344640.0
2021072005000005,JSLBB,47,1,10,3560.0,35600.0
2021072005000024,JSLBB,20,6,27,3580.0,96660.0
2021072005000023,JSLBB,20,21,10,3579.9,35799.0
2021072005000022,JSLBB,20,17,30,3575.0,107250.0
2021072005000021,JSLBB,20,47,30,3575.0,107250.0
2021072005000020,JSLBB,20,46,14,3535.0,49490.0
2021072005000019,JSLBB,20,45,10,3535.0,35350.0
2021072005000038,JSLBB,21,32,10,3535.0,35350.0
2021072005000036,JSLBB,20,32,65,3536.0,229840.0
2021072005000035,JSLBB,20,32,100,3536.0,353600.0
2021072005000029,JSLBB,20,20,10,3540.0,35400.0
2021072005000026,JSLBB,20,58,20,3540.0,70800.0
2021072005000025,JSLBB,20,13,43,3580.0,153940.0
2021072004035278,KKHC,17,39,500,280.0,140000.0
2021072005000063,KLBSL,33,57,54,1726.0,93204.0
2021072005000062,KLBSL,58,57,46,1726.1,79400.6
2021072005000061,KLBSL,5,57,15,1727.0,25905.0
2021072005000060,KLBSL,14,57,52,1727.0,89804.0
2021072005000059,KLBSL,6,57,10,1728.0,17280.0
2021072005000057,KLBSL,14,52,48,1727.0,82896.0
2021072005000018,KLBSL,14,57,13,1727.0,22451.0
2021072005000017,KLBSL,14,57,13,1727.0,22451.0
2021072005000016,KLBSL,14,57,13,1727.0,22451.0
2021072005000015,KLBSL,14,20,200,1728.0,345600.0
2021072005000014,KLBSL,59,49,50,1730.0,86500.0
2021072005000012,KLBSL,58,41,54,1726.1,93209.4
2021072005000049,KLBSL,50,20,52,1730.0,89960.0
2021072005000048,KLBSL,13,20,50,1730.0,86500.0
2021072005000037,KLBSL,14,49,111,1740.0,193140.0
2021072005000034,KLBSL,52,22,10,1748.0,17480.0
2021072005000028,KLBSL,55,38,13,1728.0,22464.0
2021072005000027,KLBSL,45,38,25,1728.0,43200.0
2021072005000056,KLBSL,14,52,100,1727.1,172710.0
2021072005000055,KLBSL,42,52,200,1727.1,345420.0
2021072005000054,KLBSL,43,52,22,1727.2,37998.4
2021072005000053,KLBSL,57,52,200,1728.0,345600.0
2021072005000051,KLBSL,14,57,100,1730.0,173000.0
2021072005000050,KLBSL,50,57,23,1730.0,39790.0
2021072004035587,KPCL,58,5,15,510.0,7650.0
2021072004035570,KPCL,5,5,39,510.0,19890.0
2021072004035569,KPCL,5,14,10,510.0,5100.0
2021072004035568,KPCL,5,17,500,510.0,255000.0
2021072004035567,KPCL,5,13,40,510.0,20400.0
2021072004035566,KPCL,5,49,97,510.0,49470.0
2021072004035565,KPCL,5,34,64,510.0,32640.0
2021072004035476,KPCL,58,45,10,509.0,5090.0
2021072004035600,LEC,47,34,460,393.0,180780.0
2021072004035599,LEC,42,34,95,393.0,37335.0
2021072004035255,LEC,42,28,105,393.0,41265.0
2021072004035254,LEC,47,28,395,393.0,155235.0
2021072004035192,LEMF,18,6,"5,000",16.05,80250.0
2021072004035433,LGIL,16,7,300,817.0,245100.0
2021072004035287,LGIL,59,35,420,815.0,342300.0
2021072004035286,LGIL,49,35,80,815.1,65208.0
2021072004035482,MEN,39,49,50,950.0,47500.0
2021072004035333,MEN,39,49,40,950.0,38000.0
2021072004035332,MEN,39,42,10,950.0,9500.0
2021072004035396,MHNL,43,13,10,412.0,4120.0
2021072004035217,MHNL,34,45,15,412.0,6180.0
2021072004035212,NBF2,59,58,"3,000",15.7,47100.0
2021072004035403,NGPL,17,20,20,631.0,12620.0
2021072004035252,NGPL,17,42,110,631.0,69410.0
2021072004035592,NHPC,55,16,140,320.0,44800.0
2021072004035591,NHPC,55,49,10,320.0,3200.0
2021072004035590,NHPC,55,13,50,320.0,16000.0
2021072004035310,NHPC,58,20,202,319.0,64438.0
2021072004035309,NHPC,38,20,"1,000",319.0,319000.0
2021072004035308,NHPC,46,20,100,319.0,31900.0
2021072004035235,NHPC,26,41,192,319.8,61401.6
2021072004035289,NHPC,3,20,157,320.0,50240.0
2021072004035279,NHPC,3,17,275,320.0,88000.0
2021072004035257,NHPC,3,45,178,320.0,56960.0
2021072004035238,NHPC,26,45,472,320.0,151040.0
2021072004035237,NHPC,26,57,150,320.0,48000.0
2021072004035236,NHPC,26,6,186,320.0,59520.0
2021072004035295,NHPC,55,20,500,319.0,159500.0
2021072004035294,NHPC,41,20,"1,000",319.1,319100.0
2021072004035293,NHPC,29,20,200,319.2,63840.0
2021072004035292,NHPC,58,20,"1,000",319.3,319300.0
2021072004035291,NHPC,28,20,156,319.5,49842.0
2021072004035290,NHPC,57,20,450,319.5,143775.0
2021072004035301,NHPC,35,20,300,319.0,95700.0
2021072004035300,NHPC,42,20,200,319.0,63800.0
2021072004035299,NHPC,1,20,50,319.0,15950.0
2021072004035298,NHPC,38,20,100,319.0,31900.0
2021072004035297,NHPC,38,20,10,319.0,3190.0
2021072004035296,NHPC,14,20,500,319.0,159500.0
2021072004035307,NHPC,38,20,"1,000",319.0,319000.0
2021072004035306,NHPC,21,20,350,319.0,111650.0
2021072004035305,NHPC,41,20,450,319.0,143550.0
2021072004035304,NHPC,17,20,125,319.0,39875.0
2021072004035303,NHPC,21,20,550,319.0,175450.0
2021072004035302,NHPC,58,20,100,319.0,31900.0
2021072004035594,NICGF,19,42,"5,000",17.11,85550.0
2021072004035493,NICGF,41,42,"5,000",17.11,85550.0
2021072004035387,NICGF,41,42,"10,000",17.11,171100.0
2021072004035577,NICL,44,50,250,1095.0,273750.0
2021072004035490,NICL,42,53,20,1091.0,21820.0
2021072004035489,NICL,51,53,20,1093.0,21860.0
2021072004035488,NICL,26,53,100,1093.2,109320.0
2021072004035487,NICL,29,53,100,1093.5,109350.0
2021072004035486,NICL,1,53,100,1094.0,109400.0
2021072004035233,NICL,42,49,40,1097.0,43880.0
2021072004035218,NICL,34,43,25,1098.0,27450.0
2021072004035196,NICL,57,43,10,1098.0,10980.0
2021072004035375,NICL,44,43,160,1098.0,175680.0
2021072004035374,NICL,44,54,90,1097.0,98730.0
2021072004035329,NICL,34,54,10,1097.0,10970.0
2021072004035315,NICL,47,43,10,1098.0,10980.0
2021072004035314,NICL,47,58,80,1097.0,87760.0
2021072004035269,NICL,38,43,50,1098.0,54900.0
2021072004035381,NICL,1,50,21,1095.0,22995.0
2021072004035380,NICL,22,50,50,1095.1,54755.0
2021072004035379,NICL,49,50,50,1095.2,54760.0
2021072004035378,NICL,46,50,50,1096.0,54800.0
2021072004035377,NICL,34,50,50,1096.0,54800.0
2021072004035376,NICL,7,50,100,1096.0,109600.0
2021072004035408,NICL,38,50,300,1095.0,328500.0
2021072004035386,NICL,49,50,190,1095.0,208050.0
2021072004035385,NICL,32,50,50,1095.0,54750.0
2021072004035384,NICL,7,50,85,1095.0,93075.0
2021072004035383,NICL,35,50,10,1095.0,10950.0
2021072004035382,NICL,1,50,100,1095.0,109500.0
2021072004035485,NICL,6,53,200,1094.0,218800.0
2021072004035484,NICL,29,53,50,1094.0,54700.0
2021072004035483,NICL,38,53,20,1094.0,21880.0
2021072004035449,NICL,58,50,400,1095.0,438000.0
2021072004035429,NICL,38,50,30,1095.0,32850.0
2021072004035423,NICL,38,14,30,1094.0,32820.0
2021072004035284,NLG,29,59,20,1241.0,24820.0
2021072004035283,NLG,59,59,60,1241.0,74460.0
2021072004035282,NLG,19,59,20,1241.0,24820.0
2021072004035281,NLG,33,59,10,1241.0,12410.0
2021072004035280,NLG,29,59,10,1241.0,12410.0
2021072004035619,NMB50,29,17,"4,400",16.8,73920.0
2021072004035618,NMB50,26,17,"1,700",16.8,28560.0
2021072004035576,NMB50,45,6,300,16.82,5046.0
2021072004035575,NMB50,45,22,"9,700",16.82,163154.0
2021072004035251,NMB50,58,22,"3,000",16.82,50460.0
2021072004035400,OHL,38,44,50,680.0,34000.0
2021072004035399,OHL,38,20,70,680.0,47600.0
2021072004035223,OHL,56,4,100,675.0,67500.0
2021072004035317,PIC,48,45,100,1209.8,120980.0
2021072004035195,PICL,57,38,20,844.0,16880.0
2021072004035194,PICL,4,38,25,844.0,21100.0
2021072004035193,PICL,56,38,50,844.0,42200.0
2021072004035525,PRIN,44,46,100,1015.0,101500.0
2021072004035524,PRIN,44,25,50,1015.0,50750.0
2021072004035523,PRIN,44,44,430,1015.0,436450.0
2021072004035522,PRIN,44,58,100,1015.0,101500.0
2021072004035521,PRIN,44,33,"1,000",1014.0,1014000.0
2021072004035520,PRIN,44,48,50,1014.0,50700.0
2021072004035448,PRIN,44,49,50,1004.0,50200.0
2021072004035215,PRIN,21,34,20,1010.0,20200.0
2021072004035214,PRIN,21,35,20,1010.0,20200.0
2021072004035213,PRIN,21,41,10,1004.0,10040.0
2021072004035507,PRIN,44,51,40,1010.0,40400.0
2021072004035506,PRIN,44,34,10,1010.0,10100.0
2021072004035505,PRIN,44,17,165,1010.0,166650.0
2021072004035504,PRIN,44,55,50,1009.0,50450.0
2021072004035503,PRIN,44,39,"1,006",1007.0,1013042.0
2021072004035502,PRIN,44,29,33,1005.0,33165.0
2021072004035513,PRIN,44,36,127,1010.0,128270.0
2021072004035512,PRIN,44,45,100,1010.0,101000.0
2021072004035511,PRIN,44,5,100,1010.0,101000.0
2021072004035510,PRIN,44,38,80,1010.0,80800.0
2021072004035509,PRIN,44,49,200,1010.0,202000.0
2021072004035508,PRIN,44,36,10,1010.0,10100.0
2021072004035519,PRIN,44,59,200,1014.0,202800.0
2021072004035518,PRIN,44,8,18,1014.0,18252.0
2021072004035517,PRIN,44,28,100,1012.0,101200.0
2021072004035516,PRIN,44,43,100,1010.0,101000.0
2021072004035515,PRIN,44,41,15,1010.0,15150.0
2021072004035514,PRIN,44,43,100,1010.0,101000.0
2021072004035492,RADHI,25,54,50,785.0,39250.0
2021072004035428,RADHI,17,54,12,785.0,9420.0
2021072004035358,RADHI,34,8,10,780.0,7800.0
2021072004035239,RADHI,54,45,12,786.0,9432.0
2021072004035191,RADHI,6,45,44,786.0,34584.0
2021072004035190,RADHI,6,48,156,786.0,122616.0
2021072004035496,RHPC,45,18,100,571.0,57100.0
2021072004035495,RHPC,58,18,353,571.0,201563.0
2021072004035409,RHPC,58,8,91,571.0,51961.0
2021072004035316,RHPC,58,6,283,571.0,161593.0
2021072004035277,RHPC,56,1,150,572.0,85800.0
2021072004035274,RHPC,58,18,273,571.0,155883.0
2021072004035621,RHPL,41,35,10,478.0,4780.0
2021072004035250,RHPL,58,37,449,476.0,213724.0
2021072004035249,RHPL,6,37,200,476.0,95200.0
2021072004035248,RHPL,6,37,60,476.0,28560.0
2021072004035617,RRHP,38,6,10,429.0,4290.0
2021072004035564,RRHP,47,26,140,428.0,59920.0
2021072004035430,RRHP,38,26,10,428.0,4280.0
2021072004035465,SAEF,35,14,"1,000",18.98,18980.0
2021072004035395,SAEF,22,14,"1,500",18.98,28470.0
2021072004035394,SAEF,22,52,"1,000",18.98,18980.0
2021072004035434,SEF,43,38,"5,000",15.71,78550.0
2021072004035585,SFMF,46,45,"4,000",18.1,72400.0
2021072004035532,SFMF,13,45,"1,000",18.1,18100.0
2021072004035234,SGI,19,59,80,745.1,59608.0
2021072004035527,SHPC,57,21,500,540.1,270050.0
2021072004035267,SHPC,34,41,50,540.3,27015.0
2021072004035240,SHPC,29,58,15,540.0,8100.0
2021072004035216,SHPC,7,41,500,540.3,270150.0
2021072004035559,SIC,17,55,85,1434.0,121890.0
2021072004035491,SIC,43,20,20,1435.0,28700.0
2021072004035285,SIC,35,20,30,1435.0,43050.0
2021072004035478,SICL,46,58,400,2048.0,819200.0
2021072004035467,SICL,33,58,10,2048.0,20480.0
2021072004035426,SICL,14,58,35,2049.0,71715.0
2021072004035326,SICL,14,56,15,2049.0,30735.0
2021072004035273,SICL,49,56,50,2049.0,102450.0
2021072004035584,SIGS2,49,3,100,15.79,1579.0
2021072004035501,SIGS2,45,3,"1,000",15.79,15790.0
2021072004035447,SIL,29,44,495,1080.0,534600.0
2021072004035446,SIL,16,44,10,1080.0,10800.0
2021072004035445,SIL,53,44,150,1080.0,162000.0
2021072004035444,SIL,51,44,25,1080.0,27000.0
2021072004035443,SIL,43,44,200,1080.0,216000.0
2021072004035442,SIL,52,44,50,1080.0,54000.0
2021072004035441,SIL,51,44,20,1081.0,21620.0
2021072004035440,SIL,43,44,50,1081.0,54050.0
2021072004035439,SIL,55,44,100,1081.0,108100.0
2021072004035438,SIL,41,44,50,1081.0,54050.0
2021072004035437,SIL,35,44,50,1081.0,54050.0
2021072004035418,SJCL,41,58,40,450.5,18020.0
2021072004035313,SJCL,56,14,10,452.0,4520.0
2021072004035220,SJCL,4,28,20,451.0,9020.0
2021072004035219,SJCL,38,28,180,451.0,81180.0
2021072005000058,SLBS,55,25,100,1778.0,177800.0
2021072005000052,SLBS,58,42,56,1779.9,99674.4
2021072005000047,SLBS,52,42,12,1779.9,21358.8
2021072005000046,SLBS,49,32,14,1761.0,24654.0
2021072005000042,SLBS,28,32,10,1761.0,17610.0
2021072005000033,SLBS,39,53,10,1760.0,17600.0
2021072005000032,SLBS,55,53,15,1760.0,26400.0
2021072005000031,SLBS,1,53,10,1760.0,17600.0
2021072005000030,SLBS,58,53,10,1765.9,17659.0
2021072005000009,SLBS,35,52,12,1757.0,21084.0
2021072005000008,SLBS,35,44,12,1757.0,21084.0
2021072004035593,SPDL,10,48,100,518.0,51800.0
2021072004035571,SPDL,10,48,50,518.0,25900.0
2021072004035526,SPDL,16,4,100,517.0,51700.0
2021072004035435,SPDL,45,48,100,518.0,51800.0
2021072004035346,SPDL,56,48,50,518.0,25900.0
2021072004035334,SPDL,56,50,50,518.0,25900.0
2021072004035312,SPDL,16,58,100,517.0,51700.0
2021072004035311,SPDL,59,58,100,517.0,51700.0
2021072004035185,SPDL,36,20,91,519.0,47229.0
2021072004035582,SSHL,56,19,145,347.0,50315.0
2021072004035581,SSHL,56,48,100,347.0,34700.0
2021072004035580,SSHL,56,48,50,347.0,17350.0
2021072004035579,SSHL,56,17,150,347.0,52050.0
2021072004035578,SSHL,56,56,555,347.0,192585.0
2021072004035464,SSHL,4,58,78,345.0,26910.0
2021072004035451,SSHL,58,58,30,346.0,10380.0
2021072004035450,SSHL,58,58,20,346.0,6920.0
2021072004035343,SSHL,54,56,160,347.0,55520.0
2021072004035342,SSHL,54,55,100,346.0,34600.0
2021072004035341,SSHL,54,38,100,346.0,34600.0
2021072004035340,SSHL,54,56,109,346.0,37714.0
2021072004035457,SSHL,1,58,405,345.1,139765.5
2021072004035456,SSHL,42,58,70,345.2,24164.0
2021072004035455,SSHL,16,58,100,345.5,34550.0
2021072004035454,SSHL,55,58,400,345.5,138200.0
2021072004035453,SSHL,6,58,140,345.5,48370.0
2021072004035452,SSHL,49,58,205,345.5,70827.5
2021072004035463,SSHL,52,58,50,345.0,17250.0
2021072004035462,SSHL,11,58,25,345.0,8625.0
2021072004035461,SSHL,54,58,50,345.0,17250.0
2021072004035460,SSHL,8,58,500,345.0,172500.0
2021072004035459,SSHL,49,58,200,345.0,69000.0
2021072004035458,SSHL,57,58,"1,000",345.1,345100.0
2021072004035589,STC,43,48,10,10750.0,107500.0
2021072004035588,STC,43,49,10,10750.0,107500.0
2021072004035573,STC,10,58,15,10750.0,161250.0
2021072004035572,STC,10,21,10,10750.0,107500.0
2021072004035412,STC,16,14,10,10725.0,107250.0
2021072004035500,TRH,25,44,50,434.0,21700.0
2021072004035499,TRH,25,52,300,433.0,129900.0
2021072004035498,TRH,25,49,250,433.0,108250.0
2021072004035497,TRH,25,36,265,433.0,114745.0
2021072004035420,TRH,33,36,50,433.0,21650.0
2021072004035419,TRH,33,6,450,432.0,194400.0
2021072004035241,TRH,58,59,200,431.1,86220.0
2021072004035198,TRH,21,37,670,432.0,289440.0
2021072004035247,TRH,25,59,40,430.1,17204.0
2021072004035246,TRH,43,59,500,430.1,215050.0
2021072004035245,TRH,46,59,100,431.0,43100.0
2021072004035244,TRH,50,59,30,431.0,12930.0
2021072004035243,TRH,21,59,100,431.0,43100.0
2021072004035242,TRH,54,59,30,431.0,12930.0
2021072004035345,TRH,54,36,170,433.0,73610.0
2021072004035344,TRH,54,37,330,432.0,142560.0
2021072004035436,UIC,4,7,10,760.0,7600.0
2021072004035232,UIC,4,34,300,760.0,228000.0
2021072004035231,UIC,4,19,18,759.0,13662.0
2021072004035230,UIC,4,5,200,759.0,151800.0
2021072004035229,UIC,4,54,21,757.0,15897.0
2021072004035228,UIC,4,34,796,757.0,602572.0
2021072004035227,UIC,4,45,10,755.0,7550.0
2021072004035226,UIC,4,47,940,755.0,709700.0
2021072004035225,UIC,4,17,500,752.0,376000.0
2021072004035224,UIC,4,45,215,751.0,161465.0
2021072004035616,UMHL,56,4,10,413.0,4130.0
2021072004035586,UMHL,34,4,10,413.0,4130.0
2021072004035533,UMHL,14,4,10,413.0,4130.0
2021072004035479,UMHL,16,4,10,413.0,4130.0
2021072004035393,UMHL,58,58,250,412.0,103000.0
2021072004035202,UMHL,7,20,200,412.0,82400.0
2021072004035201,UMHL,6,20,90,412.0,37080.0
2021072004035200,UMHL,4,20,50,412.0,20600.0
2021072004035199,UMHL,35,20,180,412.0,74160.0
2021072004035189,UMHL,45,4,98,413.0,40474.0
2021072004035188,UMHL,45,38,42,413.0,17346.0
2021072004035330,UMHL,58,58,50,412.0,20600.0
2021072004035265,UMHL,58,16,450,412.0,185400.0
2021072004035203,UMHL,58,20,826,412.0,340312.0
2021072004035266,UMRH,58,43,10,506.9,5069.0
2021072004035424,UMRH,14,41,10,502.0,5020.0
2021072004035563,UNHPL,21,36,91,394.0,35854.0
2021072004035475,UNHPL,33,36,100,394.0,39400.0
2021072004035474,UNHPL,51,36,100,394.0,39400.0
2021072004035473,UNHPL,17,36,"1,000",394.0,394000.0
2021072004035472,UNHPL,17,36,100,394.0,39400.0
2021072004035471,UNHPL,58,36,300,394.0,118200.0
2021072004035404,UNHPL,59,45,40,395.0,15800.0
2021072004035288,UNHPL,20,45,10,395.0,3950.0
2021072004035470,UNHPL,17,36,174,394.0,68556.0
2021072004035469,UNHPL,50,36,50,395.0,19750.0
2021072004035468,UNHPL,59,36,85,395.0,33575.0
2021072004035431,UNHPL,59,1,30,395.0,11850.0
2021072004035411,UNHPL,59,57,10,395.0,3950.0
2021072004035405,UNHPL,59,43,35,395.0,13825.0
2021072004035427,UPCL,44,34,100,318.0,31800.0
2021072004035357,UPCL,3,34,90,318.0,28620.0
2021072004035356,UPCL,3,25,50,318.0,15900.0
2021072004035276,UPCL,36,22,100,317.0,31700.0
2021072004035186,UPPER,6,35,250,686.0,171500.0
2021072004035339,UPPER,48,52,60,686.0,41160.0
2021072004035338,UPPER,51,52,300,686.0,205800.0
2021072004035272,UPPER,58,13,190,685.4,130226.0
2021072004035271,UPPER,42,13,120,686.0,82320.0
2021072004035270,UPPER,13,13,20,686.0,13720.0
2021072004035187,UPPER,58,35,50,685.4,34270.0
2021072004035425,UPPER,52,26,10,687.0,6870.0
2021072004035410,UPPER,39,57,60,686.0,41160.0
2021072004035360,UPPER,39,21,110,686.0,75460.0
2021072004035359,UPPER,48,21,40,686.0,27440.0
2021072004035174,AHPC,16,34,44,513.0,22572.0
2021072004035173,AHPC,21,34,140,513.0,71820.0
2021072004035172,AHPC,34,34,16,513.1,8209.6
2021072004035155,AHPC,34,57,50,513.1,25655.0
2021072004035111,AHPC,34,25,10,513.1,5131.0
2021072004035098,AHPC,21,19,100,513.0,51300.0
2021072004034688,AHPC,34,57,183,513.0,93879.0
2021072004034687,AHPC,21,57,17,513.0,8721.0
2021072004034768,AHPC,58,49,190,514.0,97660.0
2021072004034731,AHPC,25,49,225,514.0,115650.0
2021072004034730,AHPC,25,10,75,513.0,38475.0
2021072004034711,AHPC,54,49,367,514.0,188638.0
2021072004034710,AHPC,54,35,33,513.0,16929.0
2021072004034700,AHPC,34,35,17,513.0,8721.0
2021072004034985,AHPC,21,4,100,513.0,51300.0
2021072004034970,AHPC,45,18,250,513.8,128450.0
2021072004034957,AHPC,22,54,450,513.9,231255.0
2021072004034956,AHPC,22,33,50,513.9,25695.0
2021072004034944,AHPC,11,34,300,513.0,153900.0
2021072004034866,AHPC,42,33,50,513.9,25695.0
2021072004035097,AHPC,21,58,10,513.0,5130.0
2021072004035081,AHPC,45,32,50,513.8,25690.0
2021072004035080,AHPC,45,18,50,513.8,25690.0
2021072004035011,AHPC,21,41,500,513.0,256500.0
2021072004035010,AHPC,21,22,25,513.0,12825.0
2021072004034988,AHPC,21,32,125,513.0,64125.0
2021072004034796,AIL,45,58,60,839.0,50340.0
2021072004034725,AKJCL,38,34,50,291.0,14550.0
2021072004035115,AKPL,21,42,100,530.1,53010.0
2021072004034954,AKPL,42,14,19,530.1,10071.9
2021072004034953,AKPL,42,14,"3,043",530.2,1613398.6
2021072004034914,AKPL,42,39,"2,050",530.2,1086910.0
2021072004034913,AKPL,55,39,500,531.0,265500.0
2021072004034912,AKPL,57,39,100,531.0,53100.0
2021072004034911,AKPL,43,39,50,531.0,26550.0
2021072004034910,AKPL,51,39,150,531.0,79650.0
2021072004034909,AKPL,52,39,150,532.0,79800.0
2021072004034797,AKPL,48,13,200,533.0,106600.0
2021072004034779,AKPL,52,5,150,532.0,79800.0
2021072004034775,AKPL,49,49,100,532.0,53200.0
2021072004035143,API,14,42,55,429.0,23595.0
2021072004035142,API,1,42,45,429.1,19309.5
2021072004035137,API,1,43,50,429.1,21455.0
2021072004035106,API,1,57,155,429.1,66510.5
2021072004034990,API,1,16,150,429.1,64365.0
2021072004034982,API,1,20,100,429.1,42910.0
2021072004034697,API,50,28,20,429.0,8580.0
2021072004034696,API,40,28,344,429.0,147576.0
2021072004034803,API,57,47,100,429.0,42900.0
2021072004034743,API,45,47,65,429.0,27885.0
2021072004034716,API,50,47,450,429.0,193050.0
2021072004034715,API,50,26,50,429.0,21450.0
2021072004034708,API,5,35,964,429.1,413652.4
2021072004034707,API,5,28,36,429.0,15444.0
2021072004034889,API,33,41,35,429.3,15025.5
2021072004034888,API,33,35,"1,693",429.1,726466.3
2021072004034865,API,14,44,100,429.0,42900.0
2021072004034816,API,11,35,143,429.1,61361.3
2021072004034815,API,11,48,200,429.0,85800.0
2021072004034814,API,11,47,157,429.0,67353.0
2021072004034895,API,33,32,100,430.0,43000.0
2021072004034894,API,33,28,300,430.0,129000.0
2021072004034893,API,33,45,33,430.0,14190.0
2021072004034892,API,33,46,140,430.0,60200.0
2021072004034891,API,33,59,50,429.9,21495.0
2021072004034890,API,33,35,"1,000",429.8,429800.0
2021072004034901,API,33,43,129,430.0,55470.0
2021072004034900,API,33,45,130,430.0,55900.0
2021072004034899,API,33,46,50,430.0,21500.0
2021072004034898,API,33,42,10,430.0,4300.0
2021072004034897,API,33,55,20,430.0,8600.0
2021072004034896,API,33,13,355,430.0,152650.0
2021072004035109,BARUN,20,57,10,590.0,5900.0
2021072004035049,BARUN,20,57,10,590.0,5900.0
2021072004035034,BARUN,57,57,100,590.0,59000.0
2021072004035000,BARUN,17,20,400,580.0,232000.0
2021072004034999,BARUN,17,20,800,581.0,464800.0
2021072004034998,BARUN,17,20,700,581.0,406700.0
2021072004034997,BARUN,25,20,800,583.0,466400.0
2021072004034996,BARUN,43,20,100,584.0,58400.0
2021072004034995,BARUN,39,20,200,584.0,116800.0
2021072004034994,BARUN,39,20,"1,000",585.0,585000.0
2021072004034981,BARUN,57,57,200,590.0,118000.0
2021072004035029,BPCL,34,22,50,521.0,26050.0
2021072004035171,CHCL,29,57,150,686.0,102900.0
2021072004035170,CHCL,29,45,33,686.0,22638.0
2021072004034867,CHCL,42,45,50,686.0,34300.0
2021072004034830,CHCL,49,45,345,686.0,236670.0
2021072004034829,CHCL,49,1,19,685.9,13032.1
2021072004034794,CHL,57,56,398,525.0,208950.0
2021072004034793,CHL,57,53,150,525.0,78750.0
2021072004034792,CHL,57,1,92,525.0,48300.0
2021072004034791,CHL,57,57,100,524.0,52400.0
2021072004034790,CHL,57,42,260,524.0,136240.0
2021072004034781,CMF1,55,58,"3,500",14.15,49525.0
2021072004034984,CMF2,48,14,"1,500",15.34,23010.0
2021072004034875,CMF2,41,16,"1,000",15.33,15330.0
2021072004034858,CMF2,59,14,150,15.34,2301.0
2021072004035003,DHPL,49,26,20,282.5,5650.0
2021072004034942,DHPL,7,26,70,282.5,19775.0
2021072004034908,DHPL,45,26,150,282.5,42375.0
2021072004034845,DHPL,45,47,50,282.5,14125.0
2021072004034828,DHPL,57,45,130,284.0,36920.0
2021072004034827,DHPL,57,57,250,284.0,71000.0
2021072004034826,DHPL,57,58,600,284.0,170400.0
2021072004034825,DHPL,57,48,20,283.0,5660.0
2021072004034958,EIC,13,1,25,771.9,19297.5
2021072004034883,EIC,45,14,93,769.0,71517.0
2021072004034759,EIC,26,14,100,770.0,77000.0
2021072004034709,EIC,45,14,87,770.0,66990.0
2021072004034987,GHL,41,35,100,306.0,30600.0
2021072004034986,GHL,41,25,20,306.0,6120.0
2021072004034978,GHL,21,22,20,305.0,6100.0
2021072004034977,GHL,47,22,10,305.0,3050.0
2021072004034885,GIC,45,41,10,714.0,7140.0
2021072004034973,GIC,45,47,10,714.0,7140.0
2021072004034844,GIMES1,44,17,"5,000",22.1,110500.0
2021072004035165,GLH,36,8,928,381.0,353568.0
2021072004035164,GLH,58,8,72,381.0,27432.0
2021072004035035,GLH,58,42,10,381.0,3810.0
2021072004035030,GLH,41,57,10,381.1,3811.0
2021072004034729,GLH,58,45,10,381.0,3810.0
2021072004034728,GLH,46,45,20,381.0,7620.0
2021072004035046,HDHPC,7,26,100,298.0,29800.0
2021072004035036,HDHPC,37,39,180,297.1,53478.0
2021072004034993,HDHPC,54,26,100,298.0,29800.0
2021072004034992,HDHPC,54,22,900,297.9,268110.0
2021072004034857,HDHPC,37,50,540,297.1,160434.0
2021072004034852,HDHPC,37,38,200,297.1,59420.0
2021072004034802,HDHPC,45,42,100,298.0,29800.0
2021072004034821,HGI,41,45,20,800.0,16000.0
2021072004034727,HGI,44,42,10,800.0,8000.0
2021072004034726,HGI,51,42,36,801.0,28836.0
2021072004034941,HPPL,42,51,183,539.0,98637.0
2021072004034940,HPPL,42,38,20,539.0,10780.0
2021072004034939,HPPL,42,8,154,539.0,83006.0
2021072004034938,HPPL,42,49,50,539.0,26950.0
2021072004034937,HPPL,42,10,50,539.0,26950.0
2021072004034936,HPPL,42,43,150,539.0,80850.0
2021072004034917,HPPL,42,21,100,535.0,53500.0
2021072004034916,HPPL,42,57,40,535.0,21400.0
2021072004034915,HPPL,42,22,50,534.0,26700.0
2021072004034822,HPPL,6,39,50,532.1,26605.0
2021072004034923,HPPL,42,41,145,536.0,77720.0
2021072004034922,HPPL,42,32,100,536.0,53600.0
2021072004034921,HPPL,42,11,200,536.0,107200.0
2021072004034920,HPPL,42,57,30,536.0,16080.0
2021072004034919,HPPL,42,3,500,535.0,267500.0
2021072004034918,HPPL,42,50,135,535.0,72225.0
2021072004034929,HPPL,42,58,60,537.0,32220.0
2021072004034928,HPPL,42,36,20,537.0,10740.0
2021072004034927,HPPL,42,22,50,537.0,26850.0
2021072004034926,HPPL,42,28,50,537.0,26850.0
2021072004034925,HPPL,42,58,64,537.0,34368.0
2021072004034924,HPPL,42,45,90,537.0,48330.0
2021072004034935,HPPL,42,8,30,539.0,16170.0
2021072004034934,HPPL,42,8,100,539.0,53900.0
2021072004034933,HPPL,42,39,100,538.0,53800.0
2021072004034932,HPPL,42,57,10,538.0,5380.0
2021072004034931,HPPL,42,49,500,538.0,269000.0
2021072004034930,HPPL,42,5,19,538.0,10222.0
2021072004034989,HURJA,44,57,200,387.0,77400.0
2021072004035093,IGI,45,52,10,1235.0,12350.0
2021072004034878,IGI,25,42,50,1226.0,61300.0
2021072004034877,IGI,56,42,50,1226.5,61325.0
2021072004035052,JOSHI,54,57,50,295.3,14765.0
2021072004035009,JOSHI,58,22,100,295.3,29530.0
2021072004034979,JOSHI,4,49,50,295.5,14775.0
2021072004034805,JOSHI,58,58,50,295.3,14765.0
2021072004034770,JOSHI,58,41,45,295.3,13288.5
2021072004034699,JOSHI,29,28,85,295.0,25075.0
2021072004034698,JOSHI,42,28,25,295.0,7375.0
2021072004035039,KKHC,44,51,16,279.5,4472.0
2021072004034722,KPCL,4,34,210,508.0,106680.0
2021072004034721,KPCL,55,34,70,508.0,35560.0
2021072004034767,KPCL,58,50,30,509.0,15270.0
2021072004034766,KPCL,58,19,10,509.0,5090.0
2021072004034833,KPCL,58,32,10,509.0,5090.0
2021072004034834,LEMF,18,53,"1,000",16.05,16050.0
2021072004035113,LGIL,14,7,100,817.0,81700.0
2021072004035063,LGIL,49,41,220,815.1,179322.0
2021072004035062,LGIL,46,41,120,815.1,97812.0
2021072004035061,LGIL,45,41,30,815.1,24453.0
2021072004035060,LGIL,35,41,50,815.2,40760.0
2021072004035059,LGIL,43,41,80,815.2,65216.0
2021072004034855,MEN,6,46,60,949.0,56940.0
2021072004034843,MEN,39,40,340,952.0,323680.0
2021072004034842,MEN,39,34,10,952.0,9520.0
2021072004034841,MEN,39,14,20,952.0,19040.0
2021072004034840,MEN,39,36,10,952.0,9520.0
2021072004034839,MEN,39,38,50,951.0,47550.0
2021072004034838,MEN,39,45,10,951.0,9510.0
2021072004034837,MEN,39,41,50,950.0,47500.0
2021072004034685,MEN,39,17,10,950.0,9500.0
2021072004035169,MHNL,58,34,10,411.0,4110.0
2021072004035045,MHNL,34,57,200,410.4,82080.0
2021072004034764,MHNL,21,34,90,411.0,36990.0
2021072004034763,MHNL,21,36,910,411.0,374010.0
2021072004034723,MHNL,46,36,"1,000",411.0,411000.0
2021072004035012,NBF2,59,58,"10,000",15.7,157000.0
2021072004035075,NGPL,19,38,64,630.0,40320.0
2021072004035074,NGPL,32,38,50,631.0,31550.0
2021072004035038,NGPL,32,21,100,631.0,63100.0
2021072004034784,NGPL,50,38,500,631.0,315500.0
2021072004034783,NGPL,50,5,320,631.0,201920.0
2021072004035138,NHDL,44,25,100,494.0,49400.0
2021072004034876,NHDL,38,28,10,494.0,4940.0
2021072004035158,NHPC,22,6,248,320.0,79360.0
2021072004035157,NHPC,22,35,252,320.0,80640.0
2021072004035112,NHPC,57,21,50,319.5,15975.0
2021072004035092,NHPC,45,35,348,320.0,111360.0
2021072004035091,NHPC,45,38,"1,000",320.0,320000.0
2021072004035090,NHPC,45,54,100,320.0,32000.0
2021072004034738,NHPC,58,52,358,320.0,114560.0
2021072004034737,NHPC,58,33,642,320.0,205440.0
2021072004034864,NHPC,45,5,28,320.0,8960.0
2021072004034863,NHPC,45,52,142,320.0,45440.0
2021072004034862,NHPC,45,58,30,319.9,9597.0
2021072004034854,NHPC,32,58,150,319.9,47985.0
2021072004034809,NHPC,45,58,20,319.9,6398.0
2021072004034806,NHPC,17,58,300,319.9,95970.0
2021072004035089,NHPC,45,5,32,320.0,10240.0
2021072004035088,NHPC,45,58,80,319.8,25584.0
2021072004035004,NHPC,58,5,10,320.0,3200.0
2021072004034976,NHPC,48,5,10,320.0,3200.0
2021072004034946,NHPC,4,4,100,319.8,31980.0
2021072004034906,NHPC,44,4,100,319.8,31980.0
2021072004034760,NIBLPF,32,58,"10,000",17.0,170000.0
2021072004035101,NIBSF1,35,28,"5,000",15.8,79000.0
2021072004035027,NIBSF1,49,28,120,15.8,1896.0
2021072004035082,NICBF,49,47,"12,000",15.75,189000.0
2021072004035041,NICBF,34,47,"6,300",15.75,99225.0
2021072004035040,NICBF,34,47,"43,700",15.75,688275.0
2021072004035168,NICL,42,37,55,1097.0,60335.0
2021072004035167,NICL,33,37,100,1097.0,109700.0
2021072004035166,NICL,20,37,150,1097.0,164550.0
2021072004035160,NICL,55,43,100,1098.0,109800.0
2021072004035159,NICL,55,45,300,1098.0,329400.0
2021072004035087,NICL,48,43,100,1098.0,109800.0
2021072004034820,NICL,35,25,100,1098.0,109800.0
2021072004034811,NICL,35,38,200,1098.0,219600.0
2021072004034801,NICL,35,4,100,1098.0,109800.0
2021072004034769,NICL,35,41,200,1098.0,219600.0
2021072004034717,NICL,35,14,60,1097.0,65820.0
2021072004034694,NICL,58,14,10,1097.0,10970.0
2021072004035024,NICL,38,33,90,1098.0,98820.0
2021072004034961,NICL,38,33,10,1098.0,10980.0
2021072004034960,NICL,35,33,"1,200",1098.0,1317600.0
2021072004034959,NICL,35,42,15,1098.0,16470.0
2021072004034955,NICL,56,10,400,1099.0,439600.0
2021072004034856,NICL,35,20,400,1098.0,439200.0
2021072004035083,NICL,59,43,100,1098.0,109800.0
2021072004035076,NICL,11,43,50,1098.0,54900.0
2021072004035072,NICL,26,43,130,1098.0,142740.0
2021072004035071,NICL,26,17,170,1098.0,186660.0
2021072004035044,NICL,40,17,200,1098.0,219600.0
2021072004035025,NICL,38,17,130,1098.0,142740.0
2021072004034882,NIL,33,34,50,1391.0,69550.0
2021072004034881,NIL,33,14,26,1391.0,36166.0
2021072004034880,NIL,33,54,12,1390.8,16689.6
2021072004034734,NIL,47,54,25,1390.8,34770.0
2021072004034902,NLG,25,59,100,1242.0,124200.0
2021072004034824,NLG,55,59,100,1242.0,124200.0
2021072004034823,NLG,42,59,50,1242.0,62100.0
2021072004035156,NMB50,47,22,"2,000",16.82,33640.0
2021072004035073,NMB50,34,22,"49,000",16.82,824180.0
2021072004035008,NMB50,34,6,"2,600",16.83,43758.0
2021072004035007,NMB50,34,3,"2,400",16.83,40392.0
2021072004034757,NMB50,34,3,"1,000",16.82,16820.0
2021072004034948,NMBHF1,46,6,600,15.14,9084.0
2021072004035079,OHL,41,20,130,680.0,88400.0
2021072004035078,OHL,41,46,190,678.0,128820.0
2021072004035006,OHL,32,46,200,678.0,135600.0
2021072004035005,OHL,49,46,10,678.0,6780.0
2021072004034952,OHL,16,20,100,680.0,68000.0
2021072004034945,OHL,22,20,20,680.0,13600.0
2021072004034787,PIC,41,7,36,1206.0,43416.0
2021072004034786,PIC,43,7,80,1208.0,96640.0
2021072004034782,PIC,43,54,20,1208.0,24160.0
2021072004035068,PICL,37,32,40,845.0,33800.0
2021072004035183,PMHPL,49,33,581,305.8,177669.8
2021072004035182,PMHPL,52,33,"1,000",305.8,305800.0
2021072004035181,PMHPL,35,33,714,305.8,218341.2
2021072004035180,PMHPL,36,33,120,305.9,36708.0
2021072004035179,PMHPL,49,33,"1,000",306.0,306000.0
2021072004035178,PMHPL,51,33,200,306.0,61200.0
2021072004035177,PMHPL,57,33,100,307.0,30700.0
2021072004035176,PMHPL,51,33,230,307.0,70610.0
2021072004035175,PMHPL,29,33,"1,055",307.0,323885.0
2021072004034732,PMHPL,29,46,215,307.0,66005.0
2021072004034907,PPCL,49,32,30,419.0,12570.0
2021072004034831,PPCL,28,38,300,419.0,125700.0
2021072004035058,PRIN,44,32,340,1003.0,341020.0
2021072004035057,PRIN,44,32,10,1004.0,10040.0
2021072004035056,PRIN,49,32,100,1005.0,100500.0
2021072004035055,PRIN,38,32,50,1009.0,50450.0
2021072004035023,PRIN,38,38,20,1009.0,20180.0
2021072004035022,PRIN,38,32,31,1009.0,31279.0
2021072004034874,PRIN,44,38,"1,990",1004.0,1997960.0
2021072004034873,PRIN,6,38,10,1006.0,10060.0
2021072004035021,PRIN,38,45,88,1009.0,88792.0
2021072004035020,PRIN,38,58,11,1008.0,11088.0
2021072004035019,PRIN,38,34,50,1008.0,50400.0
2021072004035018,PRIN,38,59,100,1008.0,100800.0
2021072004035017,PRIN,38,5,20,1008.0,20160.0
2021072004035016,PRIN,38,14,50,1008.0,50400.0
2021072004035136,RADHI,47,32,64,780.0,49920.0
2021072004035135,RADHI,6,32,100,780.0,78000.0
2021072004035134,RADHI,29,32,300,780.0,234000.0
2021072004035133,RADHI,38,32,100,780.0,78000.0
2021072004035132,RADHI,47,32,100,780.0,78000.0
2021072004035131,RADHI,56,32,500,780.0,390000.0
2021072004034871,RADHI,54,48,12,786.0,9432.0
2021072004034851,RADHI,34,48,100,786.0,78600.0
2021072004034799,RADHI,21,48,15,786.0,11790.0
2021072004034798,RADHI,14,48,322,786.0,253092.0
2021072004034765,RADHI,53,11,63,786.5,49549.5
2021072004034686,RADHI,14,48,98,786.0,77028.0
2021072004035118,RADHI,47,32,200,785.0,157000.0
2021072004035117,RADHI,57,32,100,785.0,78500.0
2021072004035105,RADHI,45,48,30,786.0,23580.0
2021072004035051,RADHI,6,48,50,786.0,39300.0
2021072004034980,RADHI,6,48,300,786.0,235800.0
2021072004034872,RADHI,53,48,15,786.0,11790.0
2021072004035124,RADHI,37,32,40,782.0,31280.0
2021072004035123,RADHI,41,32,20,782.0,15640.0
2021072004035122,RADHI,57,32,40,782.0,31280.0
2021072004035121,RADHI,58,32,197,783.0,154251.0
2021072004035120,RADHI,41,32,50,784.0,39200.0
2021072004035119,RADHI,58,32,74,784.0,58016.0
2021072004035130,RADHI,10,32,200,781.0,156200.0
2021072004035129,RADHI,35,32,200,781.0,156200.0
2021072004035128,RADHI,34,32,100,781.0,78100.0
2021072004035127,RADHI,6,32,500,781.0,390500.0
2021072004035126,RADHI,52,32,100,781.0,78100.0
2021072004035125,RADHI,21,32,15,782.0,11730.0
2021072004034991,RBCL,47,59,10,21000.0,210000.0
2021072004034853,RBCL,29,59,10,21000.0,210000.0
2021072004034788,RBCL,53,59,15,21000.0,315000.0
2021072004034753,RBCL,49,59,10,21000.0,210000.0
2021072004035032,RHPC,25,6,92,570.0,52440.0
2021072004034861,RHPC,32,1,850,572.0,486200.0
2021072004035001,RHPL,55,35,100,478.0,47800.0
2021072004034810,RHPL,59,35,10,478.0,4780.0
2021072004034736,RHPL,6,42,20,476.0,9520.0
2021072004034735,RHPL,22,42,30,477.0,14310.0
2021072004034724,RHPL,22,58,40,477.0,19080.0
2021072004035066,RRHP,1,26,150,428.0,64200.0
2021072004035065,RRHP,1,47,180,428.0,77040.0
2021072004035064,RRHP,1,53,170,428.0,72760.0
2021072004035002,SAEF,1,49,"1,500",18.95,28425.0
2021072004034887,SAEF,1,6,"3,500",18.95,66325.0
2021072004034780,SAEF,1,17,100,18.95,1895.0
2021072004034761,SAEF,1,58,"2,950",18.95,55902.5
2021072004035151,SEF,35,38,"2,000",15.71,31420.0
2021072004034789,SEF,42,55,"2,000",15.7,31400.0
2021072004035145,SFMF,6,45,100,18.1,1810.0
2021072004035099,SFMF,42,45,"1,000",18.1,18100.0
2021072004035096,SFMF,54,45,"5,000",18.1,90500.0
2021072004035095,SFMF,46,45,"4,000",18.1,72400.0
2021072004035094,SFMF,58,45,"6,653",18.1,120419.3
2021072004034868,SFMF,58,45,"5,000",18.19,90950.0
2021072004034720,SFMF,42,45,"20,000",18.19,363800.0
2021072004034714,SFMF,21,45,"1,400",18.2,25480.0
2021072004034713,SFMF,42,45,"5,000",18.21,91050.0
2021072004034712,SFMF,25,45,"5,000",18.22,91100.0
2021072004035043,SGI,32,49,50,746.0,37300.0
2021072004034846,SGI,19,42,10,745.1,7451.0
2021072004034777,SGI,19,1,10,745.1,7451.0
2021072004034776,SGI,32,1,10,746.0,7460.0
2021072004035054,SHL,51,29,100,272.0,27200.0
2021072004034870,SHL,51,52,400,273.0,109200.0
2021072004034869,SHL,51,57,200,273.0,54600.0
2021072004034850,SHL,47,4,147,273.0,40131.0
2021072004034849,SHL,47,1,103,273.0,28119.0
2021072004035104,SHPC,29,56,948,540.0,511920.0
2021072004035103,SHPC,41,56,100,540.0,54000.0
2021072004035102,SHPC,45,56,60,540.0,32400.0
2021072004034817,SHPC,58,56,30,541.0,16230.0
2021072004034966,SHPC,39,8,500,540.2,270100.0
2021072004034965,SHPC,59,8,300,540.3,162090.0
2021072004034964,SHPC,49,8,260,540.3,140478.0
2021072004034951,SHPC,49,58,40,540.3,21612.0
2021072004034950,SHPC,14,56,200,541.0,108200.0
2021072004034835,SHPC,10,56,500,541.0,270500.0
2021072004034968,SHPC,45,8,440,540.0,237600.0
2021072004034967,SHPC,25,8,500,540.2,270100.0
2021072004034963,SIC,17,55,15,1434.0,21510.0
2021072004034962,SIC,17,55,85,1434.0,121890.0
2021072004034884,SICL,25,14,100,2048.9,204890.0
2021072004034859,SICL,57,56,40,2049.0,81960.0
2021072004034847,SICL,17,56,23,2049.0,47127.0
2021072004034949,SIGS2,43,47,"50,000",15.67,783500.0
2021072004034848,SIGS2,43,6,"43,700",15.67,684779.0
2021072004034733,SIGS2,43,47,"104,690",15.65,1638398.5
2021072004035028,SIL,21,11,50,1082.0,54100.0
2021072004034836,SIL,51,11,50,1083.0,54150.0
2021072004035037,SJCL,38,58,20,451.0,9020.0
2021072004034879,SJCL,49,42,20,450.2,9004.0
2021072004035184,SPDL,36,39,89,518.0,46102.0
2021072004035144,SPDL,45,39,11,518.0,5698.0
2021072004035141,SPDL,58,20,11,519.0,5709.0
2021072004035140,SPDL,58,17,89,519.0,46191.0
2021072004035114,SPDL,14,17,10,519.0,5190.0
2021072004035053,SPDL,21,17,17,519.0,8823.0
2021072004034748,SPDL,45,1,200,520.0,104000.0
2021072004034747,SPDL,4,1,200,520.0,104000.0
2021072004034755,SPDL,28,17,200,519.0,103800.0
2021072004034754,SPDL,16,17,90,519.0,46710.0
2021072004034752,SPDL,16,1,110,519.0,57090.0
2021072004034751,SPDL,16,1,800,519.0,415200.0
2021072004034750,SPDL,6,1,500,520.0,260000.0
2021072004034749,SPDL,38,1,200,520.0,104000.0
2021072004035015,SPDL,45,38,100,518.0,51800.0
2021072004035014,SPDL,20,38,100,518.0,51800.0
2021072004035013,SPDL,50,38,400,518.0,207200.0
2021072004034947,SPDL,50,45,500,518.0,259000.0
2021072004034762,SPDL,58,17,200,519.0,103800.0
2021072004034756,SPDL,22,17,294,519.0,152586.0
2021072004035107,SSHL,13,56,150,346.0,51900.0
2021072004034832,SSHL,49,58,160,345.5,55280.0
2021072004034785,STC,42,29,10,10750.0,107500.0
2021072004035153,TRH,21,4,330,432.0,142560.0
2021072004035152,TRH,26,4,170,432.0,73440.0
2021072004035108,TRH,37,36,300,433.0,129900.0
2021072004035085,TRH,26,54,330,432.0,142560.0
2021072004035084,TRH,59,54,170,432.0,73440.0
2021072004034746,TRH,25,33,10,433.0,4330.0
2021072004034695,TRH,41,44,200,434.0,86800.0
2021072004034905,TRH,50,36,10,433.0,4330.0
2021072004034904,TRH,1,36,100,433.0,43300.0
2021072004034903,TRH,25,36,105,433.0,45465.0
2021072004035042,UIC,34,45,10,751.0,7510.0
2021072004034758,UIC,1,17,175,748.0,130900.0
2021072004035163,UMHL,35,50,320,412.0,131840.0
2021072004035162,UMHL,35,50,40,412.0,16480.0
2021072004035161,UMHL,58,50,340,412.0,140080.0
2021072004034691,UMHL,49,38,190,412.0,78280.0
2021072004034690,UMHL,26,38,550,412.0,226600.0
2021072004034704,UMHL,17,38,500,411.5,205750.0
2021072004034703,UMHL,53,38,255,411.5,104932.5
2021072004034702,UMHL,26,38,75,411.6,30870.0
2021072004034701,UMHL,8,38,40,412.0,16480.0
2021072004034693,UMHL,8,38,460,412.0,189520.0
2021072004034692,UMHL,57,38,500,412.0,206000.0
2021072004034745,UMHL,42,7,35,412.0,14420.0
2021072004034744,UMHL,6,7,50,412.0,20600.0
2021072004034719,UMHL,29,38,130,413.0,53690.0
2021072004034718,UMHL,29,14,70,412.6,28882.0
2021072004034706,UMHL,34,38,"1,430",411.0,587730.0
2021072004034705,UMHL,45,38,200,411.3,82260.0
2021072004034778,UMHL,50,22,10,412.0,4120.0
2021072004034774,UMHL,4,38,60,413.0,24780.0
2021072004034773,UMHL,4,41,25,412.0,10300.0
2021072004034772,UMHL,4,20,500,412.0,206000.0
2021072004034771,UMHL,4,7,415,412.0,170980.0
2021072004035050,UMHL,58,10,500,412.0,206000.0
2021072004034975,UMHL,58,51,160,412.0,65920.0
2021072004034974,UMHL,50,51,40,412.0,16480.0
2021072004034972,UMHL,38,38,500,413.0,206500.0
2021072004034819,UMRH,58,49,10,507.0,5070.0
2021072004034818,UMRH,58,45,70,506.0,35420.0
2021072004034969,UMRH,14,42,10,502.0,5020.0
2021072004034808,UNHPL,52,45,200,395.0,79000.0
2021072004034807,UNHPL,52,58,294,395.0,116130.0
2021072004035150,UPCL,36,50,425,317.0,134725.0
2021072004035149,UPCL,26,50,100,317.0,31700.0
2021072004035148,UPCL,49,50,10,317.0,3170.0
2021072004035147,UPCL,21,50,40,317.0,12680.0
2021072004035146,UPCL,42,50,125,317.0,39625.0
2021072004035110,UPCL,42,29,50,317.0,15850.0
2021072004034943,UPCL,42,32,200,317.0,63400.0
2021072004034795,UPCL,42,57,500,317.0,158500.0
2021072004034689,UPCL,42,49,25,317.0,7925.0
2021072004035048,UPCL,46,34,10,318.0,3180.0
2021072004035047,UPCL,46,25,"1,490",318.0,473820.0
2021072004035033,UPCL,44,25,10,318.0,3180.0
2021072004034983,UPCL,42,25,50,317.0,15850.0
2021072004034971,UPCL,42,55,250,317.0,79250.0
2021072004035154,UPPER,53,8,16,686.0,10976.0
2021072004035139,UPPER,53,47,50,686.0,34300.0
2021072004035116,UPPER,53,22,55,686.0,37730.0
2021072004035100,UPPER,53,48,186,686.0,127596.0
2021072004035086,UPPER,53,48,200,686.0,137200.0
2021072004034741,UPPER,49,19,80,685.5,54840.0
2021072004034740,UPPER,39,19,25,686.0,17150.0
2021072004034739,UPPER,49,19,10,686.5,6865.0
2021072004034812,UPPER,55,33,990,685.2,678348.0
2021072004034804,UPPER,38,48,10,686.0,6860.0
2021072004034800,UPPER,48,48,100,686.0,68600.0
2021072004034742,UPPER,58,19,95,685.3,65103.5
2021072004034886,UPPER,59,43,240,685.2,164448.0
2021072004034860,UPPER,42,48,129,686.0,88494.0
2021072004034813,UPPER,59,33,10,685.2,6852.0
2021072004035077,UPPER,58,43,240,685.4,164496.0
2021072004035070,UPPER,44,58,50,685.2,34260.0
2021072004035069,UPPER,59,58,250,685.2,171300.0
2021072004035067,UPPER,49,48,200,686.0,137200.0
2021072004035031,UPPER,39,48,25,686.0,17150.0
2021072004035026,UPPER,57,48,150,686.0,102900.0
2021072004034666,AHPC,21,32,28,513.0,14364.0
2021072004034665,AHPC,11,32,200,513.0,102600.0
2021072004034664,AHPC,50,32,100,513.0,51300.0
2021072004034663,AHPC,53,32,200,513.0,102600.0
2021072004034662,AHPC,33,32,50,513.0,25650.0
2021072004034661,AHPC,36,32,75,513.0,38475.0
2021072004034215,AHPC,34,52,50,514.0,25700.0
2021072004034214,AHPC,34,57,20,514.0,10280.0
2021072004034213,AHPC,34,57,30,514.0,15420.0
2021072004034212,AHPC,34,21,100,514.0,51400.0
2021072004034199,AHPC,1,41,350,513.9,179865.0
2021072004034198,AHPC,44,41,400,513.9,205560.0
2021072004034425,AHPC,29,40,100,514.0,51400.0
2021072004034332,AHPC,55,43,92,514.0,47288.0
2021072004034319,AHPC,1,56,250,513.9,128475.0
2021072004034282,AHPC,34,43,108,514.0,55512.0
2021072004034262,AHPC,34,38,200,514.0,102800.0
2021072004034253,AHPC,34,33,292,514.0,150088.0
2021072004034480,AHPC,26,49,160,514.0,82240.0
2021072004034479,AHPC,26,47,30,514.0,15420.0
2021072004034478,AHPC,26,10,10,514.0,5140.0
2021072004034451,AHPC,52,10,90,514.0,46260.0
2021072004034450,AHPC,52,1,10,514.0,5140.0
2021072004034428,AHPC,1,52,30,513.9,15417.0
2021072004034536,AHPC,1,22,"1,703",513.0,873639.0
2021072004034535,AHPC,58,22,500,513.1,256550.0
2021072004034534,AHPC,21,22,200,513.9,102780.0
2021072004034533,AHPC,1,22,97,513.9,49848.3
2021072004034511,AHPC,45,49,500,514.0,257000.0
2021072004034482,AHPC,1,56,23,513.9,11819.7
2021072004034660,AHPC,1,32,"2,347",513.0,1204011.0
2021072004034598,AHPC,55,49,400,514.0,205600.0
2021072004034586,AHPC,54,49,100,514.0,51400.0
2021072004034585,AHPC,54,33,100,513.9,51390.0
2021072004034580,AHPC,1,7,94,513.0,48222.0
2021072004034550,AHPC,25,49,700,514.0,359800.0
2021072004034372,AKJCL,57,34,10,291.0,2910.0
2021072004034340,AKJCL,59,44,200,290.1,58020.0
2021072004034643,AKPL,42,38,37,533.0,19721.0
2021072004034642,AKPL,42,49,359,533.0,191347.0
2021072004034630,AKPL,45,38,13,533.0,6929.0
2021072004034593,AKPL,58,14,287,534.0,153258.0
2021072004034592,AKPL,58,56,13,533.0,6929.0
2021072004034513,AKPL,45,14,100,534.0,53400.0
2021072004034409,AKPL,28,1,100,533.1,53310.0
2021072004034285,AKPL,37,6,98,533.0,52234.0
2021072004034273,AKPL,34,20,500,533.0,266500.0
2021072004034251,AKPL,49,14,400,534.0,213600.0
2021072004034485,AKPL,13,10,400,531.0,212400.0
2021072004034484,AKPL,37,10,252,532.0,134064.0
2021072004034483,AKPL,29,10,231,532.0,122892.0
2021072004034431,AKPL,38,1,200,533.0,106600.0
2021072004034411,AKPL,49,1,10,533.0,5330.0
2021072004034410,AKPL,49,1,20,533.0,10660.0
2021072004034493,AKPL,39,14,"2,800",534.0,1495200.0
2021072004034492,AKPL,39,45,100,533.0,53300.0
2021072004034491,AKPL,39,1,"2,100",533.0,1119300.0
2021072004034489,AKPL,34,1,70,533.0,37310.0
2021072004034487,AKPL,42,10,"4,907",530.2,2601691.4
2021072004034486,AKPL,34,10,10,530.5,5305.0
2021072004034676,API,40,6,25,429.0,10725.0
2021072004034653,API,40,41,131,429.0,56199.0
2021072004034652,API,43,41,89,429.0,38181.0
2021072004034629,API,43,32,10,429.0,4290.0
2021072004034597,API,43,32,300,429.0,128700.0
2021072004034439,API,43,42,200,429.0,85800.0
2021072004034306,API,49,46,10,430.0,4300.0
2021072004034218,API,41,33,50,429.0,21450.0
2021072004034207,API,41,42,46,429.0,19734.0
2021072004034206,API,41,35,"1,800",429.0,772200.0
2021072004034197,API,33,37,328,428.0,140384.0
2021072004034196,API,11,37,500,428.1,214050.0
2021072004034438,API,7,35,200,429.1,85820.0
2021072004034363,API,43,44,401,429.0,172029.0
2021072004034362,API,35,44,20,429.0,8580.0
2021072004034361,API,41,44,79,429.0,33891.0
2021072004034330,API,41,22,25,429.0,10725.0
2021072004034307,API,58,46,50,430.0,21500.0
2021072004034524,BARUN,28,34,10,592.0,5920.0
2021072004034523,BARUN,28,10,40,591.0,23640.0
2021072004034471,BARUN,28,10,60,591.0,35460.0
2021072004034470,BARUN,28,58,50,589.0,29450.0
2021072004034455,BARUN,13,58,50,589.0,29450.0
2021072004034406,BARUN,28,35,66,586.0,38676.0
2021072004034219,BARUN,45,54,1,588.0,588.0
2021072004034193,BARUN,33,39,100,587.0,58700.0
2021072004034192,BARUN,4,39,15,587.0,8805.0
2021072004034381,BARUN,28,48,100,586.0,58600.0
2021072004034350,BARUN,22,39,85,587.0,49895.0
2021072004034338,BARUN,28,58,84,586.0,49224.0
2021072004034337,BARUN,7,58,10,586.0,5860.0
2021072004034336,BARUN,46,58,39,586.0,22854.0
2021072004034551,BPCL,42,33,200,521.8,104360.0
2021072004034294,BPCL,41,51,100,521.0,52100.0
2021072004034293,BPCL,48,51,50,521.0,26050.0
2021072004034292,BPCL,44,51,26,521.0,13546.0
2021072004034271,BPCL,44,52,100,521.0,52100.0
2021072004034499,BPCL,47,35,85,521.0,44285.0
2021072004034498,BPCL,45,35,100,521.0,52100.0
2021072004034497,BPCL,34,35,484,521.0,252164.0
2021072004034296,BPCL,57,35,80,521.5,41720.0
2021072004034295,BPCL,34,51,16,521.0,8336.0
2021072004034651,CHCL,22,45,52,686.0,35672.0
2021072004034589,CHCL,49,45,20,687.0,13740.0
2021072004034519,CHCL,49,11,100,687.0,68700.0
2021072004034518,CHCL,49,25,100,687.0,68700.0
2021072004034517,CHCL,49,45,15,687.0,10305.0
2021072004034516,CHCL,49,14,40,686.0,27440.0
2021072004034515,CHCL,49,21,225,686.0,154350.0
2021072004034266,CHCL,42,58,65,684.0,44460.0
2021072004034265,CHCL,6,58,20,685.0,13700.0
2021072004034264,CHCL,42,58,45,685.0,30825.0
2021072004034200,CHCL,33,21,150,686.0,102900.0
2021072004034674,CHL,8,14,120,523.0,62760.0
2021072004034673,CHL,28,14,50,523.0,26150.0
2021072004034672,CHL,45,14,100,523.0,52300.0
2021072004034671,CHL,35,14,200,523.0,104600.0
2021072004034670,CHL,35,14,280,523.0,146440.0
2021072004034669,CHL,35,14,100,524.0,52400.0
2021072004034668,CHL,35,14,150,524.0,78600.0
2021072004034503,CHL,35,19,150,524.0,78600.0
2021072004034463,CHL,58,39,50,523.2,26160.0
2021072004034462,CHL,6,39,500,523.3,261650.0
2021072004034402,CHL,6,10,500,523.3,261650.0
2021072004034612,DHPL,45,48,80,283.0,22640.0
2021072004034611,DHPL,45,57,20,282.9,5658.0
2021072004034370,DHPL,58,58,400,284.0,113600.0
2021072004034369,DHPL,58,48,100,284.0,28400.0
2021072004034368,DHPL,58,57,10,284.0,2840.0
2021072004034367,DHPL,58,11,200,284.0,56800.0
2021072004034366,DHPL,58,7,290,283.0,82070.0
2021072004034267,DHPL,57,7,10,283.0,2830.0
2021072004034230,DHPL,57,42,490,283.0,138670.0
2021072004034299,EIC,45,48,24,770.0,18480.0
2021072004034475,GHL,47,58,30,305.0,9150.0
2021072004034474,GHL,47,6,210,305.0,64050.0
2021072004034317,GHL,45,6,40,305.0,12200.0
2021072004034667,GIC,45,29,10,714.0,7140.0
2021072004034194,GIC,45,21,30,714.0,21420.0
2021072004034432,GIC,45,25,40,714.0,28560.0
2021072004034582,GIMES1,42,32,500,22.0,11000.0
2021072004034656,GLH,46,45,10,381.0,3810.0
2021072004034638,GLH,46,39,10,381.0,3810.0
2021072004034579,GLH,46,51,10,381.0,3810.0
2021072004034560,GLH,36,57,100,381.1,38110.0
2021072004034512,GLH,29,57,80,381.1,30488.0
2021072004034416,GLH,46,42,10,381.0,3810.0
2021072004034209,GLH,46,58,130,381.0,49530.0
2021072004034610,HDHPC,50,6,150,297.3,44595.0
2021072004034445,HDHPC,50,44,"3,850",297.3,1144605.0
2021072004034444,HDHPC,17,44,"1,000",297.4,297400.0
2021072004034443,HDHPC,7,44,100,297.8,29780.0
2021072004034442,HDHPC,56,44,50,297.8,14890.0
2021072004034383,HDHPC,14,42,159,298.0,47382.0
2021072004034202,HDHPC,14,45,50,298.0,14900.0
2021072004034233,HGI,57,1,13,802.0,10426.0
2021072004034626,HPPL,49,57,360,535.0,192600.0
2021072004034625,HPPL,49,50,50,535.0,26750.0
2021072004034624,HPPL,49,4,20,535.0,10700.0
2021072004034623,HPPL,49,58,10,535.0,5350.0
2021072004034622,HPPL,49,32,10,535.0,5350.0
2021072004034621,HPPL,49,6,500,535.0,267500.0
2021072004034602,HPPL,58,32,10,532.0,5320.0
2021072004034531,HPPL,34,35,56,535.0,29960.0
2021072004034530,HPPL,34,21,20,535.0,10700.0
2021072004034529,HPPL,34,59,14,535.0,7490.0
2021072004034528,HPPL,34,51,10,534.0,5340.0
2021072004034389,HPPL,48,56,150,533.0,79950.0
2021072004034620,HPPL,49,58,44,535.0,23540.0
2021072004034619,HPPL,49,34,100,535.0,53500.0
2021072004034618,HPPL,49,54,60,535.0,32100.0
2021072004034617,HPPL,49,13,40,535.0,21400.0
2021072004034616,HPPL,49,35,22,535.0,11770.0
2021072004034615,HPPL,49,56,150,533.0,79950.0
2021072004034681,IGI,45,52,10,1235.0,12350.0
2021072004034426,IGI,26,44,10,1225.5,12255.0
2021072004034675,JOSHI,4,38,100,295.3,29530.0
2021072004034605,JOSHI,42,3,75,295.0,22125.0
2021072004034604,JOSHI,36,3,25,295.0,7375.0
2021072004034569,JOSHI,36,42,125,295.0,36875.0
2021072004034543,JOSHI,36,16,100,295.0,29500.0
2021072004034537,JOSHI,36,50,30,295.0,8850.0
2021072004034360,JOSHI,36,16,220,295.0,64900.0
2021072004034359,JOSHI,36,16,280,295.0,82600.0
2021072004034333,JOSHI,36,6,100,295.0,29500.0
2021072004034313,JOSHI,36,50,500,295.0,147500.0
2021072004034303,JOSHI,36,50,20,295.0,5900.0
2021072004034552,KEF,38,38,100,10.52,1052.0
2021072004034527,KKHC,58,39,40,280.0,11200.0
2021072004034382,KKHC,29,39,10,280.0,2800.0
2021072004034300,KKHC,38,39,110,280.0,30800.0
2021072004034201,KKHC,50,39,100,280.0,28000.0
2021072004034581,KPCL,55,34,100,508.0,50800.0
2021072004034553,KPCL,55,41,10,508.0,5080.0
2021072004034679,LEC,47,25,105,393.0,41265.0
2021072004034678,LEC,54,25,95,393.0,37335.0
2021072004034644,LEC,3,29,200,394.0,78800.0
2021072004034628,LEC,58,29,10,394.0,3940.0
2021072004034504,LEC,54,38,20,393.0,7860.0
2021072004034500,LEC,47,29,50,394.0,19700.0
2021072004034447,LEC,58,59,50,393.8,19690.0
2021072004034250,LEC,42,59,50,393.8,19690.0
2021072004034587,LEMF,18,53,"1,000",16.05,16050.0
2021072004034449,LGIL,58,7,46,817.0,37582.0
2021072004034448,LGIL,58,57,104,816.0,84864.0
2021072004034351,LGIL,41,57,66,816.0,53856.0
2021072004034684,MEN,39,49,10,950.0,9500.0
2021072004034683,MEN,39,35,110,950.0,104500.0
2021072004034682,MEN,39,39,40,950.0,38000.0
2021072004034461,MEN,6,39,10,949.0,9490.0
2021072004034280,MEN,6,4,10,949.0,9490.0
2021072004034658,MHNL,22,36,50,411.0,20550.0
2021072004034591,MHNL,16,36,200,411.0,82200.0
2021072004034558,MHNL,57,36,25,411.0,10275.0
2021072004034557,MHNL,22,36,105,411.0,43155.0
2021072004034556,MHNL,34,36,"1,225",411.0,503475.0
2021072004034555,MHNL,22,36,435,411.2,178872.0
2021072004034211,MHNL,39,22,100,412.0,41200.0
2021072004034210,MHNL,39,56,400,412.0,164800.0
2021072004034186,MHNL,7,22,50,412.0,20600.0
2021072004034417,MHNL,17,48,70,412.0,28840.0
2021072004034405,MHNL,22,58,400,411.2,164480.0
2021072004034404,MHNL,21,58,100,411.3,41130.0
2021072004034388,MHNL,46,48,430,412.0,177160.0
2021072004034387,MHNL,46,3,200,412.0,82400.0
2021072004034386,MHNL,46,22,370,412.0,152440.0
2021072004034532,MHNL,22,45,20,411.2,8224.0
2021072004034514,MHNL,22,47,20,411.2,8224.0
2021072004034435,MHNL,58,45,45,412.0,18540.0
2021072004034418,MHNL,17,45,30,412.0,12360.0
2021072004034284,NBF2,58,58,"3,000",15.7,47100.0
2021072004034596,NGPL,19,21,100,630.0,63000.0
2021072004034476,NGPL,7,5,330,631.0,208230.0
2021072004034339,NGPL,7,3,170,631.0,107270.0
2021072004034326,NGPL,6,33,4,630.0,2520.0
2021072004034634,NHDL,58,58,10,493.0,4930.0
2021072004034364,NHDL,58,10,90,493.0,44370.0
2021072004034191,NHDL,44,10,10,493.0,4930.0
2021072004034188,NHDL,10,14,200,490.0,98000.0
2021072004034627,NHPC,19,33,100,320.0,32000.0
2021072004034600,NHPC,38,33,205,320.0,65600.0
2021072004034599,NHPC,38,20,"1,295",320.0,414400.0
2021072004034588,NHPC,54,20,30,320.0,9600.0
2021072004034583,NHPC,54,57,20,320.0,6400.0
2021072004034577,NHPC,21,45,100,320.0,32000.0
2021072004034357,NHPC,49,4,130,320.0,41600.0
2021072004034297,NHPC,49,49,55,320.0,17600.0
2021072004034257,NHPC,49,53,200,320.0,64000.0
2021072004034256,NHPC,38,53,100,320.0,32000.0
2021072004034255,NHPC,50,53,200,320.0,64000.0
2021072004034254,NHPC,47,53,500,320.5,160250.0
2021072004034423,NHPC,55,14,125,320.0,40000.0
2021072004034422,NHPC,57,14,50,320.0,16000.0
2021072004034421,NHPC,49,14,825,320.0,264000.0
2021072004034414,NHPC,49,58,40,320.0,12800.0
2021072004034408,NHPC,47,16,250,321.0,80250.0
2021072004034358,NHPC,49,34,250,320.0,80000.0
2021072004034506,NHPC,48,38,250,320.0,80000.0
2021072004034505,NHPC,21,38,95,320.0,30400.0
2021072004034469,NHPC,21,45,405,320.0,129600.0
2021072004034468,NHPC,42,45,500,320.0,160000.0
2021072004034467,NHPC,55,45,75,320.0,24000.0
2021072004034466,NHPC,57,45,20,320.5,6410.0
2021072004034547,NHPC,57,45,20,320.0,6400.0
2021072004034546,NHPC,56,45,145,320.0,46400.0
2021072004034545,NHPC,21,16,130,321.0,41730.0
2021072004034544,NHPC,21,20,20,320.5,6410.0
2021072004034510,NHPC,56,38,155,320.0,49600.0
2021072004034507,NHPC,45,38,500,320.0,160000.0
2021072004034458,NIBSF1,5,58,"1,000",15.79,15790.0
2021072004034195,NIBSF1,49,28,980,15.8,15484.0
2021072004034464,NICBF,33,47,"6,300",15.75,99225.0
2021072004034371,NICBF,20,47,"10,000",15.75,157500.0
2021072004034240,NICBF,35,19,"8,000",15.79,126320.0
2021072004034239,NICBF,35,53,"2,000",15.79,31580.0
2021072004034614,NICL,59,10,145,1099.0,159355.0
2021072004034613,NICL,59,17,55,1097.0,60335.0
2021072004034609,NICL,45,17,45,1097.0,49365.0
2021072004034590,NICL,59,10,400,1099.0,439600.0
2021072004034542,NICL,1,17,79,1095.0,86505.0
2021072004034541,NICL,41,17,227,1095.0,248565.0
2021072004034246,NICL,29,1,50,1096.0,54800.0
2021072004034245,NICL,8,1,40,1097.0,43880.0
2021072004034244,NICL,22,1,129,1098.0,141642.0
2021072004034243,NICL,6,1,10,1099.0,10990.0
2021072004034242,NICL,52,1,100,1099.0,109900.0
2021072004034429,NICL,1,52,25,1099.0,27475.0
2021072004034413,NICL,39,52,75,1099.0,82425.0
2021072004034304,NICL,39,47,25,1098.0,27450.0
2021072004034272,NICL,59,47,25,1098.0,27450.0
2021072004034248,NICL,26,1,71,1096.0,77816.0
2021072004034247,NICL,49,1,100,1096.0,109600.0
2021072004034540,NICL,26,17,229,1096.0,250984.0
2021072004034539,NICL,33,17,20,1097.0,21940.0
2021072004034538,NICL,50,17,50,1097.0,54850.0
2021072004034526,NICL,59,10,400,1099.0,439600.0
2021072004034446,NICL,25,10,900,1099.0,989100.0
2021072004034430,NICL,1,10,75,1099.0,82425.0
2021072004034322,NIL,36,54,23,1390.8,31988.4
2021072004034321,NIL,36,36,17,1390.1,23631.7
2021072004034276,NIL,41,36,50,1390.1,69505.0
2021072004034217,NIL,42,36,10,1390.1,13901.0
2021072004034657,NLG,45,13,188,1243.5,233778.0
2021072004034645,NLG,34,38,50,1242.0,62100.0
2021072004034633,NLG,34,41,99,1242.0,122958.0
2021072004034632,NLG,19,41,20,1242.0,24840.0
2021072004034631,NLG,59,41,26,1242.0,32292.0
2021072004034238,NLG,20,13,12,1243.5,14922.0
2021072004034437,NLG,34,58,48,1241.0,59568.0
2021072004034578,NMB50,35,3,"2,000",16.82,33640.0
2021072004034320,NMB50,26,45,200,16.8,3360.0
2021072004034606,OHL,49,20,10,680.0,6800.0
2021072004034567,OHL,56,20,95,680.0,64600.0
2021072004034566,OHL,56,19,50,680.0,34000.0
2021072004034565,OHL,56,55,20,680.0,13600.0
2021072004034564,OHL,56,44,55,680.0,37400.0
2021072004034454,OHL,38,3,125,679.0,84875.0
2021072004034453,OHL,41,3,500,679.0,339500.0
2021072004034452,OHL,58,3,375,679.0,254625.0
2021072004034318,OHL,58,20,125,679.0,84875.0
2021072004034650,PICL,41,32,50,845.0,42250.0
2021072004034649,PICL,4,32,10,845.0,8450.0
2021072004034490,PICL,4,38,90,845.0,76050.0
2021072004034568,PMHPL,29,36,230,307.0,70610.0
2021072004034249,PMHPL,45,36,100,307.0,30700.0
2021072004034187,PMHPL,46,36,200,307.0,61400.0
2021072004034460,PPCL,28,45,500,419.0,209500.0
2021072004034427,PPCL,28,6,50,419.0,20950.0
2021072004034654,PRIN,19,36,100,1006.0,100600.0
2021072004034190,PRIN,44,22,123,1003.0,123369.0
2021072004034189,PRIN,16,22,122,1004.0,122488.0
2021072004034677,RADHI,53,29,200,786.4,157280.0
2021072004034561,RADHI,14,47,80,786.0,62880.0
2021072004034354,RADHI,50,11,100,786.5,78650.0
2021072004034353,RADHI,49,11,84,786.5,66066.0
2021072004034311,RADHI,6,20,300,786.0,235800.0
2021072004034305,RADHI,6,57,100,786.0,78600.0
2021072004034208,RADHI,6,40,44,786.0,34584.0
2021072004034563,RBCL,7,59,10,21000.0,210000.0
2021072004034549,RBCL,51,49,15,20987.0,314805.0
2021072004034548,RBCL,26,49,10,20995.0,209950.0
2021072004034525,RBCL,48,59,10,21000.0,210000.0
2021072004034345,RBCL,29,59,20,21000.0,420000.0
2021072004034420,RHPC,14,43,90,574.0,51660.0
2021072004034419,RHPC,14,18,10,574.0,5740.0
2021072004034412,RHPC,25,39,100,573.0,57300.0
2021072004034352,RHPC,32,18,747,573.0,428031.0
2021072004034310,RHPC,42,18,90,574.0,51660.0
2021072004034281,RHPC,42,58,10,574.0,5740.0
2021072004034607,RHPL,44,58,40,477.0,19080.0
2021072004034348,RHPL,44,51,50,477.0,23850.0
2021072004034298,RHPL,44,45,100,477.0,47700.0
2021072004034331,RRHP,47,44,158,427.0,67466.0
2021072004034252,RRHP,38,44,20,427.0,8540.0
2021072004034434,SAEF,58,58,"7,550",18.95,143072.5
2021072004034584,SFMF,58,45,"3,300",18.25,60225.0
2021072004034335,SFMF,35,45,"5,000",18.25,91250.0
2021072004034308,SFMF,6,45,600,18.25,10950.0
2021072004034231,SFMF,16,45,100,18.25,1825.0
2021072004034648,SGI,32,16,10,746.0,7460.0
2021072004034647,SGI,32,58,10,746.0,7460.0
2021072004034646,SGI,32,25,10,746.0,7460.0
2021072004034639,SGI,16,29,10,745.0,7450.0
2021072004034594,SGI,16,1,10,745.0,7450.0
2021072004034379,SGI,16,34,60,745.0,44700.0
2021072004034608,SHL,34,42,200,272.0,54400.0
2021072004034576,SHL,26,42,100,272.0,27200.0
2021072004034575,SHL,41,42,100,272.0,27200.0
2021072004034574,SHL,59,42,100,272.0,27200.0
2021072004034573,SHL,34,42,350,272.0,95200.0
2021072004034572,SHL,41,42,200,272.0,54400.0
2021072004034347,SHL,28,36,175,273.0,47775.0
2021072004034346,SHL,28,41,900,273.0,245700.0
2021072004034324,SHL,1,41,100,273.0,27300.0
2021072004034323,SHL,1,52,100,273.0,27300.0
2021072004034571,SHL,21,42,100,272.5,27250.0
2021072004034570,SHL,8,42,100,272.6,27260.0
2021072004034559,SHL,42,41,300,273.0,81900.0
2021072004034473,SHL,10,36,130,273.0,35490.0
2021072004034472,SHL,10,17,100,272.9,27290.0
2021072004034424,SHL,45,36,150,273.0,40950.0
2021072004034655,SHPC,37,56,144,541.0,77904.0
2021072004034603,SHPC,37,48,50,541.0,27050.0
2021072004034562,SHPC,37,38,306,541.0,165546.0
2021072004034554,SHPC,53,56,50,542.0,27100.0
2021072004034502,SHPC,48,56,68,542.0,36856.0
2021072004034501,SHPC,48,48,82,542.0,44444.0
2021072004034205,SHPC,29,57,500,542.0,271000.0
2021072004034204,SHPC,29,57,500,542.0,271000.0
2021072004034376,SHPC,7,59,253,542.0,137126.0
2021072004034375,SHPC,6,59,70,542.0,37940.0
2021072004034374,SHPC,43,59,167,542.0,90514.0
2021072004034373,SHPC,29,59,300,542.0,162600.0
2021072004034385,SHPC,58,48,30,542.0,16260.0
2021072004034384,SHPC,7,48,138,542.0,74796.0
2021072004034378,SHPC,7,39,109,542.0,59078.0
2021072004034278,SICL,11,3,50,2051.0,102550.0
2021072004034268,SICL,34,26,15,2041.0,30615.0
2021072004034237,SICL,36,3,148,2051.0,303548.0
2021072004034236,SICL,36,14,50,2050.9,102545.0
2021072004034659,SIGS2,43,47,"30,310",15.65,474351.5
2021072004034637,SIGS2,43,6,"86,500",15.65,1353725.0
2021072004034636,SIGS2,42,6,"10,000",15.66,156600.0
2021072004034635,SIGS2,58,6,"3,500",15.66,54810.0
2021072004034241,SIGS2,43,6,"200,000",15.75,3150000.0
2021072004034377,SIL,48,51,100,1084.0,108400.0
2021072004034291,SJCL,58,47,40,451.0,18040.0
2021072004034680,SLCF,26,21,500,10.62,5310.0
2021072004034595,SPDL,4,17,400,520.0,208000.0
2021072004034509,SPDL,26,58,100,522.0,52200.0
2021072004034496,SPDL,4,17,300,520.0,156000.0
2021072004034495,SPDL,34,17,500,521.0,260500.0
2021072004034494,SPDL,47,17,200,521.0,104200.0
2021072004034399,SPDL,4,49,100,520.0,52000.0
2021072004034283,SPDL,47,43,30,522.0,15660.0
2021072004034235,SPDL,47,49,199,522.0,103878.0
2021072004034234,SPDL,34,49,375,522.0,195750.0
2021072004034392,SPDL,7,49,100,520.0,52000.0
2021072004034391,SPDL,59,49,250,521.0,130250.0
2021072004034390,SPDL,33,49,80,521.0,41680.0
2021072004034288,SPDL,33,51,120,521.0,62520.0
2021072004034287,SPDL,5,51,68,521.0,35428.0
2021072004034286,SPDL,47,51,271,522.0,141462.0
2021072004034398,SPDL,33,49,150,520.0,78000.0
2021072004034397,SPDL,20,49,100,520.0,52000.0
2021072004034396,SPDL,54,49,100,520.0,52000.0
2021072004034395,SPDL,20,49,50,520.0,26000.0
2021072004034394,SPDL,22,49,50,520.0,26000.0
2021072004034393,SPDL,14,49,20,520.0,10400.0
2021072004034380,SSHL,36,56,500,346.0,173000.0
2021072004034334,SSHL,49,56,40,346.0,13840.0
2021072004034315,SSHL,49,57,50,345.5,17275.0
2021072004034314,SSHL,29,57,150,345.6,51840.0
2021072004034312,SSHL,57,41,100,345.6,34560.0
2021072004034263,SSHL,38,56,50,346.0,17300.0
2021072004034185,SSHL,50,56,31,346.0,10726.0
2021072004034325,STC,28,29,10,10750.0,107500.0
2021072004034277,STC,28,22,10,10750.0,107500.0
2021072004034441,TRH,43,44,115,434.0,49910.0
2021072004034329,TRH,42,40,385,435.0,167475.0
2021072004034328,TRH,42,38,50,434.0,21700.0
2021072004034327,TRH,42,19,65,434.0,28210.0
2021072004034259,TRH,58,19,35,434.0,15190.0
2021072004034258,TRH,58,41,15,434.0,6510.0
2021072004034522,UIC,22,17,50,750.0,37500.0
2021072004034521,UIC,26,17,30,750.0,22500.0
2021072004034520,UIC,41,17,20,750.0,15000.0
2021072004034508,UIC,8,17,200,751.0,150200.0
2021072004034436,UIC,4,17,125,751.0,93875.0
2021072004034433,UIC,4,19,25,751.0,18775.0
2021072004034260,UIC,17,17,100,752.0,75200.0
2021072004034270,UMHL,38,38,670,413.0,276710.0
2021072004034269,UMHL,26,59,150,412.0,61800.0
2021072004034216,UMHL,5,38,10,413.0,4130.0
2021072004034316,UMHL,5,38,10,413.0,4130.0
2021072004034290,UMHL,26,19,200,412.0,82400.0
2021072004034477,UMHL,19,38,50,413.0,20650.0
2021072004034459,UMHL,26,6,100,412.0,41200.0
2021072004034403,UMHL,49,38,200,413.0,82600.0
2021072004034232,UMRH,34,40,10,501.0,5010.0
2021072004034465,UNHPL,6,58,81,395.0,31995.0
2021072004034457,UNHPL,58,58,350,395.0,138250.0
2021072004034456,UNHPL,32,58,275,395.0,108625.0
2021072004034415,UNHPL,32,41,40,395.0,15800.0
2021072004034401,UNHPL,7,47,150,395.1,59265.0
2021072004034365,UNHPL,32,35,50,395.0,19750.0
2021072004034274,UNHPL,58,49,50,395.0,19750.0
2021072004034343,UNHPL,32,41,135,395.0,53325.0
2021072004034342,UNHPL,58,41,25,395.0,9875.0
2021072004034341,UNHPL,34,41,20,395.0,7900.0
2021072004034302,UNHPL,34,35,30,395.0,11850.0
2021072004034301,UNHPL,4,35,20,395.0,7900.0
2021072004034275,UNHPL,4,49,50,395.0,19750.0
2021072004034641,UPCL,42,41,75,317.0,23775.0
2021072004034640,UPCL,42,58,25,317.0,7925.0
2021072004034488,UPCL,59,58,130,316.0,41080.0
2021072004034481,UPCL,59,32,50,316.0,15800.0
2021072004034440,UPCL,59,42,140,316.0,44240.0
2021072004034279,UPCL,44,25,100,318.0,31800.0
2021072004034203,UPCL,6,45,390,317.0,123630.0
2021072004034407,UPCL,41,58,100,317.0,31700.0
2021072004034400,UPCL,41,58,100,317.0,31700.0
2021072004034356,UPCL,44,58,100,317.0,31700.0
2021072004034355,UPCL,6,58,175,317.0,55475.0
2021072004034289,UPCL,41,25,100,318.0,31800.0
2021072004034601,UPPER,58,26,34,687.0,23358.0
2021072004034349,UPPER,22,26,300,687.0,206100.0
2021072004034220,UPPER,1,42,35,686.0,24010.0
2021072004034226,UPPER,1,42,10,686.0,6860.0
2021072004034225,UPPER,5,42,100,686.0,68600.0
2021072004034224,UPPER,49,42,500,686.0,343000.0
2021072004034223,UPPER,1,42,25,686.0,17150.0
2021072004034222,UPPER,21,42,20,686.0,13720.0
2021072004034221,UPPER,56,42,200,686.0,137200.0
2021072004034344,UPPER,42,26,100,687.0,68700.0
2021072004034309,UPPER,36,26,50,687.0,34350.0
2021072004034261,UPPER,36,26,50,687.0,34350.0
2021072004034229,UPPER,55,42,10,685.2,6852.0
2021072004034228,UPPER,48,42,50,685.5,34275.0
2021072004034227,UPPER,57,42,50,686.0,34300.0
2021072004034175,AHPC,44,38,50,513.9,25695.0
2021072004034066,AHPC,1,58,50,513.0,25650.0
2021072004034039,AHPC,1,36,13,513.0,6669.0
2021072004034019,AHPC,1,21,100,513.0,51300.0
2021072004034018,AHPC,1,48,200,513.0,102600.0
2021072004034017,AHPC,1,8,50,513.0,25650.0
2021072004033693,AHPC,16,58,40,514.0,20560.0
2021072004033699,AHPC,16,25,20,514.0,10280.0
2021072004033698,AHPC,16,59,30,514.0,15420.0
2021072004033697,AHPC,16,58,80,514.0,41120.0
2021072004033696,AHPC,16,57,"2,000",514.0,1028000.0
2021072004033695,AHPC,16,16,20,514.0,10280.0
2021072004033694,AHPC,16,21,10,514.0,5140.0
2021072004033777,AHPC,34,49,989,513.0,507357.0
2021072004033761,AHPC,34,45,58,513.0,29754.0
2021072004033703,AHPC,16,17,60,514.0,30840.0
2021072004033702,AHPC,16,45,40,514.0,20560.0
2021072004033701,AHPC,16,21,150,514.0,77100.0
2021072004033700,AHPC,16,58,50,514.0,25700.0
2021072004033851,AHPC,45,49,300,513.0,153900.0
2021072004033788,AHPC,50,49,100,513.0,51300.0
2021072004033781,AHPC,59,49,"1,944",513.0,997272.0
2021072004033780,AHPC,32,49,50,513.0,25650.0
2021072004033779,AHPC,32,49,500,513.0,256500.0
2021072004033778,AHPC,17,49,74,513.0,37962.0
2021072004034016,AHPC,1,42,100,513.0,51300.0
2021072004034015,AHPC,1,49,343,513.0,175959.0
2021072004033981,AHPC,25,49,500,513.0,256500.0
2021072004033976,AHPC,45,49,150,513.0,76950.0
2021072004033929,AHPC,57,8,25,512.5,12812.5
2021072004033871,AHPC,39,49,50,513.0,25650.0
2021072004034012,AIL,11,49,65,840.0,54600.0
2021072004034011,AIL,11,32,30,840.0,25200.0
2021072004033867,AIL,49,32,50,842.6,42130.0
2021072004033866,AIL,49,39,10,841.0,8410.0
2021072004033865,AIL,49,51,10,840.0,8400.0
2021072004033864,AIL,49,49,30,840.0,25200.0
2021072004034095,AKJCL,59,6,360,290.1,104436.0
2021072004034160,AKPL,29,58,169,532.0,89908.0
2021072004034159,AKPL,13,58,25,532.0,13300.0
2021072004034158,AKPL,14,58,185,532.0,98420.0
2021072004034157,AKPL,49,58,100,533.0,53300.0
2021072004034156,AKPL,39,58,21,533.0,11193.0
2021072004034085,AKPL,42,14,"2,811",534.0,1501074.0
2021072004033789,AKPL,39,7,30,534.9,16047.0
2021072004033767,AKPL,51,7,70,534.9,37443.0
2021072004033760,AKPL,39,39,700,535.0,374500.0
2021072004033759,AKPL,39,45,100,534.0,53400.0
2021072004033704,AKPL,39,39,800,535.0,428000.0
2021072004033795,AKPL,39,16,80,535.9,42872.0
2021072004033794,AKPL,39,21,50,535.9,26795.0
2021072004033793,AKPL,39,42,50,535.9,26795.0
2021072004033792,AKPL,39,6,30,535.0,16050.0
2021072004033791,AKPL,39,38,60,535.0,32100.0
2021072004033790,AKPL,39,39,500,535.0,267500.0
2021072004033830,AKPL,39,45,50,536.0,26800.0
2021072004033829,AKPL,39,45,253,536.0,135608.0
2021072004033820,AKPL,39,45,247,536.0,132392.0
2021072004033819,AKPL,39,50,20,536.0,10720.0
2021072004033818,AKPL,39,49,13,536.0,6968.0
2021072004033817,AKPL,39,16,20,535.9,10718.0
2021072004033963,AKPL,59,32,100,534.0,53400.0
2021072004033835,AKPL,39,56,27,536.0,14472.0
2021072004033834,AKPL,39,38,100,536.0,53600.0
2021072004033833,AKPL,39,57,40,536.0,21440.0
2021072004033832,AKPL,39,34,300,536.0,160800.0
2021072004033831,AKPL,39,58,30,536.0,16080.0
2021072004034065,AKPL,38,56,10,535.0,5350.0
2021072004034057,AKPL,4,56,188,535.0,100580.0
2021072004034055,AKPL,59,56,100,535.0,53500.0
2021072004034054,AKPL,59,58,400,534.0,213600.0
2021072004034041,AKPL,58,58,100,534.0,53400.0
2021072004033964,AKPL,59,56,400,535.0,214000.0
2021072004034183,API,58,35,200,429.0,85800.0
2021072004034113,API,33,17,10,428.0,4280.0
2021072004034038,API,33,36,500,428.0,214000.0
2021072004034034,API,33,41,20,428.0,8560.0
2021072004033890,API,33,21,50,428.0,21400.0
2021072004033889,API,33,58,20,428.0,8560.0
2021072004033727,API,33,25,50,429.0,21450.0
2021072004033726,API,33,58,90,429.0,38610.0
2021072004033725,API,33,45,30,429.0,12870.0
2021072004033724,API,33,58,34,429.0,14586.0
2021072004033723,API,33,34,25,428.5,10712.5
2021072004033722,API,33,48,500,428.0,214000.0
2021072004033733,API,33,59,300,429.0,128700.0
2021072004033732,API,33,6,100,429.0,42900.0
2021072004033731,API,33,42,50,429.0,21450.0
2021072004033730,API,33,36,"1,000",429.0,429000.0
2021072004033729,API,33,58,50,429.0,21450.0
2021072004033728,API,33,42,50,429.0,21450.0
2021072004033739,API,33,56,500,430.0,215000.0
2021072004033738,API,33,32,"1,000",430.0,430000.0
2021072004033737,API,33,17,189,430.0,81270.0
2021072004033736,API,33,38,100,429.9,42990.0
2021072004033735,API,33,8,"2,000",429.9,859800.0
2021072004033734,API,33,22,200,429.5,85900.0
2021072004033745,API,33,35,20,430.0,8600.0
2021072004033744,API,33,37,174,430.0,74820.0
2021072004033743,API,33,22,50,430.0,21500.0
2021072004033742,API,33,56,450,430.0,193500.0
2021072004033741,API,33,32,200,430.0,86000.0
2021072004033740,API,33,48,500,430.0,215000.0
2021072004033888,API,33,58,27,428.0,11556.0
2021072004033843,API,38,58,73,428.0,31244.0
2021072004033749,API,33,34,3,430.0,1290.0
2021072004033748,API,33,6,260,430.0,111800.0
2021072004033747,API,33,14,50,430.0,21500.0
2021072004033746,API,33,54,25,430.0,10750.0
2021072004034162,BARUN,57,39,23,588.0,13524.0
2021072004033982,BARUN,48,7,50,591.0,29550.0
2021072004033691,BARUN,58,39,150,592.0,88800.0
2021072004034060,BBC,19,34,18,6250.0,112500.0
2021072004033975,BBC,56,4,20,6255.0,125100.0
2021072004034114,BPCL,44,43,13,521.0,6773.0
2021072004034094,BPCL,49,35,50,521.5,26075.0
2021072004034089,BPCL,41,35,50,521.5,26075.0
2021072004034013,BPCL,1,35,150,521.5,78225.0
2021072004034003,BPCL,33,57,50,522.0,26100.0
2021072004033971,BPCL,57,57,150,522.0,78300.0
2021072004033970,BPCL,57,57,50,522.0,26100.0
2021072004033689,BPCL,50,43,50,522.0,26100.0
2021072004033688,BPCL,50,25,80,522.0,41760.0
2021072004033687,CHCL,42,14,455,685.0,311675.0
2021072004033812,CMF2,34,57,"2,000",15.32,30640.0
2021072004034161,DHPL,58,42,10,283.0,2830.0
2021072004033942,DHPL,34,42,500,283.0,141500.0
2021072004033815,DHPL,57,41,100,282.0,28200.0
2021072004033814,DHPL,57,57,230,282.0,64860.0
2021072004033813,DHPL,57,56,20,281.0,5620.0
2021072004034026,EIC,38,36,10,773.0,7730.0
2021072004033974,EIC,38,42,14,770.0,10780.0
2021072004033934,EIC,59,42,100,770.0,77000.0
2021072004034004,GHL,1,6,50,305.0,15250.0
2021072004034068,GIMES1,42,17,"2,000",22.1,44200.0
2021072004033870,GIMES1,25,25,"5,000",22.0,110000.0
2021072004033869,GIMES1,58,25,"10,000",22.0,220000.0
2021072004033868,GIMES1,25,25,"5,000",22.01,110050.0
2021072004034063,GLH,46,45,10,381.0,3810.0
2021072004033876,GLH,11,57,100,381.1,38110.0
2021072004033875,GLH,48,57,31,382.0,11842.0
2021072004033874,GLH,35,57,35,382.0,13370.0
2021072004033873,GLH,54,57,40,382.1,15284.0
2021072004033769,GLH,54,14,10,382.1,3821.0
2021072004033765,GLH,57,58,60,383.0,22980.0
2021072004033764,GLH,57,21,20,383.0,7660.0
2021072004033763,GLH,57,35,10,383.0,3830.0
2021072004033762,GLH,57,54,410,383.0,157030.0
2021072004034177,HDHPC,14,39,50,298.0,14900.0
2021072004034134,HDHPC,14,28,380,298.0,113240.0
2021072004034093,HDHPC,14,14,361,297.9,107541.9
2021072004034061,HDHPC,5,14,10,297.9,2979.0
2021072004033933,HDHPC,58,14,100,298.0,29800.0
2021072004033932,HDHPC,17,14,100,298.0,29800.0
2021072004033931,HDHPC,4,14,100,298.0,29800.0
2021072004033930,HDHPC,14,14,429,298.1,127884.9
2021072004033872,HDHPC,14,39,200,298.1,59620.0
2021072004033755,HDHPC,14,50,141,298.0,42018.0
2021072004033754,HDHPC,14,34,30,298.0,8940.0
2021072004033753,HDHPC,14,48,200,298.0,59600.0
2021072004034045,HGI,51,20,14,801.0,11214.0
2021072004034044,HGI,19,20,40,801.0,32040.0
2021072004033715,HGI,19,37,30,801.0,24030.0
2021072004034140,HPPL,58,44,500,532.0,266000.0
2021072004033959,HPPL,49,59,826,535.0,441910.0
2021072004033958,HPPL,49,48,200,535.0,107000.0
2021072004033957,HPPL,49,58,30,535.0,16050.0
2021072004033956,HPPL,49,59,"1,000",535.0,535000.0
2021072004033955,HPPL,49,17,200,535.0,107000.0
2021072004033948,HPPL,49,41,100,534.0,53400.0
2021072004033947,HPPL,49,14,200,533.9,106780.0
2021072004033822,HPPL,58,58,200,534.0,106800.0
2021072004033954,HPPL,49,32,20,535.0,10700.0
2021072004033953,HPPL,49,1,100,535.0,53500.0
2021072004033952,HPPL,49,25,10,534.8,5348.0
2021072004033951,HPPL,49,57,114,534.1,60887.4
2021072004033950,HPPL,49,18,500,534.0,267000.0
2021072004033949,HPPL,49,16,200,534.0,106800.0
2021072004034117,JOSHI,36,50,100,295.0,29500.0
2021072004034024,JOSHI,51,47,930,296.0,275280.0
2021072004034023,JOSHI,51,4,50,295.0,14750.0
2021072004034022,JOSHI,51,20,20,295.0,5900.0
2021072004034040,KKHC,58,39,30,280.0,8400.0
2021072004033716,KKHC,14,39,100,280.0,28000.0
2021072004033809,KPCL,55,39,10,508.0,5080.0
2021072004034141,LEC,54,40,175,393.0,68775.0
2021072004034090,LEC,54,37,710,393.0,279030.0
2021072004034031,LEC,44,37,400,393.0,157200.0
2021072004034030,LEC,44,35,100,393.0,39300.0
2021072004033892,LEC,58,58,29,393.0,11397.0
2021072004033891,LEC,58,32,10,393.0,3930.0
2021072004033845,LEC,58,38,55,392.0,21560.0
2021072004033766,LEC,58,38,15,392.0,5880.0
2021072004034053,LEMF,18,6,"1,000",16.05,16050.0
2021072004033841,LGIL,41,57,134,816.0,109344.0
2021072004033840,LGIL,39,57,50,816.0,40800.0
2021072004033839,LGIL,54,57,16,816.0,13056.0
2021072004034180,MEN,6,50,10,949.0,9490.0
2021072004034179,MEN,6,4,110,949.0,104390.0
2021072004034178,MEN,6,4,300,949.0,284700.0
2021072004034077,MEN,50,49,60,947.0,56820.0
2021072004033946,MEN,5,49,50,947.0,47350.0
2021072004033945,MEN,17,49,300,947.0,284100.0
2021072004033944,MEN,17,49,50,947.0,47350.0
2021072004033823,MEN,17,29,10,947.0,9470.0
2021072004033796,MEN,17,4,10,947.0,9470.0
2021072004034155,MHNL,19,54,100,411.3,41130.0
2021072004034098,MHNL,22,45,125,411.2,51400.0
2021072004034052,MHNL,58,45,375,411.2,154200.0
2021072004034033,MHNL,58,45,125,411.2,51400.0
2021072004034032,MHNL,58,45,275,411.3,113107.5
2021072004033938,MHNL,21,36,50,411.5,20575.0
2021072004033810,MHNL,21,22,130,412.0,53560.0
2021072004034014,NBF2,58,58,100,15.7,1570.0
2021072004033860,NBF2,4,58,100,15.5,1550.0
2021072004033692,NBF2,51,58,"10,000",15.7,157000.0
2021072004034138,NEF,54,19,"3,399",16.51,56117.49
2021072004034123,NEF,43,19,113,16.51,1865.63
2021072004033717,NEF,45,19,"5,000",16.51,82550.0
2021072004034116,NGPL,19,58,90,630.0,56700.0
2021072004034115,NGPL,7,58,100,631.0,63100.0
2021072004033842,NGPL,49,55,15,635.0,9525.0
2021072004033828,NGPL,6,32,127,635.0,80645.0
2021072004033808,NHDL,10,17,190,490.0,93100.0
2021072004033807,NHDL,49,17,10,490.0,4900.0
2021072004034174,NHPC,50,20,800,320.0,256000.0
2021072004034173,NHPC,51,20,50,320.0,16000.0
2021072004034172,NHPC,37,20,325,320.0,104000.0
2021072004034171,NHPC,57,20,100,320.1,32010.0
2021072004034170,NHPC,57,20,200,321.0,64200.0
2021072004034169,NHPC,57,42,100,321.0,32100.0
2021072004033711,NHPC,58,1,"1,000",320.0,320000.0
2021072004033686,NHPC,45,14,600,320.8,192480.0
2021072004033685,NHPC,56,57,40,320.0,12800.0
2021072004033782,NHPC,37,14,169,320.8,54215.2
2021072004033752,NHPC,52,14,170,320.8,54536.0
2021072004033751,NHPC,52,1,130,320.0,41600.0
2021072004033719,NHPC,17,1,20,320.0,6400.0
2021072004033713,NHPC,55,1,100,320.0,32000.0
2021072004033712,NHPC,21,1,250,320.0,80000.0
2021072004033827,NHPC,38,20,60,320.0,19200.0
2021072004033816,NHPC,38,20,"1,000",320.0,320000.0
2021072004033786,NHPC,37,13,20,321.0,6420.0
2021072004033785,NHPC,37,7,20,321.0,6420.0
2021072004033784,NHPC,37,20,386,321.0,123906.0
2021072004033783,NHPC,37,54,405,320.9,129964.5
2021072004033857,NHPC,38,1,48,321.0,15408.0
2021072004033856,NHPC,38,37,60,321.0,19260.0
2021072004033855,NHPC,38,43,300,321.0,96300.0
2021072004033854,NHPC,38,16,500,321.0,160500.0
2021072004033853,NHPC,38,13,80,321.0,25680.0
2021072004033852,NHPC,38,20,512,320.0,163840.0
2021072004034137,NHPC,58,45,500,320.5,160250.0
2021072004034043,NHPC,17,20,300,320.0,96000.0
2021072004034042,NHPC,38,20,340,320.0,108800.0
2021072004033928,NHPC,38,55,80,320.0,25600.0
2021072004033887,NHPC,38,4,100,320.0,32000.0
2021072004033858,NHPC,38,1,52,320.0,16640.0
2021072004033756,NICBF,57,3,"10,000",15.78,157800.0
2021072004034107,NICGF,41,48,500,17.1,8550.0
2021072004034106,NICGF,41,11,"1,130",17.1,19323.0
2021072004034122,NICL,22,57,21,1098.0,23058.0
2021072004034121,NICL,18,57,50,1098.0,54900.0
2021072004034120,NICL,17,57,29,1098.0,31842.0
2021072004034119,NICL,54,57,100,1099.0,109900.0
2021072004034081,NICL,17,32,40,1098.0,43920.0
2021072004034080,NICL,50,32,50,1099.5,54975.0
2021072004033850,NICL,45,50,50,1099.5,54975.0
2021072004033801,NICL,5,54,40,1099.0,43960.0
2021072004034079,NICL,41,32,10,1099.5,10995.0
2021072004034046,NICL,41,41,90,1099.5,98955.0
2021072004034001,NICL,17,59,31,1098.0,34038.0
2021072004034000,NICL,45,59,17,1098.0,18666.0
2021072004033999,NICL,33,59,50,1099.0,54950.0
2021072004033937,NICL,32,41,10,1099.5,10995.0
2021072004034096,NIL,52,36,23,1390.1,31972.3
2021072004034037,NIL,52,32,100,1390.1,139010.0
2021072004033878,NIL,52,45,37,1390.1,51433.7
2021072004033877,NIL,29,45,63,1390.2,87582.6
2021072004033718,NIL,54,54,40,1390.8,55632.0
2021072004033838,NLG,59,34,14,1242.0,17388.0
2021072004034036,NMB50,57,6,"5,000",16.79,83950.0
2021072004034035,NMB50,57,6,"5,000",16.79,83950.0
2021072004033714,NMB50,4,53,"5,000",16.8,84000.0
2021072004034104,OHL,48,57,30,678.9,20367.0
2021072004034133,PIC,16,37,33,1206.0,39798.0
2021072004034082,PIC,19,37,50,1208.0,60400.0
2021072004034067,PIC,51,37,20,1208.0,24160.0
2021072004033941,PIC,19,7,43,1208.0,51944.0
2021072004033940,PIC,34,7,187,1208.0,225896.0
2021072004033939,PIC,39,7,60,1209.0,72540.0
2021072004033859,PIC,47,17,100,1209.1,120910.0
2021072004033800,PIC,33,37,11,1210.0,13310.0
2021072004033799,PIC,38,37,10,1210.0,12100.0
2021072004033798,PIC,17,37,11,1210.0,13310.0
2021072004033707,PICL,37,33,100,847.0,84700.0
2021072004034056,PMHPL,55,48,190,307.0,58330.0
2021072004034078,PPCL,29,16,104,420.0,43680.0
2021072004033844,PPCL,29,3,96,420.0,40320.0
2021072004033804,PPCL,29,35,30,420.0,12600.0
2021072004034070,PRIN,38,22,400,1006.0,402400.0
2021072004034069,PRIN,44,22,355,1006.0,357130.0
2021072004033826,PRIN,44,47,390,1006.0,392340.0
2021072004033825,PRIN,44,47,150,1006.0,150900.0
2021072004033824,PRIN,44,47,10,1006.0,10060.0
2021072004033750,PRIN,44,6,40,1006.0,40240.0
2021072004034181,RADHI,6,48,91,786.0,71526.0
2021072004034005,RADHI,6,59,20,786.0,15720.0
2021072004033967,RADHI,41,59,80,786.0,62880.0
2021072004033966,RADHI,41,34,22,786.0,17292.0
2021072004033962,RADHI,41,16,25,786.0,19650.0
2021072004033961,RADHI,41,20,123,786.0,96678.0
2021072004033811,RADHI,54,55,50,785.0,39250.0
2021072004033710,RADHI,54,42,76,785.0,59660.0
2021072004033709,RADHI,28,42,15,785.0,11775.0
2021072004033960,RADHI,41,13,250,785.0,196250.0
2021072004033863,RADHI,58,17,26,784.0,20384.0
2021072004033862,RADHI,45,17,50,785.0,39250.0
2021072004033861,RADHI,54,17,174,785.0,136590.0
2021072004033837,RADHI,41,20,234,786.0,183924.0
2021072004033836,RADHI,41,34,265,786.0,208290.0
2021072004033980,RBCL,7,59,10,21000.0,210000.0
2021072004033927,RBCL,44,59,10,21000.0,210000.0
2021072004033926,RBCL,44,59,10,21000.0,210000.0
2021072004033925,RBCL,32,59,20,21022.0,420440.0
2021072004033924,RBCL,49,59,20,21023.0,420460.0
2021072004033923,RBCL,20,59,20,21070.0,421400.0
2021072004033898,RBCL,44,59,10,21401.2,214012.0
2021072004033897,RBCL,21,59,10,21415.0,214150.0
2021072004033896,RBCL,7,59,20,21416.1,428322.0
2021072004033895,RBCL,7,59,20,21416.1,428322.0
2021072004033894,RBCL,1,59,10,21416.2,214162.0
2021072004033893,RBCL,55,59,20,21420.0,428400.0
2021072004033904,RBCL,51,59,10,21354.0,213540.0
2021072004033903,RBCL,50,59,10,21400.0,214000.0
2021072004033902,RBCL,56,59,10,21400.0,214000.0
2021072004033901,RBCL,34,59,10,21400.0,214000.0
2021072004033900,RBCL,8,59,10,21400.0,214000.0
2021072004033899,RBCL,34,59,10,21401.0,214010.0
2021072004033910,RBCL,16,59,10,21300.0,213000.0
2021072004033909,RBCL,28,59,10,21300.0,213000.0
2021072004033908,RBCL,56,59,20,21300.0,426000.0
2021072004033907,RBCL,56,59,20,21350.0,427000.0
2021072004033906,RBCL,57,59,10,21351.0,213510.0
2021072004033905,RBCL,45,59,10,21354.0,213540.0
2021072004033916,RBCL,3,59,10,21200.0,212000.0
2021072004033915,RBCL,38,59,10,21200.0,212000.0
2021072004033914,RBCL,19,59,10,21200.0,212000.0
2021072004033913,RBCL,55,59,20,21200.0,424000.0
2021072004033912,RBCL,45,59,10,21217.0,212170.0
2021072004033911,RBCL,56,59,10,21250.0,212500.0
2021072004033922,RBCL,48,59,20,21111.0,422220.0
2021072004033921,RBCL,39,59,20,21170.0,423400.0
2021072004033920,RBCL,16,59,10,21170.0,211700.0
2021072004033919,RBCL,48,59,20,21170.0,423400.0
2021072004033918,RBCL,33,59,10,21175.0,211750.0
2021072004033917,RBCL,26,59,10,21195.0,211950.0
2021072004034109,RHPC,55,6,100,575.0,57500.0
2021072004034051,RHPC,16,6,117,575.0,67275.0
2021072004034050,RHPC,16,28,300,575.0,172500.0
2021072004034049,RHPC,16,37,19,575.0,10925.0
2021072004034048,RHPC,16,36,14,575.0,8050.0
2021072004034047,RHPC,16,26,50,574.0,28700.0
2021072004033969,RHPC,32,45,53,573.0,30369.0
2021072004033968,RHPC,44,45,47,573.0,26931.0
2021072004033935,RHPC,56,26,50,574.0,28700.0
2021072004033721,RHPC,44,56,500,573.0,286500.0
2021072004033720,RHPC,44,25,553,573.0,316869.0
2021072004034154,RHPL,44,7,10,477.0,4770.0
2021072004034064,RHPL,6,41,20,476.0,9520.0
2021072004034020,RHPL,58,14,30,476.0,14280.0
2021072004033998,RHPL,50,58,"1,642",479.0,786518.0
2021072004033997,RHPL,50,38,40,478.9,19156.0
2021072004033996,RHPL,50,26,30,478.0,14340.0
2021072004033989,RHPL,50,38,10,478.0,4780.0
2021072004033988,RHPL,50,17,264,478.0,126192.0
2021072004033987,RHPL,50,22,"1,000",477.0,477000.0
2021072004033986,RHPL,50,58,495,477.0,236115.0
2021072004033806,RHPL,58,49,10,476.0,4760.0
2021072004033995,RHPL,50,22,100,478.0,47800.0
2021072004033994,RHPL,50,52,270,478.0,129060.0
2021072004033993,RHPL,50,16,20,478.0,9560.0
2021072004033992,RHPL,50,22,40,478.0,19120.0
2021072004033991,RHPL,50,39,40,478.0,19120.0
2021072004033990,RHPL,50,52,40,478.0,19120.0
2021072004034125,RRHP,22,44,200,427.0,85400.0
2021072004034124,RRHP,14,44,122,427.0,52094.0
2021072004034029,RRHP,14,25,78,427.0,33306.0
2021072004034028,RRHP,35,25,200,427.0,85400.0
2021072004034027,RRHP,28,25,55,427.0,23485.0
2021072004033886,RRHP,56,25,47,428.0,20116.0
2021072004033879,RRHP,17,5,100,428.0,42800.0
2021072004033805,RRHP,17,19,100,428.0,42800.0
2021072004033797,RRHP,17,58,70,428.0,29960.0
2021072004033885,RRHP,13,25,100,428.0,42800.0
2021072004033884,RRHP,38,25,20,428.0,8560.0
2021072004033883,RRHP,38,5,10,428.0,4280.0
2021072004033882,RRHP,4,5,300,428.0,128400.0
2021072004033881,RRHP,45,5,60,428.0,25680.0
2021072004033880,RRHP,32,5,30,428.0,12840.0
2021072004034152,SAEF,35,6,"1,500",18.96,28440.0
2021072004034151,SAEF,35,14,"2,000",18.96,37920.0
2021072004034150,SAEF,35,14,"1,500",18.96,28440.0
2021072004034149,SAEF,35,56,"5,000",18.96,94800.0
2021072004033936,SAEF,58,57,500,18.9,9450.0
2021072004033770,SEF,35,38,"3,000",15.71,47130.0
2021072004034132,SHL,45,57,100,273.0,27300.0
2021072004034021,SHL,41,57,200,273.0,54600.0
2021072004033758,SHL,58,57,100,273.0,27300.0
2021072004033706,SHL,6,57,100,273.0,27300.0
2021072004034128,SHPC,29,35,300,542.0,162600.0
2021072004034127,SHPC,59,35,200,542.0,108400.0
2021072004034126,SHPC,40,59,100,543.0,54300.0
2021072004034025,SHPC,55,59,60,543.0,32580.0
2021072004034099,SHPC,35,59,50,543.0,27150.0
2021072004034059,SICL,52,38,10,2040.0,20400.0
2021072004034058,SICL,57,38,10,2040.2,20402.0
2021072004034010,SICL,52,38,50,2041.0,102050.0
2021072004034009,SICL,53,38,10,2041.0,20410.0
2021072004034103,SIGS2,43,6,"83,190",15.65,1301923.5
2021072004034102,SIGS2,43,6,"10,000",15.66,156600.0
2021072004034101,SIGS2,21,6,250,15.73,3932.5
2021072004034100,SIGS2,14,6,"1,330",15.74,20934.2
2021072004033849,SIL,58,58,50,1085.0,54250.0
2021072004033848,SIL,53,58,20,1085.0,21700.0
2021072004033847,SIL,43,58,30,1085.0,32550.0
2021072004034007,SJCL,4,37,20,452.0,9040.0
2021072004034006,SJCL,4,51,10,452.0,4520.0
2021072004033768,SJCL,5,7,10,450.0,4500.0
2021072004034136,SPDL,51,38,100,522.0,52200.0
2021072004034135,SPDL,51,5,100,522.0,52200.0
2021072004034084,SPDL,5,45,900,521.0,468900.0
2021072004034083,SPDL,34,45,100,522.0,52200.0
2021072004033979,SPDL,5,32,810,521.0,422010.0
2021072004033978,SPDL,38,32,60,522.0,31320.0
2021072004033977,SPDL,21,32,130,522.0,67860.0
2021072004033787,SPDL,41,38,70,524.0,36680.0
2021072004034184,SSHL,44,56,120,346.0,41520.0
2021072004033705,SSHL,45,56,250,346.0,86500.0
2021072004034153,STC,58,55,24,10750.0,258000.0
2021072004034176,TRH,50,41,10,434.0,4340.0
2021072004034139,UMHL,5,38,20,413.0,8260.0
2021072004034131,UMHL,58,38,933,413.0,385329.0
2021072004034130,UMHL,58,59,"1,067",412.0,439604.0
2021072004033773,UMHL,3,25,34,413.0,14042.0
2021072004033772,UMHL,3,13,270,413.0,111510.0
2021072004033771,UMHL,3,48,100,413.0,41300.0
2021072004033757,UMHL,38,38,170,412.0,70040.0
2021072004033973,UMHL,45,11,187,412.0,77044.0
2021072004033972,UMHL,38,11,160,412.0,65920.0
2021072004033965,UMHL,57,38,25,413.0,10325.0
2021072004033776,UMHL,3,28,600,413.0,247800.0
2021072004033775,UMHL,3,49,200,413.0,82600.0
2021072004033774,UMHL,3,41,14,413.0,5782.0
2021072004034073,UMHL,29,38,"1,000",412.0,412000.0
2021072004034072,UMHL,35,38,500,412.0,206000.0
2021072004034071,UMHL,45,38,313,412.0,128956.0
2021072004034062,UMHL,5,38,250,413.0,103250.0
2021072004034002,UMHL,5,38,100,413.0,41300.0
2021072004034105,UMHL,14,59,50,412.0,20600.0
2021072004034097,UMHL,58,59,73,412.0,30076.0
2021072004034076,UMHL,58,38,27,412.0,11124.0
2021072004034075,UMHL,39,38,60,412.0,24720.0
2021072004034074,UMHL,56,38,100,412.0,41200.0
2021072004034182,UMRH,55,49,30,507.0,15210.0
2021072004034129,UMRH,58,49,20,507.0,10140.0
2021072004034112,UMRH,38,49,65,507.0,32955.0
2021072004034111,UMRH,38,42,170,507.0,86190.0
2021072004034110,UMRH,38,58,15,506.9,7603.5
2021072004033690,UMRH,55,32,10,505.0,5050.0
2021072004034108,UNHPL,58,28,300,395.0,118500.0
2021072004034092,UNHPL,58,36,150,395.0,59250.0
2021072004034091,UNHPL,44,36,150,395.0,59250.0
2021072004034087,UNHPL,52,45,250,396.0,99000.0
2021072004034086,UNHPL,52,17,50,395.9,19795.0
2021072004033846,UNHPL,44,36,250,395.0,98750.0
2021072004033708,UNHPL,44,3,500,395.0,197500.0
2021072004034168,UPCL,11,25,10,318.0,3180.0
2021072004034167,UPCL,6,32,135,317.0,42795.0
2021072004034166,UPCL,21,32,95,317.0,30115.0
2021072004034165,UPCL,59,32,270,317.0,85590.0
2021072004034088,UPCL,59,46,100,317.0,31700.0
2021072004034008,UPCL,59,38,50,317.0,15850.0
2021072004033985,UPCL,52,25,290,318.0,92220.0
2021072004033984,UPCL,52,35,50,318.0,15900.0
2021072004033983,UPCL,52,57,10,318.0,3180.0
2021072004033943,UPCL,59,29,70,317.0,22190.0
2021072004034164,UPPER,52,26,70,687.0,48090.0
2021072004034163,UPPER,36,26,10,687.0,6870.0
2021072004034148,UPPER,50,22,45,687.0,30915.0
2021072004034147,UPPER,11,22,100,687.0,68700.0
2021072004034146,UPPER,58,22,30,687.0,20610.0
2021072004034145,UPPER,49,22,55,687.0,37785.0
2021072004033803,UPPER,38,45,40,687.0,27480.0
2021072004033802,UPPER,38,48,15,687.0,10305.0
2021072004034144,UPPER,50,22,55,687.0,37785.0
2021072004034143,UPPER,57,22,150,687.0,103050.0
2021072004034142,UPPER,42,22,65,687.1,44661.5
2021072004034118,UPPER,21,19,50,688.0,34400.0
2021072004033821,UPPER,57,25,50,687.0,34350.0
2021072004033647,AHPC,34,51,523,513.0,268299.0
2021072004033641,AHPC,36,58,170,514.0,87380.0
2021072004033640,AHPC,36,50,25,514.0,12850.0
2021072004033639,AHPC,36,35,25,514.0,12850.0
2021072004033638,AHPC,36,1,80,514.0,41120.0
2021072004033514,AHPC,34,1,10,513.0,5130.0
2021072004033218,AHPC,5,45,23,513.0,11799.0
2021072004033217,AHPC,5,58,20,512.5,10250.0
2021072004033264,AHPC,35,45,400,513.0,205200.0
2021072004033263,AHPC,35,53,25,513.0,12825.0
2021072004033262,AHPC,35,51,43,513.0,22059.0
2021072004033240,AHPC,5,51,300,513.0,153900.0
2021072004033220,AHPC,5,51,157,513.0,80541.0
2021072004033219,AHPC,5,17,100,513.0,51300.0
2021072004033322,AHPC,35,39,31,513.0,15903.0
2021072004033321,AHPC,35,58,100,513.0,51300.0
2021072004033316,AHPC,35,44,75,513.0,38475.0
2021072004033283,AHPC,35,3,200,513.0,102600.0
2021072004033266,AHPC,35,34,100,513.0,51300.0
2021072004033265,AHPC,35,48,750,513.0,384750.0
2021072004033364,AHPC,5,22,78,513.0,40014.0
2021072004033363,AHPC,5,22,300,513.0,153900.0
2021072004033362,AHPC,35,22,122,513.0,62586.0
2021072004033356,AHPC,35,14,10,513.0,5130.0
2021072004033350,AHPC,35,45,94,513.0,48222.0
2021072004033323,AHPC,35,38,50,513.0,25650.0
2021072004033409,AHPC,44,39,500,512.0,256000.0
2021072004033408,AHPC,43,39,"1,550",512.0,793600.0
2021072004033407,AHPC,41,39,200,513.0,102600.0
2021072004033377,AHPC,33,51,48,513.7,24657.6
2021072004033369,AHPC,41,33,78,513.0,40014.0
2021072004033368,AHPC,5,33,22,513.0,11286.0
2021072004033513,AHPC,34,35,20,513.0,10260.0
2021072004033458,AHPC,34,17,400,513.0,205200.0
2021072004033430,AHPC,55,17,100,513.0,51300.0
2021072004033412,AHPC,44,39,50,512.0,25600.0
2021072004033411,AHPC,4,39,200,512.0,102400.0
2021072004033410,AHPC,51,39,500,512.0,256000.0
2021072004033482,AIL,57,49,20,840.0,16800.0
2021072004033598,AKJCL,59,1,170,290.1,49317.0
2021072004033597,AKJCL,36,1,30,291.0,8730.0
2021072004033544,AKJCL,36,1,250,291.0,72750.0
2021072004033674,AKPL,39,46,95,535.0,50825.0
2021072004033673,AKPL,39,58,40,535.0,21400.0
2021072004033672,AKPL,39,44,300,535.0,160500.0
2021072004033671,AKPL,39,10,200,535.0,107000.0
2021072004033670,AKPL,39,36,165,535.0,88275.0
2021072004033634,AKPL,14,58,815,532.0,433580.0
2021072004033232,AKPL,57,38,500,534.0,267000.0
2021072004033318,AKPL,34,25,50,534.0,26700.0
2021072004033297,AKPL,48,25,100,534.0,53400.0
2021072004033296,AKPL,14,25,500,534.0,267000.0
2021072004033295,AKPL,57,25,212,534.0,113208.0
2021072004033289,AKPL,26,42,100,535.0,53500.0
2021072004033261,AKPL,44,42,50,535.0,26750.0
2021072004033481,AKPL,39,49,20,534.0,10680.0
2021072004033424,AKPL,17,36,800,535.0,428000.0
2021072004033397,AKPL,42,36,500,535.0,267500.0
2021072004033376,AKPL,17,36,12,535.0,6420.0
2021072004033375,AKPL,17,42,650,535.0,347750.0
2021072004033374,AKPL,17,25,138,534.0,73692.0
2021072004033531,AKPL,21,58,200,533.0,106600.0
2021072004033530,AKPL,38,58,404,533.0,215332.0
2021072004033506,AKPL,59,36,618,535.0,330630.0
2021072004033505,AKPL,59,26,100,534.0,53400.0
2021072004033504,AKPL,59,34,82,534.0,43788.0
2021072004033489,AKPL,39,34,118,534.0,63012.0
2021072004033537,AKPL,19,58,296,533.0,157768.0
2021072004033536,AKPL,50,58,500,533.0,266500.0
2021072004033535,AKPL,38,58,500,533.0,266500.0
2021072004033534,AKPL,48,58,200,533.0,106600.0
2021072004033533,AKPL,54,58,100,533.0,53300.0
2021072004033532,AKPL,17,58,300,533.0,159900.0
2021072004033612,AKPL,39,5,200,535.0,107000.0
2021072004033611,AKPL,39,36,75,535.0,40125.0
2021072004033604,AKPL,17,36,900,535.0,481500.0
2021072004033580,AKPL,39,36,500,535.0,267500.0
2021072004033558,AKPL,39,36,500,535.0,267500.0
2021072004033538,AKPL,19,45,4,533.0,2132.0
2021072004033633,AKPL,39,58,"1,000",532.0,532000.0
2021072004033632,AKPL,49,58,185,534.0,98790.0
2021072004033616,AKPL,39,36,35,535.0,18725.0
2021072004033615,AKPL,39,6,300,535.0,160500.0
2021072004033614,AKPL,39,58,100,535.0,53500.0
2021072004033613,AKPL,39,45,90,535.0,48150.0
2021072004033645,API,58,43,100,428.0,42800.0
2021072004033644,API,21,32,50,428.9,21445.0
2021072004033521,API,58,34,400,428.0,171200.0
2021072004033520,API,56,34,100,428.0,42800.0
2021072004033519,API,21,33,50,428.0,21400.0
2021072004033355,API,55,58,16,429.0,6864.0
2021072004033354,API,55,1,84,429.0,36036.0
2021072004033575,BARUN,28,39,10,592.0,5920.0
2021072004033545,BARUN,28,10,10,590.0,5900.0
2021072004033516,BARUN,4,20,120,587.0,70440.0
2021072004033515,BARUN,57,20,380,588.0,223440.0
2021072004033502,BARUN,49,10,90,590.0,53100.0
2021072004033465,BARUN,45,39,400,592.0,236800.0
2021072004033444,BARUN,28,39,10,592.0,5920.0
2021072004033425,BARUN,49,58,10,590.0,5900.0
2021072004033281,BARUN,49,52,900,590.0,531000.0
2021072004033625,BBC,19,28,30,6255.0,187650.0
2021072004033576,BPCL,35,25,20,522.0,10440.0
2021072004033433,BPCL,14,25,100,522.0,52200.0
2021072004033428,BPCL,25,57,70,522.7,36589.0
2021072004033395,BPCL,33,57,30,522.7,15681.0
2021072004033394,BPCL,33,13,20,522.5,10450.0
2021072004033191,BPCL,44,56,80,521.0,41680.0
2021072004033190,BPCL,42,56,420,522.0,219240.0
2021072004033189,BPCL,56,56,10,522.0,5220.0
2021072004033188,BPCL,34,56,200,522.0,104400.0
2021072004033197,BPCL,44,56,61,521.0,31781.0
2021072004033196,BPCL,21,56,105,521.0,54705.0
2021072004033195,BPCL,47,56,25,521.0,13025.0
2021072004033194,BPCL,6,56,19,521.0,9899.0
2021072004033193,BPCL,48,56,30,521.0,15630.0
2021072004033192,BPCL,34,56,150,521.0,78150.0
2021072004033462,CGH,52,35,10,1518.0,15180.0
2021072004033461,CGH,52,36,90,1518.0,136620.0
2021072004033457,CGH,52,25,10,1514.0,15140.0
2021072004033406,CGH,1,36,10,1518.0,15180.0
2021072004033312,CGH,1,11,10,1518.0,15180.0
2021072004033311,CGH,1,26,10,1515.0,15150.0
2021072004033303,CGH,22,49,40,1513.1,60524.0
2021072004033302,CGH,34,49,10,1514.0,15140.0
2021072004033216,CGH,34,41,10,1514.0,15140.0
2021072004033310,CGH,1,58,10,1515.0,15150.0
2021072004033309,CGH,1,41,50,1515.0,75750.0
2021072004033308,CGH,1,4,10,1514.9,15149.0
2021072004033306,CGH,52,49,40,1511.2,60448.0
2021072004033305,CGH,45,49,100,1513.0,151300.0
2021072004033304,CGH,20,49,10,1513.0,15130.0
2021072004033630,CHCL,35,14,10,685.0,6850.0
2021072004033290,CHCL,42,45,337,684.0,230508.0
2021072004033270,CHCL,21,45,150,684.0,102600.0
2021072004033584,CHL,35,38,210,523.0,109830.0
2021072004033583,CHL,32,38,100,523.1,52310.0
2021072004033582,CHL,58,38,500,523.2,261600.0
2021072004033581,CHL,51,14,95,524.9,49865.5
2021072004033517,CHL,51,35,100,524.9,52490.0
2021072004033454,CHL,51,45,110,524.9,57739.0
2021072004033453,CHL,51,28,119,524.0,62356.0
2021072004033452,CHL,51,19,11,524.0,5764.0
2021072004033274,CHL,6,6,2,523.0,1046.0
2021072004033199,CHL,22,5,100,524.0,52400.0
2021072004033675,CMF1,34,8,"3,700",14.09,52133.0
2021072004033543,CMF1,34,8,"10,000",14.09,140900.0
2021072004033609,DHPL,20,36,170,280.0,47600.0
2021072004033499,DHPL,55,58,10,281.0,2810.0
2021072004033498,DHPL,55,6,84,281.0,23604.0
2021072004033682,EIC,57,42,16,770.0,12320.0
2021072004033681,EIC,57,42,20,770.0,15400.0
2021072004033680,EIC,34,42,50,770.0,38500.0
2021072004033679,EIC,58,42,275,770.0,211750.0
2021072004033667,EIC,38,36,10,773.0,7730.0
2021072004033635,EIC,58,37,225,770.0,173250.0
2021072004033460,EIC,38,57,40,771.0,30840.0
2021072004033387,EIC,38,6,123,771.0,94833.0
2021072004033526,GHL,57,34,30,303.0,9090.0
2021072004033501,GHL,57,17,13,303.0,3939.0
2021072004033500,GHL,38,17,17,303.0,5151.0
2021072004033187,GHL,38,13,13,303.0,3939.0
2021072004033186,GHL,42,13,17,303.8,5164.6
2021072004033477,GIC,45,6,10,714.0,7140.0
2021072004033372,GIMES1,32,17,"10,000",22.1,221000.0
2021072004033459,GLH,35,49,10,382.0,3820.0
2021072004033404,GLH,35,56,45,382.0,17190.0
2021072004033359,GLH,42,54,30,383.0,11490.0
2021072004033271,GLH,35,38,10,382.0,3820.0
2021072004033480,HDHPC,14,49,10,298.0,2980.0
2021072004033479,HDHPC,14,4,990,298.0,295020.0
2021072004033427,HDHPC,36,4,"1,000",298.0,298000.0
2021072004033426,HDHPC,14,4,10,298.0,2980.0
2021072004033405,HDHPC,14,26,500,298.0,149000.0
2021072004033371,HDHPC,14,57,490,298.0,146020.0
2021072004033370,HDHPC,1,57,10,298.0,2980.0
2021072004033360,HDHPC,4,50,50,298.2,14910.0
2021072004033231,HDHPC,1,6,"1,340",298.0,399320.0
2021072004033207,HDHPC,35,6,10,298.0,2980.0
