Transact. No.,Symbol,Buyer,Seller,Quantity,Rate,Amount
2021090805001491,JBLB,38,59,10,4660.0,46600.0
2021090805001490,JBLB,42,17,10,4651.1,46511.0
2021090805001489,JBLB,10,45,10,4655.0,46550.0
2021090805001488,JBLB,32,49,10,4655.0,46550.0
2021090805001486,JBLB,42,16,10,4651.1,46511.0
2021090805001485,JBLB,42,42,10,4655.0,46550.0
2021090805001004,JBLB,56,46,90,4670.0,420300.0
2021090805001003,JBLB,33,21,10,4651.0,46510.0
2021090805001001,JBLB,33,38,10,4651.0,46510.0
2021090805000995,JBLB,33,51,10,4651.0,46510.0
2021090805000992,JBLB,53,45,10,4655.0,46550.0
2021090805001032,JBLB,50,21,10,4651.0,46510.0
2021090805001027,JBLB,45,21,10,4650.0,46500.0
2021090805001022,JBLB,57,21,10,4657.0,46570.0
2021090805001020,JBLB,42,21,10,4650.0,46500.0
2021090805001018,JBLB,53,32,10,4665.0,46650.0
2021090805001005,JBLB,56,58,10,4670.0,46700.0
2021090805001047,JBLB,58,55,10,4650.0,46500.0
2021090805001044,JBLB,50,55,10,4651.0,46510.0
2021090805001043,JBLB,50,56,10,4651.0,46510.0
2021090805001042,JBLB,50,47,10,4651.0,46510.0
2021090805001040,JBLB,50,49,10,4651.0,46510.0
2021090805001037,JBLB,50,17,10,4651.0,46510.0
2021090805001062,JBLB,33,52,10,4650.0,46500.0
2021090805001061,JBLB,33,56,10,4650.0,46500.0
2021090805001058,JBLB,33,42,10,4650.0,46500.0
2021090805001055,JBLB,33,33,10,4650.0,46500.0
2021090805001054,JBLB,33,38,10,4650.0,46500.0
2021090805001052,JBLB,58,5,10,4650.0,46500.0
2021090805001068,JBLB,51,40,10,4651.0,46510.0
2021090805001067,JBLB,8,33,10,4660.0,46600.0
2021090805001066,JBLB,51,16,10,4651.0,46510.0
2021090805001065,JBLB,51,38,10,4651.0,46510.0
2021090805001064,JBLB,51,40,10,4651.0,46510.0
2021090805001063,JBLB,28,1,10,4650.0,46500.0
2021090805001082,JBLB,7,52,10,4658.0,46580.0
2021090805001075,JBLB,28,57,10,4658.0,46580.0
2021090805001074,JBLB,52,22,10,4660.0,46600.0
2021090805001073,JBLB,52,58,10,4660.0,46600.0
2021090805001072,JBLB,52,41,10,4660.0,46600.0
2021090805001070,JBLB,51,58,10,4651.0,46510.0
2021090805001108,JBLB,19,45,10,4650.0,46500.0
2021090805001105,JBLB,51,55,10,4644.0,46440.0
2021090805001102,JBLB,51,29,10,4644.0,46440.0
2021090805001099,JBLB,51,55,10,4644.0,46440.0
2021090805001092,JBLB,51,38,10,4642.0,46420.0
2021090805001085,JBLB,38,45,10,4659.0,46590.0
2021090805001140,JBLB,58,58,10,4650.0,46500.0
2021090805001138,JBLB,51,34,10,4651.0,46510.0
2021090805001137,JBLB,51,45,10,4651.0,46510.0
2021090805001117,JBLB,58,25,10,4650.0,46500.0
2021090805001112,JBLB,58,34,20,4650.0,93000.0
2021090805001110,JBLB,58,58,10,4650.0,46500.0
2021090805001171,JBLB,35,45,10,4650.0,46500.0
2021090805001170,JBLB,35,43,10,4650.0,46500.0
2021090805001168,JBLB,1,58,10,4660.0,46600.0
2021090805001166,JBLB,56,55,10,4651.0,46510.0
2021090805001148,JBLB,44,7,10,4650.0,46500.0
2021090805001146,JBLB,52,39,10,4650.0,46500.0
2021090805001183,JBLB,52,58,10,4660.0,46600.0
2021090805001182,JBLB,52,6,10,4660.0,46600.0
2021090805001181,JBLB,52,45,10,4660.0,46600.0
2021090805001180,JBLB,59,38,10,4651.0,46510.0
2021090805001179,JBLB,59,43,10,4652.0,46520.0
2021090805001172,JBLB,59,38,10,4651.0,46510.0
2021090805001190,JBLB,59,44,10,4651.0,46510.0
2021090805001188,JBLB,52,37,30,4669.0,140070.0
2021090805001187,JBLB,52,44,10,4669.0,46690.0
2021090805001186,JBLB,52,18,10,4664.0,46640.0
2021090805001185,JBLB,52,16,10,4663.0,46630.0
2021090805001184,JBLB,52,58,10,4663.0,46630.0
2021090805001198,JBLB,49,17,10,4663.0,46630.0
2021090805001197,JBLB,49,58,10,4663.0,46630.0
2021090805001194,JBLB,52,49,10,4670.0,46700.0
2021090805001193,JBLB,52,46,10,4670.0,46700.0
2021090805001192,JBLB,52,56,10,4670.0,46700.0
2021090805001191,JBLB,52,37,70,4669.0,326830.0
2021090805001210,JBLB,56,6,10,4653.0,46530.0
2021090805001207,JBLB,37,43,10,4670.0,46700.0
2021090805001204,JBLB,6,53,10,4670.0,46700.0
2021090805001202,JBLB,59,38,10,4669.0,46690.0
2021090805001201,JBLB,52,11,10,4670.0,46700.0
2021090805001200,JBLB,52,38,10,4670.0,46700.0
2021090805001233,JBLB,59,59,10,4660.0,46600.0
2021090805001231,JBLB,47,10,10,4662.0,46620.0
2021090805001229,JBLB,56,38,10,4654.0,46540.0
2021090805001228,JBLB,35,56,10,4654.1,46541.0
2021090805001221,JBLB,56,58,10,4654.0,46540.0
2021090805001219,JBLB,17,35,10,4665.0,46650.0
2021090805001241,JBLB,56,50,10,4680.0,46800.0
2021090805001240,JBLB,56,49,10,4680.0,46800.0
2021090805001239,JBLB,56,16,10,4680.0,46800.0
2021090805001238,JBLB,56,57,10,4675.0,46750.0
2021090805001237,JBLB,22,33,10,4670.0,46700.0
2021090805001236,JBLB,51,45,10,4666.0,46660.0
2021090805001249,JBLB,59,44,10,4660.0,46600.0
2021090805001247,JBLB,59,36,10,4660.0,46600.0
2021090805001245,JBLB,32,44,10,4675.0,46750.0
2021090805001244,JBLB,56,35,10,4680.0,46800.0
2021090805001243,JBLB,56,20,10,4680.0,46800.0
2021090805001242,JBLB,56,57,10,4680.0,46800.0
2021090805001259,JBLB,47,45,10,4660.0,46600.0
2021090805001258,JBLB,59,11,10,4660.0,46600.0
2021090805001256,JBLB,59,38,10,4660.0,46600.0
2021090805001253,JBLB,57,40,10,4666.0,46660.0
2021090805001251,JBLB,59,8,10,4660.0,46600.0
2021090805001250,JBLB,59,16,10,4660.0,46600.0
2021090805001275,JBLB,13,58,10,4670.0,46700.0
2021090805001274,JBLB,45,58,10,4661.0,46610.0
2021090805001264,JBLB,45,54,10,4661.0,46610.0
2021090805001263,JBLB,45,34,10,4661.0,46610.0
2021090805001262,JBLB,45,34,10,4660.1,46601.0
2021090805001261,JBLB,34,22,10,4660.1,46601.0
2021090805001287,JBLB,45,26,10,4661.0,46610.0
2021090805001284,JBLB,36,48,10,4662.0,46620.0
2021090805001283,JBLB,45,35,10,4661.0,46610.0
2021090805001282,JBLB,45,38,10,4661.0,46610.0
2021090805001281,JBLB,44,21,10,4670.0,46700.0
2021090805001276,JBLB,45,42,10,4661.0,46610.0
2021090805001296,JBLB,42,35,10,4661.0,46610.0
2021090805001295,JBLB,45,35,20,4661.0,93220.0
2021090805001294,JBLB,34,35,10,4670.0,46700.0
2021090805001293,JBLB,32,38,10,4670.0,46700.0
2021090805001292,JBLB,32,58,10,4675.0,46750.0
2021090805001290,JBLB,11,45,10,4670.0,46700.0
2021090805001302,JBLB,35,35,10,4655.0,46550.0
2021090805001301,JBLB,21,35,10,4655.0,46550.0
2021090805001300,JBLB,36,35,100,4656.0,465600.0
2021090805001299,JBLB,47,35,10,4660.0,46600.0
2021090805001298,JBLB,34,35,20,4660.0,93200.0
2021090805001297,JBLB,47,35,10,4660.0,46600.0
2021090805001314,JBLB,25,35,10,4688.0,46880.0
2021090805001311,JBLB,25,35,10,4688.0,46880.0
2021090805001310,JBLB,25,25,10,4687.6,46876.0
2021090805001309,JBLB,25,21,10,4680.0,46800.0
2021090805001306,JBLB,13,17,10,4670.0,46700.0
2021090805001303,JBLB,35,20,10,4655.0,46550.0
2021090805001326,JBLB,13,20,10,4670.0,46700.0
2021090805001325,JBLB,1,38,10,4661.0,46610.0
2021090805001319,JBLB,57,38,10,4660.0,46600.0
2021090805001318,JBLB,57,38,10,4660.0,46600.0
2021090805001317,JBLB,25,33,50,4688.0,234400.0
2021090805001315,JBLB,25,38,10,4688.0,46880.0
2021090805001337,JBLB,39,59,10,4688.0,46880.0
2021090805001336,JBLB,11,42,10,4670.0,46700.0
2021090805001335,JBLB,11,58,10,4670.0,46700.0
2021090805001333,JBLB,21,58,10,4665.0,46650.0
2021090805001328,JBLB,49,58,10,4665.0,46650.0
2021090805001327,JBLB,1,38,10,4661.0,46610.0
2021090805001351,JBLB,57,54,10,4660.0,46600.0
2021090805001350,JBLB,1,54,20,4661.0,93220.0
2021090805001349,JBLB,11,48,10,4664.0,46640.0
2021090805001347,JBLB,1,38,10,4661.0,46610.0
2021090805001340,JBLB,11,58,10,4665.0,46650.0
2021090805001338,JBLB,13,14,10,4670.0,46700.0
2021090805001357,JBLB,1,10,10,4661.0,46610.0
2021090805001356,JBLB,1,38,10,4661.0,46610.0
2021090805001355,JBLB,47,54,10,4655.0,46550.0
2021090805001354,JBLB,35,54,60,4655.0,279300.0
2021090805001353,JBLB,4,54,30,4656.0,139680.0
2021090805001352,JBLB,21,54,10,4656.0,46560.0
2021090805001366,JBLB,38,38,10,4656.0,46560.0
2021090805001362,JBLB,35,39,10,4655.0,46550.0
2021090805001361,JBLB,57,10,10,4661.0,46610.0
2021090805001360,JBLB,21,40,10,4660.0,46600.0
2021090805001359,JBLB,35,48,10,4655.0,46550.0
2021090805001358,JBLB,45,38,10,4655.0,46550.0
2021090805001373,JBLB,59,57,10,4652.0,46520.0
2021090805001371,JBLB,25,38,10,4652.0,46520.0
2021090805001370,JBLB,13,57,10,4657.0,46570.0
2021090805001369,JBLB,33,45,10,4655.0,46550.0
2021090805001368,JBLB,57,57,30,4660.0,139800.0
2021090805001367,JBLB,35,35,10,4655.0,46550.0
2021090805001384,JBLB,29,38,10,4650.0,46500.0
2021090805001383,JBLB,48,7,10,4652.0,46520.0
2021090805001380,JBLB,58,39,10,4655.0,46550.0
2021090805001379,JBLB,58,22,10,4655.0,46550.0
2021090805001375,JBLB,6,45,10,4651.0,46510.0
2021090805001374,JBLB,53,57,10,4652.0,46520.0
2021090805001392,JBLB,57,51,10,4650.0,46500.0
2021090805001391,JBLB,39,51,10,4650.0,46500.0
2021090805001390,JBLB,42,51,10,4651.0,46510.0
2021090805001389,JBLB,43,4,10,4652.0,46520.0
2021090805001387,JBLB,13,18,10,4652.0,46520.0
2021090805001386,JBLB,13,42,10,4652.0,46520.0
2021090805001408,JBLB,33,40,10,4652.0,46520.0
2021090805001397,JBLB,33,4,10,4652.0,46520.0
2021090805001396,JBLB,53,42,10,4650.0,46500.0
2021090805001395,JBLB,53,57,10,4650.0,46500.0
2021090805001394,JBLB,53,51,60,4650.0,279000.0
2021090805001393,JBLB,17,51,10,4650.0,46500.0
2021090805001421,JBLB,47,33,35,4652.0,162820.0
2021090805001420,JBLB,47,10,15,4652.0,69780.0
2021090805001418,JBLB,53,38,10,4650.0,46500.0
2021090805001417,JBLB,40,10,15,4652.0,69780.0
2021090805001414,JBLB,16,10,20,4652.0,93040.0
2021090805001411,JBLB,32,46,10,4652.0,46520.0
2021090805001433,JBLB,42,18,10,4654.0,46540.0
2021090805001432,JBLB,42,58,10,4654.0,46540.0
2021090805001430,JBLB,45,47,10,4651.0,46510.0
2021090805001427,JBLB,49,38,10,4654.0,46540.0
2021090805001426,JBLB,29,40,10,4654.0,46540.0
2021090805001422,JBLB,45,33,15,4651.0,69765.0
2021090805001441,JBLB,35,52,10,4650.0,46500.0
2021090805001440,JBLB,53,52,10,4650.0,46500.0
2021090805001439,JBLB,45,52,25,4651.0,116275.0
2021090805001438,JBLB,25,1,10,4654.0,46540.0
2021090805001435,JBLB,42,40,70,4655.0,325850.0
2021090805001434,JBLB,42,4,10,4654.0,46540.0
2021090805001447,JBLB,55,52,10,4650.0,46500.0
2021090805001446,JBLB,45,52,20,4650.0,93000.0
2021090805001445,JBLB,34,52,10,4650.0,46500.0
2021090805001444,JBLB,59,52,50,4650.0,232500.0
2021090805001443,JBLB,58,52,10,4650.0,46500.0
2021090805001442,JBLB,56,52,20,4650.0,93000.0
2021090805001456,JBLB,34,45,10,4645.0,46450.0
2021090805001455,JBLB,47,45,20,4645.0,92900.0
2021090805001454,JBLB,1,45,20,4645.0,92900.0
2021090805001453,JBLB,32,42,10,4650.0,46500.0
2021090805001450,JBLB,42,44,10,4650.0,46500.0
2021090805001448,JBLB,26,52,30,4650.0,139500.0
2021090805001468,JBLB,35,46,15,4650.0,69750.0
2021090805001467,JBLB,26,35,10,4645.0,46450.0
2021090805001466,JBLB,42,46,10,4650.0,46500.0
2021090805001465,JBLB,42,58,10,4650.0,46500.0
2021090805001464,JBLB,26,38,10,4645.0,46450.0
2021090805001457,JBLB,26,45,75,4645.0,348375.0
2021090805001475,JBLB,42,29,10,4650.0,46500.0
2021090805001473,JBLB,59,38,10,4650.0,46500.0
2021090805001472,JBLB,59,34,10,4650.0,46500.0
2021090805001471,JBLB,13,34,20,4645.0,92900.0
2021090805001470,JBLB,25,34,10,4645.0,46450.0
2021090805001469,JBLB,35,54,10,4650.0,46500.0
2021090805001484,JBLB,42,40,20,4655.0,93100.0
2021090805001481,JBLB,42,26,10,4651.1,46511.0
2021090805001480,JBLB,14,40,10,4655.0,46550.0
2021090805001478,JBLB,42,48,10,4651.1,46511.0
2021090805001477,JBLB,42,48,10,4651.0,46510.0
2021090805001476,JBLB,42,14,10,4650.0,46500.0
2021090805001487,ULI,43,35,10,705.0,7050.0
2021090805001483,ULI,17,53,10,703.0,7030.0
2021090805001482,ULI,17,57,10,703.0,7030.0
2021090805001479,ULI,17,1,10,703.0,7030.0
2021090805001474,ULI,17,58,10,703.0,7030.0
2021090805001463,ULI,17,20,13,703.0,9139.0
2021090805000996,ULI,45,21,10,701.7,7017.0
2021090805000994,ULI,45,21,10,701.7,7017.0
2021090805000993,ULI,45,35,220,701.7,154374.0
2021090805001006,ULI,45,18,10,701.7,7017.0
2021090805001002,ULI,45,21,10,701.7,7017.0
2021090805001000,ULI,45,21,10,701.7,7017.0
2021090805000999,ULI,45,38,10,701.7,7017.0
2021090805000998,ULI,45,21,10,701.7,7017.0
2021090805000997,ULI,45,34,10,701.7,7017.0
2021090805001012,ULI,45,38,10,701.7,7017.0
2021090805001011,ULI,45,57,10,701.7,7017.0
2021090805001010,ULI,16,59,10,702.0,7020.0
2021090805001009,ULI,16,34,10,702.0,7020.0
2021090805001008,ULI,16,35,10,702.0,7020.0
2021090805001007,ULI,45,34,10,701.7,7017.0
2021090805001019,ULI,45,38,10,701.7,7017.0
2021090805001017,ULI,45,21,10,701.7,7017.0
2021090805001016,ULI,58,21,10,702.0,7020.0
2021090805001015,ULI,58,21,10,702.0,7020.0
2021090805001014,ULI,58,21,10,702.0,7020.0
2021090805001013,ULI,58,21,10,702.0,7020.0
2021090805001028,ULI,45,32,10,701.7,7017.0
2021090805001026,ULI,45,58,10,701.7,7017.0
2021090805001025,ULI,45,21,10,701.7,7017.0
2021090805001024,ULI,21,32,10,702.0,7020.0
2021090805001023,ULI,21,21,10,702.0,7020.0
2021090805001021,ULI,58,58,10,702.0,7020.0
2021090805001035,ULI,43,21,10,702.2,7022.0
2021090805001034,ULI,26,49,10,702.0,7020.0
2021090805001033,ULI,45,34,10,701.7,7017.0
2021090805001031,ULI,45,21,10,701.7,7017.0
2021090805001030,ULI,45,21,10,701.7,7017.0
2021090805001029,ULI,45,21,10,701.7,7017.0
2021090805001046,ULI,45,51,10,701.7,7017.0
2021090805001045,ULI,45,21,10,701.7,7017.0
2021090805001041,ULI,45,58,10,701.7,7017.0
2021090805001039,ULI,45,21,10,701.7,7017.0
2021090805001038,ULI,45,21,10,701.7,7017.0
2021090805001036,ULI,45,21,10,701.7,7017.0
2021090805001056,ULI,22,14,10,703.0,7030.0
2021090805001053,ULI,22,45,10,703.0,7030.0
2021090805001051,ULI,22,44,10,703.0,7030.0
2021090805001050,ULI,22,59,10,703.0,7030.0
2021090805001049,ULI,22,14,10,702.0,7020.0
2021090805001048,ULI,45,45,10,701.7,7017.0
2021090805001076,ULI,51,38,10,703.0,7030.0
2021090805001071,ULI,17,57,10,702.0,7020.0
2021090805001069,ULI,17,40,10,702.0,7020.0
2021090805001060,ULI,22,51,10,703.0,7030.0
2021090805001059,ULI,51,41,10,704.0,7040.0
2021090805001057,ULI,51,22,10,704.0,7040.0
2021090805001083,ULI,17,39,10,702.0,7020.0
2021090805001081,ULI,38,44,10,703.0,7030.0
2021090805001080,ULI,51,34,10,704.0,7040.0
2021090805001079,ULI,51,22,10,704.0,7040.0
2021090805001078,ULI,38,14,10,703.0,7030.0
2021090805001077,ULI,51,45,10,703.0,7030.0
2021090805001090,ULI,50,39,10,702.0,7020.0
2021090805001089,ULI,50,17,10,702.0,7020.0
2021090805001088,ULI,50,49,10,702.0,7020.0
2021090805001087,ULI,50,36,10,702.0,7020.0
2021090805001086,ULI,50,45,20,702.0,14040.0
2021090805001084,ULI,38,42,10,703.0,7030.0
2021090805001097,ULI,58,26,10,703.0,7030.0
2021090805001096,ULI,22,51,30,705.0,21150.0
2021090805001095,ULI,22,49,10,705.0,7050.0
2021090805001094,ULI,22,49,10,704.0,7040.0
2021090805001093,ULI,50,32,10,702.0,7020.0
2021090805001091,ULI,22,38,10,703.0,7030.0
2021090805001106,ULI,58,55,10,703.0,7030.0
2021090805001104,ULI,58,29,10,703.0,7030.0
2021090805001103,ULI,58,58,10,703.0,7030.0
2021090805001101,ULI,58,32,10,703.0,7030.0
2021090805001100,ULI,58,58,10,703.0,7030.0
2021090805001098,ULI,58,32,10,703.0,7030.0
2021090805001115,ULI,57,58,10,702.0,7020.0
2021090805001114,ULI,57,55,10,702.0,7020.0
2021090805001113,ULI,57,39,10,702.0,7020.0
2021090805001111,ULI,50,55,10,702.0,7020.0
2021090805001109,ULI,50,45,10,702.0,7020.0
2021090805001107,ULI,50,4,10,702.0,7020.0
2021090805001122,ULI,38,35,140,701.6,98224.0
2021090805001121,ULI,57,35,30,701.7,21051.0
2021090805001120,ULI,39,35,50,701.8,35090.0
2021090805001119,ULI,58,35,49,702.0,34398.0
2021090805001118,ULI,57,35,10,702.0,7020.0
2021090805001116,ULI,57,55,10,702.0,7020.0
2021090805001128,ULI,17,35,90,701.1,63099.0
2021090805001127,ULI,43,35,10,701.2,7012.0
2021090805001126,ULI,21,35,139,701.3,97480.7
2021090805001125,ULI,21,55,10,701.3,7013.0
2021090805001124,ULI,21,35,51,701.3,35766.3
2021090805001123,ULI,42,35,170,701.4,119238.0
2021090805001134,ULI,41,43,10,701.0,7010.0
2021090805001133,ULI,41,49,10,701.0,7010.0
2021090805001132,ULI,41,35,121,701.0,84821.0
2021090805001131,ULI,49,35,20,701.0,14020.0
2021090805001130,ULI,42,35,100,701.0,70100.0
2021090805001129,ULI,43,35,10,701.1,7011.0
2021090805001143,ULI,39,55,10,701.3,7013.0
2021090805001142,ULI,43,55,10,700.6,7006.0
2021090805001141,ULI,41,43,10,701.0,7010.0
2021090805001139,ULI,41,55,10,701.0,7010.0
2021090805001136,ULI,41,43,10,701.0,7010.0
2021090805001135,ULI,41,39,10,701.0,7010.0
2021090805001151,ULI,43,35,10,700.3,7003.0
2021090805001150,ULI,26,35,160,700.5,112080.0
2021090805001149,ULI,26,55,10,700.5,7005.0
2021090805001147,ULI,26,55,10,700.5,7005.0
2021090805001145,ULI,26,43,10,700.5,7005.0
2021090805001144,ULI,39,55,10,701.3,7013.0
2021090805001157,ULI,58,55,10,701.0,7010.0
2021090805001156,ULI,32,35,100,700.1,70010.0
2021090805001155,ULI,19,35,100,700.1,70010.0
2021090805001154,ULI,45,35,20,700.1,14002.0
2021090805001153,ULI,36,35,10,700.2,7002.0
2021090805001152,ULI,25,35,100,700.3,70030.0
2021090805001163,ULI,1,21,10,701.0,7010.0
2021090805001162,ULI,32,25,10,702.0,7020.0
2021090805001161,ULI,1,55,10,701.0,7010.0
2021090805001160,ULI,1,58,10,701.0,7010.0
2021090805001159,ULI,1,55,10,700.5,7005.0
2021090805001158,ULI,58,49,10,701.0,7010.0
2021090805001174,ULI,3,58,10,701.0,7010.0
2021090805001173,ULI,3,28,10,701.0,7010.0
2021090805001169,ULI,3,49,10,701.0,7010.0
2021090805001167,ULI,39,11,10,700.2,7002.0
2021090805001165,ULI,1,55,10,701.0,7010.0
2021090805001164,ULI,1,55,10,701.0,7010.0
2021090805001195,ULI,3,56,10,701.0,7010.0
2021090805001189,ULI,58,33,10,701.5,7015.0
2021090805001178,ULI,58,58,10,701.5,7015.0
2021090805001177,ULI,57,43,100,702.0,70200.0
2021090805001176,ULI,57,58,10,702.0,7020.0
2021090805001175,ULI,57,43,10,702.0,7020.0
2021090805001208,ULI,29,53,10,701.0,7010.0
2021090805001206,ULI,29,44,10,701.0,7010.0
2021090805001205,ULI,29,43,10,701.0,7010.0
2021090805001203,ULI,29,52,10,701.0,7010.0
2021090805001199,ULI,29,56,10,701.0,7010.0
2021090805001196,ULI,3,44,10,701.0,7010.0
2021090805001215,ULI,26,16,10,700.3,7003.0
2021090805001214,ULI,26,1,10,700.3,7003.0
2021090805001213,ULI,26,11,10,700.3,7003.0
2021090805001212,ULI,26,26,10,700.3,7003.0
2021090805001211,ULI,22,26,10,700.5,7005.0
2021090805001209,ULI,32,26,10,701.0,7010.0
2021090805001223,ULI,53,39,10,701.0,7010.0
2021090805001222,ULI,53,7,10,701.0,7010.0
2021090805001220,ULI,53,16,10,701.0,7010.0
2021090805001218,ULI,53,17,10,701.0,7010.0
2021090805001217,ULI,53,58,10,700.5,7005.0
2021090805001216,ULI,26,49,10,700.3,7003.0
2021090805001232,ULI,58,10,10,702.0,7020.0
2021090805001230,ULI,58,56,10,702.0,7020.0
2021090805001227,ULI,42,51,10,705.0,7050.0
2021090805001226,ULI,42,49,10,705.0,7050.0
2021090805001225,ULI,58,18,10,702.0,7020.0
2021090805001224,ULI,58,32,10,702.0,7020.0
2021090805001254,ULI,53,4,10,701.0,7010.0
2021090805001252,ULI,57,45,10,702.0,7020.0
2021090805001248,ULI,57,26,10,702.0,7020.0
2021090805001246,ULI,53,4,10,701.0,7010.0
2021090805001235,ULI,45,44,10,701.1,7011.0
2021090805001234,ULI,58,35,10,702.0,7020.0
2021090805001267,ULI,36,20,20,700.5,14010.0
2021090805001266,ULI,41,20,50,701.0,35050.0
2021090805001265,ULI,53,7,10,701.0,7010.0
2021090805001260,ULI,53,58,10,701.0,7010.0
2021090805001257,ULI,53,38,10,701.0,7010.0
2021090805001255,ULI,38,14,10,702.0,7020.0
2021090805001273,ULI,32,20,65,700.1,45506.5
2021090805001272,ULI,25,20,20,700.2,14004.0
2021090805001271,ULI,43,20,30,700.2,21006.0
2021090805001270,ULI,39,20,10,700.2,7002.0
2021090805001269,ULI,26,20,50,700.3,35015.0
2021090805001268,ULI,56,20,100,700.4,70040.0
2021090805001286,ULI,45,38,40,702.0,28080.0
2021090805001285,ULI,42,38,60,702.0,42120.0
2021090805001280,ULI,42,45,10,701.0,7010.0
2021090805001279,ULI,32,32,10,700.1,7001.0
2021090805001278,ULI,42,49,10,700.2,7002.0
2021090805001277,ULI,42,52,10,700.2,7002.0
2021090805001307,ULI,48,14,10,701.0,7010.0
2021090805001305,ULI,48,32,10,701.0,7010.0
2021090805001304,ULI,8,58,10,701.0,7010.0
2021090805001291,ULI,8,29,10,701.0,7010.0
2021090805001289,ULI,8,47,10,701.0,7010.0
2021090805001288,ULI,45,47,40,702.0,28080.0
2021090805001321,ULI,58,45,10,704.0,7040.0
2021090805001320,ULI,58,53,10,704.0,7040.0
2021090805001316,ULI,1,45,10,703.0,7030.0
2021090805001313,ULI,48,4,10,701.0,7010.0
2021090805001312,ULI,48,58,10,701.0,7010.0
2021090805001308,ULI,52,34,10,702.0,7020.0
2021090805001331,ULI,44,59,10,705.0,7050.0
2021090805001330,ULI,44,56,10,705.0,7050.0
2021090805001329,ULI,44,58,10,703.0,7030.0
2021090805001324,ULI,58,52,10,705.0,7050.0
2021090805001323,ULI,58,45,10,705.0,7050.0
2021090805001322,ULI,58,34,10,704.9,7049.0
2021090805001343,ULI,43,51,10,702.1,7021.0
2021090805001342,ULI,19,26,10,705.0,7050.0
2021090805001341,ULI,19,4,10,705.0,7050.0
2021090805001339,ULI,42,58,10,703.0,7030.0
2021090805001334,ULI,49,7,10,702.0,7020.0
2021090805001332,ULI,44,57,10,705.0,7050.0
2021090805001364,ULI,22,48,10,704.0,7040.0
2021090805001363,ULI,45,32,10,703.0,7030.0
2021090805001348,ULI,45,29,10,703.0,7030.0
2021090805001346,ULI,45,56,10,703.0,7030.0
2021090805001345,ULI,45,56,10,702.1,7021.0
2021090805001344,ULI,43,13,10,702.1,7021.0
2021090805001381,ULI,35,36,10,705.0,7050.0
2021090805001378,ULI,21,45,10,707.0,7070.0
2021090805001377,ULI,21,58,10,707.0,7070.0
2021090805001376,ULI,49,49,10,706.0,7060.0
2021090805001372,ULI,41,38,10,704.0,7040.0
2021090805001365,ULI,45,34,10,703.0,7030.0
2021090805001400,ULI,49,25,34,704.0,23936.0
2021090805001399,ULI,41,25,10,704.0,7040.0
2021090805001398,ULI,35,25,105,705.0,74025.0
2021090805001388,ULI,35,29,10,705.0,7050.0
2021090805001385,ULI,35,11,10,705.0,7050.0
2021090805001382,ULI,35,38,10,705.0,7050.0
2021090805001406,ULI,43,25,10,702.1,7021.0
2021090805001405,ULI,57,25,700,703.0,492100.0
2021090805001404,ULI,11,25,30,703.0,21090.0
2021090805001403,ULI,17,25,10,703.0,7030.0
2021090805001402,ULI,51,25,50,703.0,35150.0
2021090805001401,ULI,45,25,50,703.0,35150.0
2021090805001415,ULI,58,21,10,705.0,7050.0
2021090805001413,ULI,58,43,10,705.0,7050.0
2021090805001412,ULI,58,7,10,705.0,7050.0
2021090805001410,ULI,39,34,10,702.1,7021.0
2021090805001409,ULI,39,29,10,702.1,7021.0
2021090805001407,ULI,52,25,1,702.0,702.0
2021090805001428,ULI,58,58,10,705.0,7050.0
2021090805001425,ULI,54,41,10,706.0,7060.0
2021090805001424,ULI,54,34,10,706.0,7060.0
2021090805001423,ULI,58,10,10,705.0,7050.0
2021090805001419,ULI,53,42,10,706.0,7060.0
2021090805001416,ULI,58,56,10,705.0,7050.0
2021090805001451,ULI,58,34,10,705.0,7050.0
2021090805001449,ULI,58,7,10,705.0,7050.0
2021090805001437,ULI,58,42,10,705.0,7050.0
2021090805001436,ULI,58,58,10,705.0,7050.0
2021090805001431,ULI,58,7,10,705.0,7050.0
2021090805001429,ULI,58,38,10,705.0,7050.0
2021090805001462,ULI,45,20,12,703.0,8436.0
2021090805001461,ULI,16,20,50,704.0,35200.0
2021090805001460,ULI,50,20,20,705.0,14100.0
2021090805001459,ULI,58,20,160,705.0,112800.0
2021090805001458,ULI,58,56,10,705.0,7050.0
2021090805001452,ULI,58,58,10,705.0,7050.0
2021090805000991,JBLB,37,45,10,4655.0,46550.0
2021090805000990,JBLB,26,6,10,4665.0,46650.0
2021090805000989,JBLB,37,21,10,4655.0,46550.0
2021090805000987,JBLB,36,21,10,4655.0,46550.0
2021090805000984,JBLB,39,29,10,4660.0,46600.0
2021090805000982,JBLB,49,34,10,4655.0,46550.0
2021090805000501,JBLB,36,17,10,4640.0,46400.0
2021090805000500,JBLB,46,4,10,4640.0,46400.0
2021090805000499,JBLB,41,58,10,4640.0,46400.0
2021090805000498,JBLB,57,28,10,4640.0,46400.0
2021090805000494,JBLB,34,56,10,4640.1,46401.0
2021090805000493,JBLB,34,56,10,4640.1,46401.0
2021090805000511,JBLB,55,39,10,4630.7,46307.0
2021090805000510,JBLB,45,33,10,4630.6,46306.0
2021090805000506,JBLB,45,48,30,4630.6,138918.0
2021090805000505,JBLB,43,48,20,4630.6,92612.0
2021090805000504,JBLB,16,28,10,4630.8,46308.0
2021090805000502,JBLB,43,49,10,4640.0,46400.0
2021090805000520,JBLB,25,10,50,4625.0,231250.0
2021090805000517,JBLB,51,10,50,4625.0,231250.0
2021090805000515,JBLB,29,10,10,4625.0,46250.0
2021090805000514,JBLB,41,10,20,4630.0,92600.0
2021090805000513,JBLB,28,10,100,4630.5,463050.0
2021090805000512,JBLB,45,10,80,4630.6,370448.0
2021090805000537,JBLB,39,21,10,4620.0,46200.0
2021090805000535,JBLB,13,43,10,4620.0,46200.0
2021090805000528,JBLB,26,49,10,4620.1,46201.0
2021090805000525,JBLB,42,54,10,4620.0,46200.0
2021090805000524,JBLB,45,54,10,4625.0,46250.0
2021090805000522,JBLB,28,39,10,4620.1,46201.0
2021090805000548,JBLB,34,34,10,4611.1,46111.0
2021090805000545,JBLB,34,34,10,4611.1,46111.0
2021090805000544,JBLB,48,34,10,4610.0,46100.0
2021090805000543,JBLB,26,58,10,4611.0,46110.0
2021090805000542,JBLB,33,42,10,4615.0,46150.0
2021090805000540,JBLB,33,26,10,4615.0,46150.0
2021090805000561,JBLB,59,57,10,4620.0,46200.0
2021090805000558,JBLB,59,57,10,4620.0,46200.0
2021090805000555,JBLB,59,39,10,4620.0,46200.0
2021090805000553,JBLB,59,57,10,4620.0,46200.0
2021090805000551,JBLB,59,4,10,4620.0,46200.0
2021090805000550,JBLB,38,34,10,4611.0,46110.0
2021090805000594,JBLB,47,34,10,4630.8,46308.0
2021090805000588,JBLB,59,45,10,4620.0,46200.0
2021090805000566,JBLB,33,39,10,4630.6,46306.0
2021090805000565,JBLB,33,59,10,4630.6,46306.0
2021090805000564,JBLB,33,35,10,4630.0,46300.0
2021090805000562,JBLB,59,57,10,4620.0,46200.0
2021090805000604,JBLB,54,22,10,4630.0,46300.0
2021090805000603,JBLB,50,59,10,4622.0,46220.0
2021090805000600,JBLB,20,45,10,4621.1,46211.0
2021090805000599,JBLB,50,45,10,4625.0,46250.0
2021090805000596,JBLB,20,45,10,4621.1,46211.0
2021090805000595,JBLB,10,54,10,4621.0,46210.0
2021090805000611,JBLB,49,21,10,4625.0,46250.0
2021090805000609,JBLB,49,44,10,4625.0,46250.0
2021090805000608,JBLB,54,47,10,4630.0,46300.0
2021090805000607,JBLB,54,7,10,4630.0,46300.0
2021090805000606,JBLB,54,59,10,4630.0,46300.0
2021090805000605,JBLB,54,35,10,4630.0,46300.0
2021090805000619,JBLB,48,21,10,4625.1,46251.0
2021090805000618,JBLB,41,42,10,4650.0,46500.0
2021090805000617,JBLB,48,58,10,4625.1,46251.0
2021090805000616,JBLB,36,28,10,4625.2,46252.0
2021090805000614,JBLB,48,21,10,4625.1,46251.0
2021090805000612,JBLB,49,26,20,4625.0,92500.0
2021090805000632,JBLB,36,38,10,4640.0,46400.0
2021090805000631,JBLB,51,49,10,4632.0,46320.0
2021090805000630,JBLB,35,38,10,4631.0,46310.0
2021090805000629,JBLB,52,58,10,4640.0,46400.0
2021090805000622,JBLB,45,47,10,4630.0,46300.0
2021090805000620,JBLB,55,1,10,4625.3,46253.0
2021090805000643,JBLB,48,58,10,4645.0,46450.0
2021090805000642,JBLB,40,58,10,4650.0,46500.0
2021090805000641,JBLB,28,41,10,4650.0,46500.0
2021090805000638,JBLB,36,52,10,4640.0,46400.0
2021090805000634,JBLB,45,8,10,4660.0,46600.0
2021090805000633,JBLB,36,59,10,4640.0,46400.0
2021090805000652,JBLB,41,44,10,4660.0,46600.0
2021090805000651,JBLB,41,41,10,4660.0,46600.0
2021090805000650,JBLB,41,7,10,4660.0,46600.0
2021090805000649,JBLB,41,45,10,4660.0,46600.0
2021090805000648,JBLB,41,49,10,4660.0,46600.0
2021090805000647,JBLB,41,34,10,4659.0,46590.0
2021090805000669,JBLB,58,28,10,4665.0,46650.0
2021090805000658,JBLB,36,34,10,4670.0,46700.0
2021090805000656,JBLB,58,46,10,4665.0,46650.0
2021090805000655,JBLB,41,50,10,4660.0,46600.0
2021090805000654,JBLB,41,43,10,4660.0,46600.0
2021090805000653,JBLB,41,28,10,4660.0,46600.0
2021090805000677,JBLB,36,10,70,4671.0,326970.0
2021090805000676,JBLB,36,42,10,4671.0,46710.0
2021090805000675,JBLB,36,26,10,4671.0,46710.0
2021090805000674,JBLB,36,10,10,4665.0,46650.0
2021090805000671,JBLB,58,10,10,4665.0,46650.0
2021090805000670,JBLB,32,10,10,4670.0,46700.0
2021090805000688,JBLB,57,32,100,4679.0,467900.0
2021090805000687,JBLB,58,57,10,4671.0,46710.0
2021090805000686,JBLB,58,32,10,4671.0,46710.0
2021090805000685,JBLB,52,7,10,4665.0,46650.0
2021090805000682,JBLB,45,10,20,4671.0,93420.0
2021090805000680,JBLB,41,38,10,4660.0,46600.0
2021090805000694,JBLB,58,10,70,4671.0,326970.0
2021090805000693,JBLB,57,10,10,4680.0,46800.0
2021090805000692,JBLB,57,6,10,4680.0,46800.0
2021090805000691,JBLB,57,42,10,4680.0,46800.0
2021090805000690,JBLB,57,45,10,4680.0,46800.0
2021090805000689,JBLB,57,1,10,4680.0,46800.0
2021090805000706,JBLB,59,10,30,4671.0,140130.0
2021090805000705,JBLB,11,10,10,4671.0,46710.0
2021090805000702,JBLB,57,42,10,4675.0,46750.0
2021090805000701,JBLB,58,46,10,4671.0,46710.0
2021090805000700,JBLB,46,42,10,4671.0,46710.0
2021090805000696,JBLB,46,57,10,4671.0,46710.0
2021090805000723,JBLB,51,48,10,4665.0,46650.0
2021090805000722,JBLB,51,45,10,4665.0,46650.0
2021090805000718,JBLB,51,48,10,4665.0,46650.0
2021090805000715,JBLB,11,10,10,4671.0,46710.0
2021090805000712,JBLB,51,28,10,4665.0,46650.0
2021090805000707,JBLB,51,28,10,4665.0,46650.0
2021090805000735,JBLB,32,50,10,4684.0,46840.0
2021090805000731,JBLB,54,41,10,4664.0,46640.0
2021090805000728,JBLB,29,45,10,4665.0,46650.0
2021090805000727,JBLB,52,49,10,4670.0,46700.0
2021090805000726,JBLB,48,38,10,4671.0,46710.0
2021090805000725,JBLB,48,10,50,4671.0,233550.0
2021090805000744,JBLB,55,4,10,4665.0,46650.0
2021090805000743,JBLB,32,58,10,4680.0,46800.0
2021090805000740,JBLB,32,10,10,4684.0,46840.0
2021090805000739,JBLB,45,10,10,4684.0,46840.0
2021090805000738,JBLB,33,10,10,4684.0,46840.0
2021090805000736,JBLB,58,28,10,4675.0,46750.0
2021090805000773,JBLB,58,11,10,4671.0,46710.0
2021090805000772,JBLB,32,58,10,4675.0,46750.0
2021090805000771,JBLB,21,55,10,4683.0,46830.0
2021090805000750,JBLB,13,52,10,4683.0,46830.0
2021090805000749,JBLB,21,7,10,4680.0,46800.0
2021090805000747,JBLB,32,49,10,4680.0,46800.0
2021090805000784,JBLB,6,45,10,4680.0,46800.0
2021090805000783,JBLB,6,10,30,4680.0,140400.0
2021090805000780,JBLB,49,10,10,4680.0,46800.0
2021090805000778,JBLB,58,10,20,4680.0,93600.0
2021090805000776,JBLB,34,10,10,4680.0,46800.0
2021090805000775,JBLB,11,11,10,4683.0,46830.0
2021090805000792,JBLB,32,47,10,4683.9,46839.0
2021090805000791,JBLB,11,47,10,4683.9,46839.0
2021090805000790,JBLB,45,49,10,4675.0,46750.0
2021090805000789,JBLB,21,29,10,4675.0,46750.0
2021090805000787,JBLB,58,58,10,4683.0,46830.0
2021090805000785,JBLB,6,38,10,4683.0,46830.0
2021090805000799,JBLB,21,17,10,4670.0,46700.0
2021090805000797,JBLB,21,54,10,4670.0,46700.0
2021090805000796,JBLB,57,10,90,4674.0,420660.0
2021090805000795,JBLB,13,10,10,4675.0,46750.0
2021090805000794,JBLB,13,45,10,4675.0,46750.0
2021090805000793,JBLB,34,58,10,4675.0,46750.0
2021090805000811,JBLB,13,58,10,4680.0,46800.0
2021090805000808,JBLB,16,41,10,4667.0,46670.0
2021090805000807,JBLB,13,37,20,4683.0,93660.0
2021090805000802,JBLB,14,59,10,4666.0,46660.0
2021090805000801,JBLB,17,18,10,4682.0,46820.0
2021090805000800,JBLB,34,59,10,4670.0,46700.0
2021090805000820,JBLB,35,14,10,4666.0,46660.0
2021090805000819,JBLB,58,14,10,4667.0,46670.0
2021090805000818,JBLB,14,14,10,4666.0,46660.0
2021090805000815,JBLB,35,36,10,4667.0,46670.0
2021090805000814,JBLB,28,14,10,4668.0,46680.0
2021090805000812,JBLB,14,16,10,4668.0,46680.0
2021090805000845,JBLB,49,49,10,4665.0,46650.0
2021090805000830,JBLB,21,37,10,4665.0,46650.0
2021090805000829,JBLB,54,14,10,4664.0,46640.0
2021090805000825,JBLB,55,37,20,4665.0,93300.0
2021090805000824,JBLB,55,58,10,4665.0,46650.0
2021090805000823,JBLB,35,14,10,4666.0,46660.0
2021090805000870,JBLB,21,58,10,4661.1,46611.0
2021090805000863,JBLB,21,57,10,4661.1,46611.0
2021090805000862,JBLB,21,58,10,4661.1,46611.0
2021090805000860,JBLB,54,14,10,4664.0,46640.0
2021090805000850,JBLB,54,58,10,4664.0,46640.0
2021090805000849,JBLB,54,58,10,4664.0,46640.0
2021090805000888,JBLB,40,45,10,4666.0,46660.0
2021090805000885,JBLB,6,38,10,4660.0,46600.0
2021090805000884,JBLB,42,39,10,4661.0,46610.0
2021090805000883,JBLB,55,6,10,4661.0,46610.0
2021090805000875,JBLB,55,45,10,4661.0,46610.0
2021090805000873,JBLB,48,45,10,4661.0,46610.0
2021090805000895,JBLB,14,44,10,4660.1,46601.0
2021090805000894,JBLB,4,44,10,4661.0,46610.0
2021090805000893,JBLB,44,44,20,4662.0,93240.0
2021090805000892,JBLB,4,58,10,4661.0,46610.0
2021090805000890,JBLB,4,48,10,4661.0,46610.0
2021090805000889,JBLB,40,54,10,4666.0,46660.0
2021090805000910,JBLB,59,57,10,4660.0,46600.0
2021090805000905,JBLB,59,57,10,4660.0,46600.0
2021090805000903,JBLB,59,45,10,4660.0,46600.0
2021090805000899,JBLB,6,20,10,4660.0,46600.0
2021090805000898,JBLB,14,26,10,4660.1,46601.0
2021090805000896,JBLB,14,26,10,4660.1,46601.0
2021090805000924,JBLB,51,1,10,4660.0,46600.0
2021090805000922,JBLB,51,21,10,4660.0,46600.0
2021090805000921,JBLB,51,19,10,4660.0,46600.0
2021090805000917,JBLB,59,4,10,4660.0,46600.0
2021090805000916,JBLB,19,26,10,4661.0,46610.0
2021090805000912,JBLB,59,36,10,4660.0,46600.0
2021090805000938,JBLB,14,37,10,4660.0,46600.0
2021090805000937,JBLB,14,42,10,4660.0,46600.0
2021090805000934,JBLB,14,57,10,4660.0,46600.0
2021090805000933,JBLB,14,58,10,4660.0,46600.0
2021090805000931,JBLB,51,18,10,4660.0,46600.0
2021090805000927,JBLB,51,40,10,4660.0,46600.0
2021090805000950,JBLB,41,21,10,4660.0,46600.0
2021090805000947,JBLB,14,1,10,4660.0,46600.0
2021090805000945,JBLB,14,48,10,4660.0,46600.0
2021090805000944,JBLB,14,21,10,4660.0,46600.0
2021090805000942,JBLB,14,35,10,4660.0,46600.0
2021090805000939,JBLB,14,49,10,4660.0,46600.0
2021090805000964,JBLB,33,38,10,4655.0,46550.0
2021090805000961,JBLB,33,38,10,4655.0,46550.0
2021090805000958,JBLB,33,38,10,4655.0,46550.0
2021090805000956,JBLB,33,21,10,4655.0,46550.0
2021090805000955,JBLB,38,14,10,4668.0,46680.0
2021090805000953,JBLB,6,21,10,4659.0,46590.0
2021090805000980,JBLB,33,21,10,4655.0,46550.0
2021090805000974,JBLB,33,6,10,4655.0,46550.0
2021090805000971,JBLB,33,47,10,4655.0,46550.0
2021090805000968,JBLB,33,21,10,4655.0,46550.0
2021090805000966,JBLB,33,45,10,4655.0,46550.0
2021090805000965,JBLB,33,21,10,4655.0,46550.0
2021090805000988,ULI,45,21,10,701.7,7017.0
2021090805000986,ULI,43,21,10,701.8,7018.0
2021090805000985,ULI,56,21,10,702.0,7020.0
2021090805000983,ULI,56,21,10,702.0,7020.0
2021090805000981,ULI,56,32,10,702.0,7020.0
2021090805000979,ULI,56,38,10,702.0,7020.0
2021090805000495,ULI,56,45,10,701.2,7012.0
2021090805000492,ULI,56,28,10,701.2,7012.0
2021090805000509,ULI,39,51,22,703.0,15466.0
2021090805000508,ULI,39,57,10,703.0,7030.0
2021090805000507,ULI,39,56,10,703.0,7030.0
2021090805000503,ULI,56,58,10,701.2,7012.0
2021090805000497,ULI,56,32,10,701.2,7012.0
2021090805000496,ULI,39,10,10,704.0,7040.0
2021090805000526,ULI,21,51,10,702.0,7020.0
2021090805000523,ULI,21,45,10,702.0,7020.0
2021090805000521,ULI,21,16,10,702.0,7020.0
2021090805000519,ULI,56,49,10,701.2,7012.0
2021090805000518,ULI,56,7,10,701.2,7012.0
2021090805000516,ULI,46,49,10,702.0,7020.0
2021090805000533,ULI,17,25,10,701.0,7010.0
2021090805000532,ULI,56,25,520,701.2,364624.0
2021090805000531,ULI,52,25,10,702.0,7020.0
2021090805000530,ULI,36,25,90,702.0,63180.0
2021090805000529,ULI,21,25,340,702.0,238680.0
2021090805000527,ULI,21,58,10,702.0,7020.0
2021090805000546,ULI,4,50,10,702.0,7020.0
2021090805000541,ULI,22,58,10,701.0,7010.0
2021090805000539,ULI,22,58,30,701.0,21030.0
2021090805000538,ULI,14,58,20,701.0,14020.0
2021090805000536,ULI,14,58,10,701.0,7010.0
2021090805000534,ULI,28,25,25,701.0,17525.0
2021090805000557,ULI,21,36,10,701.1,7011.0
2021090805000556,ULI,21,45,10,701.1,7011.0
2021090805000554,ULI,21,45,10,701.1,7011.0
2021090805000552,ULI,54,56,10,702.0,7020.0
2021090805000549,ULI,54,17,10,702.0,7020.0
2021090805000547,ULI,22,14,10,701.0,7010.0
2021090805000569,ULI,52,25,30,701.0,21030.0
2021090805000568,ULI,22,25,50,701.0,35050.0
2021090805000567,ULI,39,25,100,701.1,70110.0
2021090805000563,ULI,21,36,10,701.1,7011.0
2021090805000560,ULI,29,46,10,702.0,7020.0
2021090805000559,ULI,21,59,10,701.1,7011.0
2021090805000575,ULI,46,25,40,700.0,28000.0
2021090805000574,ULI,36,25,20,700.1,14002.0
2021090805000573,ULI,43,25,50,700.1,35005.0
2021090805000572,ULI,43,25,30,700.1,21003.0
2021090805000571,ULI,58,25,30,701.0,21030.0
2021090805000570,ULI,56,25,10,701.0,7010.0
2021090805000581,ULI,49,25,30,700.0,21000.0
2021090805000580,ULI,44,25,80,700.0,56000.0
2021090805000579,ULI,48,25,40,700.0,28000.0
2021090805000578,ULI,34,25,50,700.0,35000.0
2021090805000577,ULI,45,25,10,700.0,7000.0
2021090805000576,ULI,57,25,20,700.0,14000.0
2021090805000587,ULI,29,25,10,700.0,7000.0
2021090805000586,ULI,21,25,50,700.0,35000.0
2021090805000585,ULI,19,25,10,700.0,7000.0
2021090805000584,ULI,40,25,100,700.0,70000.0
2021090805000583,ULI,13,25,40,700.0,28000.0
2021090805000582,ULI,53,25,200,700.0,140000.0
2021090805000597,ULI,1,10,10,704.0,7040.0
2021090805000593,ULI,13,35,10,700.0,7000.0
2021090805000592,ULI,55,35,10,700.0,7000.0
2021090805000591,ULI,29,58,10,700.0,7000.0
2021090805000590,ULI,29,21,10,700.0,7000.0
2021090805000589,ULI,29,14,10,700.0,7000.0
2021090805000615,ULI,10,10,10,704.0,7040.0
2021090805000613,ULI,22,38,10,700.0,7000.0
2021090805000610,ULI,22,41,10,700.0,7000.0
2021090805000602,ULI,22,29,10,700.0,7000.0
2021090805000601,ULI,22,29,10,700.0,7000.0
2021090805000598,ULI,22,29,10,700.0,7000.0
2021090805000627,ULI,38,10,20,704.0,14080.0
2021090805000626,ULI,37,38,10,701.0,7010.0
2021090805000625,ULI,37,1,10,701.0,7010.0
2021090805000624,ULI,25,1,40,702.0,28080.0
2021090805000623,ULI,25,37,10,702.0,7020.0
2021090805000621,ULI,37,44,10,701.0,7010.0
2021090805000640,ULI,11,38,10,704.0,7040.0
2021090805000639,ULI,44,25,10,703.0,7030.0
2021090805000637,ULI,43,13,10,704.0,7040.0
2021090805000636,ULI,43,10,40,704.0,28160.0
2021090805000635,ULI,22,10,10,704.0,7040.0
2021090805000628,ULI,46,10,20,704.0,14080.0
2021090805000660,ULI,55,41,10,705.0,7050.0
2021090805000659,ULI,55,21,10,705.0,7050.0
2021090805000657,ULI,35,13,10,704.2,7042.0
2021090805000646,ULI,35,38,10,704.2,7042.0
2021090805000645,ULI,35,38,10,704.2,7042.0
2021090805000644,ULI,35,39,10,704.2,7042.0
2021090805000666,ULI,22,44,10,705.0,7050.0
2021090805000665,ULI,22,49,10,705.0,7050.0
2021090805000664,ULI,22,58,10,705.0,7050.0
2021090805000663,ULI,55,28,10,705.0,7050.0
2021090805000662,ULI,55,48,10,705.0,7050.0
2021090805000661,ULI,55,49,10,705.0,7050.0
2021090805000679,ULI,51,42,10,704.2,7042.0
2021090805000678,ULI,42,22,30,704.2,21126.0
2021090805000673,ULI,42,58,10,704.2,7042.0
2021090805000672,ULI,42,56,10,704.2,7042.0
2021090805000668,ULI,22,51,10,705.0,7050.0
2021090805000667,ULI,22,38,10,705.0,7050.0
2021090805000698,ULI,6,17,10,704.1,7041.0
2021090805000697,ULI,32,57,10,705.0,7050.0
2021090805000695,ULI,6,47,10,704.1,7041.0
2021090805000684,ULI,51,58,10,704.2,7042.0
2021090805000683,ULI,51,22,10,704.2,7042.0
2021090805000681,ULI,10,58,10,706.0,7060.0
2021090805000710,ULI,49,17,10,704.9,7049.0
2021090805000709,ULI,6,45,10,704.1,7041.0
2021090805000708,ULI,57,38,10,704.2,7042.0
2021090805000704,ULI,6,7,10,704.1,7041.0
2021090805000703,ULI,6,58,10,704.1,7041.0
2021090805000699,ULI,6,45,10,704.1,7041.0
2021090805000719,ULI,11,45,10,704.0,7040.0
2021090805000717,ULI,11,48,10,704.0,7040.0
2021090805000716,ULI,6,7,10,704.1,7041.0
2021090805000714,ULI,6,45,10,704.1,7041.0
2021090805000713,ULI,6,48,10,704.1,7041.0
2021090805000711,ULI,49,35,10,705.0,7050.0
2021090805000732,ULI,26,42,10,704.0,7040.0
2021090805000730,ULI,26,17,10,704.0,7040.0
2021090805000729,ULI,51,45,10,703.2,7032.0
2021090805000724,ULI,49,38,10,703.1,7031.0
2021090805000721,ULI,11,16,10,704.0,7040.0
2021090805000720,ULI,11,45,10,704.0,7040.0
2021090805000745,ULI,44,8,10,705.0,7050.0
2021090805000742,ULI,44,29,10,705.0,7050.0
2021090805000741,ULI,48,46,10,703.3,7033.0
2021090805000737,ULI,19,29,10,704.0,7040.0
2021090805000734,ULI,19,16,10,704.0,7040.0
2021090805000733,ULI,51,45,10,703.2,7032.0
2021090805000754,ULI,51,25,10,703.2,7032.0
2021090805000753,ULI,48,25,10,703.3,7033.0
2021090805000752,ULI,44,25,60,705.0,42300.0
2021090805000751,ULI,44,4,10,705.0,7050.0
2021090805000748,ULI,5,47,10,706.0,7060.0
2021090805000746,ULI,44,58,10,705.0,7050.0
2021090805000760,ULI,37,25,20,701.0,14020.0
2021090805000759,ULI,34,25,60,702.0,42120.0
2021090805000758,ULI,38,25,50,702.0,35100.0
2021090805000757,ULI,44,25,90,703.0,63270.0
2021090805000756,ULI,49,25,90,703.1,63279.0
2021090805000755,ULI,43,25,10,703.2,7032.0
2021090805000766,ULI,6,25,40,700.0,28000.0
2021090805000765,ULI,56,25,50,700.0,35000.0
2021090805000764,ULI,22,25,50,700.0,35000.0
2021090805000763,ULI,1,25,100,700.1,70010.0
2021090805000762,ULI,43,25,200,700.2,140040.0
2021090805000761,ULI,50,25,20,701.0,14020.0
2021090805000777,ULI,20,58,10,703.0,7030.0
2021090805000774,ULI,20,49,10,703.0,7030.0
2021090805000770,ULI,51,25,10,700.0,7000.0
2021090805000769,ULI,42,25,50,700.0,35000.0
2021090805000768,ULI,10,25,10,700.0,7000.0
2021090805000767,ULI,46,25,70,700.0,49000.0
2021090805000798,ULI,21,43,10,702.0,7020.0
2021090805000788,ULI,26,49,10,700.2,7002.0
2021090805000786,ULI,39,17,10,703.0,7030.0
2021090805000782,ULI,20,38,10,703.0,7030.0
2021090805000781,ULI,41,8,20,705.0,14100.0
2021090805000779,ULI,41,39,10,705.0,7050.0
2021090805000810,ULI,43,16,10,701.2,7012.0
2021090805000809,ULI,49,21,10,704.0,7040.0
2021090805000806,ULI,21,25,10,702.0,7020.0
2021090805000805,ULI,58,48,10,703.0,7030.0
2021090805000804,ULI,29,44,10,701.1,7011.0
2021090805000803,ULI,29,57,10,701.1,7011.0
2021090805000826,ULI,48,7,10,704.0,7040.0
2021090805000822,ULI,48,45,10,702.0,7020.0
2021090805000821,ULI,48,33,10,702.0,7020.0
2021090805000817,ULI,34,45,10,705.0,7050.0
2021090805000816,ULI,34,29,10,703.0,7030.0
2021090805000813,ULI,48,41,10,702.0,7020.0
2021090805000834,ULI,38,45,10,705.0,7050.0
2021090805000833,ULI,48,14,10,704.0,7040.0
2021090805000832,ULI,48,14,10,704.0,7040.0
2021090805000831,ULI,48,14,10,704.0,7040.0
2021090805000828,ULI,48,22,10,704.0,7040.0
2021090805000827,ULI,48,14,10,704.0,7040.0
2021090805000840,ULI,57,14,10,703.0,7030.0
2021090805000839,ULI,48,21,10,704.0,7040.0
2021090805000838,ULI,48,14,10,704.0,7040.0
2021090805000837,ULI,48,14,10,704.0,7040.0
2021090805000836,ULI,38,45,10,705.0,7050.0
2021090805000835,ULI,48,52,10,704.0,7040.0
2021090805000847,ULI,38,4,10,704.0,7040.0
2021090805000846,ULI,57,40,10,703.0,7030.0
2021090805000844,ULI,57,14,10,703.0,7030.0
2021090805000843,ULI,57,14,10,703.0,7030.0
2021090805000842,ULI,57,40,10,703.0,7030.0
2021090805000841,ULI,38,46,10,705.0,7050.0
2021090805000855,ULI,58,58,10,706.0,7060.0
2021090805000854,ULI,58,51,10,705.0,7050.0
2021090805000853,ULI,58,4,10,705.0,7050.0
2021090805000852,ULI,58,21,10,705.0,7050.0
2021090805000851,ULI,58,41,10,705.0,7050.0
2021090805000848,ULI,57,34,10,703.0,7030.0
2021090805000864,ULI,37,14,10,701.1,7011.0
2021090805000861,ULI,29,51,10,701.1,7011.0
2021090805000859,ULI,57,36,10,703.0,7030.0
2021090805000858,ULI,57,58,10,703.0,7030.0
2021090805000857,ULI,57,56,10,703.0,7030.0
2021090805000856,ULI,58,4,10,706.0,7060.0
2021090805000871,ULI,58,21,10,702.0,7020.0
2021090805000869,ULI,37,14,10,701.1,7011.0
2021090805000868,ULI,34,35,20,708.0,14160.0
2021090805000867,ULI,34,38,10,707.0,7070.0
2021090805000866,ULI,34,49,10,705.0,7050.0
2021090805000865,ULI,34,49,10,703.0,7030.0
2021090805000879,ULI,58,35,20,708.0,14160.0
2021090805000878,ULI,58,49,10,707.9,7079.0
2021090805000877,ULI,58,52,10,707.9,7079.0
2021090805000876,ULI,37,58,10,701.1,7011.0
2021090805000874,ULI,37,57,10,701.1,7011.0
2021090805000872,ULI,37,45,10,701.1,7011.0
2021090805000891,ULI,38,32,10,703.0,7030.0
2021090805000887,ULI,38,38,10,703.0,7030.0
2021090805000886,ULI,38,36,10,703.0,7030.0
2021090805000882,ULI,17,42,10,701.1,7011.0
2021090805000881,ULI,17,58,10,701.1,7011.0
2021090805000880,ULI,17,45,10,701.1,7011.0
2021090805000906,ULI,38,26,10,703.0,7030.0
2021090805000904,ULI,48,34,10,704.0,7040.0
2021090805000902,ULI,48,33,10,704.0,7040.0
2021090805000901,ULI,38,33,10,703.0,7030.0
2021090805000900,ULI,38,14,10,703.0,7030.0
2021090805000897,ULI,38,58,10,703.0,7030.0
2021090805000914,ULI,35,26,10,704.0,7040.0
2021090805000913,ULI,35,41,10,704.0,7040.0
2021090805000911,ULI,35,57,10,704.0,7040.0
2021090805000909,ULI,35,4,10,704.0,7040.0
2021090805000908,ULI,38,48,10,703.0,7030.0
2021090805000907,ULI,38,21,10,703.0,7030.0
2021090805000925,ULI,54,32,10,705.0,7050.0
2021090805000923,ULI,43,38,10,701.7,7017.0
2021090805000920,ULI,6,3,10,702.0,7020.0
2021090805000919,ULI,6,42,10,702.0,7020.0
2021090805000918,ULI,38,21,10,703.0,7030.0
2021090805000915,ULI,35,45,10,704.0,7040.0
2021090805000935,ULI,36,58,10,702.0,7020.0
2021090805000932,ULI,36,8,10,702.0,7020.0
2021090805000930,ULI,36,49,10,702.0,7020.0
2021090805000929,ULI,36,44,10,702.0,7020.0
2021090805000928,ULI,36,21,10,702.0,7020.0
2021090805000926,ULI,54,35,40,708.0,28320.0
2021090805000948,ULI,13,21,10,702.0,7020.0
2021090805000946,ULI,58,17,10,702.0,7020.0
2021090805000943,ULI,58,34,10,702.0,7020.0
2021090805000941,ULI,58,18,10,702.0,7020.0
2021090805000940,ULI,58,44,10,702.0,7020.0
2021090805000936,ULI,58,59,10,702.0,7020.0
2021090805000959,ULI,34,21,10,701.7,7017.0
2021090805000957,ULI,34,21,10,701.7,7017.0
2021090805000954,ULI,13,21,10,702.0,7020.0
2021090805000952,ULI,13,45,10,702.0,7020.0
2021090805000951,ULI,13,21,10,702.0,7020.0
2021090805000949,ULI,13,21,10,702.0,7020.0
2021090805000970,ULI,38,43,10,701.6,7016.0
2021090805000969,ULI,38,34,10,701.6,7016.0
2021090805000967,ULI,38,21,10,701.6,7016.0
2021090805000963,ULI,38,21,10,701.6,7016.0
2021090805000962,ULI,38,21,10,701.6,7016.0
2021090805000960,ULI,38,21,10,701.6,7016.0
2021090805000978,ULI,58,21,10,702.0,7020.0
2021090805000977,ULI,58,33,10,702.0,7020.0
2021090805000976,ULI,58,21,10,702.0,7020.0
2021090805000975,ULI,58,6,10,702.0,7020.0
2021090805000973,ULI,3,53,10,702.0,7020.0
2021090805000972,ULI,3,44,10,702.0,7020.0
2021090804025760,AHPC,39,56,100,675.0,67500.0
2021090804025757,CHCL,58,32,100,609.0,60900.0
2021090805000491,JBLB,57,37,10,4640.0,46400.0
2021090805000490,JBLB,56,58,15,4645.0,69675.0
2021090805000489,JBLB,37,56,10,4645.0,46450.0
2021090805000488,JBLB,37,45,10,4645.0,46450.0
2021090805000487,JBLB,16,58,10,4650.0,46500.0
2021090805000486,JBLB,35,58,10,4650.0,46500.0
2021090805000006,JBLB,56,39,10,4750.1,47501.0
2021090805000004,JBLB,4,26,10,4847.0,48470.0
2021090805000003,JBLB,34,48,10,4850.0,48500.0
2021090805000002,JBLB,34,53,10,4850.0,48500.0
2021090805000001,JBLB,34,53,10,4850.0,48500.0
2021090805000014,JBLB,45,21,10,4750.0,47500.0
2021090805000013,JBLB,26,45,10,4725.0,47250.0
2021090805000011,JBLB,36,56,10,4750.2,47502.0
2021090805000010,JBLB,36,21,10,4750.2,47502.0
2021090805000008,JBLB,56,49,10,4750.1,47501.0
2021090805000007,JBLB,58,38,10,4752.0,47520.0
2021090805000030,JBLB,47,58,10,4665.0,46650.0
2021090805000029,JBLB,47,41,10,4665.0,46650.0
2021090805000026,JBLB,13,49,40,4662.0,186480.0
2021090805000025,JBLB,17,36,20,4666.0,93320.0
2021090805000021,JBLB,13,36,10,4666.0,46660.0
2021090805000019,JBLB,26,49,20,4691.0,93820.0
2021090805000042,JBLB,7,17,10,4700.0,47000.0
2021090805000041,JBLB,7,59,10,4700.0,47000.0
2021090805000040,JBLB,7,13,10,4690.0,46900.0
2021090805000039,JBLB,7,58,10,4690.0,46900.0
2021090805000035,JBLB,19,34,10,4699.9,46999.0
2021090805000031,JBLB,47,47,10,4678.9,46789.0
2021090805000048,JBLB,51,42,10,4700.0,47000.0
2021090805000047,JBLB,51,38,10,4700.0,47000.0
2021090805000046,JBLB,51,17,10,4700.0,47000.0
2021090805000045,JBLB,7,45,10,4700.0,47000.0
2021090805000044,JBLB,7,41,10,4700.0,47000.0
2021090805000043,JBLB,7,50,10,4700.0,47000.0
2021090805000061,JBLB,33,16,10,4725.0,47250.0
2021090805000060,JBLB,33,32,20,4723.0,94460.0
2021090805000055,JBLB,44,13,10,4720.0,47200.0
2021090805000054,JBLB,44,39,10,4720.0,47200.0
2021090805000051,JBLB,51,58,10,4700.0,47000.0
2021090805000049,JBLB,46,52,10,4719.9,47199.0
2021090805000071,JBLB,14,57,10,4701.0,47010.0
2021090805000070,JBLB,52,36,10,4725.0,47250.0
2021090805000066,JBLB,52,35,10,4725.0,47250.0
2021090805000065,JBLB,52,28,10,4725.0,47250.0
2021090805000064,JBLB,52,28,20,4725.0,94500.0
2021090805000063,JBLB,56,49,10,4720.0,47200.0
2021090805000082,JBLB,33,17,10,4700.0,47000.0
2021090805000081,JBLB,33,21,10,4700.0,47000.0
2021090805000080,JBLB,33,57,50,4700.0,235000.0
2021090805000078,JBLB,51,58,10,4700.0,47000.0
2021090805000075,JBLB,14,47,10,4701.0,47010.0
2021090805000072,JBLB,14,36,20,4725.0,94500.0
2021090805000092,JBLB,39,58,10,4701.0,47010.0
2021090805000089,JBLB,26,43,10,4700.0,47000.0
2021090805000088,JBLB,48,43,40,4700.0,188000.0
2021090805000087,JBLB,48,58,10,4700.0,47000.0
2021090805000084,JBLB,33,29,10,4700.0,47000.0
2021090805000083,JBLB,33,36,20,4700.0,94000.0
2021090805000103,JBLB,6,5,10,4690.0,46900.0
2021090805000101,JBLB,38,32,40,4700.0,188000.0
2021090805000100,JBLB,26,32,50,4700.0,235000.0
2021090805000098,JBLB,26,58,10,4700.0,47000.0
2021090805000097,JBLB,26,57,10,4700.0,47000.0
2021090805000096,JBLB,26,38,10,4700.0,47000.0
2021090805000122,JBLB,58,59,10,4670.0,46700.0
2021090805000117,JBLB,57,46,10,4670.0,46700.0
2021090805000111,JBLB,54,35,10,4671.0,46710.0
2021090805000110,JBLB,4,45,10,4670.0,46700.0
2021090805000105,JBLB,35,51,10,4678.0,46780.0
2021090805000104,JBLB,6,13,10,4690.0,46900.0
2021090805000137,JBLB,51,4,10,4670.0,46700.0
2021090805000136,JBLB,33,42,10,4670.0,46700.0
2021090805000135,JBLB,58,44,10,4671.0,46710.0
2021090805000127,JBLB,7,13,10,4670.1,46701.0
2021090805000126,JBLB,49,42,10,4678.0,46780.0
2021090805000123,JBLB,33,34,10,4670.0,46700.0
2021090805000162,JBLB,49,28,10,4670.0,46700.0
2021090805000159,JBLB,58,28,10,4670.0,46700.0
2021090805000157,JBLB,39,45,10,4680.0,46800.0
2021090805000155,JBLB,28,26,10,4680.0,46800.0
2021090805000154,JBLB,40,58,10,4670.0,46700.0
2021090805000139,JBLB,38,22,10,4680.0,46800.0
2021090805000185,JBLB,5,38,10,4668.2,46682.0
2021090805000184,JBLB,5,38,10,4675.0,46750.0
2021090805000182,JBLB,6,45,10,4670.0,46700.0
2021090805000178,JBLB,29,3,10,4675.0,46750.0
2021090805000169,JBLB,41,54,10,4668.0,46680.0
2021090805000164,JBLB,38,28,10,4668.0,46680.0
2021090805000195,JBLB,33,35,10,4670.0,46700.0
2021090805000194,JBLB,33,4,10,4670.0,46700.0
2021090805000193,JBLB,28,10,10,4670.0,46700.0
2021090805000192,JBLB,41,49,10,4668.1,46681.0
2021090805000191,JBLB,5,38,10,4668.2,46682.0
2021090805000186,JBLB,5,46,10,4670.0,46700.0
2021090805000214,JBLB,54,53,10,4668.3,46683.0
2021090805000210,JBLB,58,5,10,4668.2,46682.0
2021090805000208,JBLB,56,52,10,4668.2,46682.0
2021090805000206,JBLB,56,42,10,4668.2,46682.0
2021090805000198,JBLB,56,46,10,4668.2,46682.0
2021090805000196,JBLB,33,32,10,4670.0,46700.0
2021090805000222,JBLB,55,49,10,4669.1,46691.0
2021090805000220,JBLB,38,49,10,4668.0,46680.0
2021090805000218,JBLB,38,49,10,4668.0,46680.0
2021090805000217,JBLB,35,53,10,4668.0,46680.0
2021090805000216,JBLB,51,53,10,4668.0,46680.0
2021090805000215,JBLB,21,53,10,4668.2,46682.0
2021090805000235,JBLB,45,45,10,4669.0,46690.0
2021090805000233,JBLB,45,4,10,4669.0,46690.0
2021090805000232,JBLB,57,48,10,4670.0,46700.0
2021090805000231,JBLB,57,58,10,4670.0,46700.0
2021090805000226,JBLB,45,21,10,4669.0,46690.0
2021090805000224,JBLB,45,39,10,4669.0,46690.0
2021090805000250,JBLB,51,49,10,4670.1,46701.0
2021090805000249,JBLB,51,22,10,4670.1,46701.0
2021090805000246,JBLB,51,17,10,4670.1,46701.0
2021090805000245,JBLB,44,42,10,4670.0,46700.0
2021090805000243,JBLB,44,17,10,4670.0,46700.0
2021090805000239,JBLB,44,48,10,4670.0,46700.0
2021090805000277,JBLB,45,55,10,4671.0,46710.0
2021090805000276,JBLB,42,58,10,4672.0,46720.0
2021090805000257,JBLB,14,25,10,4672.0,46720.0
2021090805000254,JBLB,45,22,10,4671.0,46710.0
2021090805000253,JBLB,45,58,10,4671.0,46710.0
2021090805000251,JBLB,51,36,10,4670.1,46701.0
2021090805000294,JBLB,57,29,10,4671.0,46710.0
2021090805000290,JBLB,57,19,10,4671.0,46710.0
2021090805000288,JBLB,45,58,10,4671.0,46710.0
2021090805000286,JBLB,45,58,10,4671.0,46710.0
2021090805000281,JBLB,45,38,10,4671.0,46710.0
2021090805000280,JBLB,45,45,10,4672.0,46720.0
2021090805000322,JBLB,57,36,10,4671.0,46710.0
2021090805000318,JBLB,57,34,10,4671.0,46710.0
2021090805000314,JBLB,10,29,10,4675.0,46750.0
2021090805000311,JBLB,57,57,10,4671.0,46710.0
2021090805000302,JBLB,57,6,10,4671.0,46710.0
2021090805000296,JBLB,57,38,10,4671.0,46710.0
2021090805000333,JBLB,47,58,10,4671.0,46710.0
2021090805000332,JBLB,22,1,10,4671.0,46710.0
2021090805000331,JBLB,32,6,10,4671.0,46710.0
2021090805000329,JBLB,57,34,10,4671.0,46710.0
2021090805000324,JBLB,52,29,10,4675.0,46750.0
2021090805000323,JBLB,52,39,10,4675.0,46750.0
2021090805000347,JBLB,3,13,10,4670.0,46700.0
2021090805000345,JBLB,44,45,10,4670.0,46700.0
2021090805000340,JBLB,44,39,10,4670.0,46700.0
2021090805000339,JBLB,38,58,10,4675.0,46750.0
2021090805000338,JBLB,28,45,10,4671.1,46711.0
2021090805000337,JBLB,28,57,10,4671.1,46711.0
2021090805000359,JBLB,34,38,10,4667.1,46671.0
2021090805000356,JBLB,21,39,10,4668.0,46680.0
2021090805000355,JBLB,21,39,10,4668.0,46680.0
2021090805000354,JBLB,21,39,30,4668.0,140040.0
2021090805000353,JBLB,44,39,20,4669.0,93380.0
2021090805000351,JBLB,58,57,10,4670.0,46700.0
2021090805000374,JBLB,43,46,10,4667.1,46671.0
2021090805000372,JBLB,33,4,10,4667.0,46670.0
2021090805000367,JBLB,33,39,10,4667.0,46670.0
2021090805000364,JBLB,34,39,10,4667.1,46671.0
2021090805000362,JBLB,32,48,10,4668.0,46680.0
2021090805000360,JBLB,41,26,10,4668.0,46680.0
2021090805000381,JBLB,32,49,10,4668.0,46680.0
2021090805000380,JBLB,49,26,10,4667.2,46672.0
2021090805000379,JBLB,43,26,10,4667.1,46671.0
2021090805000378,JBLB,33,45,10,4668.0,46680.0
2021090805000377,JBLB,33,21,10,4668.0,46680.0
2021090805000375,JBLB,43,26,10,4667.1,46671.0
2021090805000393,JBLB,6,3,10,4667.0,46670.0
2021090805000388,JBLB,6,45,10,4667.0,46670.0
2021090805000386,JBLB,32,48,10,4670.0,46700.0
2021090805000385,JBLB,32,44,10,4670.0,46700.0
2021090805000384,JBLB,41,29,10,4667.1,46671.0
2021090805000382,JBLB,32,7,10,4670.0,46700.0
2021090805000403,JBLB,45,7,30,4665.0,139950.0
2021090805000402,JBLB,20,7,50,4666.0,233300.0
2021090805000401,JBLB,36,7,10,4667.1,46671.0
2021090805000398,JBLB,20,5,50,4666.0,233300.0
2021090805000397,JBLB,26,5,10,4666.0,46660.0
2021090805000396,JBLB,28,5,10,4667.0,46670.0
2021090805000418,JBLB,35,45,10,4661.0,46610.0
2021090805000412,JBLB,22,57,10,4662.0,46620.0
2021090805000410,JBLB,41,22,10,4665.0,46650.0
2021090805000408,JBLB,50,52,10,4663.0,46630.0
2021090805000405,JBLB,50,42,10,4663.0,46630.0
2021090805000404,JBLB,34,7,10,4665.0,46650.0
2021090805000430,JBLB,4,16,10,4660.1,46601.0
2021090805000425,JBLB,41,53,20,4661.0,93220.0
2021090805000423,JBLB,41,57,10,4661.0,46610.0
2021090805000422,JBLB,33,37,10,4661.0,46610.0
2021090805000421,JBLB,40,57,10,4667.0,46670.0
2021090805000420,JBLB,33,59,10,4661.0,46610.0
2021090805000438,JBLB,49,53,10,4660.0,46600.0
2021090805000437,JBLB,10,29,10,4656.0,46560.0
2021090805000435,JBLB,37,53,20,4660.0,93200.0
2021090805000434,JBLB,58,53,40,4660.0,186400.0
2021090805000433,JBLB,22,53,10,4660.0,46600.0
2021090805000431,JBLB,52,16,10,4660.0,46600.0
2021090805000452,JBLB,53,53,10,4660.0,46600.0
2021090805000449,JBLB,41,51,10,4656.0,46560.0
2021090805000447,JBLB,41,4,10,4656.0,46560.0
2021090805000445,JBLB,41,41,10,4656.0,46560.0
2021090805000444,JBLB,42,49,10,4656.0,46560.0
2021090805000441,JBLB,38,53,10,4660.0,46600.0
2021090805000470,JBLB,45,53,10,4650.0,46500.0
2021090805000467,JBLB,37,58,10,4650.0,46500.0
2021090805000465,JBLB,29,44,10,4651.0,46510.0
2021090805000458,JBLB,16,33,10,4651.0,46510.0
2021090805000457,JBLB,45,33,10,4651.1,46511.0
2021090805000455,JBLB,58,48,10,4656.0,46560.0
2021090805000476,JBLB,34,53,120,4650.0,558000.0
2021090805000475,JBLB,45,53,50,4650.0,232500.0
2021090805000474,JBLB,16,53,10,4650.0,46500.0
2021090805000473,JBLB,38,53,30,4650.0,139500.0
2021090805000472,JBLB,57,53,10,4650.0,46500.0
2021090805000471,JBLB,45,53,10,4650.0,46500.0
2021090805000485,JBLB,57,58,10,4650.0,46500.0
2021090805000484,JBLB,34,58,20,4650.0,93000.0
2021090805000483,JBLB,34,39,10,4650.0,46500.0
2021090805000482,JBLB,34,39,10,4650.0,46500.0
2021090805000480,JBLB,34,42,10,4650.0,46500.0
2021090805000479,JBLB,34,48,230,4650.0,1069500.0
2021090804025754,NICL,57,26,20,895.0,17900.0
2021090804025753,NLG,26,17,70,970.0,67900.0
2021090804025752,NLG,26,45,30,969.9,29097.0
2021090804025758,RHPC,58,49,20,1008.0,20160.0
2021090804025755,RRHP,58,56,50,650.0,32500.0
2021090804025759,SICL,55,49,10,1829.0,18290.0
2021090805000481,ULI,42,45,10,702.0,7020.0
2021090805000478,ULI,42,4,10,702.0,7020.0
2021090805000477,ULI,42,58,10,702.0,7020.0
2021090805000469,ULI,42,45,10,702.0,7020.0
2021090805000468,ULI,6,58,10,702.0,7020.0
2021090805000466,ULI,6,58,70,702.0,49140.0
2021090805000017,ULI,13,39,10,720.0,7200.0
2021090805000016,ULI,13,39,10,720.0,7200.0
2021090805000015,ULI,13,52,10,720.0,7200.0
2021090805000012,ULI,13,21,10,720.0,7200.0
2021090805000009,ULI,47,56,10,730.0,7300.0
2021090805000005,ULI,21,26,10,735.0,7350.0
2021090805000027,ULI,14,44,10,710.0,7100.0
2021090805000024,ULI,13,54,10,720.0,7200.0
2021090805000023,ULI,13,36,10,720.0,7200.0
2021090805000022,ULI,13,58,10,720.0,7200.0
2021090805000020,ULI,13,52,10,720.0,7200.0
2021090805000018,ULI,13,6,20,720.0,14400.0
2021090805000037,ULI,42,58,10,715.0,7150.0
2021090805000036,ULI,14,42,10,710.0,7100.0
2021090805000034,ULI,14,39,10,710.0,7100.0
2021090805000033,ULI,14,45,10,710.0,7100.0
2021090805000032,ULI,58,38,10,715.0,7150.0
2021090805000028,ULI,14,21,10,710.0,7100.0
2021090805000057,ULI,28,38,10,711.0,7110.0
2021090805000056,ULI,35,35,10,715.0,7150.0
2021090805000053,ULI,21,57,10,710.1,7101.0
2021090805000052,ULI,21,6,10,710.1,7101.0
2021090805000050,ULI,21,52,10,710.1,7101.0
2021090805000038,ULI,14,35,10,710.0,7100.0
2021090805000069,ULI,28,34,10,711.2,7112.0
2021090805000068,ULI,28,58,10,711.2,7112.0
2021090805000067,ULI,28,45,10,711.2,7112.0
2021090805000062,ULI,28,19,10,711.0,7110.0
2021090805000059,ULI,28,45,10,711.0,7110.0
2021090805000058,ULI,28,59,10,711.0,7110.0
2021090805000085,ULI,34,49,10,713.0,7130.0
2021090805000079,ULI,43,16,10,712.1,7121.0
2021090805000077,ULI,45,17,10,712.0,7120.0
2021090805000076,ULI,45,58,10,712.0,7120.0
2021090805000074,ULI,43,22,10,711.3,7113.0
2021090805000073,ULI,43,58,10,711.3,7113.0
2021090805000095,ULI,28,38,10,712.1,7121.0
2021090805000094,ULI,58,36,10,715.0,7150.0
2021090805000093,ULI,28,38,10,712.1,7121.0
2021090805000091,ULI,43,22,10,712.2,7122.0
2021090805000090,ULI,34,58,10,713.0,7130.0
2021090805000086,ULI,34,58,10,713.0,7130.0
2021090805000109,ULI,6,45,10,714.0,7140.0
2021090805000108,ULI,40,59,10,713.0,7130.0
2021090805000107,ULI,40,42,10,713.0,7130.0
2021090805000106,ULI,28,57,100,712.1,71210.0
2021090805000102,ULI,28,58,20,712.1,14242.0
2021090805000099,ULI,28,16,10,712.1,7121.0
2021090805000118,ULI,40,59,10,713.0,7130.0
2021090805000116,ULI,25,35,10,714.0,7140.0
2021090805000115,ULI,25,38,10,715.0,7150.0
2021090805000114,ULI,25,14,10,715.0,7150.0
2021090805000113,ULI,25,4,10,715.0,7150.0
2021090805000112,ULI,25,45,10,715.0,7150.0
2021090805000128,ULI,28,36,10,712.1,7121.0
2021090805000125,ULI,28,11,10,712.1,7121.0
2021090805000124,ULI,28,54,60,712.1,42726.0
2021090805000121,ULI,51,45,10,713.0,7130.0
2021090805000120,ULI,40,17,10,713.0,7130.0
2021090805000119,ULI,40,21,10,713.0,7130.0
2021090805000134,ULI,25,56,10,713.0,7130.0
2021090805000133,ULI,25,36,10,713.0,7130.0
2021090805000132,ULI,25,36,10,713.0,7130.0
2021090805000131,ULI,25,42,10,713.0,7130.0
2021090805000130,ULI,36,36,10,712.0,7120.0
2021090805000129,ULI,45,36,280,712.0,199360.0
2021090805000144,ULI,25,58,10,712.1,7121.0
2021090805000143,ULI,25,8,10,712.1,7121.0
2021090805000142,ULI,25,47,10,712.0,7120.0
2021090805000141,ULI,21,38,10,711.1,7111.0
2021090805000140,ULI,21,38,10,711.1,7111.0
2021090805000138,ULI,21,47,10,712.0,7120.0
2021090805000150,ULI,50,38,10,711.0,7110.0
2021090805000149,ULI,50,38,10,711.0,7110.0
2021090805000148,ULI,50,38,10,711.0,7110.0
2021090805000147,ULI,50,38,10,711.0,7110.0
2021090805000146,ULI,50,38,10,711.0,7110.0
2021090805000145,ULI,50,38,10,711.0,7110.0
2021090805000160,ULI,25,38,10,711.1,7111.0
2021090805000158,ULI,25,49,10,711.1,7111.0
2021090805000156,ULI,25,14,10,711.0,7110.0
2021090805000153,ULI,58,14,50,711.0,35550.0
2021090805000152,ULI,50,14,130,711.0,92430.0
2021090805000151,ULI,50,38,10,711.0,7110.0
2021090805000168,ULI,14,34,40,710.0,28400.0
2021090805000167,ULI,29,34,50,710.2,35510.0
2021090805000166,ULI,25,34,40,711.1,28444.0
2021090805000165,ULI,25,39,10,711.1,7111.0
2021090805000163,ULI,25,54,10,711.1,7111.0
2021090805000161,ULI,25,38,10,711.1,7111.0
2021090805000175,ULI,33,38,10,710.0,7100.0
2021090805000174,ULI,33,37,10,710.0,7100.0
2021090805000173,ULI,33,28,10,710.0,7100.0
2021090805000172,ULI,33,38,10,710.0,7100.0
2021090805000171,ULI,33,25,10,710.0,7100.0
2021090805000170,ULI,33,28,10,710.0,7100.0
2021090805000183,ULI,45,38,10,710.0,7100.0
2021090805000181,ULI,33,38,10,710.0,7100.0
2021090805000180,ULI,33,44,90,710.0,63900.0
2021090805000179,ULI,33,44,20,710.0,14200.0
2021090805000177,ULI,33,38,10,710.0,7100.0
2021090805000176,ULI,33,42,10,710.0,7100.0
2021090805000199,ULI,58,50,10,708.0,7080.0
2021090805000197,ULI,22,34,10,707.5,7075.0
2021090805000190,ULI,19,13,10,710.0,7100.0
2021090805000189,ULI,34,13,10,710.0,7100.0
2021090805000188,ULI,58,13,20,710.0,14200.0
2021090805000187,ULI,29,13,10,710.0,7100.0
2021090805000205,ULI,58,56,10,708.0,7080.0
2021090805000204,ULI,58,4,110,708.0,77880.0
2021090805000203,ULI,58,52,10,708.0,7080.0
2021090805000202,ULI,58,21,10,708.0,7080.0
2021090805000201,ULI,17,13,10,710.0,7100.0
2021090805000200,ULI,58,52,10,708.0,7080.0
2021090805000219,ULI,22,58,10,707.5,7075.0
2021090805000213,ULI,58,35,180,708.0,127440.0
2021090805000212,ULI,58,42,10,708.0,7080.0
2021090805000211,ULI,58,21,10,708.0,7080.0
2021090805000209,ULI,58,44,10,708.0,7080.0
2021090805000207,ULI,58,36,10,708.0,7080.0
2021090805000229,ULI,14,35,10,707.0,7070.0
2021090805000228,ULI,14,39,10,707.0,7070.0
2021090805000227,ULI,43,58,10,707.4,7074.0
2021090805000225,ULI,14,42,10,707.0,7070.0
2021090805000223,ULI,14,38,10,707.0,7070.0
2021090805000221,ULI,22,38,10,707.5,7075.0
2021090805000240,ULI,29,16,10,706.3,7063.0
2021090805000238,ULI,29,26,10,706.3,7063.0
2021090805000237,ULI,49,58,10,707.9,7079.0
2021090805000236,ULI,49,58,10,707.0,7070.0
2021090805000234,ULI,38,21,10,707.0,7070.0
2021090805000230,ULI,14,38,10,707.0,7070.0
2021090805000252,ULI,43,39,10,706.2,7062.0
2021090805000248,ULI,17,39,10,706.2,7062.0
2021090805000247,ULI,17,34,10,706.2,7062.0
2021090805000244,ULI,29,47,10,706.3,7063.0
2021090805000242,ULI,29,21,10,706.3,7063.0
2021090805000241,ULI,29,39,10,706.3,7063.0
2021090805000261,ULI,34,45,10,706.0,7060.0
2021090805000260,ULI,34,58,10,706.0,7060.0
2021090805000259,ULI,34,29,10,706.0,7060.0
2021090805000258,ULI,34,29,10,706.0,7060.0
2021090805000256,ULI,43,51,10,706.2,7062.0
2021090805000255,ULI,49,39,10,707.0,7070.0
2021090805000267,ULI,49,29,10,705.5,7055.0
2021090805000266,ULI,38,38,10,705.2,7052.0
2021090805000265,ULI,14,29,10,705.1,7051.0
2021090805000264,ULI,43,21,10,705.2,7052.0
2021090805000263,ULI,43,39,10,705.2,7052.0
2021090805000262,ULI,34,29,10,706.0,7060.0
2021090805000273,ULI,11,13,70,705.0,49350.0
2021090805000272,ULI,14,13,20,705.1,14102.0
2021090805000271,ULI,14,21,10,705.1,7051.0
2021090805000270,ULI,14,58,10,705.1,7051.0
2021090805000269,ULI,49,29,10,705.5,7055.0
2021090805000268,ULI,33,58,10,706.0,7060.0
2021090805000283,ULI,33,48,30,705.0,21150.0
2021090805000282,ULI,49,48,70,705.0,49350.0
2021090805000279,ULI,49,21,10,705.0,7050.0
2021090805000278,ULI,49,29,10,705.0,7050.0
2021090805000275,ULI,49,29,10,705.0,7050.0
2021090805000274,ULI,19,13,50,705.0,35250.0
2021090805000292,ULI,4,29,10,706.0,7060.0
2021090805000291,ULI,4,29,10,706.0,7060.0
2021090805000289,ULI,33,29,10,705.0,7050.0
2021090805000287,ULI,33,25,10,705.0,7050.0
2021090805000285,ULI,33,39,10,705.0,7050.0
2021090805000284,ULI,33,55,10,705.0,7050.0
2021090805000300,ULI,4,29,10,706.0,7060.0
2021090805000299,ULI,41,35,20,708.0,14160.0
2021090805000298,ULI,4,6,10,706.0,7060.0
2021090805000297,ULI,4,29,10,706.0,7060.0
2021090805000295,ULI,4,29,10,706.0,7060.0
2021090805000293,ULI,4,48,10,706.0,7060.0
2021090805000307,ULI,58,6,10,706.1,7061.0
2021090805000306,ULI,58,29,10,706.1,7061.0
2021090805000305,ULI,58,29,10,706.1,7061.0
2021090805000304,ULI,58,29,10,706.1,7061.0
2021090805000303,ULI,58,29,10,706.1,7061.0
2021090805000301,ULI,4,45,10,706.0,7060.0
2021090805000315,ULI,4,29,10,706.0,7060.0
2021090805000313,ULI,4,29,10,706.0,7060.0
2021090805000312,ULI,4,58,10,706.0,7060.0
2021090805000310,ULI,4,29,10,706.0,7060.0
2021090805000309,ULI,4,6,10,706.0,7060.0
2021090805000308,ULI,4,29,10,706.0,7060.0
2021090805000325,ULI,4,19,10,706.0,7060.0
2021090805000321,ULI,4,55,10,706.0,7060.0
2021090805000320,ULI,4,29,10,706.0,7060.0
2021090805000319,ULI,4,29,10,706.0,7060.0
2021090805000317,ULI,4,26,150,706.0,105900.0
2021090805000316,ULI,4,50,10,706.0,7060.0
2021090805000335,ULI,50,58,10,706.1,7061.0
2021090805000334,ULI,50,13,10,706.1,7061.0
2021090805000330,ULI,4,29,10,706.0,7060.0
2021090805000328,ULI,50,45,10,706.1,7061.0
2021090805000327,ULI,4,6,10,706.0,7060.0
2021090805000326,ULI,4,34,10,706.0,7060.0
2021090805000346,ULI,4,37,10,706.0,7060.0
2021090805000344,ULI,4,56,10,706.0,7060.0
2021090805000343,ULI,4,42,10,706.0,7060.0
2021090805000342,ULI,50,16,10,706.1,7061.0
2021090805000341,ULI,50,50,10,706.1,7061.0
2021090805000336,ULI,50,58,10,706.1,7061.0
2021090805000358,ULI,16,10,50,704.0,35200.0
2021090805000357,ULI,49,10,10,705.0,7050.0
2021090805000352,ULI,33,56,10,705.0,7050.0
2021090805000350,ULI,33,13,10,705.0,7050.0
2021090805000349,ULI,33,45,10,705.0,7050.0
2021090805000348,ULI,4,13,100,706.0,70600.0
2021090805000369,ULI,59,52,50,703.0,35150.0
2021090805000368,ULI,4,52,500,703.0,351500.0
2021090805000366,ULI,34,52,120,703.1,84372.0
2021090805000365,ULI,43,14,10,703.1,7031.0
2021090805000363,ULI,43,22,10,703.1,7031.0
2021090805000361,ULI,49,10,20,704.0,14080.0
2021090805000387,ULI,47,39,10,701.2,7012.0
2021090805000383,ULI,45,56,10,702.0,7020.0
2021090805000376,ULI,14,13,10,701.1,7011.0
2021090805000373,ULI,14,36,10,701.1,7011.0
2021090805000371,ULI,25,52,10,703.0,7030.0
2021090805000370,ULI,13,52,20,703.0,14060.0
2021090805000395,ULI,32,58,10,702.0,7020.0
2021090805000394,ULI,47,14,10,701.2,7012.0
2021090805000392,ULI,34,36,10,702.0,7020.0
2021090805000391,ULI,45,49,10,703.0,7030.0
2021090805000390,ULI,34,4,10,702.0,7020.0
2021090805000389,ULI,34,17,10,702.0,7020.0
2021090805000411,ULI,43,17,10,701.1,7011.0
2021090805000409,ULI,43,22,10,702.0,7020.0
2021090805000407,ULI,32,14,10,702.0,7020.0
2021090805000406,ULI,32,14,10,702.0,7020.0
2021090805000400,ULI,32,14,10,702.0,7020.0
2021090805000399,ULI,32,17,10,702.0,7020.0
2021090805000419,ULI,22,33,10,701.9,7019.0
2021090805000417,ULI,21,14,10,702.0,7020.0
2021090805000416,ULI,32,38,10,701.1,7011.0
2021090805000415,ULI,32,58,10,701.1,7011.0
2021090805000414,ULI,34,57,10,701.1,7011.0
2021090805000413,ULI,34,38,10,701.1,7011.0
2021090805000432,ULI,21,17,10,701.1,7011.0
2021090805000429,ULI,21,35,10,701.1,7011.0
2021090805000428,ULI,17,38,10,701.0,7010.0
2021090805000427,ULI,17,32,10,701.0,7010.0
2021090805000426,ULI,17,13,10,701.0,7010.0
2021090805000424,ULI,32,58,10,701.1,7011.0
2021090805000446,ULI,21,41,10,701.1,7011.0
2021090805000443,ULI,21,41,10,701.1,7011.0
2021090805000442,ULI,21,38,10,701.1,7011.0
2021090805000440,ULI,21,39,10,701.1,7011.0
2021090805000439,ULI,21,41,10,701.1,7011.0
2021090805000436,ULI,21,29,10,701.1,7011.0
2021090805000456,ULI,6,54,10,701.2,7012.0
2021090805000454,ULI,21,58,10,701.1,7011.0
2021090805000453,ULI,21,52,10,701.1,7011.0
2021090805000451,ULI,21,41,10,701.1,7011.0
2021090805000450,ULI,43,47,10,701.2,7012.0
2021090805000448,ULI,21,41,10,701.1,7011.0
2021090805000464,ULI,6,58,10,702.0,7020.0
2021090805000463,ULI,6,36,10,702.0,7020.0
2021090805000462,ULI,25,51,10,703.0,7030.0
2021090805000461,ULI,25,32,10,703.0,7030.0
2021090805000460,ULI,25,22,10,703.0,7030.0
2021090805000459,ULI,43,14,10,701.2,7012.0
2021090804025756,UMHL,58,5,200,629.0,125800.0
2021090804025730,AHPC,25,14,162,671.0,108702.0
2021090804025729,AHPC,36,14,168,672.0,112896.0
2021090804025728,AHPC,45,14,50,673.0,33650.0
2021090804025718,AHPC,1,56,474,675.0,319950.0
2021090804025717,AHPC,1,42,26,673.9,17521.4
2021090804025715,AHPC,45,58,50,673.0,33650.0
2021090804025264,AHPC,19,26,500,672.0,336000.0
2021090804025259,AHPC,22,26,300,672.0,201600.0
2021090804025258,AHPC,13,26,100,672.0,67200.0
2021090804025257,AHPC,28,26,64,672.0,43008.0
2021090804025256,AHPC,49,26,218,673.0,146714.0
2021090804025255,AHPC,36,26,100,673.9,67390.0
2021090804025375,AHPC,7,28,19,673.0,12787.0
2021090804025374,AHPC,7,42,18,673.0,12114.0
2021090804025337,AHPC,7,42,232,673.0,156136.0
2021090804025336,AHPC,41,42,500,673.9,336950.0
2021090804025297,AHPC,7,26,68,672.0,45696.0
2021090804025280,AHPC,50,26,250,672.0,168000.0
2021090804025486,AHPC,1,3,90,674.0,60660.0
2021090804025485,AHPC,1,34,72,674.0,48528.0
2021090804025479,AHPC,28,34,200,671.0,134200.0
2021090804025382,AHPC,28,57,102,671.0,68442.0
2021090804025381,AHPC,43,57,40,671.0,26840.0
2021090804025380,AHPC,7,57,63,673.0,42399.0
2021090804025540,AHPC,1,21,274,674.5,184813.0
2021090804025539,AHPC,1,48,30,673.0,20190.0
2021090804025492,AHPC,38,48,20,673.0,13460.0
2021090804025491,AHPC,45,48,20,674.0,13480.0
2021090804025488,AHPC,1,21,238,674.5,160531.0
2021090804025487,AHPC,1,14,100,674.5,67450.0
2021090804025613,AHPC,49,35,500,671.0,335500.0
2021090804025612,AHPC,28,35,500,671.0,335500.0
2021090804025611,AHPC,28,35,"1,698",671.0,1139358.0
2021090804025543,AHPC,1,56,26,675.0,17550.0
2021090804025542,AHPC,1,5,50,675.0,33750.0
2021090804025541,AHPC,1,7,20,675.0,13500.0
2021090804025650,AHPC,49,56,"1,400",675.0,945000.0
2021090804025649,AHPC,49,17,600,674.0,404400.0
2021090804025643,AHPC,36,56,32,671.0,21472.0
2021090804025642,AHPC,55,56,20,671.0,13420.0
2021090804025641,AHPC,38,56,198,671.0,132858.0
2021090804025614,AHPC,38,35,302,671.0,202642.0
2021090804025261,AIL,34,32,200,776.0,155200.0
2021090804025260,AIL,34,56,10,776.0,7760.0
2021090804025516,AKJCL,58,34,80,402.0,32160.0
2021090804025751,AKPL,40,8,123,579.1,71229.3
2021090804025716,AKPL,45,59,100,580.0,58000.0
2021090804025700,AKPL,38,59,15,580.0,8700.0
2021090804025527,AKPL,40,55,23,579.1,13319.3
2021090804025523,AKPL,40,59,50,580.0,29000.0
2021090804025510,AKPL,38,59,100,580.0,58000.0
2021090804025469,AKPL,20,59,10,580.0,5800.0
2021090804025460,AKPL,42,59,80,580.0,46400.0
2021090804025426,AKPL,38,57,80,579.0,46320.0
2021090804025376,AKPL,46,59,100,580.0,58000.0
2021090804025296,AKPL,43,59,50,580.0,29000.0
2021090804025254,AKPL,35,59,156,580.0,90480.0
2021090804025749,API,44,36,47,467.0,21949.0
2021090804025748,API,44,59,450,466.6,209970.0
2021090804025721,API,49,59,50,466.6,23330.0
2021090804025584,API,45,36,203,467.0,94801.0
2021090804025508,API,45,25,50,467.0,23350.0
2021090804025439,API,45,3,50,467.0,23350.0
2021090804025316,API,42,43,14,466.0,6524.0
2021090804025315,API,25,43,50,466.0,23300.0
2021090804025314,API,52,43,20,466.0,9320.0
2021090804025313,API,39,43,50,466.0,23300.0
2021090804025310,API,41,57,100,467.0,46700.0
2021090804025420,API,43,48,50,466.0,23300.0
2021090804025418,API,25,57,60,466.5,27990.0
2021090804025340,API,14,57,74,467.0,34558.0
2021090804025326,API,58,59,500,465.6,232800.0
2021090804025325,API,45,57,400,467.0,186800.0
2021090804025317,API,58,43,366,465.6,170409.6
2021090804025438,API,45,25,50,467.0,23350.0
2021090804025437,API,45,57,"1,387",467.0,647729.0
2021090804025436,API,45,57,140,466.5,65310.0
2021090804025435,API,45,38,100,466.0,46600.0
2021090804025434,API,45,48,20,466.0,9320.0
2021090804025421,API,48,48,30,466.0,13980.0
2021090804025618,BARUN,3,38,60,563.0,33780.0
2021090804025617,BARUN,3,57,150,559.0,83850.0
2021090804025616,BARUN,3,48,100,558.0,55800.0
2021090804025615,BARUN,3,45,190,554.0,105260.0
2021090804025265,BARUN,58,58,230,547.0,125810.0
2021090804025704,BPCL,59,41,65,557.0,36205.0
2021090804025604,BPCL,29,41,50,557.0,27850.0
2021090804025603,BPCL,42,41,50,557.0,27850.0
2021090804025602,BPCL,55,41,10,557.0,5570.0
2021090804025601,BPCL,41,41,25,557.0,13925.0
2021090804025494,BPCL,7,45,30,557.3,16719.0
2021090804025493,BPCL,7,59,20,557.3,11146.0
2021090804025351,BPCL,34,59,30,557.3,16719.0
2021090804025600,BPCL,41,41,200,557.0,111400.0
2021090804025599,BPCL,42,41,100,557.0,55700.0
2021090804025589,BPCL,42,58,30,557.0,16710.0
2021090804025588,BPCL,1,58,20,557.1,11142.0
2021090804025575,BPCL,45,45,30,557.3,16719.0
2021090804025684,CGH,20,47,300,1518.0,455400.0
2021090804025341,CGH,48,52,100,1518.0,151800.0
2021090804025742,CHCL,44,34,15,606.0,9090.0
2021090804025741,CHCL,49,34,50,606.0,30300.0
2021090804025740,CHCL,7,34,100,606.0,60600.0
2021090804025739,CHCL,8,34,110,606.0,66660.0
2021090804025738,CHCL,58,34,100,606.1,60610.0
2021090804025737,CHCL,42,34,35,607.0,21245.0
2021090804025290,CHCL,8,10,200,606.0,121200.0
2021090804025736,CHCL,10,34,110,608.0,66880.0
2021090804025724,CHCL,10,45,500,608.0,304000.0
2021090804025723,CHCL,10,37,290,608.0,176320.0
2021090804025722,CHCL,10,35,100,607.0,60700.0
2021090804025572,CHCL,26,37,50,608.0,30400.0
2021090804025423,CHCL,42,44,65,607.0,39455.0
2021090804025652,CHL,17,48,280,545.0,152600.0
2021090804025651,CHL,45,48,50,545.1,27255.0
2021090804025445,CMF1,53,41,"1,000",15.2,15200.0
2021090804025444,CMF1,39,41,"5,000",15.21,76050.0
2021090804025582,CMF2,14,43,800,15.49,12392.0
2021090804025581,CMF2,14,43,"5,000",15.48,77400.0
2021090804025701,EIC,50,57,202,722.5,145945.0
2021090804025522,EIC,38,57,108,722.5,78030.0
2021090804025499,EIC,34,57,190,722.5,137275.0
2021090804025471,GHL,45,44,10,427.0,4270.0
2021090804025377,GHL,51,44,10,427.0,4270.0
2021090804025339,GHL,53,14,30,420.2,12606.0
2021090804025678,GIMES1,1,21,"35,350",21.4,756490.0
2021090804025545,GIMES1,1,48,"9,000",21.4,192600.0
2021090804025544,GIMES1,51,48,"2,000",21.41,42820.0
2021090804025725,GLH,35,40,400,500.0,200000.0
2021090804025719,GLH,35,25,200,500.0,100000.0
2021090804025610,GLH,35,49,100,499.8,49980.0
2021090804025609,GLH,35,40,200,499.3,99860.0
2021090804025608,GLH,35,58,10,499.0,4990.0
2021090804025607,GLH,35,40,200,495.7,99140.0
2021090804025606,GLH,35,36,620,494.7,306714.0
2021090804025605,GLH,35,25,90,491.0,44190.0
2021090804025266,GLH,32,25,10,491.0,4910.0
2021090804025713,HDHPC,34,21,86,367.0,31562.0
2021090804025712,HDHPC,34,4,50,366.0,18300.0
2021090804025711,HDHPC,34,32,300,366.0,109800.0
2021090804025710,HDHPC,34,35,194,366.0,71004.0
2021090804025709,HDHPC,34,35,220,365.9,80498.0
2021090804025708,HDHPC,34,38,150,365.0,54750.0
2021090804025335,HDHPC,13,35,50,366.0,18300.0
2021090804025278,HDHPC,45,35,550,366.0,201300.0
2021090804025277,HDHPC,45,49,50,365.0,18250.0
2021090804025699,HDHPC,49,38,200,365.0,73000.0
2021090804025698,HDHPC,4,38,50,365.0,18250.0
2021090804025697,HDHPC,43,38,100,365.0,36500.0
2021090804025693,HDHPC,4,35,70,365.9,25613.0
2021090804025573,HDHPC,49,35,50,365.9,18295.0
2021090804025521,HDHPC,39,35,60,365.9,21954.0
2021090804025507,HGI,38,32,30,733.0,21990.0
2021090804025598,HPPL,39,43,10,532.0,5320.0
2021090804025556,HPPL,51,56,10,532.0,5320.0
2021090804025305,HPPL,50,35,345,524.0,180780.0
2021090804025304,HPPL,42,35,25,525.0,13125.0
2021090804025303,HPPL,50,35,110,525.0,57750.0
2021090804025302,HPPL,42,35,20,525.1,10502.0
2021090804025344,HURJA,36,38,60,485.0,29100.0
2021090804025662,IGI,33,22,100,1140.0,114000.0
2021090804025362,IGI,40,50,50,1140.0,57000.0
2021090804025555,IGI,33,43,135,1140.0,153900.0
2021090804025554,IGI,40,43,25,1140.0,28500.0
2021090804025553,IGI,29,43,100,1141.0,114100.0
2021090804025734,JOSHI,26,36,50,390.0,19500.0
2021090804025498,JOSHI,22,36,10,390.0,3900.0
2021090804025497,JOSHI,51,36,50,390.0,19500.0
2021090804025496,JOSHI,38,36,10,390.0,3900.0
2021090804025495,JOSHI,14,36,60,390.0,23400.0
2021090804025343,JOSHI,47,36,100,391.0,39100.0
2021090804025342,JOSHI,45,36,205,391.0,80155.0
2021090804025301,KEF,34,32,"5,000",10.05,50250.0
2021090804025300,KEF,34,41,600,10.05,6030.0
2021090804025505,KKHC,57,35,92,395.0,36340.0
2021090804025504,KKHC,38,35,78,395.0,30810.0
2021090804025503,KKHC,53,35,30,399.5,11985.0
2021090804025405,KKHC,53,57,70,399.0,27930.0
2021090804025289,KKHC,38,13,22,395.0,8690.0
2021090804025288,KKHC,13,13,10,397.0,3970.0
2021090804025281,KKHC,51,13,20,399.0,7980.0
2021090804025287,KKHC,19,13,74,397.0,29378.0
2021090804025286,KKHC,14,13,50,398.0,19900.0
2021090804025285,KKHC,25,13,20,398.0,7960.0
2021090804025284,KKHC,58,13,50,398.0,19900.0
2021090804025283,KKHC,3,13,234,398.0,93132.0
2021090804025282,KKHC,45,13,20,398.5,7970.0
2021090804025576,LEC,38,45,15,411.0,6165.0
2021090804025276,LEC,38,45,11,411.0,4521.0
2021090804025275,LEC,45,45,50,411.0,20550.0
2021090804025274,LEC,35,45,200,411.0,82200.0
2021090804025273,LEC,45,45,500,411.0,205500.0
2021090804025272,LEC,21,45,50,411.1,20555.0
2021090804025271,LEC,49,45,80,414.0,33120.0
2021090804025416,LEMF,51,58,450,10.22,4599.0
2021090804025500,LGIL,51,8,20,770.0,15400.0
2021090804025478,LGIL,57,8,130,770.0,100100.0
2021090804025356,LGIL,4,8,200,770.0,154000.0
2021090804025355,LGIL,33,8,50,770.0,38500.0
2021090804025354,LGIL,20,8,19,770.0,14630.0
2021090804025412,LUK,47,26,"7,000",10.6,74200.0
2021090804025673,MEN,42,25,260,1264.0,328640.0
2021090804025672,MEN,42,57,150,1263.0,189450.0
2021090804025671,MEN,42,25,500,1260.0,630000.0
2021090804025670,MEN,42,45,10,1260.0,12600.0
2021090804025669,MEN,42,39,80,1260.0,100800.0
2021090804025459,MEN,17,39,20,1260.0,25200.0
2021090804025458,MEN,17,49,10,1260.0,12600.0
2021090804025457,MEN,17,48,10,1255.0,12550.0
2021090804025456,MEN,17,25,10,1255.0,12550.0
2021090804025455,MEN,17,38,10,1254.0,12540.0
2021090804025454,MEN,17,28,20,1241.0,24820.0
2021090804025453,MEN,17,38,20,1240.0,24800.0
2021090804025640,MHNL,21,42,12,515.8,6189.6
2021090804025639,MHNL,21,35,40,515.0,20600.0
2021090804025638,MHNL,21,1,98,515.0,50470.0
2021090804025571,NBF2,8,4,100,14.88,1488.0
2021090804025714,NGPL,20,35,10,767.0,7670.0
2021090804025679,NGPL,37,43,200,763.0,152600.0
2021090804025735,NHDL,34,21,500,600.0,300000.0
2021090804025675,NHPC,50,55,221,413.0,91273.0
2021090804025674,NHPC,50,26,200,412.0,82400.0
2021090804025654,NHPC,58,35,100,411.0,41100.0
2021090804025587,NHPC,58,51,160,411.0,65760.0
2021090804025515,NHPC,44,51,20,411.0,8220.0
2021090804025473,NHPC,13,51,50,411.0,20550.0
2021090804025357,NHPC,45,51,20,411.0,8220.0
2021090804025270,NHPC,58,17,10,410.2,4102.0
2021090804025677,NICL,16,26,100,895.0,89500.0
2021090804025621,NICL,34,26,100,895.0,89500.0
2021090804025538,NICL,45,26,10,895.0,8950.0
2021090804025404,NICL,45,26,10,895.0,8950.0
2021090804025403,NICL,21,26,10,895.0,8950.0
2021090804025402,NICL,28,26,100,895.0,89500.0
2021090804025383,NICL,32,26,100,898.0,89800.0
2021090804025389,NICL,14,26,75,895.0,67125.0
2021090804025388,NICL,45,26,10,896.0,8960.0
2021090804025387,NICL,14,26,200,897.0,179400.0
2021090804025386,NICL,55,26,20,897.0,17940.0
2021090804025385,NICL,16,26,100,897.0,89700.0
2021090804025384,NICL,36,26,105,897.0,94185.0
2021090804025395,NICL,10,26,100,895.0,89500.0
2021090804025394,NICL,5,26,100,895.0,89500.0
2021090804025393,NICL,37,26,60,895.0,53700.0
2021090804025392,NICL,55,26,50,895.0,44750.0
2021090804025391,NICL,13,26,10,895.0,8950.0
2021090804025390,NICL,33,26,50,895.0,44750.0
2021090804025401,NICL,49,26,100,895.0,89500.0
2021090804025400,NICL,3,26,70,895.0,62650.0
2021090804025399,NICL,57,26,10,895.0,8950.0
2021090804025398,NICL,22,26,100,895.0,89500.0
2021090804025397,NICL,33,26,25,895.0,22375.0
2021090804025396,NICL,19,26,20,895.0,17900.0
2021090804025663,NIL,49,58,50,1370.0,68500.0
2021090804025592,NIL,42,55,40,1366.0,54640.0
2021090804025591,NIL,34,55,10,1369.0,13690.0
2021090804025590,NIL,34,55,50,1369.0,68450.0
2021090804025366,NIL,42,58,20,1370.0,27400.0
2021090804025667,NLG,13,45,20,969.9,19398.0
2021090804025551,NLG,45,7,10,969.1,9691.0
2021090804025550,NLG,49,7,20,969.9,19398.0
2021090804025552,NLG,7,7,70,969.0,67830.0
2021090804025490,NMB50,45,10,"5,500",12.22,67210.0
2021090804025489,NMB50,45,49,"4,500",12.22,54990.0
2021090804025415,OHL,57,58,83,560.0,46480.0
2021090804025324,OHL,57,56,17,560.0,9520.0
2021090804025323,OHL,3,56,43,560.0,24080.0
2021090804025322,OHL,21,56,10,560.0,5600.0
2021090804025321,OHL,22,56,30,560.0,16800.0
2021090804025696,PIC,58,45,85,1130.0,96050.0
2021090804025579,PIC,13,13,9,1112.3,10010.7
2021090804025414,PIC,28,44,10,1135.0,11350.0
2021090804025413,PICL,55,38,140,731.0,102340.0
2021090804025732,PMHPL,17,58,20,371.0,7420.0
2021090804025686,PMHPL,34,58,20,371.0,7420.0
2021090804025593,PMHPL,25,58,50,371.0,18550.0
2021090804025433,PMHPL,25,58,20,371.0,7420.0
2021090804025432,PMHPL,25,29,10,371.0,3710.0
2021090804025747,PPCL,5,22,90,474.0,42660.0
2021090804025676,PPCL,14,22,10,474.0,4740.0
2021090804025268,PPCL,44,38,420,471.0,197820.0
2021090804025727,PRIN,14,35,50,890.0,44500.0
2021090804025703,PRIN,7,35,20,890.0,17800.0
2021090804025702,PRIN,7,52,80,890.0,71200.0
2021090804025472,PRIN,13,52,20,890.0,17800.0
2021090804025580,RADHI,14,47,17,743.0,12631.0
2021090804025409,RADHI,14,55,105,745.0,78225.0
2021090804025372,RADHI,14,45,10,744.0,7440.0
2021090804025371,RADHI,14,34,31,743.0,23033.0
2021090804025370,RADHI,14,48,20,743.0,14860.0
2021090804025365,RBCL,13,39,20,18350.0,367000.0
2021090804025364,RBCL,13,42,20,18350.0,367000.0
2021090804025363,RBCL,13,50,20,18350.0,367000.0
2021090804025683,RHPC,56,49,460,1008.0,463680.0
2021090804025682,RHPC,56,28,110,1006.0,110660.0
2021090804025681,RHPC,56,22,430,998.0,429140.0
2021090804025668,RHPC,10,22,20,998.0,19960.0
2021090804025655,RHPC,50,22,200,998.0,199600.0
2021090804025633,RHPC,10,28,290,1006.0,291740.0
2021090804025294,RHPC,33,22,500,1001.0,500500.0
2021090804025293,RHPC,8,22,355,1006.0,357130.0
2021090804025267,RHPC,8,1,45,1006.0,45270.0
2021090804025424,RHPC,46,56,50,1000.0,50000.0
2021090804025417,RHPC,38,58,280,998.0,279440.0
2021090804025338,RHPC,56,4,345,1001.0,345345.0
2021090804025331,RHPC,20,56,100,1006.0,100600.0
2021090804025320,RHPC,58,56,300,1006.0,301800.0
2021090804025295,RHPC,56,22,145,1001.0,145145.0
2021090804025586,RHPC,34,4,320,998.0,319360.0
2021090804025585,RHPC,38,4,434,998.0,433132.0
2021090804025520,RHPC,38,28,100,998.0,99800.0
2021090804025514,RHPC,36,56,100,1000.0,100000.0
2021090804025511,RHPC,13,56,100,1000.0,100000.0
2021090804025506,RHPC,38,35,100,998.0,99800.0
2021090804025632,RHPC,10,56,90,1006.0,90540.0
2021090804025631,RHPC,10,56,370,1004.0,371480.0
2021090804025630,RHPC,10,56,250,1000.0,250000.0
2021090804025629,RHPC,40,38,750,997.0,747750.0
2021090804025628,RHPC,10,38,200,998.0,199600.0
2021090804025627,RHPC,34,38,50,998.0,49900.0
2021090804025726,RHPL,42,14,20,426.0,8520.0
2021090804025656,RHPL,58,14,100,426.0,42600.0
2021090804025408,RHPL,3,32,60,427.0,25620.0
2021090804025407,RHPL,21,32,40,427.3,17092.0
2021090804025406,RHPL,38,32,29,428.0,12412.0
2021090804025279,RHPL,38,20,71,428.0,30388.0
2021090804025745,RRHP,58,36,"1,000",648.0,648000.0
2021090804025744,RRHP,58,7,620,647.0,401140.0
2021090804025692,RRHP,58,56,450,650.0,292500.0
2021090804025691,RRHP,58,26,50,650.0,32500.0
2021090804025690,RRHP,58,57,200,650.0,130000.0
2021090804025689,RRHP,58,28,100,650.0,65000.0
2021090804025352,RRHP,29,36,"1,000",650.2,650200.0
2021090804025350,RRHP,56,22,200,650.0,130000.0
2021090804025349,RRHP,56,21,100,650.0,65000.0
2021090804025348,RRHP,56,45,80,650.0,52000.0
2021090804025311,RRHP,36,14,10,647.0,6470.0
2021090804025263,RRHP,55,45,20,650.0,13000.0
2021090804025466,RRHP,34,41,100,647.0,64700.0
2021090804025465,RRHP,34,44,215,647.0,139105.0
2021090804025361,RRHP,13,44,25,647.0,16175.0
2021090804025360,RRHP,14,44,150,647.0,97050.0
2021090804025359,RRHP,36,44,490,647.0,317030.0
2021090804025358,RRHP,56,44,120,650.0,78000.0
2021090804025648,RRHP,45,58,135,646.2,87237.0
2021090804025647,RRHP,56,58,500,647.0,323500.0
2021090804025646,RRHP,48,58,250,647.0,161750.0
2021090804025645,RRHP,33,58,385,648.0,249480.0
2021090804025513,RRHP,33,14,115,648.0,74520.0
2021090804025512,RRHP,34,14,85,648.0,55080.0
2021090804025731,SGI,22,45,10,698.0,6980.0
2021090804025327,SGI,22,16,10,694.1,6941.0
2021090804025440,SHL,48,13,100,260.0,26000.0
2021090804025299,SHL,49,13,200,260.0,52000.0
2021090804025298,SHL,49,58,100,260.0,26000.0
2021090804025269,SHL,21,58,100,260.0,26000.0
2021090804025743,SHPC,34,16,50,538.0,26900.0
2021090804025733,SHPC,59,16,100,538.0,53800.0
2021090804025253,SHPC,17,36,50,538.0,26900.0
2021090804025309,SHPC,7,16,30,538.0,16140.0
2021090804025308,SHPC,45,16,200,538.0,107600.0
2021090804025307,SHPC,18,16,100,538.0,53800.0
2021090804025306,SHPC,17,16,266,538.0,143108.0
2021090804025462,SHPC,36,16,50,538.0,26900.0
2021090804025574,SHPC,45,16,50,538.0,26900.0
2021090804025558,SHPC,21,16,17,538.0,9146.0
2021090804025644,SHPC,44,16,200,538.0,107600.0
2021090804025694,SICL,53,49,50,1829.0,91450.0
2021090804025557,SICL,21,49,10,1829.0,18290.0
2021090804025468,SICL,20,49,70,1829.0,128030.0
2021090804025467,SICL,20,37,130,1829.0,237770.0
2021090804025446,SICL,38,37,50,1829.0,91450.0
2021090804025378,SIL,59,22,18,996.0,17928.0
2021090804025746,SJCL,45,45,25,435.0,10875.0
2021090804025347,SJCL,56,45,140,435.0,60900.0
2021090804025346,SJCL,56,48,310,435.0,134850.0
2021090804025345,SJCL,56,22,150,434.1,65115.0
2021090804025685,SPDL,51,18,30,541.0,16230.0
2021090804025634,SPDL,42,40,300,540.0,162000.0
2021090804025583,SPDL,58,17,30,540.1,16203.0
2021090804025369,SPDL,58,4,80,540.1,43208.0
2021090804025368,SPDL,42,4,120,540.1,64812.0
2021090804025659,SSHL,21,17,277,410.0,113570.0
2021090804025658,SSHL,21,17,398,410.0,163180.0
2021090804025657,SSHL,46,17,108,411.5,44442.0
2021090804025578,SSHL,13,14,23,413.0,9499.0
2021090804025577,SSHL,13,54,27,412.0,11124.0
2021090804025666,TRH,40,41,100,390.0,39000.0
2021090804025706,UIC,40,36,10,698.0,6980.0
2021090804025626,UIC,57,55,130,697.0,90610.0
2021090804025625,UIC,54,55,50,697.0,34850.0
2021090804025624,UIC,38,55,50,697.1,34855.0
2021090804025623,UIC,41,55,20,697.2,13944.0
2021090804025622,UIC,34,55,50,697.2,34860.0
2021090804025720,UMHL,19,5,300,629.0,188700.0
2021090804025707,UMHL,33,34,10,628.0,6280.0
2021090804025695,UMHL,33,49,50,628.0,31400.0
2021090804025688,UMHL,33,58,158,628.0,99224.0
2021090804025252,UMHL,52,26,50,628.0,31400.0
2021090804025328,UMHL,52,49,280,628.0,175840.0
2021090804025291,UMHL,41,20,10,629.0,6290.0
2021090804025367,UMHL,4,4,50,628.0,31400.0
2021090804025353,UMHL,58,34,100,627.8,62780.0
2021090804025334,UMHL,58,33,810,627.8,508518.0
2021090804025333,UMHL,54,33,190,627.9,119301.0
2021090804025330,UMHL,54,49,10,627.9,6279.0
2021090804025329,UMHL,56,49,10,628.0,6280.0
2021090804025448,UMHL,50,35,10,627.9,6279.0
2021090804025443,UMHL,39,35,10,627.9,6279.0
2021090804025431,UMHL,19,35,100,627.9,62790.0
2021090804025430,UMHL,49,35,10,627.9,6279.0
2021090804025379,UMHL,58,57,50,627.8,31390.0
2021090804025373,UMHL,58,55,100,627.8,62780.0
2021090804025477,UMHL,44,52,280,628.0,175840.0
2021090804025476,UMHL,44,4,50,628.0,31400.0
2021090804025475,UMHL,44,35,170,627.9,106743.0
2021090804025464,UMHL,58,57,"1,809",627.8,1135690.2
2021090804025463,UMHL,58,35,"2,000",627.8,1255600.0
2021090804025531,UMHL,58,10,100,628.0,62800.0
2021090804025530,UMHL,58,49,250,628.0,157000.0
2021090804025529,UMHL,58,52,220,628.0,138160.0
2021090804025528,UMHL,58,49,250,627.9,156975.0
2021090804025517,UMHL,34,52,500,628.0,314000.0
2021090804025484,UMHL,58,56,100,627.8,62780.0
2021090804025537,UMHL,58,46,132,629.0,83028.0
2021090804025536,UMHL,58,43,500,629.0,314500.0
2021090804025535,UMHL,58,56,100,629.0,62900.0
2021090804025534,UMHL,58,49,100,629.0,62900.0
2021090804025533,UMHL,58,51,300,629.0,188700.0
2021090804025532,UMHL,58,20,48,629.0,30192.0
2021090804025549,UMHL,10,35,60,629.0,37740.0
2021090804025548,UMHL,10,59,50,629.0,31450.0
2021090804025547,UMHL,10,22,100,629.0,62900.0
2021090804025546,UMHL,10,46,368,629.0,231472.0
2021090804025653,UMHL,11,59,50,629.0,31450.0
2021090804025637,UMHL,45,28,53,628.0,33284.0
2021090804025636,UMHL,55,28,25,629.0,15725.0
2021090804025635,UMHL,10,28,222,629.0,139638.0
2021090804025594,UMHL,10,51,200,629.0,125800.0
2021090804025687,UMHL,45,58,142,628.0,89176.0
2021090804025680,UMHL,45,19,125,628.0,78500.0
2021090804025665,UMHL,45,32,100,628.0,62800.0
2021090804025664,UMHL,45,32,30,628.0,18840.0
2021090804025661,UMHL,45,57,50,628.0,31400.0
2021090804025660,UMHL,11,57,50,629.0,31450.0
2021090804025332,UMRH,36,1,10,620.0,6200.0
2021090804025262,UMRH,52,37,10,632.0,6320.0
2021090804025452,UNHPL,14,17,35,437.0,15295.0
2021090804025451,UNHPL,39,17,100,437.1,43710.0
2021090804025450,UNHPL,38,17,100,439.0,43900.0
2021090804025449,UNHPL,57,17,50,439.1,21955.0
2021090804025425,UNHPL,8,55,10,440.0,4400.0
2021090804025750,UPCL,7,46,150,521.0,78150.0
2021090804025705,UPCL,53,46,200,521.0,104200.0
2021090804025526,UPCL,43,46,304,521.0,158384.0
2021090804025525,UPCL,43,33,471,521.0,245391.0
2021090804025524,UPCL,43,43,25,520.6,13015.0
2021090804025502,UPCL,58,58,509,520.2,264781.8
2021090804025292,UPCL,25,22,50,520.2,26010.0
2021090804025428,UPCL,53,57,50,521.0,26050.0
2021090804025427,UPCL,19,57,135,521.0,70335.0
2021090804025422,UPCL,19,38,10,521.0,5210.0
2021090804025419,UPCL,1,37,10,522.0,5220.0
2021090804025319,UPCL,19,21,150,521.0,78150.0
2021090804025318,UPCL,19,36,205,521.0,106805.0
2021090804025501,UPCL,25,58,191,520.2,99358.2
2021090804025474,UPCL,25,21,40,520.2,20808.0
2021090804025447,UPCL,59,33,124,521.0,64604.0
2021090804025442,UPCL,3,33,30,521.0,15630.0
2021090804025441,UPCL,58,33,885,521.0,461085.0
2021090804025429,UPCL,58,57,115,521.0,59915.0
2021090804025620,UPPER,36,26,350,720.0,252000.0
2021090804025619,UPPER,36,43,150,719.0,107850.0
2021090804025597,UPPER,39,43,350,719.0,251650.0
2021090804025596,UPPER,39,13,300,719.0,215700.0
2021090804025595,UPPER,39,34,40,719.0,28760.0
2021090804025411,UPPER,57,36,50,718.0,35900.0
2021090804025410,UPPER,7,36,50,718.0,35900.0
2021090804025312,UPPER,7,55,100,718.0,71800.0
2021090804025483,UPPER,28,34,200,719.0,143800.0
2021090804025482,UPPER,10,35,35,717.1,25098.5
2021090804025481,UPPER,50,35,15,717.5,10762.5
2021090804025480,UPPER,36,35,450,718.0,323100.0
2021090804025470,UPPER,56,34,100,719.0,71900.0
2021090804025461,UPPER,36,36,50,718.0,35900.0
2021090804025519,UPPER,59,34,50,719.0,35950.0
2021090804025518,UPPER,59,22,150,718.0,107700.0
2021090804025509,UPPER,38,22,100,718.0,71800.0
2021090804025564,UPPER,47,8,50,717.0,35850.0
2021090804025563,UPPER,58,8,50,717.0,35850.0
2021090804025562,UPPER,47,8,50,717.0,35850.0
2021090804025561,UPPER,58,8,25,717.0,17925.0
2021090804025560,UPPER,8,8,20,717.0,14340.0
2021090804025559,UPPER,10,8,15,717.1,10756.5
2021090804025570,UPPER,36,8,150,716.0,107400.0
2021090804025569,UPPER,36,8,400,716.0,286400.0
2021090804025568,UPPER,58,8,10,716.0,7160.0
2021090804025567,UPPER,45,8,110,716.0,78760.0
2021090804025566,UPPER,10,8,100,716.5,71650.0
2021090804025565,UPPER,57,8,20,717.0,14340.0
2021090804025231,AHPC,38,34,30,674.0,20220.0
2021090804025196,AHPC,49,3,150,673.0,100950.0
2021090804025189,AHPC,49,34,"1,400",674.0,943600.0
2021090804025188,AHPC,49,35,600,673.9,404340.0
2021090804025187,AHPC,49,26,132,673.0,88836.0
2021090804025186,AHPC,45,26,168,673.0,113064.0
2021090804024973,AHPC,38,36,100,673.0,67300.0
2021090804024911,AHPC,28,45,76,672.0,51072.0
2021090804024790,AHPC,41,34,480,674.0,323520.0
2021090804024789,AHPC,41,50,500,674.0,337000.0
2021090804024788,AHPC,41,21,20,673.0,13460.0
2021090804024752,AHPC,56,44,100,672.0,67200.0
2021090804025154,AHPC,45,57,32,673.0,21536.0
2021090804025097,AHPC,49,35,"1,000",673.9,673900.0
2021090804025087,AHPC,41,35,400,673.9,269560.0
2021090804025086,AHPC,41,10,100,673.9,67390.0
2021090804025075,AHPC,45,36,400,673.0,269200.0
2021090804025033,AHPC,28,34,10,672.0,6720.0
2021090804024843,AIL,20,56,50,776.0,38800.0
2021090804024842,AIL,7,56,30,776.0,23280.0
2021090804024800,AIL,7,39,10,776.0,7760.0
2021090804025223,AKPL,35,20,300,580.0,174000.0
2021090804025222,AKPL,35,48,225,580.0,130500.0
2021090804025159,AKPL,39,48,75,580.0,43500.0
2021090804025158,AKPL,39,29,40,579.1,23164.0
2021090804025157,AKPL,34,29,10,579.1,5791.0
2021090804025148,AKPL,34,29,100,579.1,57910.0
2021090804024816,AKPL,41,33,10,580.0,5800.0
2021090804024807,AKPL,59,8,50,580.9,29045.0
2021090804024792,AKPL,58,8,31,580.9,18007.9
2021090804024822,AKPL,52,33,110,580.0,63800.0
2021090804024821,AKPL,58,33,30,580.0,17400.0
2021090804024820,AKPL,17,33,100,580.0,58000.0
2021090804024819,AKPL,17,33,500,580.0,290000.0
2021090804024818,AKPL,46,33,100,580.0,58000.0
2021090804024817,AKPL,16,33,150,580.0,87000.0
2021090804024859,AKPL,45,8,182,580.9,105723.8
2021090804024858,AKPL,45,57,193,580.0,111940.0
2021090804024857,AKPL,54,57,50,580.0,29000.0
2021090804024833,AKPL,4,57,10,580.0,5800.0
2021090804024832,AKPL,52,57,247,580.0,143260.0
2021090804024829,AKPL,52,48,443,580.0,256940.0
2021090804024951,AKPL,41,57,200,579.1,115820.0
2021090804024950,AKPL,48,57,300,579.1,173730.0
2021090804024922,AKPL,28,33,144,580.0,83520.0
2021090804024906,AKPL,41,33,100,580.0,58000.0
2021090804024905,AKPL,44,33,75,580.0,43500.0
2021090804024861,AKPL,44,38,50,580.0,29000.0
2021090804025117,AKPL,45,33,1,580.0,580.0
2021090804025116,AKPL,45,33,100,580.0,58000.0
2021090804025113,AKPL,21,33,180,580.0,104400.0
2021090804025054,AKPL,47,33,200,580.0,116000.0
2021090804025039,AKPL,41,33,200,580.0,116000.0
2021090804024952,AKPL,38,57,179,579.0,103641.0
2021090804025225,API,14,57,39,467.0,18213.0
2021090804025224,API,14,38,11,467.0,5137.0
2021090804025221,API,39,50,100,466.0,46600.0
2021090804025175,API,45,38,200,467.0,93400.0
2021090804025123,API,46,38,469,467.0,219023.0
2021090804025073,API,33,38,20,467.0,9340.0
2021090804024755,API,1,41,93,466.1,43347.3
2021090804024754,API,14,41,107,466.1,49872.7
2021090804024851,API,57,45,59,466.0,27494.0
2021090804024830,API,57,34,350,466.0,163100.0
2021090804024824,API,49,33,80,466.4,37312.0
2021090804024811,API,57,37,283,466.0,131878.0
2021090804024810,API,11,37,30,466.1,13983.0
2021090804024809,API,1,37,187,466.1,87160.7
2021090804024958,API,44,13,468,466.4,218275.2
2021090804024957,API,44,33,145,466.4,67628.0
2021090804024942,API,8,33,50,466.4,23320.0
2021090804024931,API,57,32,106,466.0,49396.0
2021090804024909,API,39,33,100,466.4,46640.0
2021090804024908,API,39,47,50,466.1,23305.0
2021090804025004,API,47,52,200,466.4,93280.0
2021090804025003,API,33,38,300,467.0,140100.0
2021090804024962,API,4,53,7,467.0,3269.0
2021090804024961,API,44,53,140,467.0,65380.0
2021090804024960,API,44,26,47,467.0,21949.0
2021090804024959,API,44,38,200,466.5,93300.0
2021090804025010,API,19,52,10,466.0,4660.0
2021090804025009,API,16,52,50,466.0,23300.0
2021090804025008,API,43,52,50,466.0,23300.0
2021090804025007,API,29,52,25,466.0,11650.0
2021090804025006,API,21,52,500,466.0,233000.0
2021090804025005,API,57,52,202,466.0,94132.0
2021090804025016,API,7,52,59,466.0,27494.0
2021090804025015,API,22,52,50,466.0,23300.0
2021090804025014,API,11,52,25,466.0,11650.0
2021090804025013,API,41,52,100,466.0,46600.0
2021090804025012,API,42,52,15,466.0,6990.0
2021090804025011,API,8,52,15,466.0,6990.0
2021090804025072,API,33,3,20,466.3,9326.0
2021090804025069,API,21,3,30,466.3,13989.0
2021090804025045,API,59,52,199,466.0,92734.0
2021090804025019,API,42,52,50,466.0,23300.0
2021090804025018,API,45,52,200,466.0,93200.0
2021090804025017,API,43,52,50,466.0,23300.0
2021090804025036,BARUN,58,55,100,547.0,54700.0
2021090804025035,BARUN,58,39,80,547.0,43760.0
2021090804024753,BBC,16,48,10,5760.0,57600.0
2021090804025248,BPCL,34,48,20,557.3,11146.0
2021090804025247,BPCL,32,50,30,558.0,16740.0
2021090804024872,BPCL,35,41,50,557.0,27850.0
2021090804024865,BPCL,33,41,10,558.0,5580.0
2021090804024864,BPCL,22,41,66,558.0,36828.0
2021090804024871,BPCL,39,41,100,557.0,55700.0
2021090804024870,BPCL,13,41,35,557.0,19495.0
2021090804024869,BPCL,38,41,100,557.0,55700.0
2021090804024868,BPCL,25,41,70,557.0,38990.0
2021090804024867,BPCL,51,41,50,557.0,27850.0
2021090804024866,BPCL,45,41,11,557.0,6127.0
2021090804024930,CGH,21,33,15,1518.0,22770.0
2021090804024929,CGH,32,33,10,1518.0,15180.0
2021090804024928,CGH,42,33,10,1518.0,15180.0
2021090804024927,CGH,6,33,20,1518.0,30360.0
2021090804024926,CGH,48,33,10,1518.5,15185.0
2021090804024925,CGH,36,33,10,1519.0,15190.0
2021090804024924,CGH,29,33,15,1519.0,22785.0
2021090804024923,CGH,38,33,10,1520.1,15201.0
2021090804024860,CHCL,8,49,85,606.0,51510.0
2021090804024795,CHCL,29,49,200,606.0,121200.0
2021090804024770,CHCL,14,49,10,606.0,6060.0
2021090804025229,CHL,17,28,200,545.0,109000.0
2021090804025228,CHL,17,28,200,545.0,109000.0
2021090804025227,CHL,58,28,100,547.0,54700.0
2021090804025198,CHL,58,40,150,547.0,82050.0
2021090804025053,CHL,17,58,500,545.0,272500.0
2021090804024956,CHL,36,40,100,547.0,54700.0
2021090804025091,CMF1,13,39,"4,800",15.21,73008.0
2021090804025090,CMF1,13,17,"5,000",15.2,76000.0
2021090804025089,CMF1,13,8,200,15.2,3040.0
2021090804024953,CMF1,45,8,"10,000",15.2,152000.0
2021090804024920,CMF1,14,8,"9,800",15.2,148960.0
2021090804024836,CMF1,48,39,100,15.21,1521.0
2021090804024815,CMF1,55,48,"9,000",15.12,136080.0
2021090804024814,CMF1,34,48,"2,000",15.13,30260.0
2021090804024813,CMF1,53,48,"4,000",15.15,60600.0
2021090804024808,CMF1,42,20,"2,500",15.22,38050.0
2021090804025206,CMF2,1,43,"3,500",15.4,53900.0
2021090804025143,CMF2,45,43,"5,000",15.4,77000.0
2021090804025142,CMF2,45,43,"1,300",15.4,20020.0
2021090804025141,CMF2,16,43,"2,100",15.41,32361.0
2021090804025140,CMF2,16,43,"10,000",15.42,154200.0
2021090804025139,CMF2,43,43,"2,000",15.43,30860.0
2021090804025138,CMF2,45,43,"1,000",15.45,15450.0
2021090804024835,CMF2,16,43,"10,000",15.45,154500.0
2021090804024902,DHPL,58,36,11,370.1,4071.1
2021090804024863,DHPL,45,44,50,373.0,18650.0
2021090804024787,DHPL,51,44,90,373.0,33570.0
2021090804024786,DHPL,51,26,100,373.0,37300.0
2021090804024785,DHPL,51,29,50,373.0,18650.0
2021090804024784,DHPL,51,4,10,372.0,3720.0
2021090804024783,DHPL,51,34,100,371.0,37100.0
2021090804025205,EIC,34,48,10,722.5,7225.0
2021090804025204,EIC,40,48,150,722.5,108375.0
2021090804025203,EIC,48,48,50,722.6,36130.0
2021090804025202,EIC,41,48,150,722.8,108420.0
2021090804024894,EIC,41,39,50,722.8,36140.0
2021090804024985,GIC,36,39,10,675.0,6750.0
2021090804025246,HDHPC,36,55,46,364.0,16744.0
2021090804025245,HDHPC,26,55,159,364.0,57876.0
2021090804025239,HDHPC,21,35,16,366.0,5856.0
2021090804025237,HDHPC,42,35,190,366.0,69540.0
2021090804025236,HDHPC,42,59,30,366.0,10980.0
2021090804025034,HDHPC,34,59,20,366.0,7320.0
2021090804024937,HDHPC,26,37,980,364.0,356720.0
2021090804024936,HDHPC,50,37,20,365.0,7300.0
2021090804024855,HDHPC,26,36,400,364.0,145600.0
2021090804024854,HDHPC,49,36,300,365.0,109500.0
2021090804024853,HDHPC,14,36,300,365.0,109500.0
2021090804025152,HGI,21,33,20,735.0,14700.0
2021090804025023,HGI,22,33,54,735.0,39690.0
2021090804025022,HGI,22,11,19,735.0,13965.0
2021090804025030,HPPL,50,42,280,525.0,147000.0
2021090804025029,HPPL,45,42,200,526.0,105200.0
2021090804025028,HPPL,39,42,10,530.0,5300.0
2021090804025027,HPPL,48,42,10,530.1,5301.0
2021090804024882,HPPL,39,33,10,531.0,5310.0
2021090804025042,IGI,57,43,10,1144.0,11440.0
2021090804025085,IGI,44,37,25,1140.0,28500.0
2021090804025084,IGI,50,37,140,1140.0,159600.0
2021090804025083,IGI,49,37,300,1140.2,342060.0
2021090804025082,IGI,53,37,10,1140.5,11405.0
2021090804025081,IGI,56,37,20,1141.0,22820.0
2021090804025070,IGI,22,43,30,1144.0,34320.0
2021090804025178,JOSHI,45,25,295,391.0,115345.0
2021090804025177,JOSHI,58,25,75,391.0,29325.0
2021090804025176,JOSHI,42,25,30,391.0,11730.0
2021090804025092,KKHC,43,57,50,399.5,19975.0
2021090804024915,KKHC,11,59,60,400.0,24000.0
2021090804024898,KKHC,49,59,30,400.0,12000.0
2021090804024793,KKHC,38,59,10,400.0,4000.0
2021090804025122,KPCL,46,56,10,670.0,6700.0
2021090804025121,KPCL,46,3,10,664.0,6640.0
2021090804025120,KPCL,46,3,10,663.0,6630.0
2021090804024885,KPCL,49,20,10,661.9,6619.0
2021090804025119,KPCL,46,3,10,662.0,6620.0
2021090804025118,KPCL,46,20,40,661.9,26476.0
2021090804024903,LEMF,43,52,"5,000",10.27,51350.0
2021090804024780,LEMF,51,52,"8,900",10.22,90958.0
2021090804024779,LEMF,8,52,"10,000",10.22,102200.0
2021090804024778,LEMF,35,52,"10,000",10.22,102200.0
2021090804024777,LEMF,47,52,"1,000",10.23,10230.0
2021090804024776,LEMF,14,52,100,10.23,1023.0
2021090804024775,LEMF,14,52,"10,000",10.25,102500.0
2021090804024774,LEMF,35,52,"3,000",10.25,30750.0
2021090804024773,LEMF,1,52,"5,000",10.25,51250.0
2021090804024772,LEMF,45,52,"5,000",10.26,51300.0
2021090804025197,LGIL,22,14,100,772.0,77200.0
2021090804025179,LGIL,44,38,60,772.6,46356.0
2021090804025068,LUK,47,47,"30,000",10.6,318000.0
2021090804024981,MHNL,21,1,50,515.0,25750.0
2021090804024980,MHNL,21,29,150,515.0,77250.0
2021090804024794,MHNL,21,29,200,515.0,103000.0
2021090804025238,NEF,8,34,100,15.7,1570.0
2021090804025044,NEF,28,34,"4,000",15.7,62800.0
2021090804025244,NHDL,34,21,500,600.0,300000.0
2021090804025098,NHDL,34,21,500,600.0,300000.0
2021090804025050,NHDL,34,21,500,600.0,300000.0
2021090804025134,NHPC,29,38,36,410.0,14760.0
2021090804025133,NHPC,54,38,10,410.0,4100.0
2021090804025132,NHPC,57,38,20,410.0,8200.0
2021090804025131,NHPC,44,38,100,410.0,41000.0
2021090804025130,NHPC,13,38,24,410.0,9840.0
2021090804025129,NHPC,29,38,20,410.0,8200.0
2021090804024900,NHPC,3,25,100,410.0,41000.0
2021090804024899,NHPC,46,25,345,410.2,141519.0
2021090804024844,NHPC,46,8,655,410.2,268681.0
2021090804024840,NHPC,25,35,497,410.0,203770.0
