Transact. No.,Symbol,Buyer,Seller,Quantity,Rate,Amount
2021090905001675,JBLB,59,39,10,4599.0,45990.0
2021090905001666,JBLB,45,57,20,4595.0,91900.0
2021090905001662,JBLB,58,56,10,4590.0,45900.0
2021090905001661,JBLB,44,56,10,4590.0,45900.0
2021090905001660,JBLB,54,56,10,4590.0,45900.0
2021090905001659,JBLB,39,56,100,4590.0,459000.0
2021090905001187,JBLB,57,7,10,4610.0,46100.0
2021090905001186,JBLB,38,41,10,4611.0,46110.0
2021090905001183,JBLB,38,58,10,4611.0,46110.0
2021090905001182,JBLB,57,58,10,4610.0,46100.0
2021090905001178,JBLB,57,45,10,4610.0,46100.0
2021090905001194,JBLB,8,42,19,4608.0,87552.0
2021090905001193,JBLB,25,42,21,4610.0,96810.0
2021090905001192,JBLB,35,42,10,4610.0,46100.0
2021090905001191,JBLB,36,42,50,4610.0,230500.0
2021090905001190,JBLB,42,42,50,4610.0,230500.0
2021090905001189,JBLB,57,42,170,4610.0,783700.0
2021090905001202,JBLB,32,57,10,4607.0,46070.0
2021090905001200,JBLB,8,57,50,4607.0,230350.0
2021090905001199,JBLB,53,57,30,4607.0,138210.0
2021090905001198,JBLB,8,57,40,4608.0,184320.0
2021090905001196,JBLB,36,50,5,4620.0,23100.0
2021090905001195,JBLB,8,29,10,4608.0,46080.0
2021090905001209,JBLB,39,13,10,4607.0,46070.0
2021090905001208,JBLB,14,45,10,4609.0,46090.0
2021090905001206,JBLB,45,45,10,4609.0,46090.0
2021090905001205,JBLB,45,49,10,4609.0,46090.0
2021090905001204,JBLB,45,26,10,4609.0,46090.0
2021090905001203,JBLB,39,36,10,4607.0,46070.0
2021090905001215,JBLB,43,42,10,4605.0,46050.0
2021090905001214,JBLB,42,42,15,4606.0,69090.0
2021090905001213,JBLB,26,42,10,4606.0,46060.0
2021090905001212,JBLB,8,42,50,4606.0,230300.0
2021090905001211,JBLB,47,42,10,4606.0,46060.0
2021090905001210,JBLB,39,42,80,4607.0,368560.0
2021090905001222,JBLB,5,32,10,4608.0,46080.0
2021090905001221,JBLB,5,6,10,4607.0,46070.0
2021090905001219,JBLB,55,42,40,4604.0,184160.0
2021090905001218,JBLB,42,42,10,4605.0,46050.0
2021090905001217,JBLB,54,42,20,4605.0,92100.0
2021090905001216,JBLB,14,42,50,4605.0,230250.0
2021090905001235,JBLB,26,3,10,4601.0,46010.0
2021090905001234,JBLB,54,3,10,4601.1,46011.0
2021090905001232,JBLB,54,10,10,4601.1,46011.0
2021090905001231,JBLB,1,40,40,4603.0,184120.0
2021090905001228,JBLB,1,6,10,4603.0,46030.0
2021090905001224,JBLB,57,57,20,4604.0,92080.0
2021090905001242,JBLB,49,14,10,4603.0,46030.0
2021090905001241,JBLB,49,26,50,4603.0,230150.0
2021090905001240,JBLB,52,40,10,4600.0,46000.0
2021090905001238,JBLB,16,49,10,4600.2,46002.0
2021090905001237,JBLB,16,3,30,4600.2,138006.0
2021090905001236,JBLB,16,3,10,4601.0,46010.0
2021090905001258,JBLB,59,6,20,4601.0,92020.0
2021090905001255,JBLB,36,6,10,4600.1,46001.0
2021090905001253,JBLB,36,38,10,4600.1,46001.0
2021090905001252,JBLB,26,45,10,4609.0,46090.0
2021090905001244,JBLB,45,14,30,4600.0,138000.0
2021090905001243,JBLB,45,14,10,4600.0,46000.0
2021090905001275,JBLB,59,57,10,4601.0,46010.0
2021090905001273,JBLB,48,45,10,4601.1,46011.0
2021090905001272,JBLB,58,4,10,4610.0,46100.0
2021090905001271,JBLB,48,41,10,4601.1,46011.0
2021090905001265,JBLB,58,7,10,4609.0,46090.0
2021090905001260,JBLB,59,51,10,4601.0,46010.0
2021090905001283,JBLB,45,54,60,4600.0,276000.0
2021090905001282,JBLB,41,54,20,4600.1,92002.0
2021090905001281,JBLB,5,54,10,4601.0,46010.0
2021090905001280,JBLB,59,54,40,4601.0,184040.0
2021090905001278,JBLB,59,6,10,4601.0,46010.0
2021090905001277,JBLB,59,6,10,4601.0,46010.0
2021090905001291,JBLB,42,6,50,4600.0,230000.0
2021090905001290,JBLB,33,6,50,4600.0,230000.0
2021090905001289,JBLB,54,6,22,4600.0,101200.0
2021090905001288,JBLB,13,6,40,4600.0,184000.0
2021090905001285,JBLB,7,10,10,4600.0,46000.0
2021090905001284,JBLB,45,45,10,4600.0,46000.0
2021090905001313,JBLB,35,39,20,4600.1,92002.0
2021090905001310,JBLB,1,52,10,4601.0,46010.0
2021090905001305,JBLB,1,57,10,4601.0,46010.0
2021090905001301,JBLB,1,6,10,4601.0,46010.0
2021090905001300,JBLB,1,38,10,4601.0,46010.0
2021090905001296,JBLB,1,16,10,4601.0,46010.0
2021090905001319,JBLB,34,6,170,4600.0,782000.0
2021090905001318,JBLB,34,17,10,4600.0,46000.0
2021090905001317,JBLB,34,39,95,4600.0,437000.0
2021090905001316,JBLB,52,39,10,4600.0,46000.0
2021090905001315,JBLB,39,39,20,4600.0,92000.0
2021090905001314,JBLB,42,39,15,4600.0,69000.0
2021090905001326,JBLB,34,4,20,4600.0,92000.0
2021090905001325,JBLB,59,4,60,4600.0,276000.0
2021090905001324,JBLB,34,4,15,4600.0,69000.0
2021090905001323,JBLB,36,4,33,4605.0,151965.0
2021090905001322,JBLB,36,6,10,4601.0,46010.0
2021090905001321,JBLB,34,5,10,4600.0,46000.0
2021090905001332,JBLB,5,34,10,4600.0,46000.0
2021090905001331,JBLB,26,26,10,4600.0,46000.0
2021090905001330,JBLB,45,4,10,4600.0,46000.0
2021090905001329,JBLB,41,4,100,4600.0,460000.0
2021090905001328,JBLB,26,4,10,4600.0,46000.0
2021090905001327,JBLB,44,4,10,4600.0,46000.0
2021090905001345,JBLB,25,51,100,4599.0,459900.0
2021090905001344,JBLB,26,51,10,4599.0,45990.0
2021090905001343,JBLB,33,51,10,4600.0,46000.0
2021090905001342,JBLB,5,51,12,4600.0,55200.0
2021090905001334,JBLB,5,17,10,4600.0,46000.0
2021090905001333,JBLB,5,11,10,4600.0,46000.0
2021090905001354,JBLB,49,57,20,4596.0,91920.0
2021090905001353,JBLB,42,57,10,4597.0,45970.0
2021090905001352,JBLB,10,57,10,4597.0,45970.0
2021090905001351,JBLB,57,57,10,4598.0,45980.0
2021090905001350,JBLB,42,51,10,4599.0,45990.0
2021090905001348,JBLB,3,57,10,4598.0,45980.0
2021090905001363,JBLB,49,6,10,4596.0,45960.0
2021090905001361,JBLB,5,51,18,4599.0,82782.0
2021090905001360,JBLB,5,44,10,4597.0,45970.0
2021090905001357,JBLB,7,21,10,4597.0,45970.0
2021090905001356,JBLB,18,51,30,4599.0,137970.0
2021090905001355,JBLB,26,51,10,4599.0,45990.0
2021090905001373,JBLB,5,56,10,4600.0,46000.0
2021090905001372,JBLB,5,38,10,4600.0,46000.0
2021090905001371,JBLB,5,34,10,4600.0,46000.0
2021090905001370,JBLB,5,45,100,4600.0,460000.0
2021090905001369,JBLB,5,26,10,4599.0,45990.0
2021090905001365,JBLB,49,44,10,4596.0,45960.0
2021090905001382,JBLB,49,29,10,4596.0,45960.0
2021090905001380,JBLB,49,6,10,4596.0,45960.0
2021090905001377,JBLB,5,56,30,4601.0,138030.0
2021090905001376,JBLB,5,45,10,4600.8,46008.0
2021090905001375,JBLB,5,45,10,4600.0,46000.0
2021090905001374,JBLB,5,34,10,4600.0,46000.0
2021090905001391,JBLB,45,28,10,4595.0,45950.0
2021090905001390,JBLB,11,28,20,4595.0,91900.0
2021090905001388,JBLB,54,47,10,4596.0,45960.0
2021090905001387,JBLB,8,52,10,4595.1,45951.0
2021090905001384,JBLB,6,47,30,4596.0,137880.0
2021090905001383,JBLB,3,47,10,4596.0,45960.0
2021090905001412,JBLB,53,35,10,4597.0,45970.0
2021090905001403,JBLB,5,20,10,4596.0,45960.0
2021090905001400,JBLB,5,52,10,4596.0,45960.0
2021090905001398,JBLB,36,17,30,4596.0,137880.0
2021090905001397,JBLB,36,5,10,4596.0,45960.0
2021090905001393,JBLB,39,28,10,4595.0,45950.0
2021090905001431,JBLB,55,54,10,4600.0,46000.0
2021090905001430,JBLB,48,49,10,4595.1,45951.0
2021090905001426,JBLB,59,49,10,4596.0,45960.0
2021090905001424,JBLB,59,49,10,4596.0,45960.0
2021090905001414,JBLB,5,22,10,4596.0,45960.0
2021090905001413,JBLB,5,42,10,4596.0,45960.0
2021090905001438,JBLB,55,37,70,4600.0,322000.0
2021090905001437,JBLB,55,42,10,4600.0,46000.0
2021090905001436,JBLB,55,7,10,4600.0,46000.0
2021090905001435,JBLB,55,34,10,4599.0,45990.0
2021090905001434,JBLB,28,58,20,4595.0,91900.0
2021090905001432,JBLB,48,13,10,4595.1,45951.0
2021090905001451,JBLB,41,35,10,4595.0,45950.0
2021090905001450,JBLB,16,49,10,4595.0,45950.0
2021090905001449,JBLB,34,29,10,4595.0,45950.0
2021090905001441,JBLB,56,37,10,4600.0,46000.0
2021090905001440,JBLB,59,37,10,4600.0,46000.0
2021090905001439,JBLB,26,37,10,4600.0,46000.0
2021090905001467,JBLB,35,34,10,4595.0,45950.0
2021090905001465,JBLB,35,26,10,4595.0,45950.0
2021090905001464,JBLB,28,47,10,4600.0,46000.0
2021090905001463,JBLB,32,58,10,4595.0,45950.0
2021090905001461,JBLB,57,57,5,4605.0,23025.0
2021090905001460,JBLB,57,21,10,4600.0,46000.0
2021090905001478,JBLB,11,40,50,4595.0,229750.0
2021090905001476,JBLB,56,40,10,4595.0,45950.0
2021090905001472,JBLB,29,40,10,4595.0,45950.0
2021090905001471,JBLB,52,40,20,4595.0,91900.0
2021090905001470,JBLB,45,25,10,4600.0,46000.0
2021090905001469,JBLB,45,45,10,4598.0,45980.0
2021090905001488,JBLB,8,33,10,4594.0,45940.0
2021090905001487,JBLB,8,49,10,4594.0,45940.0
2021090905001482,JBLB,11,55,10,4600.0,46000.0
2021090905001481,JBLB,11,55,10,4600.0,46000.0
2021090905001480,JBLB,11,26,10,4600.0,46000.0
2021090905001479,JBLB,11,14,10,4600.0,46000.0
2021090905001494,JBLB,58,33,10,4590.0,45900.0
2021090905001493,JBLB,59,33,30,4590.0,137700.0
2021090905001492,JBLB,32,33,10,4590.0,45900.0
2021090905001491,JBLB,50,33,10,4590.0,45900.0
2021090905001490,JBLB,36,33,10,4590.1,45901.0
2021090905001489,JBLB,48,33,10,4590.5,45905.0
2021090905001505,JBLB,47,35,10,4590.0,45900.0
2021090905001504,JBLB,29,35,10,4590.0,45900.0
2021090905001503,JBLB,50,35,20,4590.0,91800.0
2021090905001497,JBLB,33,17,10,4590.0,45900.0
2021090905001496,JBLB,33,33,10,4590.0,45900.0
2021090905001495,JBLB,39,33,10,4590.0,45900.0
2021090905001511,JBLB,59,35,20,4590.0,91800.0
2021090905001510,JBLB,25,35,10,4590.0,45900.0
2021090905001509,JBLB,52,35,50,4590.0,229500.0
2021090905001508,JBLB,8,35,100,4590.0,459000.0
2021090905001507,JBLB,47,35,10,4590.0,45900.0
2021090905001506,JBLB,33,35,10,4590.0,45900.0
2021090905001517,JBLB,21,57,10,4590.0,45900.0
2021090905001516,JBLB,57,57,20,4590.0,91800.0
2021090905001515,JBLB,59,57,10,4590.0,45900.0
2021090905001514,JBLB,19,18,12,4595.0,55140.0
2021090905001513,JBLB,19,36,10,4594.0,45940.0
2021090905001512,JBLB,45,29,10,4594.0,45940.0
2021090905001523,JBLB,43,25,10,4593.0,45930.0
2021090905001522,JBLB,6,57,10,4590.0,45900.0
2021090905001521,JBLB,52,57,20,4590.0,91800.0
2021090905001520,JBLB,4,57,10,4590.0,45900.0
2021090905001519,JBLB,32,57,10,4590.0,45900.0
2021090905001518,JBLB,55,57,10,4590.0,45900.0
2021090905001558,JBLB,14,8,10,4600.0,46000.0
2021090905001557,JBLB,14,34,10,4600.0,46000.0
2021090905001556,JBLB,14,10,10,4600.0,46000.0
2021090905001555,JBLB,58,21,10,4595.0,45950.0
2021090905001538,JBLB,11,16,10,4599.0,45990.0
2021090905001530,JBLB,25,52,10,4595.0,45950.0
2021090905001564,JBLB,14,53,10,4600.0,46000.0
2021090905001563,JBLB,14,49,10,4600.0,46000.0
2021090905001562,JBLB,14,34,30,4600.0,138000.0
2021090905001561,JBLB,14,53,10,4600.0,46000.0
2021090905001560,JBLB,14,54,10,4600.0,46000.0
2021090905001559,JBLB,14,34,10,4600.0,46000.0
2021090905001580,JBLB,56,49,10,4600.0,46000.0
2021090905001579,JBLB,56,44,10,4600.0,46000.0
2021090905001578,JBLB,29,52,10,4600.0,46000.0
2021090905001572,JBLB,43,58,10,4600.0,46000.0
2021090905001568,JBLB,49,35,10,4600.0,46000.0
2021090905001567,JBLB,49,52,10,4600.0,46000.0
2021090905001595,JBLB,5,45,10,4600.0,46000.0
2021090905001593,JBLB,57,49,10,4596.0,45960.0
2021090905001586,JBLB,18,39,10,4600.0,46000.0
2021090905001585,JBLB,41,38,10,4600.0,46000.0
2021090905001584,JBLB,43,58,10,4600.0,46000.0
2021090905001582,JBLB,56,58,10,4600.0,46000.0
2021090905001612,JBLB,50,45,10,4600.0,46000.0
2021090905001611,JBLB,50,36,10,4600.0,46000.0
2021090905001610,JBLB,49,51,10,4600.0,46000.0
2021090905001609,JBLB,57,45,10,4596.0,45960.0
2021090905001608,JBLB,56,54,10,4600.0,46000.0
2021090905001598,JBLB,57,49,10,4596.0,45960.0
2021090905001624,JBLB,39,47,10,4600.0,46000.0
2021090905001623,JBLB,39,58,10,4599.0,45990.0
2021090905001622,JBLB,33,36,10,4597.0,45970.0
2021090905001621,JBLB,36,49,10,4600.0,46000.0
2021090905001620,JBLB,55,16,10,4597.0,45970.0
2021090905001615,JBLB,26,45,10,4597.0,45970.0
2021090905001630,JBLB,35,57,20,4597.0,91940.0
2021090905001629,JBLB,1,57,10,4597.0,45970.0
2021090905001628,JBLB,45,35,10,4600.0,46000.0
2021090905001627,JBLB,39,39,60,4600.0,276000.0
2021090905001626,JBLB,39,26,10,4600.0,46000.0
2021090905001625,JBLB,39,45,10,4600.0,46000.0
2021090905001636,JBLB,28,39,10,4595.0,45950.0
2021090905001635,JBLB,38,39,10,4595.2,45952.0
2021090905001634,JBLB,34,39,10,4596.0,45960.0
2021090905001633,JBLB,17,39,10,4596.0,45960.0
2021090905001632,JBLB,57,39,10,4596.0,45960.0
2021090905001631,JBLB,59,39,10,4598.0,45980.0
2021090905001642,JBLB,59,39,10,4594.0,45940.0
2021090905001641,JBLB,43,39,10,4594.0,45940.0
2021090905001640,JBLB,33,39,10,4595.0,45950.0
2021090905001639,JBLB,21,39,50,4595.0,229750.0
2021090905001638,JBLB,50,39,10,4595.0,45950.0
2021090905001637,JBLB,13,39,10,4595.0,45950.0
2021090905001652,JBLB,43,41,10,4600.0,46000.0
2021090905001650,JBLB,57,45,25,4597.0,114925.0
2021090905001646,JBLB,41,39,10,4590.1,45901.0
2021090905001645,JBLB,35,39,10,4590.1,45901.0
2021090905001644,JBLB,11,39,10,4590.1,45901.0
2021090905001643,JBLB,28,39,10,4593.0,45930.0
2021090905001658,JBLB,29,56,20,4590.0,91800.0
2021090905001657,JBLB,6,56,10,4590.0,45900.0
2021090905001656,JBLB,58,56,20,4590.1,91802.0
2021090905001655,JBLB,33,56,10,4595.0,45950.0
2021090905001654,JBLB,41,56,30,4595.0,137850.0
2021090905001653,JBLB,41,49,10,4595.0,45950.0
2021090905001674,ULI,29,26,70,700.0,49000.0
2021090905001673,ULI,21,26,10,700.0,7000.0
2021090905001672,ULI,5,26,20,700.0,14000.0
2021090905001671,ULI,22,26,90,701.0,63090.0
2021090905001670,ULI,32,26,10,701.0,7010.0
2021090905001669,ULI,58,26,50,701.0,35050.0
2021090905001179,ULI,21,37,10,702.0,7020.0
2021090905001177,ULI,56,44,10,703.0,7030.0
2021090905001176,ULI,56,52,10,703.0,7030.0
2021090905001197,ULI,58,36,10,701.0,7010.0
2021090905001188,ULI,58,58,10,701.0,7010.0
2021090905001185,ULI,58,58,10,701.0,7010.0
2021090905001184,ULI,58,45,10,701.0,7010.0
2021090905001181,ULI,58,14,10,701.0,7010.0
2021090905001180,ULI,21,8,10,702.0,7020.0
2021090905001226,ULI,16,57,60,701.0,42060.0
2021090905001225,ULI,58,57,40,701.0,28040.0
2021090905001223,ULI,58,14,10,701.0,7010.0
2021090905001220,ULI,17,33,10,701.2,7012.0
2021090905001207,ULI,17,55,10,701.2,7012.0
2021090905001201,ULI,59,8,10,702.0,7020.0
2021090905001245,ULI,37,33,10,701.0,7010.0
2021090905001239,ULI,16,3,10,701.0,7010.0
2021090905001233,ULI,16,5,10,701.0,7010.0
2021090905001230,ULI,16,5,10,701.0,7010.0
2021090905001229,ULI,16,58,10,701.0,7010.0
2021090905001227,ULI,50,33,10,701.1,7011.0
2021090905001251,ULI,26,1,10,701.0,7010.0
2021090905001250,ULI,26,59,90,701.0,63090.0
2021090905001249,ULI,37,59,60,701.0,42060.0
2021090905001248,ULI,37,36,10,701.0,7010.0
2021090905001247,ULI,37,35,10,701.0,7010.0
2021090905001246,ULI,37,45,10,701.0,7010.0
2021090905001262,ULI,47,16,10,701.0,7010.0
2021090905001261,ULI,58,43,10,701.0,7010.0
2021090905001259,ULI,58,16,10,701.0,7010.0
2021090905001257,ULI,58,56,10,701.0,7010.0
2021090905001256,ULI,58,1,10,701.0,7010.0
2021090905001254,ULI,58,16,10,701.0,7010.0
2021090905001269,ULI,22,8,10,701.0,7010.0
2021090905001268,ULI,49,8,30,701.0,21030.0
2021090905001267,ULI,6,8,50,701.0,35050.0
2021090905001266,ULI,47,8,10,701.0,7010.0
2021090905001264,ULI,47,49,10,701.0,7010.0
2021090905001263,ULI,47,6,10,701.0,7010.0
2021090905001287,ULI,42,45,10,700.5,7005.0
2021090905001286,ULI,42,6,10,700.5,7005.0
2021090905001279,ULI,42,6,30,700.5,21015.0
2021090905001276,ULI,46,8,50,700.9,35045.0
2021090905001274,ULI,39,8,190,700.9,133171.0
2021090905001270,ULI,39,49,10,700.9,7009.0
2021090905001298,ULI,42,7,10,700.5,7005.0
2021090905001297,ULI,42,55,50,700.5,35025.0
2021090905001295,ULI,42,58,15,700.5,10507.5
2021090905001294,ULI,42,55,10,700.5,7005.0
2021090905001293,ULI,42,42,10,700.5,7005.0
2021090905001292,ULI,42,25,10,700.5,7005.0
2021090905001307,ULI,17,45,20,700.3,14006.0
2021090905001306,ULI,1,45,10,700.3,7003.0
2021090905001304,ULI,57,6,10,700.3,7003.0
2021090905001303,ULI,22,21,10,700.3,7003.0
2021090905001302,ULI,45,8,100,700.9,70090.0
2021090905001299,ULI,42,58,10,700.5,7005.0
2021090905001335,ULI,35,58,10,700.9,7009.0
2021090905001320,ULI,25,45,10,701.0,7010.0
2021090905001312,ULI,35,45,20,700.9,14018.0
2021090905001311,ULI,35,52,10,700.9,7009.0
2021090905001309,ULI,35,8,60,700.9,42054.0
2021090905001308,ULI,33,45,10,700.5,7005.0
2021090905001341,ULI,53,8,10,701.0,7010.0
2021090905001340,ULI,47,8,290,701.0,203290.0
2021090905001339,ULI,47,8,500,701.0,350500.0
2021090905001338,ULI,47,13,10,701.0,7010.0
2021090905001337,ULI,47,53,10,701.0,7010.0
2021090905001336,ULI,47,45,190,701.0,133190.0
2021090905001362,ULI,41,32,10,700.5,7005.0
2021090905001359,ULI,41,22,10,700.5,7005.0
2021090905001358,ULI,41,44,10,700.5,7005.0
2021090905001349,ULI,41,7,10,700.5,7005.0
2021090905001347,ULI,42,10,5,700.5,3502.5
2021090905001346,ULI,33,10,90,700.5,63045.0
2021090905001379,ULI,41,34,10,700.5,7005.0
2021090905001378,ULI,49,21,10,700.9,7009.0
2021090905001368,ULI,41,41,10,700.5,7005.0
2021090905001367,ULI,22,17,10,700.8,7008.0
2021090905001366,ULI,22,42,10,700.8,7008.0
2021090905001364,ULI,41,52,10,700.5,7005.0
2021090905001394,ULI,42,17,10,700.5,7005.0
2021090905001392,ULI,42,45,10,700.5,7005.0
2021090905001389,ULI,42,58,10,700.5,7005.0
2021090905001386,ULI,41,58,10,700.5,7005.0
2021090905001385,ULI,41,32,10,700.5,7005.0
2021090905001381,ULI,41,28,10,700.5,7005.0
2021090905001404,ULI,42,21,10,700.5,7005.0
2021090905001402,ULI,42,21,10,700.5,7005.0
2021090905001401,ULI,42,50,10,700.5,7005.0
2021090905001399,ULI,38,42,10,700.9,7009.0
2021090905001396,ULI,42,34,10,700.5,7005.0
2021090905001395,ULI,42,45,10,700.5,7005.0
2021090905001410,ULI,42,38,60,700.5,42030.0
2021090905001409,ULI,42,51,10,700.5,7005.0
2021090905001408,ULI,42,34,10,700.5,7005.0
2021090905001407,ULI,42,56,10,700.5,7005.0
2021090905001406,ULI,42,21,10,700.5,7005.0
2021090905001405,ULI,17,7,10,700.9,7009.0
2021090905001419,ULI,6,40,14,700.9,9812.6
2021090905001418,ULI,42,58,10,700.5,7005.0
2021090905001417,ULI,42,34,10,700.5,7005.0
2021090905001416,ULI,42,17,10,700.5,7005.0
2021090905001415,ULI,42,21,10,700.5,7005.0
2021090905001411,ULI,42,25,10,700.5,7005.0
2021090905001427,ULI,46,11,10,700.6,7006.0
2021090905001425,ULI,45,58,10,700.4,7004.0
2021090905001423,ULI,19,10,10,700.5,7005.0
2021090905001422,ULI,57,35,10,700.5,7005.0
2021090905001421,ULI,42,21,10,700.5,7005.0
2021090905001420,ULI,42,35,10,700.5,7005.0
2021090905001444,ULI,57,55,10,701.0,7010.0
2021090905001443,ULI,57,8,480,701.0,336480.0
2021090905001442,ULI,57,40,486,700.9,340637.4
2021090905001433,ULI,46,49,10,700.6,7006.0
2021090905001429,ULI,46,26,10,700.6,7006.0
2021090905001428,ULI,46,36,10,700.6,7006.0
2021090905001453,ULI,34,41,10,701.0,7010.0
2021090905001452,ULI,21,58,10,700.9,7009.0
2021090905001448,ULI,21,35,10,700.9,7009.0
2021090905001447,ULI,57,56,10,701.0,7010.0
2021090905001446,ULI,57,29,10,701.0,7010.0
2021090905001445,ULI,57,13,10,701.0,7010.0
2021090905001459,ULI,57,48,10,701.0,7010.0
2021090905001458,ULI,57,49,50,701.0,35050.0
2021090905001457,ULI,21,46,10,700.9,7009.0
2021090905001456,ULI,21,58,10,700.9,7009.0
2021090905001455,ULI,34,49,50,701.0,35050.0
2021090905001454,ULI,34,45,10,701.0,7010.0
2021090905001475,ULI,42,45,10,702.0,7020.0
2021090905001474,ULI,42,22,10,702.0,7020.0
2021090905001473,ULI,42,5,10,701.5,7015.0
2021090905001468,ULI,11,10,10,701.0,7010.0
2021090905001466,ULI,34,42,10,701.0,7010.0
2021090905001462,ULI,57,58,10,701.0,7010.0
2021090905001498,ULI,42,44,10,701.0,7010.0
2021090905001486,ULI,11,22,10,701.0,7010.0
2021090905001485,ULI,11,10,10,701.0,7010.0
2021090905001484,ULI,11,45,10,701.0,7010.0
2021090905001483,ULI,57,50,10,702.0,7020.0
2021090905001477,ULI,11,58,10,701.0,7010.0
2021090905001525,ULI,34,28,10,702.0,7020.0
2021090905001524,ULI,21,58,10,701.9,7019.0
2021090905001502,ULI,42,29,10,701.0,7010.0
2021090905001501,ULI,42,38,10,701.0,7010.0
2021090905001500,ULI,42,49,10,701.0,7010.0
2021090905001499,ULI,42,58,10,701.0,7010.0
2021090905001532,ULI,45,49,10,703.0,7030.0
2021090905001531,ULI,45,13,10,702.9,7029.0
2021090905001529,ULI,34,6,10,702.0,7020.0
2021090905001528,ULI,34,21,10,702.0,7020.0
2021090905001527,ULI,34,38,10,702.0,7020.0
2021090905001526,ULI,34,21,30,702.0,21060.0
2021090905001539,ULI,34,38,10,702.1,7021.0
2021090905001537,ULI,34,28,10,702.0,7020.0
2021090905001536,ULI,34,58,10,702.0,7020.0
2021090905001535,ULI,45,58,10,703.0,7030.0
2021090905001534,ULI,45,34,10,703.0,7030.0
2021090905001533,ULI,45,34,10,703.0,7030.0
2021090905001545,ULI,58,8,10,701.0,7010.0
2021090905001544,ULI,25,8,50,701.0,35050.0
2021090905001543,ULI,41,8,50,701.0,35050.0
2021090905001542,ULI,45,8,100,701.0,70100.0
2021090905001541,ULI,49,8,10,701.5,7015.0
2021090905001540,ULI,34,34,10,702.0,7020.0
2021090905001551,ULI,17,8,110,700.2,77022.0
2021090905001550,ULI,45,8,100,700.3,70030.0
2021090905001549,ULI,17,8,10,700.3,7003.0
2021090905001548,ULI,45,8,40,700.4,28016.0
2021090905001547,ULI,26,8,10,700.6,7006.0
2021090905001546,ULI,46,8,10,700.6,7006.0
2021090905001569,ULI,58,56,10,703.0,7030.0
2021090905001566,ULI,33,58,10,703.0,7030.0
2021090905001565,ULI,33,33,10,703.0,7030.0
2021090905001554,ULI,33,38,10,703.0,7030.0
2021090905001553,ULI,33,38,10,703.0,7030.0
2021090905001552,ULI,33,42,10,702.0,7020.0
2021090905001576,ULI,14,8,100,700.1,70010.0
2021090905001575,ULI,17,8,290,700.2,203058.0
2021090905001574,ULI,56,8,10,702.0,7020.0
2021090905001573,ULI,19,8,90,702.0,63180.0
2021090905001571,ULI,19,42,10,702.0,7020.0
2021090905001570,ULI,58,57,39,703.0,27417.0
2021090905001589,ULI,47,21,10,702.0,7020.0
2021090905001588,ULI,47,50,10,702.0,7020.0
2021090905001587,ULI,47,38,10,702.0,7020.0
2021090905001583,ULI,56,58,10,700.0,7000.0
2021090905001581,ULI,56,56,10,700.0,7000.0
2021090905001577,ULI,26,8,10,700.0,7000.0
2021090905001597,ULI,55,38,10,703.0,7030.0
2021090905001596,ULI,55,42,10,701.0,7010.0
2021090905001594,ULI,42,45,10,700.0,7000.0
2021090905001592,ULI,56,45,10,700.0,7000.0
2021090905001591,ULI,56,56,10,700.0,7000.0
2021090905001590,ULI,47,57,61,703.0,42883.0
2021090905001604,ULI,42,26,10,700.0,7000.0
2021090905001603,ULI,17,26,100,702.1,70210.0
2021090905001602,ULI,55,26,10,703.0,7030.0
2021090905001601,ULI,55,45,150,703.0,105450.0
2021090905001600,ULI,55,13,10,703.0,7030.0
2021090905001599,ULI,55,45,10,703.0,7030.0
2021090905001616,ULI,34,40,10,701.0,7010.0
2021090905001614,ULI,5,45,50,700.0,35000.0
2021090905001613,ULI,49,21,10,702.0,7020.0
2021090905001607,ULI,5,26,30,700.0,21000.0
2021090905001606,ULI,28,26,100,700.0,70000.0
2021090905001605,ULI,43,26,50,700.0,35000.0
2021090905001649,ULI,13,45,20,703.0,14060.0
2021090905001648,ULI,13,45,10,703.0,7030.0
2021090905001647,ULI,13,14,10,702.0,7020.0
2021090905001619,ULI,58,25,10,703.0,7030.0
2021090905001618,ULI,58,54,10,702.9,7029.0
2021090905001617,ULI,34,49,10,701.0,7010.0
2021090905001668,ULI,58,26,20,702.0,14040.0
2021090905001667,ULI,13,26,30,703.0,21090.0
2021090905001665,ULI,34,58,10,703.5,7035.0
2021090905001664,ULI,57,35,30,703.9,21117.0
2021090905001663,ULI,57,35,10,703.9,7039.0
2021090905001651,ULI,34,42,10,703.5,7035.0
2021090905001174,JBLB,57,14,10,4610.0,46100.0
2021090905001171,JBLB,57,35,10,4610.0,46100.0
2021090905001170,JBLB,57,34,10,4610.0,46100.0
2021090905001168,JBLB,57,55,10,4610.0,46100.0
2021090905001167,JBLB,57,28,250,4610.0,1152500.0
2021090905001166,JBLB,57,52,10,4610.0,46100.0
2021090905000680,JBLB,50,49,10,4605.0,46050.0
2021090905000679,JBLB,50,36,10,4605.0,46050.0
2021090905000677,JBLB,59,42,20,4610.0,92200.0
2021090905000689,JBLB,33,42,100,4604.0,460400.0
2021090905000688,JBLB,58,21,10,4610.0,46100.0
2021090905000686,JBLB,50,58,10,4605.0,46050.0
2021090905000685,JBLB,50,51,10,4605.0,46050.0
2021090905000684,JBLB,57,42,50,4609.0,230450.0
2021090905000681,JBLB,50,49,10,4605.0,46050.0
2021090905000705,JBLB,44,52,10,4610.0,46100.0
2021090905000704,JBLB,42,6,10,4615.0,46150.0
2021090905000703,JBLB,42,4,10,4615.0,46150.0
2021090905000702,JBLB,42,58,10,4615.0,46150.0
2021090905000698,JBLB,44,55,10,4610.0,46100.0
2021090905000691,JBLB,28,22,10,4604.0,46040.0
2021090905000716,JBLB,44,48,10,4610.0,46100.0
2021090905000712,JBLB,44,10,10,4610.0,46100.0
2021090905000711,JBLB,50,10,10,4611.0,46110.0
2021090905000710,JBLB,50,57,10,4611.0,46110.0
2021090905000709,JBLB,50,44,10,4611.0,46110.0
2021090905000706,JBLB,44,57,10,4610.0,46100.0
2021090905000737,JBLB,3,58,10,4610.0,46100.0
2021090905000734,JBLB,50,58,50,4610.0,230500.0
2021090905000733,JBLB,45,58,10,4610.0,46100.0
2021090905000732,JBLB,35,58,10,4610.0,46100.0
2021090905000731,JBLB,45,21,10,4610.0,46100.0
2021090905000730,JBLB,3,21,10,4615.0,46150.0
2021090905000746,JBLB,8,4,10,4607.2,46072.0
2021090905000745,JBLB,13,4,40,4607.3,184292.0
2021090905000744,JBLB,40,4,10,4608.0,46080.0
2021090905000743,JBLB,42,4,20,4608.0,92160.0
2021090905000742,JBLB,28,4,10,4610.0,46100.0
2021090905000739,JBLB,42,39,10,4608.0,46080.0
2021090905000752,JBLB,4,4,50,4601.0,230050.0
2021090905000751,JBLB,45,4,10,4601.1,46011.0
2021090905000750,JBLB,20,4,20,4601.1,92022.0
2021090905000749,JBLB,16,4,20,4602.0,92040.0
2021090905000748,JBLB,57,4,100,4605.0,460500.0
2021090905000747,JBLB,33,4,50,4607.0,230350.0
2021090905000758,JBLB,44,4,10,4600.0,46000.0
2021090905000757,JBLB,7,4,50,4600.0,230000.0
2021090905000756,JBLB,42,4,60,4600.0,276000.0
2021090905000755,JBLB,33,4,30,4600.8,138024.0
2021090905000754,JBLB,58,4,10,4601.0,46010.0
2021090905000753,JBLB,45,4,100,4601.0,460100.0
2021090905000764,JBLB,43,4,10,4600.0,46000.0
2021090905000763,JBLB,6,4,100,4600.0,460000.0
2021090905000762,JBLB,42,4,10,4600.0,46000.0
2021090905000761,JBLB,58,4,20,4600.0,92000.0
2021090905000760,JBLB,34,4,300,4600.0,1380000.0
2021090905000759,JBLB,52,4,20,4600.0,92000.0
2021090905000776,JBLB,43,4,20,4601.0,92020.0
2021090905000775,JBLB,35,1,10,4602.0,46020.0
2021090905000772,JBLB,34,35,10,4602.0,46020.0
2021090905000770,JBLB,10,58,10,4601.0,46010.0
2021090905000768,JBLB,6,4,10,4600.0,46000.0
2021090905000767,JBLB,57,4,100,4600.0,460000.0
2021090905000794,JBLB,32,58,10,4601.0,46010.0
2021090905000793,JBLB,32,38,10,4600.0,46000.0
2021090905000780,JBLB,49,19,10,4600.0,46000.0
2021090905000779,JBLB,49,59,10,4600.0,46000.0
2021090905000778,JBLB,10,4,50,4600.0,230000.0
2021090905000777,JBLB,28,4,10,4600.0,46000.0
2021090905000804,JBLB,55,53,10,4611.0,46110.0
2021090905000803,JBLB,32,59,10,4619.0,46190.0
2021090905000801,JBLB,26,58,10,4615.0,46150.0
2021090905000798,JBLB,32,58,10,4610.0,46100.0
2021090905000796,JBLB,32,49,10,4602.0,46020.0
2021090905000795,JBLB,32,38,10,4602.0,46020.0
2021090905000814,JBLB,41,36,10,4610.0,46100.0
2021090905000811,JBLB,41,53,10,4610.0,46100.0
2021090905000810,JBLB,25,59,10,4625.0,46250.0
2021090905000809,JBLB,25,46,10,4625.0,46250.0
2021090905000808,JBLB,26,13,10,4615.0,46150.0
2021090905000807,JBLB,32,58,10,4620.0,46200.0
2021090905000825,JBLB,45,45,10,4600.1,46001.0
2021090905000822,JBLB,57,44,10,4600.0,46000.0
2021090905000819,JBLB,58,42,15,4639.0,69585.0
2021090905000818,JBLB,58,55,10,4639.0,46390.0
2021090905000816,JBLB,25,49,10,4639.9,46399.0
2021090905000815,JBLB,32,58,10,4639.0,46390.0
2021090905000842,JBLB,33,45,10,4600.0,46000.0
2021090905000841,JBLB,33,47,10,4600.0,46000.0
2021090905000840,JBLB,45,17,10,4600.0,46000.0
2021090905000837,JBLB,36,44,10,4600.0,46000.0
2021090905000834,JBLB,45,36,10,4600.1,46001.0
2021090905000830,JBLB,36,36,10,4600.0,46000.0
2021090905000856,JBLB,35,57,10,4605.0,46050.0
2021090905000854,JBLB,11,8,10,4605.0,46050.0
2021090905000851,JBLB,11,32,10,4605.0,46050.0
2021090905000848,JBLB,11,25,10,4605.0,46050.0
2021090905000847,JBLB,34,56,10,4601.0,46010.0
2021090905000843,JBLB,41,45,10,4600.0,46000.0
2021090905000866,JBLB,25,49,10,4610.0,46100.0
2021090905000865,JBLB,38,7,10,4602.0,46020.0
2021090905000862,JBLB,1,14,10,4601.0,46010.0
2021090905000861,JBLB,6,45,10,4601.0,46010.0
2021090905000859,JBLB,6,58,10,4601.0,46010.0
2021090905000857,JBLB,26,58,10,4601.5,46015.0
2021090905000872,JBLB,25,41,10,4640.0,46400.0
2021090905000871,JBLB,25,57,10,4640.0,46400.0
2021090905000870,JBLB,25,46,10,4640.0,46400.0
2021090905000869,JBLB,25,38,10,4640.0,46400.0
2021090905000868,JBLB,25,16,10,4635.0,46350.0
2021090905000867,JBLB,25,21,10,4610.0,46100.0
2021090905000888,JBLB,21,42,10,4610.0,46100.0
2021090905000887,JBLB,25,45,10,4610.0,46100.0
2021090905000884,JBLB,5,48,10,4610.0,46100.0
2021090905000880,JBLB,32,14,10,4610.0,46100.0
2021090905000875,JBLB,1,21,10,4610.0,46100.0
2021090905000873,JBLB,1,46,10,4601.0,46010.0
2021090905000903,JBLB,1,16,10,4601.0,46010.0
2021090905000901,JBLB,1,57,10,4601.0,46010.0
2021090905000899,JBLB,26,48,10,4610.0,46100.0
2021090905000896,JBLB,14,48,10,4610.0,46100.0
2021090905000895,JBLB,14,42,10,4610.0,46100.0
2021090905000889,JBLB,1,45,10,4601.0,46010.0
2021090905000909,JBLB,52,42,10,4600.0,46000.0
2021090905000908,JBLB,39,42,20,4600.0,92000.0
2021090905000907,JBLB,50,42,20,4600.0,92000.0
2021090905000906,JBLB,49,42,10,4600.0,46000.0
2021090905000905,JBLB,38,16,10,4600.0,46000.0
2021090905000904,JBLB,57,16,10,4600.1,46001.0
2021090905000926,JBLB,44,56,10,4601.0,46010.0
2021090905000925,JBLB,35,56,10,4601.0,46010.0
2021090905000924,JBLB,16,21,10,4601.0,46010.0
2021090905000918,JBLB,47,38,10,4601.0,46010.0
2021090905000917,JBLB,50,46,10,4601.0,46010.0
2021090905000913,JBLB,50,49,10,4601.0,46010.0
2021090905000944,JBLB,19,13,10,4615.0,46150.0
2021090905000939,JBLB,41,17,10,4602.1,46021.0
2021090905000933,JBLB,58,48,10,4620.0,46200.0
2021090905000932,JBLB,58,16,10,4610.0,46100.0
2021090905000931,JBLB,1,36,10,4602.0,46020.0
2021090905000930,JBLB,58,16,10,4615.0,46150.0
2021090905000960,JBLB,41,59,10,4603.1,46031.0
2021090905000959,JBLB,21,38,10,4619.0,46190.0
2021090905000958,JBLB,21,1,10,4610.0,46100.0
2021090905000957,JBLB,52,13,10,4604.0,46040.0
2021090905000953,JBLB,53,36,10,4603.0,46030.0
2021090905000947,JBLB,53,14,10,4615.0,46150.0
2021090905000976,JBLB,25,54,10,4603.0,46030.0
2021090905000974,JBLB,57,32,40,4601.0,184040.0
2021090905000973,JBLB,1,32,10,4602.1,46021.0
2021090905000972,JBLB,38,32,10,4602.1,46021.0
2021090905000964,JBLB,1,21,10,4603.0,46030.0
2021090905000963,JBLB,1,59,10,4603.0,46030.0
2021090905000991,JBLB,1,57,10,4605.0,46050.0
2021090905000987,JBLB,10,32,10,4604.0,46040.0
2021090905000986,JBLB,10,28,10,4604.0,46040.0
2021090905000985,JBLB,4,14,10,4605.0,46050.0
2021090905000981,JBLB,45,58,10,4603.0,46030.0
2021090905000978,JBLB,36,28,10,4603.0,46030.0
2021090905001014,JBLB,54,13,20,4603.2,92064.0
2021090905001011,JBLB,54,36,10,4604.0,46040.0
2021090905001007,JBLB,36,49,10,4605.0,46050.0
2021090905001006,JBLB,36,49,10,4605.0,46050.0
2021090905000997,JBLB,54,29,10,4604.0,46040.0
2021090905000992,JBLB,13,59,10,4604.0,46040.0
2021090905001025,JBLB,58,5,10,4602.0,46020.0
2021090905001022,JBLB,1,58,10,4603.0,46030.0
2021090905001021,JBLB,1,13,20,4603.0,92060.0
2021090905001020,JBLB,42,13,10,4604.0,46040.0
2021090905001019,JBLB,13,13,10,4603.1,46031.0
2021090905001015,JBLB,58,45,10,4615.0,46150.0
2021090905001039,JBLB,16,52,10,4615.0,46150.0
2021090905001035,JBLB,4,34,10,4615.0,46150.0
2021090905001033,JBLB,33,4,10,4604.0,46040.0
2021090905001032,JBLB,33,50,10,4603.0,46030.0
2021090905001031,JBLB,57,13,20,4601.0,92020.0
2021090905001030,JBLB,57,39,10,4601.0,46010.0
2021090905001058,JBLB,16,45,10,4618.0,46180.0
2021090905001046,JBLB,17,28,30,4620.0,138600.0
2021090905001045,JBLB,17,4,10,4620.0,46200.0
2021090905001044,JBLB,17,58,10,4619.0,46190.0
2021090905001043,JBLB,16,7,10,4618.0,46180.0
2021090905001041,JBLB,16,36,10,4618.0,46180.0
2021090905001068,JBLB,58,33,10,4604.0,46040.0
2021090905001066,JBLB,59,58,10,4604.0,46040.0
2021090905001064,JBLB,49,28,10,4620.0,46200.0
2021090905001063,JBLB,54,28,20,4620.0,92400.0
2021090905001062,JBLB,36,28,20,4620.0,92400.0
2021090905001061,JBLB,16,29,10,4618.0,46180.0
2021090905001078,JBLB,17,39,10,4604.1,46041.0
2021090905001076,JBLB,13,45,10,4605.0,46050.0
2021090905001075,JBLB,54,56,10,4605.0,46050.0
2021090905001074,JBLB,54,39,10,4605.0,46050.0
2021090905001073,JBLB,58,3,10,4618.0,46180.0
2021090905001070,JBLB,29,45,10,4605.0,46050.0
2021090905001093,JBLB,42,58,10,4605.0,46050.0
2021090905001089,JBLB,42,7,10,4605.0,46050.0
2021090905001088,JBLB,55,16,40,4604.0,184160.0
2021090905001084,JBLB,58,46,10,4605.0,46050.0
2021090905001083,JBLB,13,47,10,4605.0,46050.0
2021090905001079,JBLB,55,6,10,4604.0,46040.0
2021090905001102,JBLB,44,42,10,4620.0,46200.0
2021090905001101,JBLB,44,21,10,4620.0,46200.0
2021090905001100,JBLB,44,28,20,4620.0,92400.0
2021090905001099,JBLB,44,58,10,4610.0,46100.0
2021090905001098,JBLB,38,58,10,4605.0,46050.0
2021090905001097,JBLB,42,58,12,4605.0,55260.0
2021090905001124,JBLB,53,58,10,4607.0,46070.0
2021090905001123,JBLB,53,58,10,4607.0,46070.0
2021090905001116,JBLB,43,6,10,4605.0,46050.0
2021090905001109,JBLB,48,17,10,4616.0,46160.0
2021090905001105,JBLB,55,58,10,4604.0,46040.0
2021090905001103,JBLB,21,58,10,4604.1,46041.0
2021090905001135,JBLB,14,58,10,4608.0,46080.0
2021090905001130,JBLB,53,58,10,4607.0,46070.0
2021090905001129,JBLB,53,16,10,4607.0,46070.0
2021090905001128,JBLB,53,6,10,4607.0,46070.0
2021090905001127,JBLB,53,58,10,4607.0,46070.0
2021090905001126,JBLB,53,58,10,4607.0,46070.0
2021090905001150,JBLB,43,38,10,4609.0,46090.0
2021090905001146,JBLB,43,52,10,4608.0,46080.0
2021090905001145,JBLB,14,38,10,4608.0,46080.0
2021090905001144,JBLB,14,58,10,4608.0,46080.0
2021090905001139,JBLB,51,58,10,4610.0,46100.0
2021090905001138,JBLB,14,58,10,4608.0,46080.0
2021090905001164,JBLB,8,58,18,4608.0,82944.0
2021090905001163,JBLB,57,58,10,4608.1,46081.0
2021090905001162,JBLB,44,35,10,4609.0,46090.0
2021090905001161,JBLB,21,49,10,4610.0,46100.0
2021090905001156,JBLB,25,51,10,4610.0,46100.0
2021090905001153,JBLB,35,45,10,4609.0,46090.0
2021090905001175,ULI,56,13,10,702.9,7029.0
2021090905001173,ULI,21,58,10,702.0,7020.0
2021090905001172,ULI,21,45,10,702.0,7020.0
2021090905001169,ULI,11,49,10,702.0,7020.0
2021090905001165,ULI,11,34,10,702.0,7020.0
2021090905001160,ULI,11,46,10,702.0,7020.0
2021090905000687,ULI,17,58,10,700.1,7001.0
2021090905000683,ULI,17,58,10,700.1,7001.0
2021090905000682,ULI,17,58,10,700.1,7001.0
2021090905000678,ULI,26,58,10,700.0,7000.0
2021090905000676,ULI,56,10,10,701.0,7010.0
2021090905000696,ULI,7,40,10,700.2,7002.0
2021090905000695,ULI,7,38,10,700.2,7002.0
2021090905000694,ULI,45,17,10,700.2,7002.0
2021090905000693,ULI,45,47,10,700.2,7002.0
2021090905000692,ULI,17,26,10,700.1,7001.0
2021090905000690,ULI,17,45,10,700.1,7001.0
2021090905000708,ULI,7,49,10,700.2,7002.0
2021090905000707,ULI,7,49,10,700.2,7002.0
2021090905000701,ULI,7,37,10,700.2,7002.0
2021090905000700,ULI,7,45,10,700.2,7002.0
2021090905000699,ULI,7,14,10,700.2,7002.0
2021090905000697,ULI,7,45,10,700.2,7002.0
2021090905000719,ULI,57,32,10,702.0,7020.0
2021090905000718,ULI,57,52,10,702.0,7020.0
2021090905000717,ULI,57,56,10,701.0,7010.0
2021090905000715,ULI,17,42,10,700.2,7002.0
2021090905000714,ULI,7,52,10,700.2,7002.0
2021090905000713,ULI,7,49,10,700.2,7002.0
2021090905000725,ULI,57,46,10,703.0,7030.0
2021090905000724,ULI,57,32,10,703.0,7030.0
2021090905000723,ULI,57,11,10,703.0,7030.0
2021090905000722,ULI,57,4,10,703.0,7030.0
2021090905000721,ULI,57,45,10,702.9,7029.0
2021090905000720,ULI,57,38,10,702.0,7020.0
2021090905000736,ULI,57,49,10,700.1,7001.0
2021090905000735,ULI,17,29,10,700.2,7002.0
2021090905000729,ULI,17,49,10,700.2,7002.0
2021090905000728,ULI,17,56,10,700.2,7002.0
2021090905000727,ULI,17,38,10,700.2,7002.0
2021090905000726,ULI,57,35,10,704.0,7040.0
2021090905000769,ULI,57,38,10,700.1,7001.0
2021090905000766,ULI,57,38,10,700.1,7001.0
2021090905000765,ULI,43,57,10,700.2,7002.0
2021090905000741,ULI,43,33,10,700.2,7002.0
2021090905000740,ULI,22,49,10,702.0,7020.0
2021090905000738,ULI,22,38,10,702.0,7020.0
2021090905000783,ULI,42,19,10,703.0,7030.0
2021090905000782,ULI,42,50,10,702.0,7020.0
2021090905000781,ULI,57,41,10,700.1,7001.0
2021090905000774,ULI,57,48,10,700.1,7001.0
2021090905000773,ULI,57,47,10,700.1,7001.0
2021090905000771,ULI,57,36,10,700.1,7001.0
2021090905000789,ULI,42,56,10,704.0,7040.0
2021090905000788,ULI,42,59,10,704.0,7040.0
2021090905000787,ULI,42,38,10,704.0,7040.0
2021090905000786,ULI,42,54,10,704.0,7040.0
2021090905000785,ULI,42,45,10,704.0,7040.0
2021090905000784,ULI,42,39,10,703.0,7030.0
2021090905000800,ULI,45,13,10,700.2,7002.0
2021090905000799,ULI,45,58,10,700.2,7002.0
2021090905000797,ULI,45,39,10,700.2,7002.0
2021090905000792,ULI,57,19,10,700.1,7001.0
2021090905000791,ULI,57,56,10,700.1,7001.0
2021090905000790,ULI,42,4,10,704.0,7040.0
2021090905000817,ULI,19,7,10,701.0,7010.0
2021090905000813,ULI,57,53,10,700.1,7001.0
2021090905000812,ULI,57,56,10,700.1,7001.0
2021090905000806,ULI,57,36,10,700.1,7001.0
2021090905000805,ULI,45,32,10,700.2,7002.0
2021090905000802,ULI,45,25,10,700.2,7002.0
2021090905000827,ULI,57,14,10,700.1,7001.0
2021090905000826,ULI,57,44,10,700.1,7001.0
2021090905000824,ULI,57,36,10,700.1,7001.0
2021090905000823,ULI,57,58,10,700.1,7001.0
2021090905000821,ULI,19,16,10,701.0,7010.0
2021090905000820,ULI,57,58,10,700.1,7001.0
2021090905000835,ULI,13,45,10,701.0,7010.0
2021090905000833,ULI,57,34,714,700.1,499871.4
2021090905000832,ULI,57,49,10,700.1,7001.0
2021090905000831,ULI,57,44,10,700.1,7001.0
2021090905000829,ULI,57,14,20,700.1,14002.0
2021090905000828,ULI,57,45,10,700.1,7001.0
2021090905000846,ULI,57,58,10,700.1,7001.0
2021090905000845,ULI,57,36,10,700.1,7001.0
2021090905000844,ULI,57,58,10,700.1,7001.0
2021090905000839,ULI,57,58,10,700.1,7001.0
2021090905000838,ULI,57,49,10,700.1,7001.0
2021090905000836,ULI,13,36,10,701.0,7010.0
2021090905000858,ULI,54,20,10,702.0,7020.0
2021090905000855,ULI,54,56,10,702.0,7020.0
2021090905000853,ULI,54,56,10,702.0,7020.0
2021090905000852,ULI,54,8,460,702.0,322920.0
2021090905000850,ULI,42,8,40,702.0,28080.0
2021090905000849,ULI,57,17,10,700.1,7001.0
2021090905000877,ULI,49,21,10,702.0,7020.0
2021090905000876,ULI,49,56,10,702.0,7020.0
2021090905000874,ULI,49,13,10,702.0,7020.0
2021090905000864,ULI,41,56,10,700.5,7005.0
2021090905000863,ULI,45,56,10,702.0,7020.0
2021090905000860,ULI,54,56,10,702.0,7020.0
2021090905000885,ULI,42,58,10,702.0,7020.0
2021090905000883,ULI,42,49,10,701.0,7010.0
2021090905000882,ULI,53,52,10,701.9,7019.0
2021090905000881,ULI,42,16,10,701.0,7010.0
2021090905000879,ULI,49,38,10,702.0,7020.0
2021090905000878,ULI,49,43,10,702.0,7020.0
2021090905000894,ULI,43,45,10,701.0,7010.0
2021090905000893,ULI,42,45,10,701.0,7010.0
2021090905000892,ULI,42,49,10,701.0,7010.0
2021090905000891,ULI,45,58,10,702.0,7020.0
2021090905000890,ULI,42,16,10,701.0,7010.0
2021090905000886,ULI,42,16,10,702.0,7020.0
2021090905000911,ULI,41,49,10,700.5,7005.0
2021090905000910,ULI,53,38,10,701.0,7010.0
2021090905000902,ULI,42,49,10,701.0,7010.0
2021090905000900,ULI,40,58,10,701.0,7010.0
2021090905000898,ULI,41,21,10,700.5,7005.0
2021090905000897,ULI,41,45,10,700.5,7005.0
2021090905000920,ULI,41,36,10,700.5,7005.0
2021090905000919,ULI,53,21,50,701.0,35050.0
2021090905000916,ULI,43,21,15,701.0,10515.0
2021090905000915,ULI,53,21,20,701.0,14020.0
2021090905000914,ULI,53,46,10,701.0,7010.0
2021090905000912,ULI,41,40,10,700.5,7005.0
2021090905000929,ULI,57,45,10,701.0,7010.0
2021090905000928,ULI,58,4,10,702.0,7020.0
2021090905000927,ULI,57,58,10,701.0,7010.0
2021090905000923,ULI,57,49,10,701.0,7010.0
2021090905000922,ULI,57,21,150,701.0,105150.0
2021090905000921,ULI,57,21,30,701.0,21030.0
2021090905000940,ULI,57,8,10,701.0,7010.0
2021090905000938,ULI,57,44,20,701.0,14020.0
2021090905000937,ULI,38,11,10,703.0,7030.0
2021090905000936,ULI,38,11,10,703.0,7030.0
2021090905000935,ULI,38,43,10,703.0,7030.0
2021090905000934,ULI,42,43,10,702.0,7020.0
2021090905000948,ULI,42,48,10,703.9,7039.0
2021090905000946,ULI,57,58,10,701.0,7010.0
2021090905000945,ULI,57,26,10,703.0,7030.0
2021090905000943,ULI,58,17,10,703.0,7030.0
2021090905000942,ULI,58,43,10,703.0,7030.0
2021090905000941,ULI,57,49,10,701.0,7010.0
2021090905000955,ULI,41,36,10,700.5,7005.0
2021090905000954,ULI,42,47,100,701.0,70100.0
2021090905000952,ULI,58,47,10,701.0,7010.0
2021090905000951,ULI,21,47,50,701.0,35050.0
2021090905000950,ULI,45,47,158,701.0,110758.0
2021090905000949,ULI,45,58,10,701.0,7010.0
2021090905000967,ULI,47,28,10,701.0,7010.0
2021090905000966,ULI,47,47,82,701.0,57482.0
2021090905000965,ULI,41,1,10,700.5,7005.0
2021090905000962,ULI,41,1,10,700.5,7005.0
2021090905000961,ULI,45,47,100,701.0,70100.0
2021090905000956,ULI,41,1,10,700.5,7005.0
2021090905000977,ULI,41,1,10,701.0,7010.0
2021090905000975,ULI,41,36,10,700.5,7005.0
2021090905000971,ULI,58,36,10,701.0,7010.0
2021090905000970,ULI,58,59,10,701.0,7010.0
2021090905000969,ULI,41,41,10,700.5,7005.0
2021090905000968,ULI,41,36,10,700.5,7005.0
2021090905000988,ULI,53,54,10,703.0,7030.0
2021090905000984,ULI,41,34,10,701.0,7010.0
2021090905000983,ULI,5,52,10,703.0,7030.0
2021090905000982,ULI,41,57,10,701.0,7010.0
2021090905000980,ULI,41,36,10,701.0,7010.0
2021090905000979,ULI,41,49,10,701.0,7010.0
2021090905000996,ULI,41,58,10,701.0,7010.0
2021090905000995,ULI,41,28,10,701.0,7010.0
2021090905000994,ULI,41,32,10,701.0,7010.0
2021090905000993,ULI,41,28,10,701.0,7010.0
2021090905000990,ULI,41,14,10,701.0,7010.0
2021090905000989,ULI,41,34,10,701.0,7010.0
2021090905001003,ULI,6,49,10,701.0,7010.0
2021090905001002,ULI,47,58,10,701.0,7010.0
2021090905001001,ULI,4,45,10,703.0,7030.0
2021090905001000,ULI,4,16,10,703.0,7030.0
2021090905000999,ULI,41,45,10,701.0,7010.0
2021090905000998,ULI,41,36,10,701.0,7010.0
2021090905001012,ULI,1,39,10,700.6,7006.0
2021090905001010,ULI,58,26,50,701.0,35050.0
2021090905001009,ULI,6,17,10,701.0,7010.0
2021090905001008,ULI,6,28,10,701.0,7010.0
2021090905001005,ULI,6,36,10,701.0,7010.0
2021090905001004,ULI,6,45,10,701.0,7010.0
2021090905001024,ULI,22,59,10,701.0,7010.0
2021090905001023,ULI,22,45,10,701.0,7010.0
2021090905001018,ULI,57,51,10,702.0,7020.0
2021090905001017,ULI,22,39,10,701.0,7010.0
2021090905001016,ULI,22,46,10,701.0,7010.0
2021090905001013,ULI,1,28,10,700.6,7006.0
2021090905001036,ULI,1,57,10,700.6,7006.0
2021090905001034,ULI,1,13,10,700.6,7006.0
2021090905001029,ULI,45,28,10,701.0,7010.0
2021090905001028,ULI,53,16,10,702.0,7020.0
2021090905001027,ULI,45,35,10,701.0,7010.0
2021090905001026,ULI,22,19,10,701.0,7010.0
2021090905001048,ULI,48,36,10,701.0,7010.0
2021090905001047,ULI,48,57,25,701.0,17525.0
2021090905001042,ULI,47,57,20,701.0,14020.0
2021090905001040,ULI,1,28,10,700.6,7006.0
2021090905001038,ULI,1,58,10,700.6,7006.0
2021090905001037,ULI,1,28,10,700.6,7006.0
2021090905001054,ULI,56,54,10,703.0,7030.0
2021090905001053,ULI,56,14,10,701.0,7010.0
2021090905001052,ULI,56,36,10,701.0,7010.0
2021090905001051,ULI,1,7,10,700.6,7006.0
2021090905001050,ULI,1,36,10,700.6,7006.0
2021090905001049,ULI,48,36,10,701.0,7010.0
2021090905001065,ULI,56,28,10,703.0,7030.0
2021090905001060,ULI,56,13,10,703.0,7030.0
2021090905001059,ULI,56,34,10,703.0,7030.0
2021090905001057,ULI,56,16,10,703.0,7030.0
2021090905001056,ULI,56,13,10,703.0,7030.0
2021090905001055,ULI,56,58,10,703.0,7030.0
2021090905001080,ULI,1,45,10,700.6,7006.0
2021090905001077,ULI,1,36,10,700.6,7006.0
2021090905001072,ULI,1,36,10,700.6,7006.0
2021090905001071,ULI,48,28,10,701.0,7010.0
2021090905001069,ULI,1,33,10,700.6,7006.0
2021090905001067,ULI,56,58,10,703.0,7030.0
2021090905001090,ULI,53,58,10,700.6,7006.0
2021090905001087,ULI,41,43,30,700.5,21015.0
2021090905001086,ULI,53,43,20,700.6,14012.0
2021090905001085,ULI,1,43,50,700.6,35030.0
2021090905001082,ULI,1,57,10,700.6,7006.0
2021090905001081,ULI,1,36,10,700.6,7006.0
2021090905001104,ULI,41,28,10,700.5,7005.0
2021090905001096,ULI,45,58,10,700.7,7007.0
2021090905001095,ULI,41,58,10,700.5,7005.0
2021090905001094,ULI,41,42,10,700.5,7005.0
2021090905001092,ULI,19,16,10,700.7,7007.0
2021090905001091,ULI,53,58,10,700.7,7007.0
2021090905001112,ULI,58,58,10,701.0,7010.0
2021090905001111,ULI,42,57,35,700.5,24517.5
2021090905001110,ULI,42,46,10,700.5,7005.0
2021090905001108,ULI,42,58,10,700.5,7005.0
2021090905001107,ULI,42,16,10,700.5,7005.0
2021090905001106,ULI,41,14,10,700.5,7005.0
2021090905001119,ULI,11,11,10,702.0,7020.0
2021090905001118,ULI,11,42,10,702.0,7020.0
2021090905001117,ULI,42,17,10,700.5,7005.0
2021090905001115,ULI,42,17,10,700.5,7005.0
2021090905001114,ULI,17,48,10,701.0,7010.0
2021090905001113,ULI,58,21,10,701.0,7010.0
2021090905001132,ULI,11,3,10,702.0,7020.0
2021090905001131,ULI,11,52,10,702.0,7020.0
2021090905001125,ULI,11,6,10,702.0,7020.0
2021090905001122,ULI,11,13,10,702.0,7020.0
2021090905001121,ULI,11,14,100,702.0,70200.0
2021090905001120,ULI,11,58,10,702.0,7020.0
2021090905001141,ULI,11,6,30,702.0,21060.0
2021090905001140,ULI,11,18,10,702.0,7020.0
2021090905001137,ULI,11,6,10,702.0,7020.0
2021090905001136,ULI,11,58,10,702.0,7020.0
2021090905001134,ULI,11,58,10,702.0,7020.0
2021090905001133,ULI,11,45,10,702.0,7020.0
2021090905001151,ULI,11,36,10,702.0,7020.0
2021090905001149,ULI,11,52,10,702.0,7020.0
2021090905001148,ULI,11,34,10,702.0,7020.0
2021090905001147,ULI,11,41,10,702.0,7020.0
2021090905001143,ULI,11,58,10,702.0,7020.0
2021090905001142,ULI,11,58,10,702.0,7020.0
2021090905001159,ULI,11,58,10,702.0,7020.0
2021090905001158,ULI,11,49,10,702.0,7020.0
2021090905001157,ULI,11,52,10,702.0,7020.0
2021090905001155,ULI,11,51,10,702.0,7020.0
2021090905001154,ULI,11,5,10,702.0,7020.0
2021090905001152,ULI,11,34,10,702.0,7020.0
2021090905000669,JBLB,51,16,10,4602.0,46020.0
2021090905000668,JBLB,51,26,10,4602.0,46020.0
2021090905000666,JBLB,51,38,10,4602.0,46020.0
2021090905000664,JBLB,57,49,10,4610.0,46100.0
2021090905000661,JBLB,22,42,10,4605.0,46050.0
2021090905000660,JBLB,59,42,10,4605.0,46050.0
2021090905000179,JBLB,7,42,10,4620.0,46200.0
2021090905000178,JBLB,33,42,40,4620.0,184800.0
2021090905000177,JBLB,49,42,50,4621.0,231050.0
2021090905000176,JBLB,33,42,20,4622.0,92440.0
2021090905000190,JBLB,42,34,10,4615.0,46150.0
2021090905000187,JBLB,34,43,10,4625.0,46250.0
2021090905000183,JBLB,38,42,20,4620.0,92400.0
2021090905000182,JBLB,54,42,10,4620.0,46200.0
2021090905000181,JBLB,42,42,50,4620.0,231000.0
2021090905000180,JBLB,38,42,20,4620.0,92400.0
2021090905000198,JBLB,35,35,10,4612.0,46120.0
2021090905000195,JBLB,32,42,10,4620.0,46200.0
2021090905000194,JBLB,32,22,10,4620.0,46200.0
2021090905000193,JBLB,32,34,10,4620.0,46200.0
2021090905000192,JBLB,47,49,10,4624.9,46249.0
2021090905000191,JBLB,32,34,10,4620.0,46200.0
2021090905000220,JBLB,40,43,10,4612.0,46120.0
2021090905000219,JBLB,47,43,10,4612.0,46120.0
2021090905000214,JBLB,47,38,10,4612.0,46120.0
2021090905000212,JBLB,48,42,10,4615.0,46150.0
2021090905000209,JBLB,45,16,10,4615.0,46150.0
2021090905000199,JBLB,35,49,10,4612.0,46120.0
2021090905000226,JBLB,47,42,10,4610.0,46100.0
2021090905000225,JBLB,41,42,10,4610.0,46100.0
2021090905000224,JBLB,20,42,20,4611.0,92220.0
2021090905000223,JBLB,36,42,10,4611.0,46110.0
2021090905000222,JBLB,36,43,20,4611.0,92220.0
2021090905000221,JBLB,53,43,10,4611.0,46110.0
2021090905000232,JBLB,33,42,10,4602.0,46020.0
2021090905000231,JBLB,33,42,40,4603.0,184120.0
2021090905000230,JBLB,50,42,100,4604.0,460400.0
2021090905000229,JBLB,22,42,10,4604.0,46040.0
2021090905000228,JBLB,56,42,10,4605.0,46050.0
2021090905000227,JBLB,34,42,10,4605.0,46050.0
2021090905000241,JBLB,35,42,10,4600.0,46000.0
2021090905000240,JBLB,10,42,10,4601.0,46010.0
2021090905000239,JBLB,49,42,10,4601.5,46015.0
2021090905000238,JBLB,22,42,10,4602.0,46020.0
2021090905000237,JBLB,33,42,10,4602.0,46020.0
2021090905000236,JBLB,59,42,20,4610.0,92200.0
2021090905000247,JBLB,46,42,50,4600.0,230000.0
2021090905000246,JBLB,56,42,10,4600.0,46000.0
2021090905000245,JBLB,14,42,100,4600.0,460000.0
2021090905000244,JBLB,34,42,10,4600.0,46000.0
2021090905000243,JBLB,19,42,10,4600.0,46000.0
2021090905000242,JBLB,36,42,20,4600.0,92000.0
2021090905000254,JBLB,33,42,10,4602.0,46020.0
2021090905000253,JBLB,33,13,10,4602.0,46020.0
2021090905000251,JBLB,33,42,20,4590.0,91800.0
2021090905000250,JBLB,54,42,10,4595.0,45950.0
2021090905000249,JBLB,59,42,100,4600.0,460000.0
2021090905000248,JBLB,45,42,10,4600.0,46000.0
2021090905000267,JBLB,52,34,10,4600.0,46000.0
2021090905000265,JBLB,29,21,10,4600.0,46000.0
2021090905000264,JBLB,58,41,10,4600.0,46000.0
2021090905000259,JBLB,39,16,10,4602.0,46020.0
2021090905000258,JBLB,39,42,10,4602.0,46020.0
2021090905000255,JBLB,38,58,10,4600.0,46000.0
2021090905000277,JBLB,29,49,10,4593.0,45930.0
2021090905000275,JBLB,34,39,10,4591.0,45910.0
2021090905000274,JBLB,10,45,10,4600.0,46000.0
2021090905000273,JBLB,29,34,10,4592.0,45920.0
2021090905000269,JBLB,52,44,10,4600.0,46000.0
2021090905000268,JBLB,52,58,10,4600.0,46000.0
2021090905000288,JBLB,33,38,10,4590.8,45908.0
2021090905000287,JBLB,50,54,10,4591.0,45910.0
2021090905000286,JBLB,58,49,10,4591.0,45910.0
2021090905000284,JBLB,56,43,10,4595.0,45950.0
2021090905000281,JBLB,50,38,10,4593.0,45930.0
2021090905000280,JBLB,34,44,10,4591.0,45910.0
2021090905000296,JBLB,26,57,10,4590.0,45900.0
2021090905000295,JBLB,39,57,10,4590.0,45900.0
2021090905000294,JBLB,25,57,10,4590.2,45902.0
2021090905000293,JBLB,29,57,10,4591.0,45910.0
2021090905000292,JBLB,22,26,10,4600.0,46000.0
2021090905000290,JBLB,33,54,10,4590.8,45908.0
2021090905000307,JBLB,50,38,10,4591.0,45910.0
2021090905000304,JBLB,52,59,10,4600.0,46000.0
2021090905000303,JBLB,52,29,10,4600.0,46000.0
2021090905000299,JBLB,34,58,10,4593.0,45930.0
2021090905000298,JBLB,16,57,20,4590.0,91800.0
2021090905000297,JBLB,34,57,10,4590.0,45900.0
2021090905000320,JBLB,36,7,10,4593.0,45930.0
2021090905000319,JBLB,53,53,10,4590.1,45901.0
2021090905000318,JBLB,57,53,10,4590.2,45902.0
2021090905000317,JBLB,45,18,10,4591.0,45910.0
2021090905000312,JBLB,22,35,10,4600.0,46000.0
2021090905000311,JBLB,45,14,10,4591.0,45910.0
2021090905000339,JBLB,45,53,10,4610.0,46100.0
2021090905000338,JBLB,45,35,10,4610.0,46100.0
2021090905000337,JBLB,8,49,10,4601.0,46010.0
2021090905000330,JBLB,26,59,10,4600.0,46000.0
2021090905000327,JBLB,50,21,10,4600.0,46000.0
2021090905000326,JBLB,50,16,10,4600.0,46000.0
2021090905000347,JBLB,34,28,20,4612.0,92240.0
2021090905000345,JBLB,56,7,10,4612.0,46120.0
2021090905000344,JBLB,59,6,10,4612.0,46120.0
2021090905000343,JBLB,59,40,10,4612.0,46120.0
2021090905000341,JBLB,45,44,10,4610.0,46100.0
2021090905000340,JBLB,45,43,10,4610.0,46100.0
2021090905000356,JBLB,34,49,10,4625.0,46250.0
2021090905000355,JBLB,34,41,10,4625.0,46250.0
2021090905000354,JBLB,34,36,10,4625.0,46250.0
2021090905000353,JBLB,34,58,10,4625.0,46250.0
2021090905000352,JBLB,34,54,10,4625.0,46250.0
2021090905000351,JBLB,45,58,10,4620.0,46200.0
2021090905000371,JBLB,19,38,10,4620.0,46200.0
2021090905000367,JBLB,49,59,10,4620.0,46200.0
2021090905000366,JBLB,45,59,10,4625.0,46250.0
2021090905000365,JBLB,45,45,10,4625.0,46250.0
2021090905000360,JBLB,45,39,10,4625.0,46250.0
2021090905000359,JBLB,45,22,10,4625.0,46250.0
2021090905000397,JBLB,59,38,10,4605.0,46050.0
2021090905000396,JBLB,51,14,10,4605.0,46050.0
2021090905000395,JBLB,51,46,10,4605.0,46050.0
2021090905000391,JBLB,50,35,10,4605.0,46050.0
2021090905000383,JBLB,49,35,10,4612.0,46120.0
2021090905000376,JBLB,38,6,10,4620.0,46200.0
2021090905000417,JBLB,56,19,10,4629.0,46290.0
2021090905000411,JBLB,57,21,10,4620.0,46200.0
2021090905000406,JBLB,41,22,10,4612.1,46121.0
2021090905000404,JBLB,57,38,10,4610.0,46100.0
2021090905000402,JBLB,57,34,10,4610.0,46100.0
2021090905000401,JBLB,57,34,10,4610.0,46100.0
2021090905000425,JBLB,42,22,10,4630.0,46300.0
2021090905000424,JBLB,28,25,10,4630.0,46300.0
2021090905000423,JBLB,28,58,10,4630.0,46300.0
2021090905000420,JBLB,28,35,10,4630.0,46300.0
2021090905000419,JBLB,28,58,10,4630.0,46300.0
2021090905000418,JBLB,28,57,10,4630.0,46300.0
2021090905000435,JBLB,57,39,20,4650.0,93000.0
2021090905000434,JBLB,57,6,10,4649.9,46499.0
2021090905000433,JBLB,57,34,10,4640.0,46400.0
2021090905000432,JBLB,57,49,10,4640.0,46400.0
2021090905000431,JBLB,17,22,10,4630.0,46300.0
2021090905000429,JBLB,17,16,10,4630.0,46300.0
2021090905000441,JBLB,57,58,10,4650.0,46500.0
2021090905000440,JBLB,57,1,10,4650.0,46500.0
2021090905000439,JBLB,57,57,10,4650.0,46500.0
2021090905000438,JBLB,57,17,10,4650.0,46500.0
2021090905000437,JBLB,57,14,10,4650.0,46500.0
2021090905000436,JBLB,57,58,10,4650.0,46500.0
2021090905000449,JBLB,57,58,10,4655.0,46550.0
2021090905000448,JBLB,57,38,10,4653.0,46530.0
2021090905000447,JBLB,57,5,10,4653.0,46530.0
2021090905000444,JBLB,57,41,10,4650.0,46500.0
2021090905000443,JBLB,57,4,10,4650.0,46500.0
2021090905000442,JBLB,57,44,10,4650.0,46500.0
2021090905000457,JBLB,57,22,10,4660.0,46600.0
2021090905000456,JBLB,57,42,10,4660.0,46600.0
2021090905000453,JBLB,57,3,10,4660.0,46600.0
2021090905000452,JBLB,57,5,10,4660.0,46600.0
2021090905000451,JBLB,57,21,10,4659.0,46590.0
2021090905000450,JBLB,57,47,10,4655.0,46550.0
2021090905000474,JBLB,50,58,10,4660.0,46600.0
2021090905000470,JBLB,57,55,30,4650.0,139500.0
2021090905000469,JBLB,41,55,10,4655.0,46550.0
2021090905000468,JBLB,41,1,10,4655.0,46550.0
2021090905000467,JBLB,57,29,10,4650.0,46500.0
2021090905000465,JBLB,57,14,10,4650.0,46500.0
2021090905000489,JBLB,57,58,10,4630.0,46300.0
2021090905000488,JBLB,57,58,10,4630.0,46300.0
2021090905000487,JBLB,57,38,10,4630.0,46300.0
2021090905000486,JBLB,57,49,10,4630.0,46300.0
2021090905000485,JBLB,38,35,10,4622.0,46220.0
2021090905000481,JBLB,50,33,10,4626.0,46260.0
2021090905000509,JBLB,6,38,10,4621.1,46211.0
2021090905000505,JBLB,47,14,10,4621.0,46210.0
2021090905000500,JBLB,32,33,10,4630.0,46300.0
2021090905000499,JBLB,36,58,10,4630.0,46300.0
2021090905000496,JBLB,57,18,10,4630.0,46300.0
2021090905000495,JBLB,57,39,10,4630.0,46300.0
2021090905000522,JBLB,13,42,40,4620.0,184800.0
2021090905000521,JBLB,29,42,10,4620.0,46200.0
2021090905000518,JBLB,6,10,10,4620.1,46201.0
2021090905000517,JBLB,47,58,10,4621.0,46210.0
2021090905000515,JBLB,17,55,10,4640.0,46400.0
2021090905000514,JBLB,17,58,10,4625.0,46250.0
2021090905000548,JBLB,42,44,10,4625.0,46250.0
2021090905000541,JBLB,42,58,10,4625.0,46250.0
2021090905000536,JBLB,47,58,10,4620.0,46200.0
2021090905000532,JBLB,44,10,10,4614.0,46140.0
2021090905000531,JBLB,35,52,10,4620.0,46200.0
2021090905000528,JBLB,57,10,10,4615.0,46150.0
2021090905000556,JBLB,14,42,20,4612.0,92240.0
2021090905000555,JBLB,4,42,30,4612.1,138363.0
2021090905000554,JBLB,26,42,10,4613.0,46130.0
2021090905000553,JBLB,44,42,10,4614.0,46140.0
2021090905000552,JBLB,35,16,10,4625.0,46250.0
2021090905000550,JBLB,35,40,10,4625.0,46250.0
2021090905000562,JBLB,35,13,10,4611.0,46110.0
2021090905000561,JBLB,38,43,10,4611.0,46110.0
2021090905000560,JBLB,29,43,10,4610.0,46100.0
2021090905000559,JBLB,58,42,10,4611.0,46110.0
2021090905000558,JBLB,6,42,10,4612.0,46120.0
2021090905000557,JBLB,47,42,10,4612.0,46120.0
2021090905000578,JBLB,20,29,20,4601.1,92022.0
2021090905000577,JBLB,56,29,10,4605.0,46050.0
2021090905000576,JBLB,21,29,10,4607.0,46070.0
2021090905000574,JBLB,6,49,10,4611.0,46110.0
2021090905000572,JBLB,35,49,50,4611.0,230550.0
2021090905000571,JBLB,38,13,10,4611.0,46110.0
2021090905000605,JBLB,38,44,10,4610.0,46100.0
2021090905000599,JBLB,35,16,10,4610.0,46100.0
2021090905000585,JBLB,43,54,10,4601.0,46010.0
2021090905000581,JBLB,45,46,10,4610.0,46100.0
2021090905000580,JBLB,45,29,20,4600.0,92000.0
2021090905000579,JBLB,57,29,10,4600.0,46000.0
2021090905000618,JBLB,59,21,10,4605.0,46050.0
2021090905000615,JBLB,58,6,10,4610.0,46100.0
2021090905000613,JBLB,38,33,10,4610.0,46100.0
2021090905000612,JBLB,52,57,10,4610.0,46100.0
2021090905000611,JBLB,29,11,10,4611.0,46110.0
2021090905000607,JBLB,52,37,10,4610.0,46100.0
2021090905000626,JBLB,21,49,10,4610.0,46100.0
2021090905000625,JBLB,1,49,10,4610.0,46100.0
2021090905000624,JBLB,59,58,10,4605.0,46050.0
2021090905000623,JBLB,59,58,10,4605.0,46050.0
2021090905000621,JBLB,38,6,20,4610.0,92200.0
2021090905000620,JBLB,59,40,10,4605.0,46050.0
2021090905000637,JBLB,33,34,10,4606.0,46060.0
2021090905000636,JBLB,33,41,10,4606.0,46060.0
2021090905000634,JBLB,51,56,10,4613.0,46130.0
2021090905000633,JBLB,51,43,10,4612.0,46120.0
2021090905000629,JBLB,21,56,50,4613.0,230650.0
2021090905000627,JBLB,21,8,10,4610.0,46100.0
2021090905000659,JBLB,35,42,10,4606.0,46060.0
2021090905000658,JBLB,34,42,20,4606.0,92120.0
2021090905000650,JBLB,47,34,10,4606.0,46060.0
2021090905000646,JBLB,58,59,10,4606.1,46061.0
2021090905000642,JBLB,35,56,10,4613.0,46130.0
2021090905000638,JBLB,47,38,10,4606.0,46060.0
2021090905000675,ULI,56,26,10,701.0,7010.0
2021090905000674,ULI,56,33,10,701.0,7010.0
2021090905000673,ULI,28,33,10,701.0,7010.0
2021090905000672,ULI,26,48,10,700.0,7000.0
2021090905000671,ULI,56,58,10,700.0,7000.0
2021090905000670,ULI,56,26,10,700.0,7000.0
2021090905000188,ULI,1,39,10,706.0,7060.0
2021090905000186,ULI,41,57,10,708.0,7080.0
2021090905000185,ULI,41,57,10,708.0,7080.0
2021090905000184,ULI,41,52,10,708.0,7080.0
2021090905000202,ULI,22,36,10,706.0,7060.0
2021090905000201,ULI,1,36,40,706.0,28240.0
2021090905000200,ULI,1,19,10,706.0,7060.0
2021090905000197,ULI,1,21,10,706.0,7060.0
2021090905000196,ULI,1,25,10,706.0,7060.0
2021090905000189,ULI,1,34,10,706.0,7060.0
2021090905000208,ULI,29,36,30,703.0,21090.0
2021090905000207,ULI,19,34,200,705.0,141000.0
2021090905000206,ULI,32,34,100,705.0,70500.0
2021090905000205,ULI,59,34,60,705.0,42300.0
2021090905000204,ULI,34,34,50,705.0,35250.0
2021090905000203,ULI,13,34,10,705.0,7050.0
2021090905000217,ULI,49,53,10,703.0,7030.0
2021090905000216,ULI,58,17,10,702.1,7021.0
2021090905000215,ULI,54,36,20,703.0,14060.0
2021090905000213,ULI,58,48,10,702.1,7021.0
2021090905000211,ULI,58,58,10,702.1,7021.0
2021090905000210,ULI,58,21,10,702.1,7021.0
2021090905000256,ULI,58,36,10,702.1,7021.0
2021090905000252,ULI,43,58,10,703.0,7030.0
2021090905000235,ULI,54,54,10,705.0,7050.0
2021090905000234,ULI,54,34,250,705.0,176250.0
2021090905000233,ULI,54,38,10,703.0,7030.0
2021090905000218,ULI,54,41,10,703.0,7030.0
2021090905000266,ULI,46,13,10,703.0,7030.0
2021090905000263,ULI,58,19,10,702.1,7021.0
2021090905000262,ULI,58,41,10,702.1,7021.0
2021090905000261,ULI,49,57,20,705.0,14100.0
2021090905000260,ULI,49,51,10,705.0,7050.0
2021090905000257,ULI,58,58,10,702.1,7021.0
2021090905000279,ULI,58,33,10,702.1,7021.0
2021090905000278,ULI,58,53,10,702.1,7021.0
2021090905000276,ULI,58,28,10,702.1,7021.0
2021090905000272,ULI,58,57,10,702.1,7021.0
2021090905000271,ULI,58,45,10,702.1,7021.0
2021090905000270,ULI,58,56,10,702.1,7021.0
2021090905000300,ULI,58,22,10,702.3,7023.0
2021090905000291,ULI,58,54,10,702.3,7023.0
2021090905000289,ULI,58,42,10,702.3,7023.0
2021090905000285,ULI,50,56,10,702.2,7022.0
2021090905000283,ULI,50,42,10,702.2,7022.0
2021090905000282,ULI,58,46,10,702.1,7021.0
2021090905000309,ULI,50,36,10,702.2,7022.0
2021090905000308,ULI,50,3,10,702.2,7022.0
2021090905000306,ULI,58,26,70,702.3,49161.0
2021090905000305,ULI,58,36,10,702.3,7023.0
2021090905000302,ULI,58,22,10,702.3,7023.0
2021090905000301,ULI,58,45,10,702.3,7023.0
2021090905000321,ULI,11,25,10,702.0,7020.0
2021090905000316,ULI,11,59,10,702.0,7020.0
2021090905000315,ULI,11,57,10,702.0,7020.0
2021090905000314,ULI,11,44,10,702.0,7020.0
2021090905000313,ULI,58,59,10,702.0,7020.0
2021090905000310,ULI,50,57,60,702.2,42132.0
2021090905000329,ULI,38,49,10,701.0,7010.0
2021090905000328,ULI,38,25,10,701.0,7010.0
2021090905000325,ULI,38,58,10,701.0,7010.0
2021090905000324,ULI,3,7,10,701.1,7011.0
2021090905000323,ULI,3,49,10,701.1,7011.0
2021090905000322,ULI,11,56,10,702.0,7020.0
2021090905000336,ULI,28,45,10,701.0,7010.0
2021090905000335,ULI,28,25,10,701.0,7010.0
2021090905000334,ULI,28,34,10,701.0,7010.0
2021090905000333,ULI,38,19,10,701.0,7010.0
2021090905000332,ULI,38,40,10,701.0,7010.0
2021090905000331,ULI,38,54,10,701.0,7010.0
2021090905000357,ULI,43,25,10,700.1,7001.0
2021090905000350,ULI,43,25,10,701.0,7010.0
2021090905000349,ULI,43,58,10,701.0,7010.0
2021090905000348,ULI,29,26,10,701.0,7010.0
2021090905000346,ULI,28,36,10,701.0,7010.0
2021090905000342,ULI,28,25,10,701.0,7010.0
2021090905000368,ULI,41,21,10,700.0,7000.0
2021090905000364,ULI,41,25,10,700.0,7000.0
2021090905000363,ULI,41,45,10,700.0,7000.0
2021090905000362,ULI,41,40,10,700.0,7000.0
2021090905000361,ULI,22,25,10,700.0,7000.0
2021090905000358,ULI,22,22,10,700.0,7000.0
2021090905000375,ULI,41,20,10,700.0,7000.0
2021090905000374,ULI,41,14,10,700.0,7000.0
2021090905000373,ULI,41,29,10,700.0,7000.0
2021090905000372,ULI,41,45,10,700.0,7000.0
2021090905000370,ULI,41,57,10,700.0,7000.0
2021090905000369,ULI,41,25,10,700.0,7000.0
2021090905000382,ULI,16,57,10,700.0,7000.0
2021090905000381,ULI,16,58,10,700.0,7000.0
2021090905000380,ULI,41,28,10,700.0,7000.0
2021090905000379,ULI,41,55,10,700.0,7000.0
2021090905000378,ULI,50,5,10,701.0,7010.0
2021090905000377,ULI,50,4,10,701.0,7010.0
2021090905000389,ULI,34,38,10,700.0,7000.0
2021090905000388,ULI,52,21,10,702.0,7020.0
2021090905000387,ULI,52,42,10,702.0,7020.0
2021090905000386,ULI,52,18,10,701.1,7011.0
2021090905000385,ULI,52,58,10,701.0,7010.0
2021090905000384,ULI,16,57,80,700.0,56000.0
2021090905000399,ULI,10,38,10,702.0,7020.0
2021090905000398,ULI,10,34,10,702.0,7020.0
2021090905000394,ULI,34,29,10,700.0,7000.0
2021090905000393,ULI,34,38,10,700.0,7000.0
2021090905000392,ULI,43,38,10,700.1,7001.0
2021090905000390,ULI,34,58,10,700.0,7000.0
2021090905000409,ULI,6,59,10,701.0,7010.0
2021090905000408,ULI,6,53,10,701.0,7010.0
2021090905000407,ULI,6,50,10,701.0,7010.0
2021090905000405,ULI,34,59,10,700.0,7000.0
2021090905000403,ULI,34,58,10,700.0,7000.0
2021090905000400,ULI,34,58,10,700.0,7000.0
2021090905000416,ULI,19,13,10,703.0,7030.0
2021090905000415,ULI,19,57,100,703.0,70300.0
2021090905000414,ULI,19,54,10,703.0,7030.0
2021090905000413,ULI,19,21,10,703.0,7030.0
2021090905000412,ULI,19,49,30,702.0,21060.0
2021090905000410,ULI,6,14,10,701.0,7010.0
2021090905000430,ULI,48,58,10,704.0,7040.0
2021090905000428,ULI,6,21,10,701.0,7010.0
2021090905000427,ULI,44,51,10,704.0,7040.0
2021090905000426,ULI,44,57,10,704.0,7040.0
2021090905000422,ULI,6,34,10,701.0,7010.0
2021090905000421,ULI,6,1,10,701.0,7010.0
2021090905000459,ULI,58,14,10,700.1,7001.0
2021090905000458,ULI,58,22,10,700.1,7001.0
2021090905000455,ULI,6,22,10,701.0,7010.0
2021090905000454,ULI,6,58,10,701.0,7010.0
2021090905000446,ULI,6,1,10,701.0,7010.0
2021090905000445,ULI,48,44,10,704.0,7040.0
2021090905000466,ULI,58,56,10,700.1,7001.0
2021090905000464,ULI,19,28,10,705.0,7050.0
2021090905000463,ULI,19,21,10,705.0,7050.0
2021090905000462,ULI,19,38,10,704.5,7045.0
2021090905000461,ULI,19,58,10,702.0,7020.0
2021090905000460,ULI,19,56,10,701.0,7010.0
2021090905000477,ULI,51,59,10,701.0,7010.0
2021090905000476,ULI,34,44,10,700.1,7001.0
2021090905000475,ULI,34,16,10,700.1,7001.0
2021090905000473,ULI,34,33,10,700.1,7001.0
2021090905000472,ULI,58,45,10,700.1,7001.0
2021090905000471,ULI,58,54,10,700.1,7001.0
2021090905000484,ULI,51,38,10,701.0,7010.0
2021090905000483,ULI,51,45,10,701.0,7010.0
2021090905000482,ULI,51,38,10,701.0,7010.0
2021090905000480,ULI,51,32,10,701.0,7010.0
2021090905000479,ULI,53,44,190,705.0,133950.0
2021090905000478,ULI,53,50,10,702.0,7020.0
2021090905000497,ULI,51,29,10,701.0,7010.0
2021090905000494,ULI,51,14,10,701.0,7010.0
2021090905000493,ULI,51,38,10,701.0,7010.0
2021090905000492,ULI,34,37,10,701.1,7011.0
2021090905000491,ULI,34,58,10,701.1,7011.0
2021090905000490,ULI,34,8,10,701.1,7011.0
2021090905000506,ULI,53,57,10,701.5,7015.0
2021090905000504,ULI,51,35,10,701.0,7010.0
2021090905000503,ULI,51,38,10,701.0,7010.0
2021090905000502,ULI,51,40,10,701.0,7010.0
2021090905000501,ULI,51,13,10,701.0,7010.0
2021090905000498,ULI,51,34,10,701.0,7010.0
2021090905000513,ULI,51,10,10,701.5,7015.0
2021090905000512,ULI,53,59,10,701.5,7015.0
2021090905000511,ULI,34,1,10,701.6,7016.0
2021090905000510,ULI,53,10,10,701.5,7015.0
2021090905000508,ULI,53,36,10,701.5,7015.0
2021090905000507,ULI,53,53,10,701.5,7015.0
2021090905000525,ULI,39,11,10,701.2,7012.0
2021090905000524,ULI,39,10,10,701.2,7012.0
2021090905000523,ULI,39,29,10,701.2,7012.0
2021090905000520,ULI,39,10,10,701.2,7012.0
2021090905000519,ULI,39,29,10,701.2,7012.0
2021090905000516,ULI,51,10,10,701.5,7015.0
2021090905000534,ULI,51,29,10,701.0,7010.0
2021090905000533,ULI,51,29,10,701.0,7010.0
2021090905000530,ULI,51,29,10,701.0,7010.0
2021090905000529,ULI,51,29,10,701.0,7010.0
2021090905000527,ULI,41,29,10,703.0,7030.0
2021090905000526,ULI,41,59,10,703.0,7030.0
2021090905000542,ULI,51,20,10,701.0,7010.0
2021090905000540,ULI,51,29,10,701.0,7010.0
2021090905000539,ULI,51,34,10,701.0,7010.0
2021090905000538,ULI,51,10,10,701.0,7010.0
2021090905000537,ULI,51,54,10,701.0,7010.0
2021090905000535,ULI,51,29,10,701.0,7010.0
2021090905000549,ULI,51,45,10,701.0,7010.0
2021090905000547,ULI,51,45,10,703.5,7035.0
2021090905000546,ULI,51,34,10,702.0,7020.0
2021090905000545,ULI,51,21,10,701.0,7010.0
2021090905000544,ULI,51,54,10,701.0,7010.0
2021090905000543,ULI,51,37,10,701.0,7010.0
2021090905000567,ULI,34,58,20,700.1,14002.0
2021090905000566,ULI,41,58,20,701.0,14020.0
2021090905000565,ULI,13,58,50,701.0,35050.0
2021090905000564,ULI,42,58,50,701.0,35050.0
2021090905000563,ULI,51,58,20,701.0,14020.0
2021090905000551,ULI,51,29,10,701.0,7010.0
2021090905000582,ULI,11,29,10,701.0,7010.0
2021090905000575,ULI,1,17,10,701.0,7010.0
2021090905000573,ULI,34,5,10,700.0,7000.0
2021090905000570,ULI,34,17,10,700.0,7000.0
2021090905000569,ULI,34,58,50,700.0,35000.0
2021090905000568,ULI,35,58,10,700.1,7001.0
2021090905000589,ULI,1,25,30,701.0,21030.0
2021090905000588,ULI,58,25,40,701.0,28040.0
2021090905000587,ULI,49,25,40,702.0,28080.0
2021090905000586,ULI,49,29,10,701.0,7010.0
2021090905000584,ULI,34,41,10,701.0,7010.0
2021090905000583,ULI,34,29,10,701.0,7010.0
2021090905000595,ULI,58,25,143,700.0,100100.0
2021090905000594,ULI,29,25,100,700.0,70000.0
2021090905000593,ULI,58,25,25,700.0,17500.0
2021090905000592,ULI,52,25,10,700.0,7000.0
2021090905000591,ULI,34,25,60,700.0,42000.0
2021090905000590,ULI,10,25,20,701.0,14020.0
2021090905000602,ULI,3,29,10,701.0,7010.0
2021090905000601,ULI,19,41,10,700.0,7000.0
2021090905000600,ULI,19,34,10,700.0,7000.0
2021090905000598,ULI,19,38,10,700.0,7000.0
2021090905000597,ULI,19,25,177,700.0,123900.0
2021090905000596,ULI,57,25,200,700.0,140000.0
2021090905000610,ULI,10,45,10,701.0,7010.0
2021090905000609,ULI,10,1,10,701.0,7010.0
2021090905000608,ULI,3,45,10,701.0,7010.0
2021090905000606,ULI,3,38,10,701.0,7010.0
2021090905000604,ULI,3,49,10,701.0,7010.0
2021090905000603,ULI,3,58,10,701.0,7010.0
2021090905000628,ULI,19,21,10,700.0,7000.0
2021090905000622,ULI,19,21,10,700.0,7000.0
2021090905000619,ULI,19,21,10,700.0,7000.0
2021090905000617,ULI,19,58,10,700.0,7000.0
2021090905000616,ULI,10,21,10,701.0,7010.0
2021090905000614,ULI,1,22,10,702.0,7020.0
2021090905000640,ULI,55,48,10,700.0,7000.0
2021090905000639,ULI,19,56,10,700.0,7000.0
2021090905000635,ULI,19,58,10,700.0,7000.0
2021090905000632,ULI,19,6,10,700.0,7000.0
2021090905000631,ULI,19,29,10,700.0,7000.0
2021090905000630,ULI,19,34,10,700.0,7000.0
2021090905000648,ULI,49,59,10,700.0,7000.0
2021090905000647,ULI,55,48,10,700.0,7000.0
2021090905000645,ULI,55,48,10,700.0,7000.0
2021090905000644,ULI,55,55,10,700.0,7000.0
2021090905000643,ULI,5,35,10,701.0,7010.0
2021090905000641,ULI,55,29,10,700.0,7000.0
2021090905000655,ULI,56,21,10,700.0,7000.0
2021090905000654,ULI,56,56,20,700.0,14000.0
2021090905000653,ULI,58,56,10,700.0,7000.0
2021090905000652,ULI,49,56,70,700.0,49000.0
2021090905000651,ULI,49,34,10,700.0,7000.0
2021090905000649,ULI,49,59,10,700.0,7000.0
2021090905000667,ULI,56,35,10,700.0,7000.0
2021090905000665,ULI,56,45,10,700.0,7000.0
2021090905000663,ULI,56,6,10,700.0,7000.0
2021090905000662,ULI,56,36,10,700.0,7000.0
2021090905000657,ULI,29,26,10,700.5,7005.0
2021090905000656,ULI,56,56,10,700.0,7000.0
2021090904031613,AHPC,14,38,773,703.6,543882.8
2021090904031580,AHPC,48,4,50,704.0,35200.0
2021090904031578,AHPC,14,57,100,703.6,70360.0
2021090904031565,AHPC,7,4,887,704.0,624448.0
2021090904031564,AHPC,7,35,113,704.0,79552.0
2021090904031563,AHPC,59,35,500,704.0,352000.0
2021090904031455,AHPC,22,58,55,703.9,38714.5
2021090904031418,AHPC,14,56,500,703.6,351800.0
2021090904031410,AHPC,29,58,130,703.9,91507.0
2021090904031402,AHPC,38,58,500,703.9,351950.0
2021090904031381,AHPC,25,58,70,703.9,49273.0
2021090904031345,AHPC,4,35,300,704.0,211200.0
2021090904031560,AHPC,4,44,"1,000",703.7,703700.0
2021090904031553,AHPC,54,35,100,704.0,70400.0
2021090904031509,AHPC,59,35,467,704.0,328768.0
2021090904031508,AHPC,59,42,33,703.9,23228.7
2021090904031505,AHPC,19,42,155,703.9,109104.5
2021090904031504,AHPC,19,58,45,703.9,31675.5
2021090904031609,AKJCL,50,45,30,403.0,12090.0
2021090904031636,AKPL,45,56,470,596.0,280120.0
2021090904031635,AKPL,42,56,150,596.0,89400.0
2021090904031634,AKPL,45,56,10,596.0,5960.0
2021090904031633,AKPL,22,56,345,596.0,205620.0
2021090904031632,AKPL,38,56,25,599.0,14975.0
2021090904031616,AKPL,3,32,50,600.0,30000.0
2021090904031364,AKPL,50,38,20,599.8,11996.0
2021090904031323,AKPL,22,45,145,596.0,86420.0
2021090904031322,AKPL,21,45,10,596.0,5960.0
2021090904031321,AKPL,14,45,230,596.0,137080.0
2021090904031320,AKPL,47,45,490,596.0,292040.0
2021090904031319,AKPL,40,45,125,599.0,74875.0
2021090904031615,AKPL,3,38,300,599.9,179970.0
2021090904031614,AKPL,3,34,150,599.0,89850.0
2021090904031445,AKPL,53,38,120,599.9,71988.0
2021090904031444,AKPL,53,20,180,599.0,107820.0
2021090904031379,AKPL,45,20,20,599.1,11982.0
2021090904031365,AKPL,50,38,80,599.9,47992.0
2021090904031586,API,1,20,30,495.1,14853.0
2021090904031551,API,59,34,41,497.0,20377.0
2021090904031550,API,59,21,120,497.0,59640.0
2021090904031549,API,59,22,50,497.0,24850.0
2021090904031548,API,59,18,100,497.0,49700.0
2021090904031547,API,59,33,100,497.0,49700.0
2021090904031353,API,49,57,100,496.0,49600.0
2021090904031352,API,45,57,32,496.0,15872.0
2021090904031318,API,1,42,31,495.1,15348.1
2021090904031540,API,59,7,251,496.0,124496.0
2021090904031539,API,59,48,450,496.0,223200.0
2021090904031438,API,34,48,500,496.0,248000.0
2021090904031428,API,7,48,50,496.0,24800.0
2021090904031366,API,29,57,10,496.0,4960.0
2021090904031354,API,58,57,50,496.0,24800.0
2021090904031546,API,59,19,500,497.0,248500.0
2021090904031545,API,59,1,50,497.0,24850.0
2021090904031544,API,59,25,101,496.9,50186.9
2021090904031543,API,59,58,37,496.8,18381.6
2021090904031542,API,59,33,100,496.0,49600.0
2021090904031541,API,59,40,100,496.0,49600.0
2021090904031450,BBC,52,26,10,5900.0,59000.0
2021090904031538,BPCL,38,26,30,554.9,16647.0
2021090904031537,BPCL,22,1,35,554.0,19390.0
2021090904031536,BPCL,39,1,15,554.0,8310.0
2021090904031535,BPCL,49,1,50,554.1,27705.0
2021090904031513,BPCL,45,26,45,554.9,24970.5
2021090904031467,BPCL,56,26,20,554.9,11098.0
2021090904031570,CHCL,45,45,60,610.0,36600.0
2021090904031566,CHCL,41,45,80,610.0,48800.0
2021090904031532,CHCL,32,17,9,610.0,5490.0
2021090904031531,CHCL,34,17,171,610.0,104310.0
2021090904031530,CHCL,34,45,119,610.0,72590.0
2021090904031529,CHCL,34,21,10,609.5,6095.0
2021090904031405,CHCL,6,21,40,609.5,24380.0
2021090904031465,CHL,41,14,100,569.0,56900.0
2021090904031464,CHL,41,54,145,569.0,82505.0
2021090904031561,DHPL,38,32,90,377.9,34011.0
2021090904031472,DHPL,38,32,30,377.9,11337.0
2021090904031403,EIC,32,41,46,724.0,33304.0
2021090904031408,GHL,42,45,10,438.0,4380.0
2021090904031407,GHL,42,50,60,438.0,26280.0
2021090904031337,GHL,35,50,100,438.0,43800.0
2021090904031558,GIC,45,42,40,684.0,27360.0
2021090904031346,GIC,34,42,10,684.0,6840.0
2021090904031516,GLH,45,57,100,540.0,54000.0
2021090904031427,GLH,5,57,50,540.0,27000.0
2021090904031426,GLH,5,5,50,539.0,26950.0
2021090904031624,HDHPC,7,45,10,380.9,3809.0
2021090904031473,HDHPC,51,7,100,380.0,38000.0
2021090904031471,HDHPC,51,1,233,380.0,88540.0
2021090904031443,HDHPC,13,1,267,380.0,101460.0
2021090904031442,HDHPC,13,51,100,380.0,38000.0
2021090904031441,HDHPC,13,38,50,380.0,19000.0
2021090904031440,HDHPC,13,7,583,380.0,221540.0
2021090904031404,HDHPC,59,7,50,380.0,19000.0
2021090904031376,HDHPC,45,49,300,379.0,113700.0
2021090904031340,HDHPC,8,7,200,380.0,76000.0
2021090904031576,HPPL,42,49,150,585.2,87780.0
2021090904031534,HPPL,42,49,10,585.2,5852.0
2021090904031372,HURJA,39,39,50,502.0,25100.0
2021090904031446,IGI,26,53,50,1148.0,57400.0
2021090904031417,IGI,33,21,32,1150.0,36800.0
2021090904031416,IGI,33,36,103,1150.0,118450.0
2021090904031415,IGI,33,45,50,1149.0,57450.0
2021090904031414,IGI,33,3,15,1149.0,17235.0
2021090905000175,JBLB,42,42,30,4625.0,138750.0
2021090905000173,JBLB,48,10,10,4628.0,46280.0
2021090905000168,JBLB,45,56,10,4640.0,46400.0
2021090905000163,JBLB,55,49,20,4640.0,92800.0
2021090905000162,JBLB,38,49,10,4640.0,46400.0
2021090905000161,JBLB,44,39,10,4655.0,46550.0
2021090905000007,JBLB,59,14,10,4600.0,46000.0
2021090905000004,JBLB,21,14,10,4600.0,46000.0
2021090905000002,JBLB,21,36,10,4600.0,46000.0
2021090905000016,JBLB,6,56,10,4600.0,46000.0
2021090905000014,JBLB,14,57,10,4600.0,46000.0
2021090905000011,JBLB,29,21,10,4590.0,45900.0
2021090905000010,JBLB,25,22,10,4595.0,45950.0
2021090905000009,JBLB,25,58,10,4595.0,45950.0
2021090905000008,JBLB,17,14,10,4600.0,46000.0
2021090905000028,JBLB,53,47,10,4611.0,46110.0
2021090905000027,JBLB,53,45,10,4611.0,46110.0
2021090905000025,JBLB,20,47,10,4630.0,46300.0
2021090905000022,JBLB,20,58,10,4630.0,46300.0
2021090905000020,JBLB,43,14,10,4610.0,46100.0
2021090905000018,JBLB,7,39,10,4601.0,46010.0
2021090905000051,JBLB,42,6,10,4625.0,46250.0
2021090905000048,JBLB,42,49,10,4625.0,46250.0
2021090905000044,JBLB,49,7,10,4623.0,46230.0
2021090905000040,JBLB,33,59,10,4620.0,46200.0
2021090905000034,JBLB,21,58,10,4612.0,46120.0
2021090905000030,JBLB,26,13,10,4612.0,46120.0
2021090905000060,JBLB,57,16,10,4660.0,46600.0
2021090905000059,JBLB,57,45,10,4650.0,46500.0
2021090905000057,JBLB,42,54,10,4649.0,46490.0
2021090905000055,JBLB,46,25,10,4650.0,46500.0
2021090905000053,JBLB,42,21,10,4625.0,46250.0
2021090905000052,JBLB,57,34,10,4649.0,46490.0
2021090905000071,JBLB,28,51,10,4660.0,46600.0
2021090905000069,JBLB,57,56,10,4650.0,46500.0
2021090905000067,JBLB,14,49,10,4650.0,46500.0
2021090905000066,JBLB,57,28,10,4630.0,46300.0
2021090905000065,JBLB,42,38,10,4645.0,46450.0
2021090905000061,JBLB,41,38,10,4650.0,46500.0
2021090905000087,JBLB,34,42,10,4680.0,46800.0
2021090905000086,JBLB,54,56,10,4660.0,46600.0
2021090905000083,JBLB,57,58,10,4680.0,46800.0
2021090905000082,JBLB,57,1,10,4680.0,46800.0
2021090905000077,JBLB,19,58,10,4680.0,46800.0
2021090905000073,JBLB,57,59,10,4660.0,46600.0
2021090905000108,JBLB,55,44,10,4653.0,46530.0
2021090905000107,JBLB,49,35,10,4660.0,46600.0
2021090905000106,JBLB,52,58,10,4660.0,46600.0
2021090905000102,JBLB,29,45,10,4660.0,46600.0
2021090905000099,JBLB,29,56,10,4660.0,46600.0
2021090905000095,JBLB,29,39,10,4660.0,46600.0
2021090905000116,JBLB,45,42,10,4660.0,46600.0
2021090905000114,JBLB,57,54,10,4653.0,46530.0
2021090905000112,JBLB,28,11,10,4654.0,46540.0
2021090905000111,JBLB,57,52,10,4670.0,46700.0
2021090905000110,JBLB,8,11,10,4670.0,46700.0
2021090905000109,JBLB,28,21,10,4652.0,46520.0
2021090905000135,JBLB,47,42,10,4660.0,46600.0
2021090905000133,JBLB,52,7,10,4660.0,46600.0
2021090905000127,JBLB,43,42,10,4660.0,46600.0
2021090905000122,JBLB,21,42,10,4660.0,46600.0
2021090905000121,JBLB,39,21,10,4660.0,46600.0
2021090905000120,JBLB,29,56,5,4660.0,23300.0
2021090905000145,JBLB,19,3,20,4652.0,93040.0
2021090905000144,JBLB,57,3,50,4655.0,232750.0
2021090905000143,JBLB,49,42,80,4660.0,372800.0
2021090905000142,JBLB,49,34,10,4660.0,46600.0
2021090905000141,JBLB,49,41,10,4660.0,46600.0
2021090905000139,JBLB,28,42,10,4660.0,46600.0
2021090905000152,JBLB,58,42,10,4650.0,46500.0
2021090905000151,JBLB,47,42,10,4650.0,46500.0
2021090905000150,JBLB,45,42,75,4650.0,348750.0
2021090905000148,JBLB,47,6,20,4660.0,93200.0
2021090905000147,JBLB,45,3,25,4650.0,116250.0
2021090905000146,JBLB,59,3,50,4651.0,232550.0
2021090905000158,JBLB,35,42,20,4660.0,93200.0
2021090905000157,JBLB,35,19,10,4660.0,46600.0
2021090905000156,JBLB,35,17,10,4660.0,46600.0
2021090905000155,JBLB,35,6,50,4660.0,233000.0
2021090905000154,JBLB,6,6,10,4660.0,46600.0
2021090905000153,JBLB,44,25,10,4655.0,46550.0
2021090904031623,KKHC,38,8,20,398.0,7960.0
2021090904031622,KKHC,46,8,50,398.0,19900.0
2021090904031621,KKHC,58,8,20,398.0,7960.0
2021090904031620,KKHC,19,8,60,398.0,23880.0
2021090904031360,KKHC,19,21,120,398.0,47760.0
2021090904031347,KKHC,19,56,500,398.0,199000.0
2021090904031568,KPCL,42,42,10,685.0,6850.0
2021090904031559,KPCL,11,45,10,683.2,6832.0
2021090904031436,KPCL,45,40,78,683.1,53281.8
2021090904031430,KPCL,45,26,10,683.1,6831.0
2021090904031631,LEC,55,33,10,418.0,4180.0
2021090904031375,LEC,49,25,30,415.0,12450.0
2021090904031619,MHNL,17,3,445,554.0,246530.0
2021090904031618,MHNL,42,3,455,554.0,252070.0
2021090904031617,MHNL,39,3,100,554.0,55400.0
2021090904031557,MHNL,42,58,200,555.0,111000.0
2021090904031380,NGPL,42,50,200,780.0,156000.0
2021090904031608,NHDL,33,45,16,626.0,10016.0
2021090904031435,NHDL,10,35,10,629.0,6290.0
2021090904031351,NHDL,32,35,10,629.0,6290.0
2021090904031510,NHPC,45,11,100,425.0,42500.0
2021090904031439,NHPC,45,6,"1,000",425.0,425000.0
2021090904031431,NHPC,45,28,250,425.0,106250.0
2021090904031361,NHPC,45,14,490,425.0,208250.0
2021090904031331,NHPC,45,41,"1,000",425.0,425000.0
2021090904031330,NHPC,45,50,216,425.0,91800.0
2021090904031329,NHPC,45,14,"1,000",425.0,425000.0
2021090904031328,NHPC,45,6,400,425.0,170000.0
2021090904031327,NHPC,45,4,101,424.0,42824.0
2021090904031326,NHPC,45,21,97,424.0,41128.0
2021090904031325,NHPC,45,39,80,424.0,33920.0
2021090904031324,NHPC,45,17,75,424.0,31800.0
2021090904031449,NIBSF1,35,45,"2,500",12.21,30525.0
2021090904031359,NICBF,53,26,750,14.27,10702.5
2021090904031358,NICBF,25,26,"1,000",14.27,14270.0
2021090904031357,NICBF,59,26,"2,000",14.27,28540.0
2021090904031356,NICBF,54,26,250,14.28,3570.0
2021090904031533,NIL,34,45,30,1355.0,40650.0
2021090904031528,NIL,52,45,20,1355.0,27100.0
2021090904031527,NIL,25,45,50,1355.0,67750.0
2021090904031526,NIL,8,45,30,1355.0,40650.0
2021090904031525,NIL,45,45,100,1355.0,135500.0
2021090904031524,NIL,1,45,50,1355.0,67750.0
2021090904031517,NIL,5,45,10,1355.0,13550.0
2021090904031523,NIL,52,45,100,1355.0,135500.0
2021090904031522,NIL,36,45,20,1355.0,27100.0
2021090904031521,NIL,20,45,50,1355.0,67750.0
2021090904031520,NIL,38,45,50,1355.0,67750.0
2021090904031519,NIL,57,45,100,1355.0,135500.0
2021090904031518,NIL,49,45,200,1355.0,271000.0
2021090904031429,NLG,52,6,25,963.0,24075.0
2021090904031475,OHL,57,25,10,558.0,5580.0
2021090904031474,OHL,55,25,10,558.0,5580.0
2021090904031454,OHL,55,22,80,558.0,44640.0
2021090904031604,PIC,11,56,40,1115.0,44600.0
2021090904031603,PIC,26,56,42,1115.0,46830.0
2021090904031602,PIC,52,56,20,1115.0,22300.0
2021090904031601,PIC,22,56,35,1115.0,39025.0
2021090904031600,PIC,52,56,10,1115.0,11150.0
2021090904031599,PIC,52,56,10,1115.0,11150.0
2021090904031592,PIC,34,56,10,1116.0,11160.0
2021090904031591,PIC,45,56,50,1116.0,55800.0
2021090904031590,PIC,34,56,50,1116.5,55825.0
2021090904031589,PIC,14,56,100,1117.0,111700.0
2021090904031588,PIC,47,56,50,1117.0,55850.0
2021090904031466,PIC,29,56,200,1120.0,224000.0
2021090904031598,PIC,53,56,15,1115.0,16725.0
2021090904031597,PIC,50,56,10,1115.0,11150.0
2021090904031596,PIC,34,56,10,1115.0,11150.0
2021090904031595,PIC,55,56,248,1115.0,276520.0
2021090904031594,PIC,33,56,50,1115.1,55755.0
2021090904031593,PIC,58,56,50,1116.0,55800.0
2021090904031437,PICL,52,22,48,735.0,35280.0
2021090904031582,PMHPL,53,38,303,377.0,114231.0
2021090904031581,PMHPL,53,58,397,377.0,149669.0
2021090904031383,PMHPL,25,58,30,377.0,11310.0
2021090904031382,PMHPL,41,58,73,377.0,27521.0
2021090904031423,PPCL,55,37,33,493.0,16269.0
2021090904031422,PPCL,55,22,30,492.0,14760.0
2021090904031388,PPCL,5,14,300,489.9,146970.0
2021090904031387,PPCL,5,6,10,489.0,4890.0
2021090904031386,PPCL,5,47,50,488.5,24425.0
2021090904031385,PPCL,5,41,12,488.0,5856.0
2021090904031384,PPCL,5,8,100,487.0,48700.0
2021090904031371,PPCL,28,53,250,481.0,120250.0
2021090904031421,PPCL,55,16,15,492.0,7380.0
2021090904031420,PPCL,55,42,30,492.0,14760.0
2021090904031419,PPCL,55,32,252,491.9,123958.8
2021090904031391,PPCL,5,32,248,491.9,121991.2
2021090904031390,PPCL,5,14,50,490.0,24500.0
2021090904031389,PPCL,5,19,30,490.0,14700.0
2021090904031512,RADHI,35,41,60,740.0,44400.0
2021090904031447,RADHI,35,38,50,740.0,37000.0
2021090904031425,RADHI,35,57,50,740.0,37000.0
2021090904031413,RADHI,35,22,100,740.0,74000.0
2021090904031412,RADHI,35,28,15,740.0,11100.0
2021090904031411,RADHI,35,56,58,740.0,42920.0
2021090904031406,RADHI,49,56,15,740.0,11100.0
2021090904031630,RHPC,33,28,374,955.0,357170.0
2021090904031629,RHPC,58,28,100,955.0,95500.0
2021090904031628,RHPC,19,28,26,955.0,24830.0
2021090904031611,RHPC,19,41,500,955.0,477500.0
2021090904031575,RHPC,19,34,474,955.0,452670.0
2021090904031574,RHPC,21,34,26,955.0,24830.0
2021090904031368,RHPC,33,54,200,955.0,191000.0
2021090904031367,RHPC,33,33,14,955.0,13370.0
2021090904031502,RHPC,21,36,200,955.0,191000.0
2021090904031451,RHPC,21,58,100,955.0,95500.0
2021090904031434,RHPC,21,37,174,955.0,166170.0
2021090904031433,RHPC,33,37,26,955.0,24830.0
2021090904031370,RHPC,33,49,10,955.0,9550.0
2021090904031369,RHPC,33,55,250,955.0,238750.0
2021090904031555,RHPL,29,43,20,434.0,8680.0
2021090904031554,RHPL,29,14,80,434.0,34720.0
2021090904031355,RHPL,26,33,180,434.0,78120.0
2021090904031350,RHPL,26,55,120,432.0,51840.0
2021090904031349,RHPL,49,55,50,433.0,21650.0
2021090904031348,RHPL,5,55,30,433.0,12990.0
2021090904031642,RRHP,58,32,490,709.9,347851.0
2021090904031641,RRHP,58,59,300,705.0,211500.0
2021090904031640,RRHP,58,37,90,705.0,63450.0
2021090904031639,RRHP,58,11,50,704.0,35200.0
2021090904031638,RRHP,58,14,50,702.0,35100.0
2021090904031637,RRHP,58,41,20,702.0,14040.0
2021090904031373,RRHP,39,37,10,706.0,7060.0
2021090904031334,RRHP,21,38,100,700.2,70020.0
2021090904031332,RRHP,21,48,50,700.2,35010.0
2021090904031573,RRHP,17,41,50,702.0,35100.0
2021090904031511,RRHP,39,41,10,702.0,7020.0
2021090904031452,RRHP,58,41,20,702.0,14040.0
2021090904031399,RRHP,51,55,50,700.1,35005.0
2021090904031398,RRHP,21,55,150,700.2,105030.0
2021090904031397,RRHP,39,55,50,702.0,35100.0
2021090904031585,SEF,55,46,"1,500",11.15,16725.0
2021090904031584,SEF,55,58,"2,500",11.15,27875.0
2021090904031572,SEF,17,58,500,11.15,5575.0
2021090904031577,SGI,42,49,10,695.1,6951.0
2021090904031401,SGI,53,34,20,696.0,13920.0
2021090904031400,SGI,53,14,80,696.0,55680.0
2021090904031374,SGI,21,14,100,696.0,69600.0
2021090904031507,SHL,57,36,100,259.0,25900.0
2021090904031336,SHL,35,52,500,258.0,129000.0
2021090904031342,SHPC,40,58,200,554.0,110800.0
2021090904031341,SHPC,40,48,35,554.0,19390.0
2021090904031343,SHPC,40,34,10,554.0,5540.0
2021090904031460,SHPC,25,39,32,551.6,17651.2
2021090904031459,SHPC,39,39,20,551.6,11032.0
2021090904031458,SHPC,45,39,100,552.0,55200.0
2021090904031457,SHPC,21,39,252,553.0,139356.0
2021090904031456,SHPC,21,49,130,553.0,71890.0
2021090904031409,SHPC,45,34,30,554.0,16620.0
2021090904031463,SHPC,5,39,36,550.1,19803.6
2021090904031462,SHPC,22,39,30,550.1,16503.0
2021090904031461,SHPC,38,39,30,551.1,16533.0
2021090904031610,SIL,37,19,14,992.0,13888.0
2021090904031587,SIL,32,19,10,992.0,9920.0
2021090904031424,SLCF,48,39,"2,000",10.15,20300.0
2021090904031552,SPDL,16,21,33,562.0,18546.0
2021090904031453,SPDL,22,22,100,562.5,56250.0
2021090904031503,SSHL,45,35,40,429.0,17160.0
2021090904031469,SSHL,13,35,60,429.0,25740.0
2021090904031468,SSHL,13,42,240,429.0,102960.0
2021090904031448,SSHL,6,57,100,428.7,42870.0
2021090904031506,STC,42,41,20,8666.0,173320.0
2021090904031579,TRH,48,35,75,391.0,29325.0
2021090904031612,UIC,33,35,10,695.0,6950.0
2021090904031470,UIC,51,21,300,695.0,208500.0
2021090904031432,UIC,33,21,200,695.0,139000.0
2021090905000174,ULI,41,52,10,708.0,7080.0
2021090905000172,ULI,41,52,10,708.0,7080.0
2021090905000171,ULI,41,45,10,708.0,7080.0
2021090905000170,ULI,41,57,10,708.0,7080.0
2021090905000169,ULI,21,57,10,709.0,7090.0
2021090905000167,ULI,41,45,10,708.0,7080.0
2021090905000006,ULI,32,38,10,705.0,7050.0
2021090905000005,ULI,32,58,10,719.1,7191.0
2021090905000003,ULI,53,57,10,710.0,7100.0
2021090905000001,ULI,25,29,10,700.0,7000.0
2021090905000021,ULI,45,59,10,700.0,7000.0
2021090905000019,ULI,45,39,10,700.0,7000.0
2021090905000017,ULI,50,34,10,705.0,7050.0
2021090905000015,ULI,38,42,10,707.0,7070.0
2021090905000013,ULI,38,49,10,700.0,7000.0
2021090905000012,ULI,6,6,10,700.0,7000.0
2021090905000032,ULI,22,56,10,700.0,7000.0
2021090905000031,ULI,35,45,10,702.0,7020.0
2021090905000029,ULI,22,38,10,700.0,7000.0
2021090905000026,ULI,35,3,10,702.0,7020.0
2021090905000024,ULI,50,16,10,702.0,7020.0
2021090905000023,ULI,39,58,10,700.0,7000.0
2021090905000039,ULI,42,45,10,700.0,7000.0
2021090905000038,ULI,42,35,10,700.0,7000.0
2021090905000037,ULI,42,57,10,700.0,7000.0
2021090905000036,ULI,22,6,10,700.0,7000.0
2021090905000035,ULI,22,58,10,700.0,7000.0
2021090905000033,ULI,22,32,10,700.0,7000.0
2021090905000047,ULI,42,51,10,700.0,7000.0
2021090905000046,ULI,42,16,10,700.0,7000.0
2021090905000045,ULI,42,44,10,700.0,7000.0
2021090905000043,ULI,42,54,10,700.0,7000.0
2021090905000042,ULI,50,46,10,701.0,7010.0
2021090905000041,ULI,42,28,10,700.0,7000.0
2021090905000062,ULI,50,34,10,700.0,7000.0
2021090905000058,ULI,58,21,10,696.3,6963.0
2021090905000056,ULI,53,58,10,696.2,6962.0
2021090905000054,ULI,53,46,10,696.2,6962.0
2021090905000050,ULI,42,50,10,700.0,7000.0
2021090905000049,ULI,42,29,10,700.0,7000.0
2021090905000074,ULI,45,14,50,702.0,35100.0
2021090905000072,ULI,53,58,10,701.0,7010.0
2021090905000070,ULI,19,45,10,700.0,7000.0
2021090905000068,ULI,36,38,10,699.0,6990.0
2021090905000064,ULI,1,58,10,699.0,6990.0
2021090905000063,ULI,50,39,10,700.0,7000.0
2021090905000081,ULI,38,8,40,701.0,28040.0
2021090905000080,ULI,49,8,20,701.0,14020.0
2021090905000079,ULI,26,8,50,701.0,35050.0
2021090905000078,ULI,53,8,90,701.0,63090.0
2021090905000076,ULI,45,50,10,705.0,7050.0
2021090905000075,ULI,45,48,10,705.0,7050.0
2021090905000091,ULI,42,49,10,707.0,7070.0
2021090905000090,ULI,4,7,10,705.0,7050.0
2021090905000089,ULI,4,33,10,705.0,7050.0
2021090905000088,ULI,4,34,10,704.0,7040.0
2021090905000085,ULI,3,34,10,701.1,7011.0
2021090905000084,ULI,3,45,70,701.1,49077.0
2021090905000098,ULI,42,19,10,707.0,7070.0
2021090905000097,ULI,42,25,40,710.0,28400.0
2021090905000096,ULI,42,45,10,710.0,7100.0
2021090905000094,ULI,42,45,10,707.0,7070.0
2021090905000093,ULI,42,54,10,707.0,7070.0
2021090905000092,ULI,42,45,10,707.0,7070.0
2021090905000113,ULI,42,35,10,707.0,7070.0
2021090905000105,ULI,19,25,10,710.0,7100.0
2021090905000104,ULI,42,25,90,710.0,63900.0
2021090905000103,ULI,42,38,10,709.0,7090.0
2021090905000101,ULI,42,3,10,707.0,7070.0
2021090905000100,ULI,42,58,10,707.0,7070.0
2021090905000124,ULI,41,42,10,707.0,7070.0
2021090905000123,ULI,22,42,10,707.0,7070.0
2021090905000119,ULI,43,58,10,707.0,7070.0
2021090905000118,ULI,58,25,15,710.0,10650.0
2021090905000117,ULI,42,42,10,707.0,7070.0
2021090905000115,ULI,42,26,10,707.0,7070.0
2021090905000131,ULI,13,47,10,705.0,7050.0
2021090905000130,ULI,13,52,10,705.0,7050.0
2021090905000129,ULI,17,34,10,705.0,7050.0
2021090905000128,ULI,17,42,10,705.0,7050.0
2021090905000126,ULI,17,33,10,705.0,7050.0
2021090905000125,ULI,58,34,10,706.0,7060.0
2021090905000140,ULI,52,28,10,706.0,7060.0
2021090905000138,ULI,52,7,10,706.0,7060.0
2021090905000137,ULI,13,34,10,705.0,7050.0
2021090905000136,ULI,13,56,10,705.0,7050.0
2021090905000134,ULI,13,22,10,705.0,7050.0
2021090905000132,ULI,13,42,30,705.0,21150.0
2021090905000166,ULI,41,51,10,708.0,7080.0
2021090905000165,ULI,41,51,10,706.0,7060.0
2021090905000164,ULI,13,38,10,705.0,7050.0
2021090905000160,ULI,52,13,10,706.0,7060.0
2021090905000159,ULI,52,48,10,706.0,7060.0
2021090905000149,ULI,52,34,10,706.0,7060.0
2021090904031607,UMHL,58,47,315,625.0,196875.0
2021090904031606,UMHL,58,8,125,622.0,77750.0
2021090904031605,UMHL,58,52,60,621.5,37290.0
2021090904031583,UMHL,49,59,150,621.1,93165.0
2021090904031571,UMHL,45,52,10,621.5,6215.0
2021090904031567,UMHL,28,52,250,622.0,155500.0
2021090904031333,UMHL,49,38,52,622.0,32344.0
2021090904031378,UMHL,58,49,408,621.0,253368.0
2021090904031377,UMHL,58,49,92,621.5,57178.0
2021090904031363,UMHL,50,37,479,622.0,297938.0
2021090904031362,UMHL,50,38,21,622.0,13062.0
2021090904031344,UMHL,21,41,500,621.5,310750.0
2021090904031478,UMHL,58,17,100,623.0,62300.0
2021090904031477,UMHL,58,49,350,622.0,217700.0
2021090904031476,UMHL,58,37,521,622.0,324062.0
2021090904031484,UMHL,58,10,55,626.0,34430.0
2021090904031483,UMHL,58,57,100,625.0,62500.0
2021090904031482,UMHL,58,49,37,625.0,23125.0
2021090904031481,UMHL,58,16,600,625.0,375000.0
2021090904031480,UMHL,58,47,30,623.9,18717.0
2021090904031479,UMHL,58,40,500,623.5,311750.0
2021090904031490,UMHL,58,42,46,628.0,28888.0
2021090904031489,UMHL,58,51,50,628.0,31400.0
2021090904031488,UMHL,58,26,200,628.0,125600.0
2021090904031487,UMHL,58,51,50,628.0,31400.0
2021090904031486,UMHL,58,47,250,626.0,156500.0
2021090904031485,UMHL,58,38,50,626.0,31300.0
2021090904031496,UMHL,58,44,107,629.5,67356.5
2021090904031495,UMHL,58,49,61,629.0,38369.0
2021090904031494,UMHL,58,41,20,629.0,12580.0
2021090904031493,UMHL,58,56,40,629.0,25160.0
2021090904031492,UMHL,58,44,500,629.0,314500.0
2021090904031491,UMHL,58,51,50,629.0,31450.0
2021090904031562,UMHL,8,47,10,625.0,6250.0
2021090904031501,UMHL,58,17,393,630.0,247590.0
2021090904031500,UMHL,58,34,50,630.0,31500.0
2021090904031499,UMHL,58,8,140,630.0,88200.0
2021090904031498,UMHL,58,59,500,629.9,314950.0
2021090904031497,UMHL,58,34,200,629.9,125980.0
2021090904031396,UNHPL,43,35,100,469.0,46900.0
2021090904031395,UNHPL,43,39,"1,000",469.0,469000.0
2021090904031394,UNHPL,43,58,10,469.0,4690.0
2021090904031393,UNHPL,43,38,206,469.0,96614.0
2021090904031392,UNHPL,43,45,50,468.9,23445.0
2021090904031627,UPCL,47,35,150,535.0,80250.0
2021090904031626,UPCL,47,57,300,535.0,160500.0
2021090904031625,UPCL,47,52,50,534.3,26715.0
2021090904031569,UPCL,36,45,46,534.0,24564.0
2021090904031556,UPCL,36,58,10,534.0,5340.0
2021090904031515,UPCL,36,22,44,534.0,23496.0
2021090904031514,UPCL,34,22,56,534.0,29904.0
2021090904031339,UPCL,34,21,94,534.0,50196.0
2021090904031338,UPCL,21,21,156,534.0,83304.0
2021090904031335,UPPER,58,41,100,715.0,71500.0
2021090904031293,AHPC,35,35,50,704.0,35200.0
2021090904031292,AHPC,59,35,170,704.0,119680.0
2021090904031291,AHPC,59,53,20,704.0,14080.0
2021090904031290,AHPC,59,16,10,704.0,7040.0
2021090904031228,AHPC,38,16,40,704.0,28160.0
2021090904031201,AHPC,38,16,100,704.0,70400.0
2021090904030820,AHPC,4,52,100,704.0,70400.0
2021090904030872,AHPC,4,17,165,704.0,116160.0
2021090904030855,AHPC,58,17,100,704.0,70400.0
2021090904030848,AHPC,13,17,10,704.0,7040.0
2021090904030847,AHPC,34,17,10,704.0,7040.0
2021090904030846,AHPC,4,17,715,704.0,503360.0
2021090904030845,AHPC,29,49,700,704.2,492940.0
2021090904030935,AHPC,21,47,100,704.9,70490.0
2021090904030934,AHPC,21,49,233,704.2,164078.6
2021090904030918,AHPC,53,49,47,704.2,33097.4
2021090904030917,AHPC,53,38,53,704.0,37312.0
2021090904030895,AHPC,45,38,50,704.0,35200.0
2021090904030873,AHPC,4,38,155,704.0,109120.0
2021090904031042,AHPC,45,42,10,704.9,7049.0
2021090904030963,AHPC,59,42,302,704.9,212879.8
2021090904030962,AHPC,59,45,500,704.9,352450.0
2021090904030961,AHPC,59,48,833,704.9,587181.7
2021090904030960,AHPC,59,34,100,704.1,70410.0
2021090904030936,AHPC,21,48,367,704.9,258698.3
2021090904031200,AHPC,38,44,100,704.0,70400.0
2021090904031132,AHPC,25,32,125,703.9,87987.5
2021090904031131,AHPC,35,32,500,704.0,352000.0
2021090904031130,AHPC,10,32,375,704.0,264000.0
2021090904031086,AHPC,10,53,25,704.0,17600.0
2021090904031064,AHPC,10,48,100,704.0,70400.0
2021090904030891,AIL,58,56,10,777.0,7770.0
2021090904031053,AKJCL,50,44,270,403.0,108810.0
2021090904031052,AKJCL,19,44,20,403.0,8060.0
2021090904031051,AKJCL,28,44,100,404.0,40400.0
2021090904031050,AKJCL,28,44,100,404.0,40400.0
2021090904031280,AKPL,40,44,100,599.0,59900.0
2021090904031231,AKPL,40,35,300,599.0,179700.0
2021090904031211,AKPL,40,26,475,599.0,284525.0
2021090904031210,AKPL,17,26,25,599.0,14975.0
2021090904031147,AKPL,17,34,500,599.0,299500.0
2021090904031123,AKPL,17,45,275,599.0,164725.0
2021090904030971,AKPL,17,46,75,599.0,44925.0
2021090904030970,AKPL,17,58,500,598.9,299450.0
2021090904030865,AKPL,39,46,38,599.0,22762.0
2021090904030822,AKPL,17,46,800,599.0,479200.0
2021090904031032,AKPL,52,58,50,599.0,29950.0
2021090904031024,AKPL,52,13,50,599.0,29950.0
2021090904031023,AKPL,52,49,150,599.0,89850.0
2021090904030986,AKPL,11,49,100,599.0,59900.0
2021090904030973,AKPL,17,58,45,599.0,26955.0
2021090904030972,AKPL,17,55,180,599.0,107820.0
2021090904031109,AKPL,5,56,50,598.0,29900.0
2021090904031108,AKPL,43,56,100,598.0,59800.0
2021090904031107,AKPL,19,56,100,598.0,59800.0
2021090904031106,AKPL,13,56,20,598.0,11960.0
2021090904031105,AKPL,35,56,10,598.0,5980.0
2021090904031104,AKPL,52,56,250,599.0,149750.0
2021090904031115,AKPL,47,56,110,596.0,65560.0
2021090904031114,AKPL,41,56,110,596.0,65560.0
2021090904031113,AKPL,53,56,100,597.0,59700.0
2021090904031112,AKPL,10,56,50,597.0,29850.0
2021090904031111,AKPL,11,56,40,597.0,23880.0
2021090904031110,AKPL,49,56,60,597.0,35820.0
2021090904031317,API,34,42,40,496.0,19840.0
2021090904031316,API,34,46,300,496.0,148800.0
2021090904031294,API,34,21,59,496.0,29264.0
2021090904031285,API,34,1,50,496.0,24800.0
2021090904031250,API,34,55,115,496.0,57040.0
2021090904031225,API,34,53,30,496.0,14880.0
2021090904030838,API,28,52,361,495.6,178911.6
2021090904030875,API,47,57,50,495.0,24750.0
2021090904030874,API,58,57,493,495.0,244035.0
2021090904030868,API,14,3,45,496.0,22320.0
2021090904030867,API,14,26,55,496.0,27280.0
2021090904030840,API,58,52,138,495.0,68310.0
2021090904030839,API,34,52,100,495.1,49510.0
2021090904030900,API,21,34,90,495.0,44550.0
2021090904030880,API,21,57,104,495.0,51480.0
2021090904030879,API,33,57,141,495.0,69795.0
2021090904030878,API,21,57,30,495.0,14850.0
2021090904030877,API,47,57,40,495.0,19800.0
2021090904030876,API,58,57,22,495.0,10890.0
2021090904030938,API,40,45,50,495.2,24760.0
2021090904030926,API,45,57,10,495.0,4950.0
2021090904030925,API,45,57,50,495.0,24750.0
2021090904030924,API,51,57,25,495.0,12375.0
2021090904030923,API,49,57,100,495.0,49500.0
2021090904030922,API,21,57,106,495.0,52470.0
2021090904030992,API,46,28,65,496.0,32240.0
2021090904030983,API,53,28,100,496.0,49600.0
2021090904030966,API,26,28,35,496.0,17360.0
2021090904030965,API,26,22,50,496.0,24800.0
2021090904030964,API,26,33,50,496.0,24800.0
2021090904030939,API,40,45,50,496.0,24800.0
2021090904031019,API,34,4,200,496.0,99200.0
2021090904031018,API,34,42,29,496.0,14384.0
2021090904031017,API,34,42,124,496.0,61504.0
2021090904031012,API,19,42,25,496.0,12400.0
2021090904030994,API,46,42,85,496.0,42160.0
2021090904030993,API,46,32,50,496.0,24800.0
2021090904031055,API,34,21,116,496.0,57536.0
2021090904031054,API,34,25,16,496.0,7936.0
2021090904031046,API,34,49,150,496.0,74400.0
2021090904031044,API,34,22,50,496.0,24800.0
2021090904031043,API,34,45,50,496.0,24800.0
2021090904031020,API,34,34,100,496.0,49600.0
2021090904031214,API,58,38,20,496.7,9934.0
2021090904031212,API,34,50,80,496.0,39680.0
2021090904031205,API,34,44,200,496.0,99200.0
2021090904031144,API,34,33,200,496.0,99200.0
2021090904031134,API,34,3,50,496.0,24800.0
2021090904031068,API,34,38,41,496.0,20336.0
2021090904031255,BARUN,16,20,10,589.0,5890.0
2021090904031246,BARUN,53,20,10,589.0,5890.0
2021090904031230,BARUN,3,20,70,589.0,41230.0
2021090904031229,BARUN,3,36,130,585.0,76050.0
2021090904031194,BARUN,42,45,100,583.0,58300.0
2021090904031193,BARUN,40,45,100,583.0,58300.0
2021090904030824,BARUN,1,43,90,584.0,52560.0
2021090904031192,BARUN,51,45,50,583.0,29150.0
2021090904031022,BARUN,51,52,100,583.0,58300.0
2021090904030825,BARUN,1,43,192,584.0,112128.0
2021090904031284,BPCL,39,34,50,554.0,27700.0
2021090904031204,BPCL,41,26,90,554.9,49941.0
2021090904031000,BPCL,39,41,135,554.0,74790.0
2021090904030999,BPCL,57,41,165,554.0,91410.0
2021090904030998,BPCL,54,41,50,554.1,27705.0
2021090904030997,BPCL,49,41,10,554.8,5548.0
2021090904030933,BPCL,55,26,20,554.9,11098.0
2021090904031235,CHCL,51,45,150,610.0,91500.0
2021090904031078,CHCL,22,45,100,610.0,61000.0
2021090904030981,CHCL,8,45,90,610.0,54900.0
2021090904030980,CHCL,58,45,215,610.0,131150.0
2021090904030979,CHCL,49,45,100,610.0,61000.0
2021090904030978,CHCL,42,45,50,610.0,30500.0
2021090904030977,CHCL,35,45,100,610.0,61000.0
2021090904030976,CHCL,52,45,50,610.0,30500.0
2021090904030823,CHCL,58,58,100,610.0,61000.0
2021090904031155,CHL,16,54,100,569.0,56900.0
2021090904031154,CHL,42,54,70,569.0,39830.0
2021090904031098,CHL,42,52,430,569.0,244670.0
2021090904031097,CHL,18,52,40,569.0,22760.0
2021090904031096,CHL,11,52,30,569.0,17070.0
2021090904031056,CHL,20,54,50,569.1,28455.0
2021090904031226,DHPL,32,48,10,377.5,3775.0
2021090904031136,DHPL,38,26,470,376.0,176720.0
2021090904031135,DHPL,38,26,30,376.0,11280.0
2021090904030866,EIC,25,41,10,724.0,7240.0
2021090904031129,GHL,35,50,100,438.0,43800.0
2021090904030969,GHL,35,50,50,438.0,21900.0
2021090904030821,GHL,57,50,500,438.0,219000.0
2021090904031075,GLH,47,57,10,540.0,5400.0
2021090904031072,GLH,49,58,10,530.0,5300.0
2021090904031065,GLH,49,57,20,540.0,10800.0
2021090904030989,GLH,34,58,10,535.0,5350.0
2021090904030982,GLH,34,47,10,531.0,5310.0
2021090904030869,GLH,49,58,10,530.0,5300.0
2021090904031298,HDHPC,21,7,70,380.0,26600.0
2021090904031286,HDHPC,1,7,250,380.0,95000.0
2021090904031160,HDHPC,25,7,10,380.0,3800.0
2021090904031138,HDHPC,54,7,497,380.0,188860.0
2021090904031137,HDHPC,54,51,503,380.0,191140.0
2021090904031100,HDHPC,45,44,180,379.0,68220.0
2021090904030835,HDHPC,55,38,800,380.0,304000.0
2021090904030834,HDHPC,55,39,20,380.0,7600.0
2021090904030833,HDHPC,55,57,770,380.0,292600.0
2021090904030832,HDHPC,55,14,370,380.0,140600.0
2021090904030831,HDHPC,55,59,100,379.9,37990.0
2021090904030830,HDHPC,55,36,290,379.1,109939.0
2021090904031099,HDHPC,29,44,20,379.1,7582.0
2021090904030897,HDHPC,45,37,200,379.0,75800.0
2021090904030896,HDHPC,55,37,300,380.0,114000.0
2021090904030871,HDHPC,55,42,100,380.0,38000.0
2021090904030837,HDHPC,55,52,500,380.0,190000.0
2021090904030836,HDHPC,55,35,250,380.0,95000.0
2021090904031133,HGI,13,37,30,740.0,22200.0
2021090904031082,HGI,6,54,14,739.0,10346.0
2021090904030864,HGI,16,4,100,739.0,73900.0
2021090904031077,HPPL,42,42,410,585.2,239932.0
2021090904031076,HPPL,42,42,590,585.2,345268.0
2021090904031195,IGI,34,3,50,1149.0,57450.0
2021090904030826,IGI,32,19,41,1149.5,47129.5
2021090904030829,IGI,32,36,179,1150.0,205850.0
2021090904030828,IGI,32,13,30,1150.0,34500.0
2021090904030827,IGI,32,43,50,1149.5,57475.0
2021090904030937,IGI,54,36,218,1150.0,250700.0
2021090904031049,IGI,54,3,50,1149.0,57450.0
2021090904031048,IGI,13,3,20,1149.0,22980.0
2021090904031047,IGI,6,3,65,1149.0,74685.0
2021090904031283,KKHC,19,34,30,398.0,11940.0
2021090904030899,KKHC,19,22,430,398.0,171140.0
2021090904030898,KKHC,50,22,100,398.1,39810.0
2021090904030893,KPCL,49,50,20,688.0,13760.0
2021090904030892,KPCL,49,34,10,687.0,6870.0
2021090904030984,KPCL,41,51,100,685.0,68500.0
2021090904030991,KPCL,58,40,50,683.2,34160.0
2021090904030990,KPCL,41,40,170,685.0,116450.0
2021090904031153,LGIL,44,44,10,770.0,7700.0
2021090904030932,LGIL,40,11,148,767.0,113516.0
2021090904030931,LGIL,7,11,50,767.1,38355.0
2021090904030930,LGIL,28,11,50,768.0,38400.0
2021090904030929,LGIL,1,11,20,768.0,15360.0
2021090904031315,MHNL,41,58,10,555.0,5550.0
2021090904031314,MHNL,8,58,57,555.0,31635.0
2021090904031238,MHNL,8,6,143,555.0,79365.0
2021090904031237,MHNL,19,6,17,555.0,9435.0
2021090904031217,MHNL,19,41,33,555.0,18315.0
2021090904031216,MHNL,4,41,17,555.0,9435.0
2021090904030887,MHNL,29,45,100,556.0,55600.0
2021090904030886,MHNL,29,32,30,556.0,16680.0
2021090904030959,MHNL,4,34,283,555.0,157065.0
2021090904030958,MHNL,58,34,50,555.0,27750.0
2021090904030957,MHNL,50,34,167,555.0,92685.0
2021090904030889,MHNL,29,50,320,556.0,177920.0
2021090904030888,MHNL,29,26,50,556.0,27800.0
2021090904030862,NBF2,33,58,"3,000",14.79,44370.0
2021090904031240,NGPL,42,48,190,780.0,148200.0
2021090904031140,NGPL,58,21,50,778.0,38900.0
2021090904031069,NGPL,58,37,20,778.0,15560.0
2021090904030921,NGPL,38,48,100,780.0,78000.0
2021090904031021,NHDL,34,34,49,625.0,30625.0
2021090904031289,NHPC,49,32,500,423.0,211500.0
2021090904031288,NHPC,34,32,500,423.1,211550.0
2021090904031243,NHPC,43,17,200,424.0,84800.0
2021090904031224,NHPC,34,17,500,424.0,212000.0
2021090904031196,NHPC,34,17,20,424.0,8480.0
2021090904031074,NHPC,41,17,20,424.0,8480.0
2021090904030852,NHPC,58,49,50,424.0,21200.0
2021090904030851,NHPC,39,49,30,424.0,12720.0
2021090904031073,NHPC,58,17,55,424.0,23320.0
2021090904030952,NHPC,58,6,255,424.0,108120.0
2021090904030951,NHPC,17,6,410,424.0,173840.0
2021090904030894,NHPC,49,6,100,425.0,42500.0
2021090904030854,NHPC,17,49,90,424.0,38160.0
2021090904030853,NHPC,44,49,10,424.0,4240.0
2021090904031101,NICBF,56,26,"10,000",14.28,142800.0
