Transact. No.,Symbol,Buyer,Seller,Quantity,Rate,Amount
2021090705001773,JBLB,59,8,10,4760.0,47600.0
2021090705001767,JBLB,59,44,10,4760.0,47600.0
2021090705001766,JBLB,35,59,10,4760.0,47600.0
2021090705001762,JBLB,35,14,10,4760.0,47600.0
2021090705001761,JBLB,35,57,10,4760.0,47600.0
2021090705001760,JBLB,35,44,10,4760.0,47600.0
2021090705001288,JBLB,58,44,10,4725.0,47250.0
2021090705001283,JBLB,58,55,20,4735.0,94700.0
2021090705001280,JBLB,41,57,10,4725.0,47250.0
2021090705001279,JBLB,7,28,10,4725.0,47250.0
2021090705001277,JBLB,49,58,10,4725.1,47251.0
2021090705001274,JBLB,56,28,10,4726.0,47260.0
2021090705001304,JBLB,34,55,50,4711.0,235550.0
2021090705001303,JBLB,56,28,10,4713.8,47138.0
2021090705001302,JBLB,26,57,10,4715.0,47150.0
2021090705001296,JBLB,34,4,10,4725.0,47250.0
2021090705001295,JBLB,43,38,10,4720.0,47200.0
2021090705001293,JBLB,58,32,10,4720.1,47201.0
2021090705001310,JBLB,44,45,10,4707.0,47070.0
2021090705001309,JBLB,44,55,90,4707.0,423630.0
2021090705001308,JBLB,38,55,30,4710.0,141300.0
2021090705001307,JBLB,34,55,10,4710.0,47100.0
2021090705001306,JBLB,49,55,10,4710.0,47100.0
2021090705001305,JBLB,41,55,10,4710.0,47100.0
2021090705001322,JBLB,21,28,10,4705.0,47050.0
2021090705001320,JBLB,21,59,10,4705.0,47050.0
2021090705001319,JBLB,10,28,10,4705.0,47050.0
2021090705001318,JBLB,10,28,10,4705.0,47050.0
2021090705001315,JBLB,43,10,10,4707.0,47070.0
2021090705001313,JBLB,48,49,10,4707.0,47070.0
2021090705001335,JBLB,32,56,10,4706.0,47060.0
2021090705001333,JBLB,55,39,10,4706.1,47061.0
2021090705001327,JBLB,32,45,10,4706.0,47060.0
2021090705001326,JBLB,4,52,10,4706.0,47060.0
2021090705001324,JBLB,4,28,10,4706.0,47060.0
2021090705001323,JBLB,58,45,10,4710.0,47100.0
2021090705001350,JBLB,45,33,10,4708.0,47080.0
2021090705001345,JBLB,58,41,10,4715.0,47150.0
2021090705001343,JBLB,45,28,10,4708.0,47080.0
2021090705001340,JBLB,45,26,10,4707.9,47079.0
2021090705001338,JBLB,4,26,10,4706.0,47060.0
2021090705001337,JBLB,4,13,10,4706.0,47060.0
2021090705001366,JBLB,58,45,10,4716.0,47160.0
2021090705001365,JBLB,58,53,10,4716.0,47160.0
2021090705001363,JBLB,58,42,10,4715.4,47154.0
2021090705001362,JBLB,58,51,10,4715.0,47150.0
2021090705001361,JBLB,58,51,10,4715.0,47150.0
2021090705001358,JBLB,45,49,10,4708.0,47080.0
2021090705001404,JBLB,58,38,10,4720.0,47200.0
2021090705001403,JBLB,57,47,10,4720.0,47200.0
2021090705001397,JBLB,26,1,10,4717.0,47170.0
2021090705001384,JBLB,26,42,10,4717.0,47170.0
2021090705001373,JBLB,26,41,10,4717.0,47170.0
2021090705001368,JBLB,58,10,10,4716.0,47160.0
2021090705001418,JBLB,38,45,10,4730.0,47300.0
2021090705001417,JBLB,7,50,10,4730.0,47300.0
2021090705001412,JBLB,33,7,10,4725.0,47250.0
2021090705001407,JBLB,33,21,10,4725.0,47250.0
2021090705001406,JBLB,45,22,10,4725.0,47250.0
2021090705001405,JBLB,45,1,10,4725.0,47250.0
2021090705001425,JBLB,33,17,10,4725.0,47250.0
2021090705001423,JBLB,33,6,50,4725.0,236250.0
2021090705001422,JBLB,48,6,10,4732.0,47320.0
2021090705001421,JBLB,48,51,10,4731.0,47310.0
2021090705001420,JBLB,48,43,10,4730.0,47300.0
2021090705001419,JBLB,38,58,10,4730.0,47300.0
2021090705001439,JBLB,36,8,10,4720.0,47200.0
2021090705001431,JBLB,58,6,10,4720.0,47200.0
2021090705001430,JBLB,39,58,10,4721.0,47210.0
2021090705001429,JBLB,8,6,10,4725.0,47250.0
2021090705001427,JBLB,33,28,10,4725.0,47250.0
2021090705001426,JBLB,33,28,10,4725.0,47250.0
2021090705001461,JBLB,55,13,10,4711.3,47113.0
2021090705001459,JBLB,46,6,10,4711.1,47111.0
2021090705001458,JBLB,17,6,10,4712.0,47120.0
2021090705001456,JBLB,46,45,10,4711.1,47111.0
2021090705001455,JBLB,50,26,10,4711.2,47112.0
2021090705001451,JBLB,36,19,10,4720.0,47200.0
2021090705001472,JBLB,34,28,10,4710.2,47102.0
2021090705001469,JBLB,35,45,10,4711.0,47110.0
2021090705001466,JBLB,49,35,10,4711.0,47110.0
2021090705001464,JBLB,42,35,30,4711.0,141330.0
2021090705001463,JBLB,46,35,60,4711.1,282666.0
2021090705001462,JBLB,55,45,10,4711.3,47113.0
2021090705001483,JBLB,58,3,10,4711.0,47110.0
2021090705001482,JBLB,33,1,10,4710.0,47100.0
2021090705001481,JBLB,33,16,10,4710.0,47100.0
2021090705001479,JBLB,36,45,10,4711.0,47110.0
2021090705001475,JBLB,52,45,10,4711.0,47110.0
2021090705001474,JBLB,34,32,10,4710.2,47102.0
2021090705001494,JBLB,58,34,10,4725.0,47250.0
2021090705001493,JBLB,58,45,10,4725.0,47250.0
2021090705001490,JBLB,48,35,10,4720.0,47200.0
2021090705001489,JBLB,58,35,10,4711.0,47110.0
2021090705001485,JBLB,58,53,10,4711.0,47110.0
2021090705001484,JBLB,58,48,10,4711.0,47110.0
2021090705001504,JBLB,22,21,10,4730.1,47301.0
2021090705001503,JBLB,42,21,21,4735.0,99435.0
2021090705001498,JBLB,58,42,10,4730.0,47300.0
2021090705001497,JBLB,58,39,10,4730.0,47300.0
2021090705001496,JBLB,58,53,10,4728.0,47280.0
2021090705001495,JBLB,58,21,10,4725.0,47250.0
2021090705001510,JBLB,17,58,10,4750.0,47500.0
2021090705001509,JBLB,17,58,10,4740.0,47400.0
2021090705001508,JBLB,17,59,10,4740.0,47400.0
2021090705001507,JBLB,17,32,10,4740.0,47400.0
2021090705001506,JBLB,34,45,10,4740.0,47400.0
2021090705001505,JBLB,58,21,29,4730.0,137170.0
2021090705001522,JBLB,17,21,10,4750.0,47500.0
2021090705001521,JBLB,17,46,10,4750.0,47500.0
2021090705001520,JBLB,17,8,10,4750.0,47500.0
2021090705001519,JBLB,17,59,10,4750.0,47500.0
2021090705001518,JBLB,17,19,10,4750.0,47500.0
2021090705001511,JBLB,17,36,10,4750.0,47500.0
2021090705001530,JBLB,28,6,10,4775.0,47750.0
2021090705001529,JBLB,28,54,10,4775.0,47750.0
2021090705001528,JBLB,28,17,10,4774.0,47740.0
2021090705001527,JBLB,28,32,10,4750.0,47500.0
2021090705001526,JBLB,28,52,10,4750.0,47500.0
2021090705001525,JBLB,28,49,10,4750.0,47500.0
2021090705001540,JBLB,36,34,20,4789.0,95780.0
2021090705001536,JBLB,58,38,10,4730.0,47300.0
2021090705001534,JBLB,28,54,10,4790.0,47900.0
2021090705001533,JBLB,28,22,10,4789.0,47890.0
2021090705001532,JBLB,28,10,10,4789.0,47890.0
2021090705001531,JBLB,28,48,10,4775.0,47750.0
2021090705001546,JBLB,36,13,10,4800.0,48000.0
2021090705001545,JBLB,36,50,10,4800.0,48000.0
2021090705001544,JBLB,36,35,10,4799.0,47990.0
2021090705001543,JBLB,36,26,10,4799.0,47990.0
2021090705001542,JBLB,36,3,10,4790.0,47900.0
2021090705001541,JBLB,36,41,10,4790.0,47900.0
2021090705001555,JBLB,28,53,10,4780.0,47800.0
2021090705001554,JBLB,28,4,10,4775.0,47750.0
2021090705001553,JBLB,48,56,10,4730.0,47300.0
2021090705001549,JBLB,52,57,10,4730.0,47300.0
2021090705001548,JBLB,36,49,10,4800.0,48000.0
2021090705001547,JBLB,36,45,10,4800.0,48000.0
2021090705001576,JBLB,48,14,10,4735.0,47350.0
2021090705001573,JBLB,34,34,10,4731.0,47310.0
2021090705001572,JBLB,58,45,20,4784.0,95680.0
2021090705001570,JBLB,34,7,10,4731.0,47310.0
2021090705001557,JBLB,28,29,10,4785.0,47850.0
2021090705001556,JBLB,28,25,10,4780.0,47800.0
2021090705001585,JBLB,58,45,10,4720.0,47200.0
2021090705001584,JBLB,32,45,10,4730.0,47300.0
2021090705001583,JBLB,54,45,20,4731.0,94620.0
2021090705001582,JBLB,46,45,10,4732.0,47320.0
2021090705001581,JBLB,53,14,10,4736.0,47360.0
2021090705001580,JBLB,48,14,10,4735.0,47350.0
2021090705001595,JBLB,22,6,10,4712.0,47120.0
2021090705001591,JBLB,34,59,10,4712.1,47121.0
2021090705001590,JBLB,34,14,10,4712.1,47121.0
2021090705001589,JBLB,22,14,10,4712.1,47121.0
2021090705001588,JBLB,47,45,20,4715.0,94300.0
2021090705001586,JBLB,58,45,10,4715.0,47150.0
2021090705001606,JBLB,49,45,10,4715.0,47150.0
2021090705001605,JBLB,14,56,10,4715.0,47150.0
2021090705001602,JBLB,6,59,10,4712.0,47120.0
2021090705001601,JBLB,42,45,40,4715.0,188600.0
2021090705001600,JBLB,42,29,10,4714.9,47149.0
2021090705001599,JBLB,44,45,100,4715.0,471500.0
2021090705001622,JBLB,58,40,10,4760.0,47600.0
2021090705001621,JBLB,58,17,10,4750.0,47500.0
2021090705001620,JBLB,58,35,10,4732.0,47320.0
2021090705001618,JBLB,19,26,10,4730.0,47300.0
2021090705001617,JBLB,19,16,10,4730.0,47300.0
2021090705001616,JBLB,19,34,20,4730.0,94600.0
2021090705001639,JBLB,57,14,10,4755.0,47550.0
2021090705001635,JBLB,58,48,10,4780.0,47800.0
2021090705001634,JBLB,33,45,10,4750.0,47500.0
2021090705001631,JBLB,33,41,10,4750.0,47500.0
2021090705001624,JBLB,58,28,10,4780.0,47800.0
2021090705001623,JBLB,58,44,10,4780.0,47800.0
2021090705001655,JBLB,17,28,10,4760.0,47600.0
2021090705001654,JBLB,5,41,10,4760.0,47600.0
2021090705001653,JBLB,58,34,10,4755.0,47550.0
2021090705001650,JBLB,58,50,10,4755.0,47550.0
2021090705001649,JBLB,58,51,10,4755.0,47550.0
2021090705001647,JBLB,57,6,10,4755.0,47550.0
2021090705001669,JBLB,48,52,10,4757.0,47570.0
2021090705001667,JBLB,33,22,10,4757.0,47570.0
2021090705001666,JBLB,58,6,10,4755.0,47550.0
2021090705001662,JBLB,58,29,10,4755.0,47550.0
2021090705001661,JBLB,58,13,10,4755.0,47550.0
2021090705001656,JBLB,58,57,10,4755.0,47550.0
2021090705001685,JBLB,38,47,10,4755.0,47550.0
2021090705001683,JBLB,36,21,10,4755.0,47550.0
2021090705001682,JBLB,20,35,10,4758.0,47580.0
2021090705001676,JBLB,33,38,10,4758.0,47580.0
2021090705001674,JBLB,36,49,10,4755.0,47550.0
2021090705001670,JBLB,33,8,10,4758.0,47580.0
2021090705001698,JBLB,54,1,10,4750.0,47500.0
2021090705001695,JBLB,54,57,10,4750.0,47500.0
2021090705001692,JBLB,38,40,30,4755.0,142650.0
2021090705001691,JBLB,7,49,10,4745.0,47450.0
2021090705001690,JBLB,46,40,20,4755.0,95100.0
2021090705001688,JBLB,13,56,20,4750.0,95000.0
2021090705001705,JBLB,34,21,10,4755.0,47550.0
2021090705001704,JBLB,34,40,40,4755.0,190200.0
2021090705001703,JBLB,4,35,10,4746.0,47460.0
2021090705001702,JBLB,13,22,20,4745.0,94900.0
2021090705001701,JBLB,7,22,10,4745.0,47450.0
2021090705001700,JBLB,7,40,10,4755.0,47550.0
2021090705001717,JBLB,4,25,10,4746.0,47460.0
2021090705001716,JBLB,57,25,10,4747.0,47470.0
2021090705001709,JBLB,34,52,10,4755.0,47550.0
2021090705001708,JBLB,34,25,10,4755.0,47550.0
2021090705001707,JBLB,34,38,10,4755.0,47550.0
2021090705001706,JBLB,34,58,10,4755.0,47550.0
2021090705001727,JBLB,35,56,10,4747.0,47470.0
2021090705001726,JBLB,35,50,10,4746.0,47460.0
2021090705001725,JBLB,35,38,40,4746.0,189840.0
2021090705001723,JBLB,36,54,10,4745.0,47450.0
2021090705001719,JBLB,4,38,10,4746.0,47460.0
2021090705001718,JBLB,49,52,10,4755.0,47550.0
2021090705001750,JBLB,45,58,10,4746.0,47460.0
2021090705001743,JBLB,45,38,10,4746.0,47460.0
2021090705001733,JBLB,45,58,10,4746.0,47460.0
2021090705001731,JBLB,45,56,20,4746.0,94920.0
2021090705001729,JBLB,35,45,10,4755.0,47550.0
2021090705001728,JBLB,35,45,30,4753.0,142590.0
2021090705001759,JBLB,35,34,20,4760.0,95200.0
2021090705001758,JBLB,35,57,10,4760.0,47600.0
2021090705001757,JBLB,35,58,10,4759.0,47590.0
2021090705001756,JBLB,35,48,10,4755.0,47550.0
2021090705001755,JBLB,35,34,10,4750.0,47500.0
2021090705001754,JBLB,45,56,10,4746.0,47460.0
2021090705001772,ULI,41,48,10,726.0,7260.0
2021090705001771,ULI,57,58,10,727.0,7270.0
2021090705001770,ULI,4,58,100,727.0,72700.0
2021090705001769,ULI,55,58,20,727.0,14540.0
2021090705001768,ULI,55,50,20,727.0,14540.0
2021090705001765,ULI,55,49,10,727.0,7270.0
2021090705001276,ULI,34,28,10,726.0,7260.0
2021090705001275,ULI,34,58,10,726.0,7260.0
2021090705001286,ULI,57,33,10,727.0,7270.0
2021090705001285,ULI,34,58,10,726.0,7260.0
2021090705001284,ULI,34,28,10,726.0,7260.0
2021090705001282,ULI,34,58,10,726.0,7260.0
2021090705001281,ULI,34,29,10,726.0,7260.0
2021090705001278,ULI,34,38,10,726.0,7260.0
2021090705001294,ULI,34,22,10,726.0,7260.0
2021090705001292,ULI,34,28,10,726.0,7260.0
2021090705001291,ULI,34,40,10,726.0,7260.0
2021090705001290,ULI,34,21,10,726.0,7260.0
2021090705001289,ULI,34,28,10,726.0,7260.0
2021090705001287,ULI,34,38,10,726.0,7260.0
2021090705001311,ULI,34,16,100,726.0,72600.0
2021090705001301,ULI,34,35,10,726.0,7260.0
2021090705001300,ULI,34,3,10,726.0,7260.0
2021090705001299,ULI,49,14,10,727.0,7270.0
2021090705001298,ULI,49,38,10,727.0,7270.0
2021090705001297,ULI,34,50,10,726.0,7260.0
2021090705001325,ULI,34,38,10,726.0,7260.0
2021090705001321,ULI,34,49,10,726.0,7260.0
2021090705001317,ULI,34,55,10,726.0,7260.0
2021090705001316,ULI,34,47,10,726.0,7260.0
2021090705001314,ULI,34,33,10,726.0,7260.0
2021090705001312,ULI,34,16,10,726.0,7260.0
2021090705001334,ULI,34,38,10,726.0,7260.0
2021090705001332,ULI,34,28,10,726.0,7260.0
2021090705001331,ULI,34,45,10,726.0,7260.0
2021090705001330,ULI,34,17,10,726.0,7260.0
2021090705001329,ULI,34,17,10,726.0,7260.0
2021090705001328,ULI,34,22,10,726.0,7260.0
2021090705001346,ULI,53,57,10,727.0,7270.0
2021090705001344,ULI,34,49,10,726.0,7260.0
2021090705001342,ULI,34,3,10,726.0,7260.0
2021090705001341,ULI,22,56,10,727.0,7270.0
2021090705001339,ULI,34,33,35,726.0,25410.0
2021090705001336,ULI,34,58,10,726.0,7260.0
2021090705001353,ULI,53,38,10,727.0,7270.0
2021090705001352,ULI,53,56,10,727.0,7270.0
2021090705001351,ULI,53,43,10,727.0,7270.0
2021090705001349,ULI,53,58,10,727.0,7270.0
2021090705001348,ULI,53,38,10,727.0,7270.0
2021090705001347,ULI,53,56,10,727.0,7270.0
2021090705001360,ULI,54,7,10,728.0,7280.0
2021090705001359,ULI,54,49,10,728.0,7280.0
2021090705001357,ULI,54,28,40,728.0,29120.0
2021090705001356,ULI,54,51,10,728.0,7280.0
2021090705001355,ULI,53,49,10,727.0,7270.0
2021090705001354,ULI,53,58,10,727.0,7270.0
2021090705001372,ULI,54,38,10,728.0,7280.0
2021090705001371,ULI,54,57,10,728.0,7280.0
2021090705001370,ULI,54,34,10,728.0,7280.0
2021090705001369,ULI,54,55,10,728.0,7280.0
2021090705001367,ULI,54,14,10,728.0,7280.0
2021090705001364,ULI,54,38,10,728.0,7280.0
2021090705001379,ULI,22,51,50,726.0,36300.0
2021090705001378,ULI,34,51,55,726.0,39930.0
2021090705001377,ULI,17,51,20,727.0,14540.0
2021090705001376,ULI,53,51,10,727.0,7270.0
2021090705001375,ULI,54,51,160,728.0,116480.0
2021090705001374,ULI,54,46,10,728.0,7280.0
2021090705001386,ULI,49,51,80,725.0,58000.0
2021090705001385,ULI,45,51,30,725.2,21756.0
2021090705001383,ULI,45,4,10,725.2,7252.0
2021090705001382,ULI,45,3,10,725.2,7252.0
2021090705001381,ULI,58,51,500,726.0,363000.0
2021090705001380,ULI,55,51,120,726.0,87120.0
2021090705001392,ULI,59,51,100,725.0,72500.0
2021090705001391,ULI,26,51,20,725.0,14500.0
2021090705001390,ULI,21,51,240,725.0,174000.0
2021090705001389,ULI,53,51,20,725.0,14500.0
2021090705001388,ULI,58,51,30,725.0,21750.0
2021090705001387,ULI,49,51,100,725.0,72500.0
2021090705001399,ULI,35,3,10,724.0,7240.0
2021090705001398,ULI,35,4,10,724.0,7240.0
2021090705001396,ULI,46,51,20,725.0,14500.0
2021090705001395,ULI,49,51,50,725.0,36250.0
2021090705001394,ULI,55,51,40,725.0,29000.0
2021090705001393,ULI,29,51,200,725.0,145000.0
2021090705001410,ULI,21,41,100,722.0,72200.0
2021090705001409,ULI,46,41,500,722.0,361000.0
2021090705001408,ULI,51,41,30,722.0,21660.0
2021090705001402,ULI,21,45,10,724.0,7240.0
2021090705001401,ULI,35,45,20,724.0,14480.0
2021090705001400,ULI,35,4,10,724.0,7240.0
2021090705001424,ULI,42,38,10,722.0,7220.0
2021090705001416,ULI,6,51,10,725.0,7250.0
2021090705001415,ULI,6,45,20,724.0,14480.0
2021090705001414,ULI,42,53,10,722.0,7220.0
2021090705001413,ULI,58,26,10,722.0,7220.0
2021090705001411,ULI,58,38,10,722.0,7220.0
2021090705001436,ULI,25,51,60,725.0,43500.0
2021090705001435,ULI,25,7,10,724.0,7240.0
2021090705001434,ULI,25,58,10,724.0,7240.0
2021090705001433,ULI,25,16,10,722.0,7220.0
2021090705001432,ULI,25,58,10,721.9,7219.0
2021090705001428,ULI,34,41,19,721.0,13699.0
2021090705001443,ULI,28,20,10,722.0,7220.0
2021090705001442,ULI,34,36,10,721.0,7210.0
2021090705001441,ULI,34,44,10,721.0,7210.0
2021090705001440,ULI,34,17,10,721.0,7210.0
2021090705001438,ULI,25,51,90,725.0,65250.0
2021090705001437,ULI,25,43,10,725.0,7250.0
2021090705001449,ULI,34,58,10,721.0,7210.0
2021090705001448,ULI,34,38,10,721.0,7210.0
2021090705001447,ULI,34,34,10,721.0,7210.0
2021090705001446,ULI,59,51,10,725.0,7250.0
2021090705001445,ULI,59,34,30,722.0,21660.0
2021090705001444,ULI,28,34,50,722.0,36100.0
2021090705001460,ULI,34,16,10,721.0,7210.0
2021090705001457,ULI,57,8,10,722.0,7220.0
2021090705001454,ULI,57,58,10,722.0,7220.0
2021090705001453,ULI,57,8,10,722.0,7220.0
2021090705001452,ULI,8,45,10,722.0,7220.0
2021090705001450,ULI,8,56,10,722.0,7220.0
2021090705001473,ULI,58,16,10,722.0,7220.0
2021090705001471,ULI,58,13,10,722.0,7220.0
2021090705001470,ULI,58,21,10,722.0,7220.0
2021090705001468,ULI,58,52,10,722.0,7220.0
2021090705001467,ULI,58,45,10,722.0,7220.0
2021090705001465,ULI,58,5,10,722.0,7220.0
2021090705001487,ULI,34,58,10,721.0,7210.0
2021090705001486,ULI,34,16,100,721.0,72100.0
2021090705001480,ULI,58,49,10,722.0,7220.0
2021090705001478,ULI,58,32,10,722.0,7220.0
2021090705001477,ULI,58,58,10,722.0,7220.0
2021090705001476,ULI,58,35,10,722.0,7220.0
2021090705001501,ULI,42,22,10,721.0,7210.0
2021090705001500,ULI,42,28,10,721.0,7210.0
2021090705001499,ULI,49,13,10,722.0,7220.0
2021090705001492,ULI,49,20,10,722.0,7220.0
2021090705001491,ULI,45,13,10,722.0,7220.0
2021090705001488,ULI,42,16,10,721.0,7210.0
2021090705001516,ULI,14,21,10,722.1,7221.0
2021090705001515,ULI,25,58,10,725.0,7250.0
2021090705001514,ULI,25,25,10,725.0,7250.0
2021090705001513,ULI,25,52,10,725.0,7250.0
2021090705001512,ULI,25,41,10,724.0,7240.0
2021090705001502,ULI,14,11,10,722.0,7220.0
2021090705001538,ULI,54,21,10,725.0,7250.0
2021090705001537,ULI,54,58,10,722.1,7221.0
2021090705001535,ULI,35,17,10,722.0,7220.0
2021090705001524,ULI,14,57,10,722.1,7221.0
2021090705001523,ULI,14,11,10,722.1,7221.0
2021090705001517,ULI,14,41,10,722.1,7221.0
2021090705001559,ULI,42,41,10,721.0,7210.0
2021090705001558,ULI,42,41,10,721.0,7210.0
2021090705001552,ULI,42,11,10,721.0,7210.0
2021090705001551,ULI,25,53,20,725.0,14500.0
2021090705001550,ULI,42,56,10,721.0,7210.0
2021090705001539,ULI,54,53,30,725.0,21750.0
2021090705001565,ULI,49,51,200,721.0,144200.0
2021090705001564,ULI,42,51,170,721.0,122570.0
2021090705001563,ULI,42,38,10,721.0,7210.0
2021090705001562,ULI,42,26,10,721.0,7210.0
2021090705001561,ULI,25,35,10,723.0,7230.0
2021090705001560,ULI,25,56,10,724.0,7240.0
2021090705001574,ULI,45,22,10,721.0,7210.0
2021090705001571,ULI,45,50,10,721.0,7210.0
2021090705001569,ULI,52,51,35,721.0,25235.0
2021090705001568,ULI,45,51,50,721.0,36050.0
2021090705001567,ULI,45,38,10,721.0,7210.0
2021090705001566,ULI,45,51,630,721.0,454230.0
2021090705001592,ULI,25,21,10,722.0,7220.0
2021090705001587,ULI,25,45,10,722.0,7220.0
2021090705001579,ULI,25,20,10,722.0,7220.0
2021090705001578,ULI,25,51,10,722.0,7220.0
2021090705001577,ULI,25,28,10,722.0,7220.0
2021090705001575,ULI,25,54,10,722.0,7220.0
2021090705001603,ULI,55,28,10,722.0,7220.0
2021090705001598,ULI,49,34,10,722.0,7220.0
2021090705001597,ULI,8,38,10,725.0,7250.0
2021090705001596,ULI,49,52,10,722.0,7220.0
2021090705001594,ULI,49,26,10,722.0,7220.0
2021090705001593,ULI,25,22,10,722.0,7220.0
2021090705001611,ULI,29,34,50,725.0,36250.0
2021090705001610,ULI,29,58,10,725.0,7250.0
2021090705001609,ULI,29,58,10,725.0,7250.0
2021090705001608,ULI,29,38,10,725.0,7250.0
2021090705001607,ULI,55,28,10,722.0,7220.0
2021090705001604,ULI,55,38,10,722.0,7220.0
2021090705001625,ULI,55,32,40,722.0,28880.0
2021090705001619,ULI,55,4,10,722.0,7220.0
2021090705001615,ULI,55,49,10,722.0,7220.0
2021090705001614,ULI,55,58,10,722.0,7220.0
2021090705001613,ULI,34,45,15,728.0,10920.0
2021090705001612,ULI,34,49,10,728.0,7280.0
2021090705001632,ULI,25,55,10,722.0,7220.0
2021090705001630,ULI,34,14,10,721.1,7211.0
2021090705001629,ULI,25,32,30,721.2,21636.0
2021090705001628,ULI,25,28,10,721.2,7212.0
2021090705001627,ULI,25,28,10,721.2,7212.0
2021090705001626,ULI,25,32,50,722.0,36100.0
2021090705001641,ULI,16,51,10,725.0,7250.0
2021090705001640,ULI,16,43,10,725.0,7250.0
2021090705001638,ULI,42,20,10,725.0,7250.0
2021090705001637,ULI,42,55,10,725.0,7250.0
2021090705001636,ULI,42,59,30,724.0,21720.0
2021090705001633,ULI,34,28,10,721.1,7211.0
2021090705001648,ULI,16,48,10,725.0,7250.0
2021090705001646,ULI,16,48,10,725.0,7250.0
2021090705001645,ULI,16,59,10,725.0,7250.0
2021090705001644,ULI,16,14,10,725.0,7250.0
2021090705001643,ULI,16,25,10,725.0,7250.0
2021090705001642,ULI,16,6,10,725.0,7250.0
2021090705001660,ULI,42,43,50,725.0,36250.0
2021090705001659,ULI,32,43,100,725.0,72500.0
2021090705001658,ULI,58,43,20,725.0,14500.0
2021090705001657,ULI,16,49,10,725.0,7250.0
2021090705001652,ULI,41,45,50,728.0,36400.0
2021090705001651,ULI,16,7,10,725.0,7250.0
2021090705001672,ULI,32,25,10,727.0,7270.0
2021090705001671,ULI,32,58,10,726.0,7260.0
2021090705001668,ULI,34,7,10,725.0,7250.0
2021090705001665,ULI,34,18,10,725.0,7250.0
2021090705001664,ULI,34,43,30,725.0,21750.0
2021090705001663,ULI,57,58,10,724.0,7240.0
2021090705001680,ULI,14,48,10,725.0,7250.0
2021090705001679,ULI,14,28,10,725.0,7250.0
2021090705001678,ULI,14,48,10,725.0,7250.0
2021090705001677,ULI,7,6,10,725.1,7251.0
2021090705001675,ULI,45,6,10,725.0,7250.0
2021090705001673,ULI,34,56,10,725.0,7250.0
2021090705001693,ULI,51,21,10,725.5,7255.0
2021090705001689,ULI,51,58,10,725.5,7255.0
2021090705001687,ULI,51,48,10,725.5,7255.0
2021090705001686,ULI,51,43,10,725.5,7255.0
2021090705001684,ULI,14,48,10,725.0,7250.0
2021090705001681,ULI,14,58,10,725.0,7250.0
2021090705001711,ULI,51,48,10,727.0,7270.0
2021090705001710,ULI,51,58,10,726.0,7260.0
2021090705001699,ULI,11,4,10,725.6,7256.0
2021090705001697,ULI,11,28,10,725.6,7256.0
2021090705001696,ULI,11,56,10,725.6,7256.0
2021090705001694,ULI,51,34,10,725.5,7255.0
2021090705001721,ULI,51,45,10,727.0,7270.0
2021090705001720,ULI,51,54,10,727.0,7270.0
2021090705001715,ULI,51,35,10,727.0,7270.0
2021090705001714,ULI,51,58,10,727.0,7270.0
2021090705001713,ULI,51,58,10,727.0,7270.0
2021090705001712,ULI,51,34,10,727.0,7270.0
2021090705001735,ULI,51,6,10,727.0,7270.0
2021090705001734,ULI,51,4,10,727.0,7270.0
2021090705001732,ULI,51,58,10,727.0,7270.0
2021090705001730,ULI,51,14,50,727.0,36350.0
2021090705001724,ULI,51,56,10,727.0,7270.0
2021090705001722,ULI,51,45,10,727.0,7270.0
2021090705001741,ULI,51,56,10,727.0,7270.0
2021090705001740,ULI,42,45,60,728.0,43680.0
2021090705001739,ULI,51,42,10,727.0,7270.0
2021090705001738,ULI,51,8,10,727.0,7270.0
2021090705001737,ULI,51,38,10,727.0,7270.0
2021090705001736,ULI,51,56,10,727.0,7270.0
2021090705001748,ULI,38,41,10,729.0,7290.0
2021090705001747,ULI,38,49,10,728.0,7280.0
2021090705001746,ULI,38,51,10,728.0,7280.0
2021090705001745,ULI,38,45,15,728.0,10920.0
2021090705001744,ULI,51,42,10,727.0,7270.0
2021090705001742,ULI,51,35,10,727.0,7270.0
2021090705001764,ULI,51,51,30,729.0,21870.0
2021090705001763,ULI,8,38,10,728.0,7280.0
2021090705001753,ULI,51,11,10,727.0,7270.0
2021090705001752,ULI,51,47,10,727.0,7270.0
2021090705001751,ULI,51,36,10,727.0,7270.0
2021090705001749,ULI,38,34,55,729.0,40095.0
2021090705001273,JBLB,56,28,10,4726.0,47260.0
2021090705001272,JBLB,56,38,10,4726.0,47260.0
2021090705001271,JBLB,55,38,20,4726.5,94530.0
2021090705001267,JBLB,28,52,10,4736.0,47360.0
2021090705001266,JBLB,28,22,10,4736.0,47360.0
2021090705001262,JBLB,54,48,10,4731.0,47310.0
2021090705000774,JBLB,44,28,10,4784.1,47841.0
2021090705000782,JBLB,41,43,20,4783.1,95662.0
2021090705000781,JBLB,19,29,10,4784.1,47841.0
2021090705000780,JBLB,44,32,10,4784.1,47841.0
2021090705000779,JBLB,44,21,10,4784.1,47841.0
2021090705000778,JBLB,21,48,10,4784.2,47842.0
2021090705000777,JBLB,44,20,10,4784.1,47841.0
2021090705000790,JBLB,51,46,10,4785.0,47850.0
2021090705000789,JBLB,52,32,10,4785.0,47850.0
2021090705000788,JBLB,52,33,10,4785.0,47850.0
2021090705000787,JBLB,52,33,10,4785.0,47850.0
2021090705000786,JBLB,34,22,10,4783.0,47830.0
2021090705000783,JBLB,34,43,50,4783.0,239150.0
2021090705000809,JBLB,52,35,10,4785.0,47850.0
2021090705000802,JBLB,54,56,10,4786.0,47860.0
2021090705000801,JBLB,54,48,10,4786.0,47860.0
2021090705000799,JBLB,52,57,10,4785.0,47850.0
2021090705000795,JBLB,55,56,10,4784.0,47840.0
2021090705000791,JBLB,55,57,10,4784.0,47840.0
2021090705000816,JBLB,34,38,10,4800.0,48000.0
2021090705000815,JBLB,34,34,10,4795.0,47950.0
2021090705000814,JBLB,34,51,10,4795.0,47950.0
2021090705000813,JBLB,57,41,10,4795.0,47950.0
2021090705000812,JBLB,57,38,10,4790.0,47900.0
2021090705000810,JBLB,50,14,10,4786.0,47860.0
2021090705000823,JBLB,26,29,10,4790.0,47900.0
2021090705000822,JBLB,26,32,10,4790.0,47900.0
2021090705000820,JBLB,56,22,10,4785.0,47850.0
2021090705000819,JBLB,56,53,10,4785.0,47850.0
2021090705000818,JBLB,34,38,10,4800.0,48000.0
2021090705000817,JBLB,34,22,10,4800.0,48000.0
2021090705000843,JBLB,26,49,10,4790.0,47900.0
2021090705000839,JBLB,26,17,10,4790.0,47900.0
2021090705000834,JBLB,26,39,10,4790.0,47900.0
2021090705000828,JBLB,33,53,10,4800.0,48000.0
2021090705000826,JBLB,26,43,10,4790.0,47900.0
2021090705000825,JBLB,26,56,10,4790.0,47900.0
2021090705000857,JBLB,35,49,10,4790.0,47900.0
2021090705000856,JBLB,35,52,10,4790.0,47900.0
2021090705000853,JBLB,26,43,10,4790.0,47900.0
2021090705000851,JBLB,26,59,10,4790.0,47900.0
2021090705000845,JBLB,26,45,10,4790.0,47900.0
2021090705000844,JBLB,35,18,10,4795.0,47950.0
2021090705000880,JBLB,45,8,10,4786.0,47860.0
2021090705000878,JBLB,45,6,10,4786.0,47860.0
2021090705000877,JBLB,56,6,10,4785.0,47850.0
2021090705000871,JBLB,56,52,10,4785.0,47850.0
2021090705000870,JBLB,50,52,10,4786.0,47860.0
2021090705000868,JBLB,32,41,10,4790.0,47900.0
2021090705000889,JBLB,54,28,10,4786.0,47860.0
2021090705000887,JBLB,54,35,10,4786.0,47860.0
2021090705000886,JBLB,28,56,10,4785.1,47851.0
2021090705000885,JBLB,55,35,10,4786.0,47860.0
2021090705000882,JBLB,45,36,10,4786.0,47860.0
2021090705000881,JBLB,45,39,10,4786.0,47860.0
2021090705000908,JBLB,33,18,10,4783.0,47830.0
2021090705000906,JBLB,49,34,10,4785.0,47850.0
2021090705000897,JBLB,33,58,10,4783.0,47830.0
2021090705000896,JBLB,34,7,10,4783.0,47830.0
2021090705000894,JBLB,34,17,10,4783.0,47830.0
2021090705000892,JBLB,34,17,10,4783.0,47830.0
2021090705000918,JBLB,34,3,10,4782.0,47820.0
2021090705000917,JBLB,34,3,10,4782.0,47820.0
2021090705000915,JBLB,35,54,10,4786.0,47860.0
2021090705000914,JBLB,34,47,10,4782.0,47820.0
2021090705000913,JBLB,34,16,10,4782.0,47820.0
2021090705000909,JBLB,35,26,10,4786.0,47860.0
2021090705000935,JBLB,49,3,10,4782.0,47820.0
2021090705000932,JBLB,34,58,10,4782.0,47820.0
2021090705000931,JBLB,34,58,10,4782.0,47820.0
2021090705000926,JBLB,34,49,10,4782.0,47820.0
2021090705000925,JBLB,34,57,10,4782.0,47820.0
2021090705000919,JBLB,34,58,10,4782.0,47820.0
2021090705000948,JBLB,36,48,10,4780.5,47805.0
2021090705000947,JBLB,36,45,10,4780.5,47805.0
2021090705000946,JBLB,36,41,10,4780.5,47805.0
2021090705000944,JBLB,42,59,60,4780.6,286836.0
2021090705000943,JBLB,4,25,10,4784.0,47840.0
2021090705000940,JBLB,49,58,10,4782.0,47820.0
2021090705000959,JBLB,45,36,10,4782.0,47820.0
2021090705000956,JBLB,45,45,10,4782.0,47820.0
2021090705000955,JBLB,36,47,10,4780.5,47805.0
2021090705000954,JBLB,36,38,10,4780.5,47805.0
2021090705000953,JBLB,53,45,10,4780.7,47807.0
2021090705000949,JBLB,36,28,10,4780.5,47805.0
2021090705000969,JBLB,58,6,10,4780.5,47805.0
2021090705000968,JBLB,58,29,40,4780.5,191220.0
2021090705000967,JBLB,36,29,140,4780.5,669270.0
2021090705000966,JBLB,45,29,20,4782.0,95640.0
2021090705000965,JBLB,45,25,10,4782.0,47820.0
2021090705000960,JBLB,45,1,10,4782.0,47820.0
2021090705000978,JBLB,34,58,470,4780.0,2246600.0
2021090705000977,JBLB,58,58,30,4780.5,143415.0
2021090705000975,JBLB,58,53,10,4780.5,47805.0
2021090705000973,JBLB,53,10,20,4789.0,95780.0
2021090705000972,JBLB,53,51,10,4785.0,47850.0
2021090705000971,JBLB,58,38,10,4780.5,47805.0
2021090705000992,JBLB,33,47,20,4775.0,95500.0
2021090705000991,JBLB,47,47,10,4775.0,47750.0
2021090705000984,JBLB,50,58,25,4775.0,119375.0
2021090705000983,JBLB,19,53,10,4780.0,47800.0
2021090705000981,JBLB,19,53,10,4780.0,47800.0
2021090705000979,JBLB,34,21,10,4780.0,47800.0
2021090705001003,JBLB,42,26,15,4771.0,71565.0
2021090705001002,JBLB,4,26,10,4772.0,47720.0
2021090705001001,JBLB,35,26,20,4773.0,95460.0
2021090705000998,JBLB,35,49,10,4773.0,47730.0
2021090705000997,JBLB,35,22,10,4773.0,47730.0
2021090705000996,JBLB,35,56,10,4773.0,47730.0
2021090705001038,JBLB,49,57,10,4774.0,47740.0
2021090705001037,JBLB,38,3,10,4774.0,47740.0
2021090705001036,JBLB,38,16,10,4774.0,47740.0
2021090705001034,JBLB,58,58,10,4771.0,47710.0
2021090705001006,JBLB,58,3,10,4773.0,47730.0
2021090705001004,JBLB,58,41,10,4773.0,47730.0
2021090705001055,JBLB,43,7,20,4779.0,95580.0
2021090705001052,JBLB,35,55,10,4770.0,47700.0
2021090705001050,JBLB,14,58,10,4770.0,47700.0
2021090705001047,JBLB,58,36,10,4771.0,47710.0
2021090705001043,JBLB,58,43,10,4771.0,47710.0
2021090705001039,JBLB,45,18,10,4773.0,47730.0
2021090705001062,JBLB,58,55,10,4770.0,47700.0
2021090705001061,JBLB,11,55,20,4770.0,95400.0
2021090705001060,JBLB,26,55,10,4770.0,47700.0
2021090705001059,JBLB,32,55,10,4770.0,47700.0
2021090705001058,JBLB,10,55,25,4770.0,119250.0
2021090705001057,JBLB,10,47,10,4770.0,47700.0
2021090705001069,JBLB,28,14,10,4765.0,47650.0
2021090705001067,JBLB,58,32,10,4770.0,47700.0
2021090705001066,JBLB,58,14,10,4770.0,47700.0
2021090705001065,JBLB,58,29,10,4770.0,47700.0
2021090705001064,JBLB,58,52,10,4770.0,47700.0
2021090705001063,JBLB,6,52,10,4780.0,47800.0
2021090705001079,JBLB,14,55,100,4750.0,475000.0
2021090705001078,JBLB,52,55,10,4750.0,47500.0
2021090705001077,JBLB,26,55,20,4751.0,95020.0
2021090705001076,JBLB,28,55,10,4758.0,47580.0
2021090705001075,JBLB,28,55,20,4763.0,95260.0
2021090705001074,JBLB,28,52,10,4765.0,47650.0
2021090705001085,JBLB,6,10,20,4770.0,95400.0
2021090705001084,JBLB,3,55,10,4750.0,47500.0
2021090705001083,JBLB,56,55,20,4750.0,95000.0
2021090705001082,JBLB,35,55,10,4750.0,47500.0
2021090705001081,JBLB,38,55,10,4750.0,47500.0
2021090705001080,JBLB,45,55,10,4750.0,47500.0
2021090705001094,JBLB,51,36,40,4750.0,190000.0
2021090705001093,JBLB,33,36,10,4750.0,47500.0
2021090705001092,JBLB,33,49,10,4750.0,47500.0
2021090705001089,JBLB,45,14,10,4750.0,47500.0
2021090705001087,JBLB,1,14,10,4750.0,47500.0
2021090705001086,JBLB,45,14,10,4750.0,47500.0
2021090705001101,JBLB,38,14,10,4740.0,47400.0
2021090705001100,JBLB,39,41,10,4746.0,47460.0
2021090705001099,JBLB,7,36,20,4750.0,95000.0
2021090705001097,JBLB,39,14,10,4746.0,47460.0
2021090705001096,JBLB,47,36,30,4750.0,142500.0
2021090705001095,JBLB,52,36,20,4750.0,95000.0
2021090705001111,JBLB,33,41,10,4726.0,47260.0
2021090705001110,JBLB,33,41,10,4726.0,47260.0
2021090705001109,JBLB,58,41,10,4727.0,47270.0
2021090705001107,JBLB,53,41,10,4730.0,47300.0
2021090705001106,JBLB,36,41,10,4730.0,47300.0
2021090705001102,JBLB,26,41,10,4740.0,47400.0
2021090705001118,JBLB,50,36,10,4726.0,47260.0
2021090705001116,JBLB,40,41,10,4725.1,47251.0
2021090705001115,JBLB,38,36,30,4726.0,141780.0
2021090705001114,JBLB,33,36,10,4726.0,47260.0
2021090705001113,JBLB,43,36,10,4727.1,47271.0
2021090705001112,JBLB,43,41,10,4727.1,47271.0
2021090705001132,JBLB,56,17,10,4730.0,47300.0
2021090705001127,JBLB,58,59,10,4720.1,47201.0
2021090705001126,JBLB,26,34,10,4715.1,47151.0
2021090705001122,JBLB,42,36,10,4725.0,47250.0
2021090705001120,JBLB,58,36,10,4725.0,47250.0
2021090705001119,JBLB,48,36,20,4725.0,94500.0
2021090705001155,JBLB,59,55,10,4726.0,47260.0
2021090705001149,JBLB,42,41,10,4726.0,47260.0
2021090705001147,JBLB,42,10,30,4726.0,141780.0
2021090705001138,JBLB,42,41,10,4726.0,47260.0
2021090705001137,JBLB,56,45,40,4740.0,189600.0
2021090705001134,JBLB,38,6,10,4740.0,47400.0
2021090705001166,JBLB,42,58,10,4721.0,47210.0
2021090705001165,JBLB,42,41,10,4721.0,47210.0
2021090705001160,JBLB,58,36,10,4720.1,47201.0
2021090705001159,JBLB,54,32,10,4725.0,47250.0
2021090705001157,JBLB,33,29,10,4726.0,47260.0
2021090705001156,JBLB,33,55,90,4726.0,425340.0
2021090705001173,JBLB,56,41,10,4721.0,47210.0
2021090705001172,JBLB,38,39,10,4726.0,47260.0
2021090705001171,JBLB,38,57,10,4721.0,47210.0
2021090705001170,JBLB,42,38,10,4721.0,47210.0
2021090705001168,JBLB,42,41,10,4721.0,47210.0
2021090705001167,JBLB,42,16,10,4721.0,47210.0
2021090705001185,JBLB,6,57,10,4730.0,47300.0
2021090705001184,JBLB,7,28,10,4725.0,47250.0
2021090705001183,JBLB,7,46,10,4725.0,47250.0
2021090705001181,JBLB,7,16,10,4725.0,47250.0
2021090705001180,JBLB,7,16,10,4725.0,47250.0
2021090705001174,JBLB,42,38,10,4725.0,47250.0
2021090705001205,JBLB,52,28,10,4726.0,47260.0
2021090705001203,JBLB,7,41,10,4725.0,47250.0
2021090705001202,JBLB,21,3,10,4726.0,47260.0
2021090705001201,JBLB,21,35,10,4726.0,47260.0
2021090705001197,JBLB,7,6,10,4725.0,47250.0
2021090705001186,JBLB,7,50,10,4725.0,47250.0
2021090705001237,JBLB,7,49,10,4725.0,47250.0
2021090705001235,JBLB,6,56,10,4726.0,47260.0
2021090705001234,JBLB,7,34,10,4725.0,47250.0
2021090705001230,JBLB,7,28,10,4725.0,47250.0
2021090705001216,JBLB,7,49,10,4725.0,47250.0
2021090705001206,JBLB,52,6,10,4726.0,47260.0
2021090705001260,JBLB,35,58,10,4730.0,47300.0
2021090705001250,JBLB,39,26,20,4730.0,94600.0
2021090705001245,JBLB,21,1,10,4730.0,47300.0
2021090705001243,JBLB,48,52,10,4726.0,47260.0
2021090705001242,JBLB,48,28,10,4726.0,47260.0
2021090705001241,JBLB,52,28,10,4735.0,47350.0
2021090705001270,ULI,34,58,10,726.1,7261.0
2021090705001269,ULI,34,28,10,726.0,7260.0
2021090705001268,ULI,34,47,10,726.0,7260.0
2021090705001265,ULI,34,29,10,726.0,7260.0
2021090705001264,ULI,34,28,10,726.0,7260.0
2021090705001263,ULI,34,28,10,726.0,7260.0
2021090705000775,ULI,54,57,10,732.0,7320.0
2021090705000794,ULI,22,45,10,733.0,7330.0
2021090705000793,ULI,22,59,10,733.0,7330.0
2021090705000792,ULI,38,17,10,733.0,7330.0
2021090705000785,ULI,38,22,10,733.0,7330.0
2021090705000784,ULI,54,38,10,732.0,7320.0
2021090705000776,ULI,54,49,10,732.0,7320.0
2021090705000804,ULI,22,56,10,733.0,7330.0
2021090705000803,ULI,22,49,10,733.0,7330.0
2021090705000800,ULI,22,52,10,733.0,7330.0
2021090705000798,ULI,22,45,10,733.0,7330.0
2021090705000797,ULI,22,45,10,733.0,7330.0
2021090705000796,ULI,22,45,10,733.0,7330.0
2021090705000821,ULI,33,50,10,732.1,7321.0
2021090705000811,ULI,33,51,10,732.1,7321.0
2021090705000808,ULI,49,17,10,733.0,7330.0
2021090705000807,ULI,22,34,10,733.0,7330.0
2021090705000806,ULI,22,14,10,733.0,7330.0
2021090705000805,ULI,33,42,10,735.0,7350.0
2021090705000832,ULI,38,11,10,733.0,7330.0
2021090705000831,ULI,38,57,10,733.0,7330.0
2021090705000830,ULI,38,49,10,733.0,7330.0
2021090705000829,ULI,38,56,10,733.0,7330.0
2021090705000827,ULI,38,38,10,733.0,7330.0
2021090705000824,ULI,33,52,10,732.1,7321.0
2021090705000840,ULI,34,49,10,732.2,7322.0
2021090705000838,ULI,34,7,10,732.2,7322.0
2021090705000837,ULI,34,57,10,732.2,7322.0
2021090705000836,ULI,33,1,10,732.1,7321.0
2021090705000835,ULI,33,14,10,732.1,7321.0
2021090705000833,ULI,33,22,10,732.1,7321.0
2021090705000849,ULI,6,51,10,734.0,7340.0
2021090705000848,ULI,6,45,10,734.0,7340.0
2021090705000847,ULI,45,1,10,734.0,7340.0
2021090705000846,ULI,34,8,10,732.2,7322.0
2021090705000842,ULI,34,57,10,732.2,7322.0
2021090705000841,ULI,34,1,10,732.2,7322.0
2021090705000859,ULI,34,56,10,735.0,7350.0
2021090705000858,ULI,34,32,10,734.0,7340.0
2021090705000855,ULI,34,32,10,732.2,7322.0
2021090705000854,ULI,34,19,10,732.2,7322.0
2021090705000852,ULI,34,38,10,732.2,7322.0
2021090705000850,ULI,34,8,10,732.2,7322.0
2021090705000865,ULI,34,58,10,735.0,7350.0
2021090705000864,ULI,34,49,10,735.0,7350.0
2021090705000863,ULI,34,29,10,735.0,7350.0
2021090705000862,ULI,34,41,10,735.0,7350.0
2021090705000861,ULI,34,35,10,735.0,7350.0
2021090705000860,ULI,34,35,10,735.0,7350.0
2021090705000874,ULI,6,39,10,732.2,7322.0
2021090705000873,ULI,6,39,10,732.2,7322.0
2021090705000872,ULI,6,35,10,732.2,7322.0
2021090705000869,ULI,6,35,10,732.2,7322.0
2021090705000867,ULI,34,57,10,735.0,7350.0
2021090705000866,ULI,34,44,10,735.0,7350.0
2021090705000888,ULI,47,26,10,734.0,7340.0
2021090705000884,ULI,4,4,10,732.2,7322.0
2021090705000883,ULI,34,49,10,732.2,7322.0
2021090705000879,ULI,34,36,10,732.2,7322.0
2021090705000876,ULI,34,41,10,732.1,7321.0
2021090705000875,ULI,6,26,10,732.2,7322.0
2021090705000899,ULI,33,17,10,732.3,7323.0
2021090705000898,ULI,1,49,10,733.0,7330.0
2021090705000895,ULI,33,46,10,732.3,7323.0
2021090705000893,ULI,47,17,10,734.0,7340.0
2021090705000891,ULI,47,26,10,734.0,7340.0
2021090705000890,ULI,47,49,10,734.0,7340.0
2021090705000905,ULI,5,1,10,733.0,7330.0
2021090705000904,ULI,5,11,10,732.3,7323.0
2021090705000903,ULI,4,58,10,732.2,7322.0
2021090705000902,ULI,4,6,10,732.2,7322.0
2021090705000901,ULI,4,53,10,732.2,7322.0
2021090705000900,ULI,33,38,10,732.3,7323.0
2021090705000920,ULI,4,11,10,732.2,7322.0
2021090705000916,ULI,4,16,10,732.2,7322.0
2021090705000912,ULI,4,38,10,732.2,7322.0
2021090705000911,ULI,5,46,10,733.0,7330.0
2021090705000910,ULI,5,56,10,733.0,7330.0
2021090705000907,ULI,5,16,10,733.0,7330.0
2021090705000928,ULI,4,11,10,732.2,7322.0
2021090705000927,ULI,4,58,10,732.2,7322.0
2021090705000924,ULI,4,21,10,732.2,7322.0
2021090705000923,ULI,4,11,10,732.2,7322.0
2021090705000922,ULI,4,58,10,732.2,7322.0
2021090705000921,ULI,4,11,10,732.2,7322.0
2021090705000937,ULI,4,17,10,732.2,7322.0
2021090705000936,ULI,4,58,10,732.2,7322.0
2021090705000934,ULI,4,33,10,732.2,7322.0
2021090705000933,ULI,4,11,10,732.2,7322.0
2021090705000930,ULI,4,11,10,732.2,7322.0
2021090705000929,ULI,4,57,10,732.2,7322.0
2021090705000950,ULI,34,42,10,732.1,7321.0
2021090705000945,ULI,34,58,10,732.1,7321.0
2021090705000942,ULI,34,48,10,732.2,7322.0
2021090705000941,ULI,34,21,10,732.2,7322.0
2021090705000939,ULI,34,41,10,732.1,7321.0
2021090705000938,ULI,58,17,10,732.2,7322.0
2021090705000962,ULI,34,58,10,732.1,7321.0
2021090705000961,ULI,34,42,10,732.1,7321.0
2021090705000958,ULI,45,34,10,732.2,7322.0
2021090705000957,ULI,45,58,10,732.2,7322.0
2021090705000952,ULI,34,49,10,732.1,7321.0
2021090705000951,ULI,34,52,10,732.1,7321.0
2021090705000980,ULI,56,57,10,733.0,7330.0
2021090705000976,ULI,54,13,10,732.0,7320.0
2021090705000974,ULI,54,47,10,732.0,7320.0
2021090705000970,ULI,34,21,10,732.1,7321.0
2021090705000964,ULI,42,54,5,732.0,3660.0
2021090705000963,ULI,34,58,10,732.1,7321.0
2021090705000989,ULI,19,42,10,733.0,7330.0
2021090705000988,ULI,54,58,10,732.0,7320.0
2021090705000987,ULI,54,26,100,732.0,73200.0
2021090705000986,ULI,54,41,10,732.0,7320.0
2021090705000985,ULI,54,45,10,732.0,7320.0
2021090705000982,ULI,54,17,110,732.0,80520.0
2021090705001000,ULI,38,1,10,733.0,7330.0
2021090705000999,ULI,56,49,10,732.0,7320.0
2021090705000995,ULI,38,55,10,733.0,7330.0
2021090705000994,ULI,38,28,10,733.0,7330.0
2021090705000993,ULI,54,48,10,732.0,7320.0
2021090705000990,ULI,54,45,10,732.0,7320.0
2021090705001011,ULI,38,58,10,733.0,7330.0
2021090705001010,ULI,35,29,10,734.0,7340.0
2021090705001009,ULI,35,49,10,734.0,7340.0
2021090705001008,ULI,35,29,10,734.0,7340.0
2021090705001007,ULI,35,56,10,734.0,7340.0
2021090705001005,ULI,38,38,10,733.0,7330.0
2021090705001017,ULI,56,38,10,732.0,7320.0
2021090705001016,ULI,56,43,10,732.0,7320.0
2021090705001015,ULI,38,38,10,733.0,7330.0
2021090705001014,ULI,38,1,10,733.0,7330.0
2021090705001013,ULI,38,1,20,733.0,14660.0
2021090705001012,ULI,38,1,10,733.0,7330.0
2021090705001023,ULI,36,38,10,731.1,7311.0
2021090705001022,ULI,36,38,10,731.1,7311.0
2021090705001021,ULI,45,45,10,732.0,7320.0
2021090705001020,ULI,42,45,200,732.0,146400.0
2021090705001019,ULI,21,45,20,732.0,14640.0
2021090705001018,ULI,56,45,20,732.0,14640.0
2021090705001029,ULI,41,36,10,734.0,7340.0
2021090705001028,ULI,41,16,50,733.0,36650.0
2021090705001027,ULI,41,58,10,733.0,7330.0
2021090705001026,ULI,41,1,10,733.0,7330.0
2021090705001025,ULI,41,58,10,732.0,7320.0
2021090705001024,ULI,41,45,20,732.0,14640.0
2021090705001040,ULI,36,25,10,731.1,7311.0
2021090705001035,ULI,36,38,10,731.1,7311.0
2021090705001033,ULI,41,22,10,735.0,7350.0
2021090705001032,ULI,41,22,10,735.0,7350.0
2021090705001031,ULI,41,58,10,735.0,7350.0
2021090705001030,ULI,41,57,10,734.5,7345.0
2021090705001048,ULI,41,43,10,731.5,7315.0
2021090705001046,ULI,19,34,20,732.1,14642.0
2021090705001045,ULI,19,49,10,732.1,7321.0
2021090705001044,ULI,19,43,10,732.1,7321.0
2021090705001042,ULI,19,48,10,732.1,7321.0
2021090705001041,ULI,19,10,10,732.0,7320.0
2021090705001068,ULI,41,42,10,731.5,7315.0
2021090705001056,ULI,41,58,10,731.5,7315.0
2021090705001054,ULI,41,28,10,731.5,7315.0
2021090705001053,ULI,41,48,10,731.5,7315.0
2021090705001051,ULI,41,58,10,731.5,7315.0
2021090705001049,ULI,41,43,10,731.5,7315.0
2021090705001090,ULI,36,52,10,731.1,7311.0
2021090705001088,ULI,36,17,10,731.1,7311.0
2021090705001073,ULI,22,34,10,732.0,7320.0
2021090705001072,ULI,22,34,40,731.5,29260.0
2021090705001071,ULI,41,34,20,731.5,14630.0
2021090705001070,ULI,41,58,10,731.5,7315.0
2021090705001108,ULI,42,42,10,732.0,7320.0
2021090705001105,ULI,42,49,10,732.0,7320.0
2021090705001104,ULI,42,1,10,732.0,7320.0
2021090705001103,ULI,42,34,20,732.0,14640.0
2021090705001098,ULI,36,58,10,731.1,7311.0
2021090705001091,ULI,36,32,10,731.1,7311.0
2021090705001128,ULI,35,29,10,731.1,7311.0
2021090705001125,ULI,21,43,10,731.0,7310.0
2021090705001124,ULI,21,57,10,731.0,7310.0
2021090705001123,ULI,21,57,10,731.0,7310.0
2021090705001121,ULI,49,28,10,731.0,7310.0
2021090705001117,ULI,36,28,10,731.1,7311.0
2021090705001136,ULI,50,29,10,731.0,7310.0
2021090705001135,ULI,54,29,10,731.0,7310.0
2021090705001133,ULI,54,29,10,731.0,7310.0
2021090705001131,ULI,26,49,10,731.0,7310.0
2021090705001130,ULI,21,42,10,731.0,7310.0
2021090705001129,ULI,21,43,10,731.0,7310.0
2021090705001144,ULI,50,29,10,731.0,7310.0
2021090705001143,ULI,50,1,10,731.0,7310.0
2021090705001142,ULI,50,44,10,731.0,7310.0
2021090705001141,ULI,50,26,10,731.0,7310.0
2021090705001140,ULI,50,29,10,731.0,7310.0
2021090705001139,ULI,50,29,10,731.0,7310.0
2021090705001152,ULI,50,22,10,731.0,7310.0
2021090705001151,ULI,50,29,10,731.0,7310.0
2021090705001150,ULI,50,35,10,731.0,7310.0
2021090705001148,ULI,50,44,10,731.0,7310.0
2021090705001146,ULI,50,29,10,731.0,7310.0
2021090705001145,ULI,50,29,10,731.0,7310.0
2021090705001163,ULI,50,16,10,731.0,7310.0
2021090705001162,ULI,50,45,10,731.0,7310.0
2021090705001161,ULI,50,32,10,731.0,7310.0
2021090705001158,ULI,50,29,10,731.0,7310.0
2021090705001154,ULI,50,56,10,731.0,7310.0
2021090705001153,ULI,50,49,10,731.0,7310.0
2021090705001178,ULI,58,54,10,731.0,7310.0
2021090705001177,ULI,58,28,10,731.0,7310.0
2021090705001176,ULI,58,8,10,731.0,7310.0
2021090705001175,ULI,58,28,10,731.0,7310.0
2021090705001169,ULI,58,22,10,731.0,7310.0
2021090705001164,ULI,50,32,10,731.0,7310.0
2021090705001190,ULI,58,19,10,731.0,7310.0
2021090705001189,ULI,58,19,10,731.0,7310.0
2021090705001188,ULI,58,28,10,731.0,7310.0
2021090705001187,ULI,58,46,10,731.0,7310.0
2021090705001182,ULI,58,6,10,731.0,7310.0
2021090705001179,ULI,58,39,10,731.0,7310.0
2021090705001196,ULI,58,46,10,731.0,7310.0
2021090705001195,ULI,58,45,10,731.0,7310.0
2021090705001194,ULI,11,5,10,732.0,7320.0
2021090705001193,ULI,58,58,10,731.0,7310.0
2021090705001192,ULI,58,26,10,731.0,7310.0
2021090705001191,ULI,58,25,10,731.0,7310.0
2021090705001208,ULI,1,28,10,730.5,7305.0
2021090705001207,ULI,1,19,10,730.5,7305.0
2021090705001204,ULI,1,58,10,730.5,7305.0
2021090705001200,ULI,1,58,10,730.5,7305.0
2021090705001199,ULI,1,6,10,730.5,7305.0
2021090705001198,ULI,58,45,40,731.0,29240.0
2021090705001214,ULI,40,3,10,730.0,7300.0
2021090705001213,ULI,40,47,10,730.0,7300.0
2021090705001212,ULI,40,34,450,730.0,328500.0
2021090705001211,ULI,29,34,10,730.0,7300.0
2021090705001210,ULI,21,34,20,730.1,14602.0
2021090705001209,ULI,43,34,20,730.1,14602.0
2021090705001221,ULI,40,16,100,730.0,73000.0
2021090705001220,ULI,40,36,200,730.0,146000.0
2021090705001219,ULI,40,52,10,730.0,7300.0
2021090705001218,ULI,40,34,10,730.0,7300.0
2021090705001217,ULI,40,36,200,730.0,146000.0
2021090705001215,ULI,40,28,10,730.0,7300.0
2021090705001227,ULI,57,16,200,730.0,146000.0
2021090705001226,ULI,34,16,50,730.0,36500.0
2021090705001225,ULI,26,16,20,730.0,14600.0
2021090705001224,ULI,38,16,100,730.0,73000.0
2021090705001223,ULI,17,16,20,730.0,14600.0
2021090705001222,ULI,50,16,120,730.0,87600.0
2021090705001236,ULI,22,45,20,729.0,14580.0
2021090705001233,ULI,22,58,10,729.0,7290.0
2021090705001232,ULI,8,16,10,730.0,7300.0
2021090705001231,ULI,22,58,10,729.0,7290.0
2021090705001229,ULI,22,38,10,729.0,7290.0
2021090705001228,ULI,36,16,100,730.0,73000.0
2021090705001247,ULI,6,14,10,729.0,7290.0
2021090705001246,ULI,53,21,10,729.0,7290.0
2021090705001244,ULI,53,36,10,729.0,7290.0
2021090705001240,ULI,53,28,10,729.0,7290.0
2021090705001239,ULI,53,46,10,729.0,7290.0
2021090705001238,ULI,53,28,10,729.0,7290.0
2021090705001254,ULI,45,46,10,728.0,7280.0
2021090705001253,ULI,45,58,10,728.0,7280.0
2021090705001252,ULI,59,44,10,728.2,7282.0
2021090705001251,ULI,35,4,10,729.0,7290.0
2021090705001249,ULI,6,38,10,729.0,7290.0
2021090705001248,ULI,6,16,10,729.0,7290.0
2021090705001261,ULI,43,28,10,726.1,7261.0
2021090705001259,ULI,43,46,10,726.1,7261.0
2021090705001258,ULI,43,58,10,726.1,7261.0
2021090705001257,ULI,54,28,10,727.2,7272.0
2021090705001256,ULI,54,46,10,727.2,7272.0
2021090705001255,ULI,19,35,10,728.0,7280.0
2021090705000771,JBLB,44,56,10,4784.1,47841.0
2021090705000770,JBLB,44,57,10,4784.1,47841.0
2021090705000768,JBLB,49,49,10,4785.0,47850.0
2021090705000767,JBLB,47,57,10,4785.0,47850.0
2021090705000765,JBLB,14,33,10,4785.0,47850.0
2021090705000764,JBLB,44,28,10,4784.1,47841.0
2021090705000291,JBLB,29,51,20,4815.0,96300.0
2021090705000287,JBLB,19,57,10,4849.0,48490.0
2021090705000282,JBLB,19,58,10,4850.0,48500.0
2021090705000297,JBLB,58,20,10,4820.0,48200.0
2021090705000296,JBLB,58,6,10,4810.0,48100.0
2021090705000295,JBLB,56,51,40,4802.0,192080.0
2021090705000294,JBLB,51,51,10,4805.0,48050.0
2021090705000293,JBLB,57,38,110,4810.3,529133.0
2021090705000292,JBLB,57,51,33,4810.3,158739.9
2021090705000303,JBLB,28,58,10,4800.0,48000.0
2021090705000302,JBLB,34,58,10,4800.0,48000.0
2021090705000301,JBLB,58,58,10,4802.0,48020.0
2021090705000300,JBLB,34,41,50,4800.0,240000.0
2021090705000299,JBLB,34,43,90,4800.0,432000.0
2021090705000298,JBLB,49,43,10,4802.0,48020.0
2021090705000320,JBLB,36,57,10,4795.0,47950.0
2021090705000315,JBLB,43,35,10,4798.0,47980.0
2021090705000310,JBLB,47,7,10,4795.0,47950.0
2021090705000306,JBLB,50,26,90,4790.0,431100.0
2021090705000305,JBLB,32,26,10,4794.0,47940.0
2021090705000304,JBLB,57,34,10,4800.1,48001.0
2021090705000332,JBLB,58,48,10,4800.0,48000.0
2021090705000331,JBLB,58,42,10,4800.0,48000.0
2021090705000330,JBLB,58,17,10,4795.0,47950.0
2021090705000329,JBLB,58,57,10,4795.0,47950.0
2021090705000328,JBLB,33,22,10,4726.0,47260.0
2021090705000326,JBLB,25,45,10,4725.0,47250.0
2021090705000348,JBLB,35,51,10,4790.0,47900.0
2021090705000347,JBLB,18,51,10,4790.0,47900.0
2021090705000342,JBLB,34,51,10,4790.0,47900.0
2021090705000339,JBLB,58,38,10,4820.0,48200.0
2021090705000336,JBLB,33,51,10,4726.0,47260.0
2021090705000334,JBLB,58,56,10,4800.0,48000.0
2021090705000362,JBLB,17,38,10,4730.0,47300.0
2021090705000361,JBLB,25,38,10,4755.0,47550.0
2021090705000360,JBLB,25,26,10,4755.0,47550.0
2021090705000359,JBLB,25,39,10,4755.0,47550.0
2021090705000353,JBLB,38,38,10,4750.0,47500.0
2021090705000350,JBLB,38,32,10,4750.0,47500.0
2021090705000369,JBLB,38,38,10,4740.0,47400.0
2021090705000368,JBLB,58,58,10,4750.0,47500.0
2021090705000366,JBLB,38,38,10,4740.0,47400.0
2021090705000365,JBLB,38,26,10,4740.0,47400.0
2021090705000364,JBLB,14,16,10,4789.0,47890.0
2021090705000363,JBLB,14,1,10,4780.0,47800.0
2021090705000384,JBLB,28,6,10,4755.0,47550.0
2021090705000376,JBLB,47,35,10,4751.0,47510.0
2021090705000375,JBLB,47,6,10,4751.0,47510.0
2021090705000373,JBLB,47,26,10,4751.0,47510.0
2021090705000371,JBLB,54,38,10,4750.0,47500.0
2021090705000370,JBLB,33,38,10,4750.0,47500.0
2021090705000400,JBLB,40,58,10,4780.0,47800.0
2021090705000399,JBLB,40,22,10,4780.0,47800.0
2021090705000392,JBLB,34,13,10,4761.0,47610.0
2021090705000390,JBLB,34,35,10,4761.0,47610.0
2021090705000389,JBLB,28,49,10,4756.1,47561.0
2021090705000385,JBLB,33,58,10,4776.0,47760.0
2021090705000414,JBLB,56,48,20,4788.0,95760.0
2021090705000411,JBLB,17,49,10,4788.0,47880.0
2021090705000410,JBLB,41,58,10,4776.0,47760.0
2021090705000408,JBLB,41,49,10,4776.0,47760.0
2021090705000404,JBLB,4,53,10,4765.0,47650.0
2021090705000402,JBLB,4,58,10,4765.0,47650.0
2021090705000427,JBLB,28,58,10,4790.0,47900.0
2021090705000423,JBLB,28,29,10,4790.0,47900.0
2021090705000422,JBLB,28,51,10,4790.0,47900.0
2021090705000421,JBLB,53,51,10,4790.0,47900.0
2021090705000420,JBLB,56,16,10,4788.0,47880.0
2021090705000419,JBLB,56,58,10,4788.0,47880.0
2021090705000438,JBLB,14,45,10,4800.0,48000.0
2021090705000437,JBLB,57,51,10,4800.0,48000.0
2021090705000436,JBLB,4,51,10,4791.0,47910.0
2021090705000434,JBLB,55,47,10,4800.0,48000.0
2021090705000431,JBLB,41,58,10,4790.0,47900.0
2021090705000430,JBLB,28,49,10,4790.0,47900.0
2021090705000455,JBLB,34,22,10,4810.0,48100.0
2021090705000448,JBLB,34,51,10,4800.0,48000.0
2021090705000446,JBLB,57,58,10,4800.0,48000.0
2021090705000445,JBLB,51,13,10,4800.0,48000.0
2021090705000443,JBLB,56,41,10,4800.0,48000.0
2021090705000442,JBLB,56,49,10,4800.0,48000.0
2021090705000467,JBLB,34,58,10,4800.0,48000.0
2021090705000466,JBLB,34,45,10,4800.0,48000.0
2021090705000463,JBLB,34,14,10,4800.0,48000.0
2021090705000460,JBLB,51,56,10,4815.0,48150.0
2021090705000458,JBLB,34,8,10,4800.0,48000.0
2021090705000456,JBLB,4,14,10,4801.0,48010.0
2021090705000479,JBLB,16,57,10,4819.0,48190.0
2021090705000472,JBLB,58,22,10,4810.0,48100.0
2021090705000471,JBLB,34,41,10,4819.0,48190.0
2021090705000470,JBLB,42,58,10,4800.0,48000.0
2021090705000469,JBLB,38,58,30,4800.0,144000.0
2021090705000468,JBLB,56,58,50,4800.0,240000.0
2021090705000494,JBLB,56,14,10,4805.0,48050.0
2021090705000488,JBLB,35,58,20,4805.0,96100.0
2021090705000486,JBLB,38,6,10,4805.0,48050.0
2021090705000485,JBLB,11,59,10,4810.0,48100.0
2021090705000484,JBLB,38,14,10,4805.0,48050.0
2021090705000480,JBLB,16,4,10,4820.0,48200.0
2021090705000503,JBLB,41,21,10,4775.0,47750.0
2021090705000502,JBLB,33,3,10,4780.0,47800.0
2021090705000501,JBLB,29,58,10,4778.0,47780.0
2021090705000499,JBLB,58,14,10,4778.0,47780.0
2021090705000496,JBLB,58,14,10,4790.4,47904.0
2021090705000495,JBLB,56,8,10,4805.0,48050.0
2021090705000522,JBLB,7,36,10,4780.0,47800.0
2021090705000521,JBLB,58,43,10,4780.0,47800.0
2021090705000517,JBLB,33,17,10,4771.0,47710.0
2021090705000515,JBLB,25,36,10,4780.0,47800.0
2021090705000507,JBLB,35,8,10,4772.0,47720.0
2021090705000504,JBLB,4,45,10,4776.0,47760.0
2021090705000536,JBLB,21,57,10,4781.0,47810.0
2021090705000535,JBLB,21,50,10,4781.0,47810.0
2021090705000534,JBLB,42,29,10,4798.0,47980.0
2021090705000529,JBLB,34,54,10,4781.0,47810.0
2021090705000525,JBLB,7,54,10,4780.0,47800.0
2021090705000523,JBLB,7,57,10,4780.0,47800.0
2021090705000546,JBLB,42,49,10,4780.0,47800.0
2021090705000545,JBLB,50,45,10,4775.0,47750.0
2021090705000543,JBLB,4,19,10,4772.0,47720.0
2021090705000540,JBLB,4,38,20,4772.0,95440.0
2021090705000539,JBLB,4,26,10,4772.0,47720.0
2021090705000537,JBLB,57,26,10,4780.0,47800.0
2021090705000563,JBLB,40,52,10,4785.0,47850.0
2021090705000561,JBLB,13,28,10,4785.0,47850.0
2021090705000560,JBLB,58,13,10,4798.0,47980.0
2021090705000558,JBLB,49,16,10,4785.0,47850.0
2021090705000550,JBLB,34,51,10,4780.0,47800.0
2021090705000548,JBLB,34,57,10,4780.0,47800.0
2021090705000575,JBLB,34,48,10,4800.0,48000.0
2021090705000574,JBLB,34,32,10,4800.0,48000.0
2021090705000573,JBLB,34,43,10,4800.0,48000.0
2021090705000572,JBLB,34,34,10,4799.0,47990.0
2021090705000571,JBLB,34,57,10,4785.0,47850.0
2021090705000566,JBLB,34,6,10,4781.0,47810.0
2021090705000581,JBLB,34,46,10,4800.0,48000.0
2021090705000580,JBLB,34,58,10,4800.0,48000.0
2021090705000579,JBLB,34,11,10,4800.0,48000.0
2021090705000578,JBLB,34,29,10,4800.0,48000.0
2021090705000577,JBLB,34,47,10,4800.0,48000.0
2021090705000576,JBLB,34,22,10,4800.0,48000.0
2021090705000590,JBLB,17,45,10,4820.0,48200.0
2021090705000589,JBLB,17,7,10,4820.0,48200.0
2021090705000588,JBLB,17,35,10,4783.0,47830.0
2021090705000585,JBLB,34,48,10,4805.0,48050.0
2021090705000583,JBLB,34,49,10,4805.0,48050.0
2021090705000582,JBLB,34,14,10,4805.0,48050.0
2021090705000619,JBLB,58,21,10,4785.0,47850.0
2021090705000615,JBLB,58,48,10,4785.0,47850.0
2021090705000596,JBLB,17,1,10,4783.0,47830.0
2021090705000595,JBLB,17,21,10,4783.0,47830.0
2021090705000593,JBLB,17,49,10,4783.0,47830.0
2021090705000591,JBLB,17,14,10,4820.0,48200.0
2021090705000643,JBLB,26,38,10,4785.0,47850.0
2021090705000638,JBLB,57,4,10,4785.0,47850.0
2021090705000632,JBLB,35,59,10,4785.0,47850.0
2021090705000630,JBLB,17,59,10,4785.0,47850.0
2021090705000629,JBLB,21,22,10,4785.0,47850.0
2021090705000628,JBLB,22,38,10,4790.0,47900.0
2021090705000651,JBLB,42,58,10,4785.0,47850.0
2021090705000650,JBLB,42,32,10,4785.0,47850.0
2021090705000649,JBLB,42,22,10,4785.0,47850.0
2021090705000648,JBLB,14,59,10,4783.0,47830.0
2021090705000646,JBLB,58,21,10,4783.0,47830.0
2021090705000644,JBLB,58,59,10,4783.0,47830.0
2021090705000667,JBLB,14,58,10,4783.0,47830.0
2021090705000662,JBLB,54,58,10,4784.0,47840.0
2021090705000661,JBLB,49,8,10,4790.0,47900.0
2021090705000658,JBLB,54,38,10,4784.0,47840.0
2021090705000654,JBLB,14,21,10,4783.0,47830.0
2021090705000652,JBLB,14,52,10,4783.0,47830.0
2021090705000680,JBLB,34,6,10,4781.0,47810.0
2021090705000679,JBLB,34,39,10,4781.0,47810.0
2021090705000676,JBLB,34,39,10,4781.0,47810.0
2021090705000674,JBLB,14,8,10,4783.0,47830.0
2021090705000670,JBLB,5,52,10,4790.0,47900.0
2021090705000669,JBLB,5,37,10,4790.0,47900.0
2021090705000690,JBLB,57,35,15,4787.0,71805.0
2021090705000689,JBLB,42,35,15,4787.0,71805.0
2021090705000687,JBLB,34,58,10,4781.0,47810.0
2021090705000684,JBLB,34,58,10,4781.0,47810.0
2021090705000682,JBLB,14,17,10,4787.0,47870.0
2021090705000681,JBLB,34,22,10,4781.0,47810.0
2021090705000702,JBLB,34,33,10,4800.0,48000.0
2021090705000701,JBLB,34,58,10,4800.0,48000.0
2021090705000700,JBLB,34,32,10,4800.0,48000.0
2021090705000699,JBLB,34,34,10,4790.0,47900.0
2021090705000698,JBLB,34,57,10,4787.0,47870.0
2021090705000695,JBLB,34,45,10,4782.0,47820.0
2021090705000708,JBLB,34,58,10,4800.0,48000.0
2021090705000707,JBLB,34,49,10,4800.0,48000.0
2021090705000706,JBLB,34,50,10,4800.0,48000.0
2021090705000705,JBLB,34,45,10,4800.0,48000.0
2021090705000704,JBLB,34,49,10,4800.0,48000.0
2021090705000703,JBLB,34,56,10,4800.0,48000.0
2021090705000723,JBLB,39,38,10,4785.0,47850.0
2021090705000721,JBLB,33,52,10,4785.0,47850.0
2021090705000719,JBLB,33,57,10,4785.0,47850.0
2021090705000717,JBLB,46,57,10,4785.0,47850.0
2021090705000715,JBLB,46,57,10,4785.0,47850.0
2021090705000709,JBLB,34,49,10,4800.0,48000.0
2021090705000740,JBLB,21,50,10,4785.0,47850.0
2021090705000739,JBLB,34,35,10,4782.0,47820.0
2021090705000736,JBLB,34,52,10,4782.0,47820.0
2021090705000735,JBLB,54,57,10,4783.0,47830.0
2021090705000733,JBLB,34,57,10,4782.0,47820.0
2021090705000730,JBLB,34,38,10,4782.0,47820.0
2021090705000751,JBLB,57,16,10,4784.0,47840.0
2021090705000750,JBLB,38,42,10,4800.0,48000.0
2021090705000749,JBLB,34,42,10,4783.0,47830.0
2021090705000748,JBLB,58,48,10,4785.0,47850.0
2021090705000747,JBLB,58,58,10,4785.0,47850.0
2021090705000746,JBLB,21,22,10,4785.0,47850.0
2021090705000763,JBLB,44,28,10,4784.1,47841.0
2021090705000759,JBLB,44,35,10,4784.1,47841.0
2021090705000756,JBLB,28,54,10,4795.0,47950.0
2021090705000754,JBLB,28,52,10,4795.0,47950.0
2021090705000753,JBLB,28,58,10,4785.0,47850.0
2021090705000752,JBLB,44,39,10,4784.1,47841.0
2021090705000773,ULI,44,36,10,734.0,7340.0
2021090705000772,ULI,44,16,20,734.0,14680.0
2021090705000769,ULI,58,53,10,732.0,7320.0
2021090705000766,ULI,58,16,10,732.0,7320.0
2021090705000762,ULI,10,16,80,734.0,58720.0
2021090705000761,ULI,10,38,10,733.0,7330.0
2021090705000278,ULI,13,38,10,740.0,7400.0
2021090705000277,ULI,13,4,10,740.0,7400.0
2021090705000276,ULI,13,46,10,740.0,7400.0
2021090705000275,ULI,19,58,10,740.0,7400.0
2021090705000274,ULI,19,55,10,740.0,7400.0
2021090705000285,ULI,19,42,10,740.5,7405.0
2021090705000284,ULI,13,14,10,740.0,7400.0
2021090705000283,ULI,13,34,10,740.0,7400.0
2021090705000281,ULI,13,3,10,740.0,7400.0
2021090705000280,ULI,13,34,10,740.0,7400.0
2021090705000279,ULI,13,1,10,740.0,7400.0
2021090705000308,ULI,52,46,40,736.0,29440.0
2021090705000307,ULI,52,55,10,736.0,7360.0
2021090705000290,ULI,13,57,10,740.0,7400.0
2021090705000289,ULI,58,41,10,740.1,7401.0
2021090705000288,ULI,13,47,10,740.0,7400.0
2021090705000286,ULI,13,1,10,740.0,7400.0
2021090705000316,ULI,48,59,10,734.0,7340.0
2021090705000314,ULI,38,42,10,734.9,7349.0
2021090705000313,ULI,38,16,50,734.9,36745.0
2021090705000312,ULI,38,42,10,734.9,7349.0
2021090705000311,ULI,38,4,10,734.9,7349.0
2021090705000309,ULI,34,46,50,736.0,36800.0
2021090705000323,ULI,19,52,10,731.0,7310.0
2021090705000322,ULI,48,29,50,735.0,36750.0
2021090705000321,ULI,48,45,10,735.0,7350.0
2021090705000319,ULI,48,51,10,735.0,7350.0
2021090705000318,ULI,48,34,10,735.0,7350.0
2021090705000317,ULI,48,29,10,735.0,7350.0
2021090705000337,ULI,26,48,10,735.0,7350.0
2021090705000335,ULI,26,32,10,735.0,7350.0
2021090705000333,ULI,26,42,10,735.0,7350.0
2021090705000327,ULI,19,51,10,731.0,7310.0
2021090705000325,ULI,19,34,10,731.0,7310.0
2021090705000324,ULI,19,35,10,731.0,7310.0
2021090705000345,ULI,19,14,10,731.0,7310.0
2021090705000344,ULI,19,48,10,731.0,7310.0
2021090705000343,ULI,19,22,10,731.0,7310.0
2021090705000341,ULI,19,48,10,731.0,7310.0
2021090705000340,ULI,26,21,10,735.0,7350.0
2021090705000338,ULI,26,38,10,735.0,7350.0
2021090705000355,ULI,14,53,10,731.0,7310.0
2021090705000354,ULI,14,7,10,731.0,7310.0
2021090705000352,ULI,14,18,10,731.0,7310.0
2021090705000351,ULI,14,58,10,731.0,7310.0
2021090705000349,ULI,14,34,10,731.0,7310.0
2021090705000346,ULI,19,21,10,731.0,7310.0
2021090705000374,ULI,57,26,10,731.1,7311.0
2021090705000372,ULI,57,26,10,731.1,7311.0
2021090705000367,ULI,45,34,10,731.0,7310.0
2021090705000358,ULI,45,49,10,731.0,7310.0
2021090705000357,ULI,45,14,10,731.0,7310.0
2021090705000356,ULI,45,53,10,731.0,7310.0
2021090705000382,ULI,48,53,30,732.0,21960.0
2021090705000381,ULI,48,58,10,732.0,7320.0
2021090705000380,ULI,48,47,10,735.0,7350.0
2021090705000379,ULI,48,38,10,732.0,7320.0
2021090705000378,ULI,57,58,10,731.1,7311.0
2021090705000377,ULI,57,38,10,731.1,7311.0
2021090705000393,ULI,19,45,10,734.0,7340.0
2021090705000391,ULI,45,53,10,735.0,7350.0
2021090705000388,ULI,19,38,10,734.0,7340.0
2021090705000387,ULI,19,20,10,734.0,7340.0
2021090705000386,ULI,19,34,10,734.0,7340.0
2021090705000383,ULI,58,53,50,732.0,36600.0
2021090705000401,ULI,58,56,10,735.0,7350.0
2021090705000398,ULI,58,21,10,735.0,7350.0
2021090705000397,ULI,58,40,10,735.0,7350.0
2021090705000396,ULI,58,32,10,735.0,7350.0
2021090705000395,ULI,58,45,10,735.0,7350.0
2021090705000394,ULI,58,53,10,735.0,7350.0
2021090705000412,ULI,26,58,10,735.1,7351.0
2021090705000409,ULI,58,42,10,735.0,7350.0
2021090705000407,ULI,58,45,10,735.0,7350.0
2021090705000406,ULI,58,34,10,735.0,7350.0
2021090705000405,ULI,58,35,10,735.0,7350.0
2021090705000403,ULI,58,58,10,735.0,7350.0
2021090705000424,ULI,58,58,10,735.0,7350.0
2021090705000418,ULI,58,8,10,735.0,7350.0
2021090705000417,ULI,58,58,10,735.0,7350.0
2021090705000416,ULI,58,58,10,735.0,7350.0
2021090705000415,ULI,58,48,10,735.0,7350.0
2021090705000413,ULI,58,57,10,735.0,7350.0
2021090705000433,ULI,57,49,10,736.0,7360.0
2021090705000432,ULI,57,21,10,736.0,7360.0
2021090705000429,ULI,58,22,10,735.0,7350.0
2021090705000428,ULI,58,14,10,735.0,7350.0
2021090705000426,ULI,58,58,10,735.0,7350.0
2021090705000425,ULI,58,57,10,735.0,7350.0
2021090705000447,ULI,49,51,10,736.0,7360.0
2021090705000444,ULI,49,58,10,736.0,7360.0
2021090705000441,ULI,22,42,10,736.0,7360.0
2021090705000440,ULI,58,57,10,735.0,7350.0
2021090705000439,ULI,58,58,10,735.0,7350.0
2021090705000435,ULI,58,6,10,735.0,7350.0
2021090705000454,ULI,49,10,10,736.0,7360.0
2021090705000453,ULI,49,16,10,736.0,7360.0
2021090705000452,ULI,49,38,10,736.0,7360.0
2021090705000451,ULI,49,36,10,736.0,7360.0
2021090705000450,ULI,49,10,10,736.0,7360.0
2021090705000449,ULI,49,44,10,736.0,7360.0
2021090705000465,ULI,14,6,10,736.0,7360.0
2021090705000464,ULI,14,10,10,736.0,7360.0
2021090705000462,ULI,14,36,10,736.0,7360.0
2021090705000461,ULI,14,10,10,736.0,7360.0
2021090705000459,ULI,49,58,10,736.0,7360.0
2021090705000457,ULI,49,36,10,736.0,7360.0
2021090705000478,ULI,58,38,10,735.0,7350.0
2021090705000477,ULI,58,10,10,735.0,7350.0
2021090705000476,ULI,49,57,10,736.0,7360.0
2021090705000475,ULI,10,36,10,739.0,7390.0
2021090705000474,ULI,10,45,20,738.9,14778.0
2021090705000473,ULI,10,41,10,738.9,7389.0
2021090705000490,ULI,58,36,10,735.0,7350.0
2021090705000489,ULI,58,22,10,735.0,7350.0
2021090705000487,ULI,58,36,10,735.0,7350.0
2021090705000483,ULI,58,38,10,735.0,7350.0
2021090705000482,ULI,58,10,10,735.0,7350.0
2021090705000481,ULI,58,36,10,735.0,7350.0
2021090705000500,ULI,58,10,10,735.0,7350.0
2021090705000498,ULI,58,45,10,735.0,7350.0
2021090705000497,ULI,58,10,10,735.0,7350.0
2021090705000493,ULI,58,1,10,735.0,7350.0
2021090705000492,ULI,58,47,10,735.0,7350.0
2021090705000491,ULI,58,26,10,735.0,7350.0
2021090705000511,ULI,49,57,10,737.0,7370.0
2021090705000510,ULI,49,49,10,737.0,7370.0
2021090705000509,ULI,49,41,10,737.0,7370.0
2021090705000508,ULI,57,41,10,735.0,7350.0
2021090705000506,ULI,57,37,10,735.0,7350.0
2021090705000505,ULI,56,51,10,735.0,7350.0
2021090705000519,ULI,58,49,10,735.0,7350.0
2021090705000518,ULI,58,21,10,735.0,7350.0
2021090705000516,ULI,58,47,10,735.0,7350.0
2021090705000514,ULI,57,36,10,735.0,7350.0
2021090705000513,ULI,57,38,70,735.0,51450.0
2021090705000512,ULI,49,38,70,737.0,51590.0
2021090705000530,ULI,7,14,20,734.0,14680.0
2021090705000528,ULI,38,4,10,735.0,7350.0
2021090705000527,ULI,38,54,10,735.0,7350.0
2021090705000526,ULI,51,22,10,735.0,7350.0
2021090705000524,ULI,58,52,10,735.0,7350.0
2021090705000520,ULI,58,55,10,735.0,7350.0
2021090705000542,ULI,45,13,10,734.0,7340.0
2021090705000541,ULI,7,26,10,734.0,7340.0
2021090705000538,ULI,7,26,10,734.0,7340.0
2021090705000533,ULI,38,57,10,735.0,7350.0
2021090705000532,ULI,38,34,10,735.0,7350.0
2021090705000531,ULI,7,54,10,734.0,7340.0
2021090705000553,ULI,45,42,10,731.0,7310.0
2021090705000552,ULI,57,45,10,731.1,7311.0
2021090705000551,ULI,57,42,10,731.1,7311.0
2021090705000549,ULI,57,45,10,731.1,7311.0
2021090705000547,ULI,57,43,10,731.1,7311.0
2021090705000544,ULI,42,26,10,732.0,7320.0
2021090705000562,ULI,6,16,10,731.0,7310.0
2021090705000559,ULI,45,16,10,731.0,7310.0
2021090705000557,ULI,45,58,10,731.0,7310.0
2021090705000556,ULI,45,37,10,731.0,7310.0
2021090705000555,ULI,45,55,10,731.0,7310.0
2021090705000554,ULI,45,36,10,731.0,7310.0
2021090705000570,ULI,21,56,10,731.0,7310.0
2021090705000569,ULI,21,38,10,731.0,7310.0
2021090705000568,ULI,21,16,10,731.0,7310.0
2021090705000567,ULI,21,45,10,731.0,7310.0
2021090705000565,ULI,21,45,10,731.0,7310.0
2021090705000564,ULI,21,16,10,731.0,7310.0
2021090705000597,ULI,21,17,10,731.0,7310.0
2021090705000594,ULI,21,11,10,731.0,7310.0
2021090705000592,ULI,21,44,10,731.0,7310.0
2021090705000587,ULI,21,49,10,731.0,7310.0
2021090705000586,ULI,21,51,10,731.0,7310.0
2021090705000584,ULI,21,11,10,731.0,7310.0
2021090705000603,ULI,21,42,10,731.0,7310.0
2021090705000602,ULI,21,3,10,731.0,7310.0
2021090705000601,ULI,21,6,10,731.0,7310.0
2021090705000600,ULI,21,3,10,731.0,7310.0
2021090705000599,ULI,21,3,10,731.0,7310.0
2021090705000598,ULI,21,57,10,731.0,7310.0
2021090705000609,ULI,21,48,10,731.0,7310.0
2021090705000608,ULI,21,49,10,731.0,7310.0
2021090705000607,ULI,21,56,10,731.0,7310.0
2021090705000606,ULI,21,3,10,731.0,7310.0
2021090705000605,ULI,21,38,10,731.0,7310.0
2021090705000604,ULI,21,48,10,731.0,7310.0
2021090705000616,ULI,45,38,10,732.0,7320.0
2021090705000614,ULI,45,47,10,732.0,7320.0
2021090705000613,ULI,45,56,10,732.0,7320.0
2021090705000612,ULI,45,36,10,732.0,7320.0
2021090705000611,ULI,45,34,10,732.0,7320.0
2021090705000610,ULI,21,5,10,731.0,7310.0
2021090705000623,ULI,22,8,10,732.0,7320.0
2021090705000622,ULI,22,49,10,732.0,7320.0
2021090705000621,ULI,22,8,10,732.0,7320.0
2021090705000620,ULI,22,8,10,732.0,7320.0
2021090705000618,ULI,4,56,10,731.0,7310.0
2021090705000617,ULI,4,45,400,731.0,292400.0
2021090705000633,ULI,22,41,10,732.0,7320.0
2021090705000631,ULI,22,48,10,732.0,7320.0
2021090705000627,ULI,22,51,10,732.0,7320.0
2021090705000626,ULI,22,39,10,732.0,7320.0
2021090705000625,ULI,22,40,10,732.0,7320.0
2021090705000624,ULI,22,8,10,732.0,7320.0
2021090705000640,ULI,16,35,10,734.0,7340.0
2021090705000639,ULI,16,52,10,734.0,7340.0
2021090705000637,ULI,22,21,10,732.0,7320.0
2021090705000636,ULI,33,32,10,733.0,7330.0
2021090705000635,ULI,22,41,10,732.0,7320.0
2021090705000634,ULI,22,50,10,732.0,7320.0
2021090705000655,ULI,58,43,10,732.0,7320.0
2021090705000653,ULI,58,38,10,732.0,7320.0
2021090705000647,ULI,22,21,10,732.0,7320.0
2021090705000645,ULI,22,39,10,732.0,7320.0
2021090705000642,ULI,22,57,10,732.0,7320.0
2021090705000641,ULI,16,4,10,735.0,7350.0
2021090705000664,ULI,40,16,10,732.1,7321.0
2021090705000663,ULI,40,59,10,732.1,7321.0
2021090705000660,ULI,58,41,10,732.0,7320.0
2021090705000659,ULI,58,56,10,732.0,7320.0
2021090705000657,ULI,58,13,10,732.0,7320.0
2021090705000656,ULI,58,56,10,732.0,7320.0
2021090705000673,ULI,40,54,10,732.1,7321.0
2021090705000672,ULI,58,58,10,733.0,7330.0
2021090705000671,ULI,58,35,20,733.0,14660.0
2021090705000668,ULI,40,35,10,733.0,7330.0
2021090705000666,ULI,34,35,20,733.0,14660.0
2021090705000665,ULI,40,39,10,732.1,7321.0
2021090705000686,ULI,57,49,10,732.1,7321.0
2021090705000685,ULI,57,58,10,732.1,7321.0
2021090705000683,ULI,57,6,10,732.1,7321.0
2021090705000678,ULI,3,35,10,733.0,7330.0
2021090705000677,ULI,4,58,10,732.1,7321.0
2021090705000675,ULI,40,51,10,732.1,7321.0
2021090705000696,ULI,10,21,10,733.0,7330.0
2021090705000694,ULI,57,52,10,732.1,7321.0
2021090705000693,ULI,57,52,10,732.1,7321.0
2021090705000692,ULI,19,45,10,733.0,7330.0
2021090705000691,ULI,19,38,10,733.0,7330.0
2021090705000688,ULI,57,58,10,732.1,7321.0
2021090705000714,ULI,10,14,10,734.0,7340.0
2021090705000713,ULI,10,35,10,734.0,7340.0
2021090705000712,ULI,10,49,10,734.0,7340.0
2021090705000711,ULI,10,49,10,734.0,7340.0
2021090705000710,ULI,10,34,10,734.0,7340.0
2021090705000697,ULI,10,16,50,733.0,36650.0
2021090705000725,ULI,54,38,10,734.0,7340.0
2021090705000724,ULI,54,26,10,734.0,7340.0
2021090705000722,ULI,54,51,10,734.0,7340.0
2021090705000720,ULI,54,58,10,734.0,7340.0
2021090705000718,ULI,54,58,10,734.0,7340.0
2021090705000716,ULI,25,42,10,733.0,7330.0
2021090705000732,ULI,57,56,10,732.1,7321.0
2021090705000731,ULI,57,38,10,732.1,7321.0
2021090705000729,ULI,49,56,10,732.2,7322.0
2021090705000728,ULI,49,38,10,732.2,7322.0
2021090705000727,ULI,58,7,10,734.0,7340.0
2021090705000726,ULI,58,13,10,734.0,7340.0
2021090705000743,ULI,57,58,10,732.1,7321.0
2021090705000742,ULI,58,6,10,735.0,7350.0
2021090705000741,ULI,57,44,10,732.1,7321.0
2021090705000738,ULI,57,49,10,732.1,7321.0
2021090705000737,ULI,57,38,10,732.1,7321.0
2021090705000734,ULI,57,28,10,732.1,7321.0
2021090705000760,ULI,10,49,10,733.0,7330.0
2021090705000758,ULI,39,48,10,732.1,7321.0
2021090705000757,ULI,39,57,10,732.1,7321.0
2021090705000755,ULI,58,58,10,732.0,7320.0
2021090705000745,ULI,57,26,10,732.1,7321.0
2021090705000744,ULI,57,21,10,732.1,7321.0
2021090704032142,AHPC,43,59,100,680.1,68010.0
2021090704032141,AHPC,50,59,100,681.6,68160.0
2021090704032140,AHPC,32,59,50,682.0,34100.0
2021090704032089,AHPC,58,44,200,690.0,138000.0
2021090704032088,AHPC,58,45,500,689.9,344950.0
2021090704032087,AHPC,58,38,100,689.9,68990.0
2021090704031948,AHPC,35,58,100,684.0,68400.0
2021090704031970,AHPC,58,52,100,688.0,68800.0
2021090704031969,AHPC,58,53,100,688.0,68800.0
2021090704031968,AHPC,58,33,298,688.0,205024.0
2021090704031967,AHPC,58,58,235,684.0,160740.0
2021090704031966,AHPC,58,58,10,682.0,6820.0
2021090704031957,AHPC,4,14,150,681.5,102225.0
2021090704032086,AHPC,58,14,200,689.0,137800.0
2021090704032085,AHPC,58,34,500,683.0,341500.0
2021090704032036,AHPC,40,34,500,683.0,341500.0
2021090704031982,AHPC,45,44,50,681.5,34075.0
2021090704031972,AHPC,58,38,50,689.0,34450.0
2021090704031971,AHPC,58,10,200,689.0,137800.0
2021090704032121,AIL,39,25,60,788.0,47280.0
2021090704032113,AIL,28,45,30,786.5,23595.0
2021090704032112,AKJCL,54,40,70,410.0,28700.0
2021090704032111,AKJCL,54,29,50,410.0,20500.0
2021090704032110,AKJCL,54,52,500,410.0,205000.0
2021090704031942,AKJCL,34,43,95,410.0,38950.0
2021090704032091,AKPL,45,8,20,599.9,11998.0
2021090704032042,AKPL,41,8,45,599.9,26995.5
2021090704032038,AKPL,51,8,300,599.9,179970.0
2021090704032002,AKPL,47,8,30,599.9,17997.0
2021090704031934,AKPL,29,8,150,599.9,89985.0
2021090704032073,API,34,34,100,478.0,47800.0
2021090704032054,API,19,34,150,478.0,71700.0
2021090704032044,API,44,34,700,478.0,334600.0
2021090704032043,API,22,34,50,478.0,23900.0
2021090704032019,API,46,45,100,478.8,47880.0
2021090704032018,API,45,45,100,478.8,47880.0
2021090704031981,API,55,34,500,479.0,239500.0
2021090704031974,API,34,34,20,479.0,9580.0
2021090704031931,API,56,34,111,479.0,53169.0
2021090704031930,API,56,34,389,479.0,186331.0
2021090704032127,BARUN,32,48,68,572.0,38896.0
2021090704032057,BARUN,34,48,28,566.0,15848.0
2021090704032049,BARUN,38,48,30,566.0,16980.0
2021090704032102,BPCL,8,41,10,575.0,5750.0
2021090704032063,BPCL,45,41,130,575.0,74750.0
2021090704031939,BPCL,1,41,12,575.0,6900.0
2021090704031938,BPCL,49,41,12,576.0,6912.0
2021090704032046,CHCL,36,50,93,623.0,57939.0
2021090704032045,CHCL,36,52,97,623.0,60431.0
2021090704032011,CHCL,34,58,60,622.0,37320.0
2021090704032010,CHCL,6,58,20,622.0,12440.0
2021090704032009,CHCL,49,58,20,622.1,12442.0
2021090704032082,CHL,35,34,100,570.0,57000.0
2021090704032081,CHL,35,35,500,570.0,285000.0
2021090704032080,CHL,35,49,37,570.0,21090.0
2021090704032079,CHL,35,49,450,568.0,255600.0
2021090704032078,CHL,35,1,500,565.0,282500.0
2021090704032077,CHL,35,41,11,565.0,6215.0
2021090704032076,CHL,35,49,550,561.0,308550.0
2021090704032075,CHL,35,29,50,561.0,28050.0
2021090704032071,CHL,45,42,205,559.0,114595.0
2021090704031945,CHL,45,44,100,559.0,55900.0
2021090704031954,CMF1,45,16,"3,000",15.2,45600.0
2021090704031940,DHPL,57,49,180,373.0,67140.0
2021090704032116,GHL,35,49,180,436.5,78570.0
2021090704032064,GHL,41,42,10,442.0,4420.0
2021090704032058,GIC,39,7,65,699.0,45435.0
2021090704032056,HDHPC,42,10,300,376.0,112800.0
2021090704031951,HDHPC,41,10,100,376.0,37600.0
2021090704031946,HDHPC,22,10,10,376.0,3760.0
2021090704031926,HDHPC,13,48,689,374.0,257686.0
2021090704031925,HDHPC,8,48,40,374.0,14960.0
2021090704031924,HDHPC,3,48,155,375.0,58125.0
2021090704031923,HDHPC,51,48,100,375.0,37500.0
2021090704031922,HDHPC,42,48,10,375.0,3750.0
2021090704031921,HDHPC,22,48,780,375.0,292500.0
2021090704031920,HDHPC,59,48,50,375.0,18750.0
2021090704031919,HDHPC,4,48,30,375.0,11250.0
2021090704032092,HGI,38,45,50,748.0,37400.0
2021090704032097,HPPL,33,42,10,538.0,5380.0
2021090704032074,HPPL,39,42,10,538.0,5380.0
2021090704032055,HPPL,37,42,10,538.0,5380.0
2021090704031999,HPPL,42,37,673,535.0,360055.0
2021090704031998,HPPL,42,37,100,535.0,53500.0
2021090704031997,HPPL,26,37,37,535.0,19795.0
2021090704031996,HPPL,13,37,10,535.0,5350.0
2021090704031995,HPPL,25,37,30,535.0,16050.0
2021090704031994,HPPL,34,37,20,535.1,10702.0
2021090704031993,HPPL,33,37,110,535.1,58861.0
2021090704031992,HPPL,39,37,10,540.0,5400.0
2021090704031991,HPPL,33,37,10,544.0,5440.0
2021090704032101,IGI,44,50,187,1190.0,222530.0
2021090704032100,IGI,44,21,693,1189.9,824600.7
2021090704032099,IGI,44,44,100,1189.0,118900.0
2021090704032098,IGI,44,16,20,1185.0,23700.0
2021090704032007,IGI,39,3,16,1180.0,18880.0
2021090704032006,IGI,6,3,50,1180.0,59000.0
2021090704032005,IGI,38,3,119,1180.0,140420.0
2021090704032004,IGI,6,3,35,1185.0,41475.0
2021090704032003,IGI,6,45,15,1185.0,17775.0
2021090705000267,JBLB,29,42,10,4815.0,48150.0
2021090705000263,JBLB,35,58,10,4850.0,48500.0
2021090705000262,JBLB,52,58,20,4850.0,97000.0
2021090705000261,JBLB,33,58,60,4850.0,291000.0
2021090705000259,JBLB,33,49,10,4850.0,48500.0
2021090705000258,JBLB,33,7,10,4850.0,48500.0
2021090705000001,JBLB,19,58,20,4998.0,99960.0
2021090705000009,JBLB,57,22,10,4900.0,49000.0
2021090705000008,JBLB,4,8,10,4900.0,49000.0
2021090705000007,JBLB,58,8,10,4900.0,49000.0
2021090705000006,JBLB,58,58,10,4970.0,49700.0
2021090705000003,JBLB,16,58,20,4998.0,99960.0
2021090705000002,JBLB,34,58,10,4998.0,49980.0
2021090705000021,JBLB,58,38,10,4899.9,48999.0
2021090705000020,JBLB,33,38,10,4899.9,48999.0
2021090705000019,JBLB,16,45,10,4899.0,48990.0
2021090705000015,JBLB,42,38,10,4899.9,48999.0
2021090705000011,JBLB,45,28,30,4900.0,147000.0
2021090705000010,JBLB,45,38,10,4900.0,49000.0
2021090705000043,JBLB,36,50,10,4705.0,47050.0
2021090705000035,JBLB,45,58,20,4800.0,96000.0
2021090705000032,JBLB,40,58,20,4802.0,96040.0
2021090705000031,JBLB,48,58,10,4802.0,48020.0
2021090705000029,JBLB,34,39,10,4803.0,48030.0
2021090705000028,JBLB,57,39,10,4810.0,48100.0
2021090705000058,JBLB,50,58,10,4706.0,47060.0
2021090705000056,JBLB,20,42,10,4707.0,47070.0
2021090705000055,JBLB,58,58,10,4710.0,47100.0
2021090705000049,JBLB,50,51,10,4705.0,47050.0
2021090705000048,JBLB,36,51,30,4705.0,141150.0
2021090705000046,JBLB,36,50,10,4705.0,47050.0
2021090705000070,JBLB,48,36,10,4715.0,47150.0
2021090705000069,JBLB,48,6,10,4715.0,47150.0
2021090705000068,JBLB,1,45,10,4710.0,47100.0
2021090705000067,JBLB,17,57,10,4712.0,47120.0
2021090705000060,JBLB,1,56,10,4710.0,47100.0
2021090705000059,JBLB,50,32,10,4706.0,47060.0
2021090705000077,JBLB,20,58,10,4704.0,47040.0
2021090705000076,JBLB,50,58,70,4706.0,329420.0
2021090705000075,JBLB,20,58,20,4707.0,94140.0
2021090705000074,JBLB,17,58,10,4707.0,47070.0
2021090705000073,JBLB,1,58,30,4710.0,141300.0
2021090705000072,JBLB,45,58,20,4720.0,94400.0
2021090705000085,JBLB,48,45,10,4700.0,47000.0
2021090705000084,JBLB,48,58,50,4700.0,235000.0
2021090705000083,JBLB,41,28,20,4680.0,93600.0
2021090705000080,JBLB,38,58,30,4700.0,141000.0
2021090705000079,JBLB,10,58,10,4700.0,47000.0
2021090705000078,JBLB,16,58,50,4704.0,235200.0
2021090705000094,JBLB,38,8,10,4710.0,47100.0
2021090705000091,JBLB,38,44,10,4710.0,47100.0
2021090705000090,JBLB,29,49,10,4715.0,47150.0
2021090705000089,JBLB,38,39,20,4699.0,93980.0
2021090705000088,JBLB,48,39,30,4716.0,141480.0
2021090705000086,JBLB,48,58,10,4710.0,47100.0
2021090705000103,JBLB,45,58,10,4710.0,47100.0
2021090705000102,JBLB,48,58,100,4710.0,471000.0
2021090705000101,JBLB,17,58,10,4710.0,47100.0
2021090705000100,JBLB,38,58,10,4710.0,47100.0
2021090705000099,JBLB,48,58,10,4720.0,47200.0
2021090705000095,JBLB,28,19,10,4716.0,47160.0
2021090705000116,JBLB,35,58,10,4710.0,47100.0
2021090705000115,JBLB,57,58,20,4711.0,94220.0
2021090705000114,JBLB,13,58,40,4720.0,188800.0
2021090705000113,JBLB,41,58,10,4721.0,47210.0
2021090705000112,JBLB,19,58,20,4721.0,94420.0
2021090705000105,JBLB,13,14,10,4715.0,47150.0
2021090705000132,JBLB,40,45,10,4700.0,47000.0
2021090705000124,JBLB,5,58,10,4700.0,47000.0
2021090705000123,JBLB,42,38,10,4710.0,47100.0
2021090705000122,JBLB,28,52,10,4710.0,47100.0
2021090705000120,JBLB,43,32,10,4710.0,47100.0
2021090705000117,JBLB,41,58,10,4710.0,47100.0
2021090705000141,JBLB,45,45,10,4700.0,47000.0
2021090705000139,JBLB,45,58,20,4700.0,94000.0
2021090705000138,JBLB,26,58,30,4700.0,141000.0
2021090705000137,JBLB,26,45,10,4700.0,47000.0
2021090705000134,JBLB,26,34,10,4700.0,47000.0
2021090705000133,JBLB,40,51,10,4700.0,47000.0
2021090705000159,JBLB,16,44,10,4700.0,47000.0
2021090705000158,JBLB,11,44,10,4700.0,47000.0
2021090705000157,JBLB,45,44,20,4700.0,94000.0
2021090705000154,JBLB,34,32,20,4780.0,95600.0
2021090705000146,JBLB,45,29,10,4725.0,47250.0
2021090705000145,JBLB,45,45,10,4721.0,47210.0
2021090705000169,JBLB,56,25,10,4700.0,47000.0
2021090705000165,JBLB,11,34,10,4701.0,47010.0
2021090705000163,JBLB,56,44,20,4700.0,94000.0
2021090705000162,JBLB,42,45,10,4686.0,46860.0
2021090705000161,JBLB,43,44,10,4700.0,47000.0
2021090705000160,JBLB,35,44,30,4700.0,141000.0
2021090705000180,JBLB,34,41,10,4778.0,47780.0
2021090705000179,JBLB,56,17,10,4705.0,47050.0
2021090705000177,JBLB,16,16,10,4779.0,47790.0
2021090705000176,JBLB,16,59,10,4720.0,47200.0
2021090705000174,JBLB,36,38,10,4750.0,47500.0
2021090705000173,JBLB,16,51,10,4710.0,47100.0
2021090705000190,JBLB,43,38,10,4794.0,47940.0
2021090705000189,JBLB,43,42,10,4794.0,47940.0
2021090705000184,JBLB,34,44,10,4790.0,47900.0
2021090705000183,JBLB,34,58,200,4790.0,958000.0
2021090705000182,JBLB,34,42,10,4790.0,47900.0
2021090705000181,JBLB,34,32,60,4780.0,286800.0
2021090705000206,JBLB,34,36,10,4799.1,47991.0
2021090705000205,JBLB,34,51,10,4799.0,47990.0
2021090705000204,JBLB,34,47,10,4794.0,47940.0
2021090705000201,JBLB,34,54,10,4790.0,47900.0
2021090705000199,JBLB,33,46,10,4799.0,47990.0
2021090705000198,JBLB,33,49,10,4799.0,47990.0
2021090705000219,JBLB,7,28,10,4804.2,48042.0
2021090705000218,JBLB,7,34,10,4802.0,48020.0
2021090705000217,JBLB,59,58,10,4801.0,48010.0
2021090705000210,JBLB,34,7,10,4800.0,48000.0
2021090705000209,JBLB,34,58,30,4800.0,144000.0
2021090705000207,JBLB,34,58,120,4800.0,576000.0
2021090705000226,JBLB,59,34,10,4820.0,48200.0
2021090705000225,JBLB,59,46,10,4815.0,48150.0
2021090705000224,JBLB,59,39,10,4810.2,48102.0
2021090705000222,JBLB,7,19,10,4810.0,48100.0
2021090705000221,JBLB,7,41,10,4810.0,48100.0
2021090705000220,JBLB,7,42,10,4809.0,48090.0
2021090705000235,JBLB,7,47,10,4899.0,48990.0
2021090705000234,JBLB,19,10,10,4894.0,48940.0
2021090705000233,JBLB,38,57,10,4851.0,48510.0
2021090705000232,JBLB,33,42,10,4850.0,48500.0
2021090705000229,JBLB,41,34,10,4850.0,48500.0
2021090705000228,JBLB,59,56,10,4820.0,48200.0
2021090705000241,JBLB,4,16,10,4898.0,48980.0
2021090705000240,JBLB,7,49,5,4900.0,24500.0
2021090705000239,JBLB,14,16,10,4898.0,48980.0
2021090705000238,JBLB,13,42,10,4900.0,49000.0
2021090705000237,JBLB,13,17,10,4899.8,48998.0
2021090705000236,JBLB,13,50,20,4899.0,97980.0
2021090705000255,JBLB,33,34,10,4850.0,48500.0
2021090705000254,JBLB,54,13,10,4855.0,48550.0
2021090705000251,JBLB,38,52,10,4900.0,49000.0
2021090705000248,JBLB,26,13,10,4875.0,48750.0
2021090705000247,JBLB,45,45,10,4890.0,48900.0
2021090705000242,JBLB,4,49,10,4898.0,48980.0
2021090704032109,JOSHI,45,36,200,404.0,80800.0
2021090704032108,JOSHI,45,36,10,404.0,4040.0
2021090704032107,JOSHI,26,36,50,404.0,20200.0
2021090704031927,JOSHI,52,36,20,405.0,8100.0
2021090704032143,KKHC,29,34,50,409.7,20485.0
2021090704032138,KKHC,21,34,65,409.7,26630.5
2021090704032068,KKHC,29,34,500,409.7,204850.0
2021090704031952,KKHC,51,34,"1,190",409.7,487543.0
2021090704032115,KPCL,49,21,10,682.0,6820.0
2021090704031941,LEMF,34,58,450,10.4,4680.0
2021090704032106,LGIL,25,35,100,790.0,79000.0
2021090704032103,LGIL,58,26,120,791.9,95028.0
2021090704032048,LGIL,50,26,115,791.9,91068.5
2021090704032047,LGIL,50,58,10,791.0,7910.0
2021090704032020,LGIL,25,38,50,790.0,39500.0
2021090704032131,MEN,50,1,113,1268.0,143284.0
2021090704032130,MEN,50,1,887,1269.0,1125603.0
2021090704032122,MEN,50,10,100,1269.0,126900.0
2021090704031984,MHNL,56,50,68,507.0,34476.0
2021090704031983,MHNL,5,50,132,507.0,66924.0
2021090704032067,NBF2,6,4,"10,000",14.99,149900.0
2021090704031944,NBF2,52,33,"16,000",15.0,240000.0
2021090704031943,NBF2,52,51,"1,000",15.0,15000.0
2021090704031936,NBF2,6,4,"5,000",14.99,74950.0
2021090704032118,NGPL,57,41,134,787.0,105458.0
2021090704032117,NGPL,58,41,66,787.0,51942.0
2021090704032061,NGPL,58,48,250,787.0,196750.0
2021090704031980,NGPL,36,38,36,788.0,28368.0
2021090704031979,NGPL,36,38,230,788.0,181240.0
2021090704032139,NHDL,34,45,60,610.0,36600.0
2021090704032129,NHPC,1,47,450,425.0,191250.0
2021090704032128,NHPC,1,17,50,425.0,21250.0
2021090704032105,NHPC,57,22,10,424.0,4240.0
2021090704032060,NHPC,57,59,80,424.0,33920.0
2021090704032059,NHPC,29,59,20,424.0,8480.0
2021090704031956,NHPC,57,49,45,424.0,19080.0
2021090704031955,NHPC,51,49,200,424.0,84800.0
2021090704031935,NHPC,57,33,496,424.0,210304.0
2021090704032039,NIBLPF,17,54,"2,000",12.09,24180.0
2021090704031953,NIBLPF,17,11,"20,000",12.09,241800.0
2021090704032132,NIBSF1,25,26,100,12.2,1220.0
2021090704032062,NICL,36,6,50,934.0,46700.0
2021090704031929,NICL,35,17,10,940.0,9400.0
2021090704031950,NIL,57,4,10,1408.0,14080.0
2021090704032133,NLG,54,4,60,1001.0,60060.0
2021090704032014,NLG,1,4,40,1001.0,40040.0
2021090704032013,NLG,1,7,50,1001.0,50050.0
2021090704032041,PICL,38,6,80,755.0,60400.0
2021090704032144,PMHPL,55,42,10,383.0,3830.0
2021090704032066,PMHPL,45,59,50,382.0,19100.0
2021090704032065,PMHPL,45,57,100,382.0,38200.0
2021090704032015,PMHPL,26,34,36,380.0,13680.0
2021090704032040,RADHI,6,57,20,770.0,15400.0
2021090704031965,RADHI,21,57,200,770.0,154000.0
2021090704031964,RADHI,44,57,20,770.0,15400.0
2021090704031963,RADHI,45,57,10,770.0,7700.0
2021090704031962,RADHI,58,57,50,770.0,38500.0
2021090704031961,RADHI,42,57,15,770.0,11550.0
2021090704032125,RHPC,58,58,20,978.0,19560.0
2021090704032035,RHPC,39,58,901,978.0,881178.0
2021090704032034,RHPC,39,56,200,976.0,195200.0
2021090704032033,RHPC,39,35,50,975.0,48750.0
2021090704032032,RHPC,39,58,20,975.0,19500.0
2021090704032031,RHPC,39,51,10,975.0,9750.0
2021090704032024,RHPC,39,25,20,972.4,19448.0
2021090704032023,RHPC,39,58,190,972.0,184680.0
2021090704032022,RHPC,39,54,50,972.0,48600.0
2021090704032021,RHPC,39,14,200,972.0,194400.0
2021090704031947,RHPC,58,53,"1,000",970.0,970000.0
2021090704032030,RHPC,39,19,200,975.0,195000.0
2021090704032029,RHPC,39,58,190,975.0,185250.0
2021090704032028,RHPC,39,52,19,975.0,18525.0
2021090704032027,RHPC,39,17,100,975.0,97500.0
2021090704032026,RHPC,39,3,50,974.0,48700.0
2021090704032025,RHPC,39,40,100,972.5,97250.0
2021090704032123,RHPL,11,16,50,438.0,21900.0
2021090704032070,RRHP,40,19,50,600.0,30000.0
2021090704032017,SGI,47,49,65,706.0,45890.0
2021090704032137,SHL,34,19,200,264.0,52800.0
2021090704032136,SHL,11,19,200,264.0,52800.0
2021090704032135,SHL,47,19,100,264.0,26400.0
2021090704032134,SHL,54,19,100,264.0,26400.0
2021090704032124,SHPC,37,37,10,556.0,5560.0
2021090704032095,SHPC,43,37,83,556.0,46148.0
2021090704032094,SHPC,43,48,172,555.9,95614.8
2021090704032001,SHPC,49,37,100,556.0,55600.0
2021090704031978,SICL,25,51,10,1889.0,18890.0
2021090704032037,SIL,40,58,20,1025.0,20500.0
2021090704032114,SJCL,59,33,10,445.0,4450.0
2021090704031949,SPDL,29,50,30,553.0,16590.0
2021090704032126,SSHL,34,39,500,420.0,210000.0
2021090704031977,SSHL,34,42,20,420.0,8400.0
2021090704031976,SSHL,34,55,100,420.0,42000.0
2021090704031975,SSHL,34,19,188,420.0,78960.0
2021090704031933,SSHL,56,19,312,420.0,131040.0
2021090704031932,SSHL,56,49,188,420.0,78960.0
2021090704032145,STC,44,13,10,8900.0,89000.0
2021090704031959,STC,44,39,10,8899.0,88990.0
2021090704032008,TRH,57,45,20,400.0,8000.0
2021090704032090,UIC,32,55,80,720.0,57600.0
2021090705000273,ULI,58,49,10,740.0,7400.0
2021090705000272,ULI,58,14,10,740.0,7400.0
2021090705000271,ULI,58,58,10,740.0,7400.0
2021090705000270,ULI,58,1,10,740.0,7400.0
2021090705000269,ULI,58,16,10,739.0,7390.0
2021090705000268,ULI,58,34,10,735.0,7350.0
2021090705000005,ULI,40,57,10,755.0,7550.0
2021090705000004,ULI,40,58,10,755.0,7550.0
2021090705000018,ULI,40,32,10,755.0,7550.0
2021090705000017,ULI,40,53,10,755.0,7550.0
2021090705000016,ULI,40,55,10,755.0,7550.0
2021090705000014,ULI,40,6,10,755.0,7550.0
2021090705000013,ULI,40,25,10,755.0,7550.0
2021090705000012,ULI,40,38,10,755.0,7550.0
2021090705000027,ULI,49,25,10,760.0,7600.0
2021090705000026,ULI,47,16,10,769.0,7690.0
2021090705000025,ULI,47,45,10,769.0,7690.0
2021090705000024,ULI,47,54,10,765.0,7650.0
2021090705000023,ULI,47,5,10,760.0,7600.0
2021090705000022,ULI,40,58,10,755.0,7550.0
2021090705000038,ULI,55,45,10,760.0,7600.0
2021090705000037,ULI,55,32,10,760.0,7600.0
2021090705000036,ULI,55,32,10,760.0,7600.0
2021090705000034,ULI,28,45,90,755.0,67950.0
2021090705000033,ULI,40,45,110,755.0,83050.0
2021090705000030,ULI,49,48,10,760.0,7600.0
2021090705000045,ULI,29,56,10,745.0,7450.0
2021090705000044,ULI,29,14,10,745.0,7450.0
2021090705000042,ULI,14,19,20,755.0,15100.0
2021090705000041,ULI,21,21,30,755.0,22650.0
2021090705000040,ULI,28,14,10,755.0,7550.0
2021090705000039,ULI,55,45,20,765.0,15300.0
2021090705000054,ULI,49,8,10,740.0,7400.0
2021090705000053,ULI,49,58,10,740.0,7400.0
2021090705000052,ULI,49,58,10,740.0,7400.0
2021090705000051,ULI,49,41,10,740.0,7400.0
2021090705000050,ULI,49,51,10,740.0,7400.0
2021090705000047,ULI,47,19,10,740.0,7400.0
2021090705000065,ULI,40,53,10,740.0,7400.0
2021090705000064,ULI,40,21,10,740.0,7400.0
2021090705000063,ULI,40,16,10,740.0,7400.0
2021090705000062,ULI,40,57,10,740.0,7400.0
2021090705000061,ULI,40,32,10,740.0,7400.0
2021090705000057,ULI,40,51,10,740.0,7400.0
2021090705000092,ULI,29,59,10,735.0,7350.0
2021090705000087,ULI,29,57,10,735.0,7350.0
2021090705000082,ULI,40,53,20,740.0,14800.0
2021090705000081,ULI,40,49,10,740.0,7400.0
2021090705000071,ULI,40,14,10,740.0,7400.0
2021090705000066,ULI,40,34,10,740.0,7400.0
2021090705000106,ULI,40,49,10,734.0,7340.0
2021090705000104,ULI,40,38,10,734.0,7340.0
2021090705000098,ULI,40,58,10,734.0,7340.0
2021090705000097,ULI,29,34,10,735.0,7350.0
2021090705000096,ULI,29,49,10,735.0,7350.0
2021090705000093,ULI,29,59,10,735.0,7350.0
2021090705000118,ULI,58,38,10,725.2,7252.0
2021090705000111,ULI,40,29,20,734.0,14680.0
2021090705000110,ULI,40,42,10,734.0,7340.0
2021090705000109,ULI,40,19,10,734.0,7340.0
2021090705000108,ULI,40,4,10,734.0,7340.0
2021090705000107,ULI,40,51,10,734.0,7340.0
2021090705000128,ULI,34,4,100,725.0,72500.0
2021090705000127,ULI,42,4,50,725.2,36260.0
2021090705000126,ULI,58,4,10,725.2,7252.0
2021090705000125,ULI,58,58,10,725.2,7252.0
2021090705000121,ULI,58,50,10,725.2,7252.0
2021090705000119,ULI,58,59,10,725.2,7252.0
2021090705000140,ULI,34,38,10,726.0,7260.0
2021090705000136,ULI,34,58,10,726.0,7260.0
2021090705000135,ULI,34,38,10,726.0,7260.0
2021090705000131,ULI,38,4,50,719.4,35970.0
2021090705000130,ULI,19,4,200,720.0,144000.0
2021090705000129,ULI,40,4,90,721.0,64890.0
2021090705000149,ULI,41,29,30,734.0,22020.0
2021090705000148,ULI,34,39,10,726.0,7260.0
2021090705000147,ULI,34,59,10,726.0,7260.0
2021090705000144,ULI,34,45,10,726.0,7260.0
2021090705000143,ULI,34,38,10,726.0,7260.0
2021090705000142,ULI,34,39,10,726.0,7260.0
2021090705000156,ULI,34,58,10,726.0,7260.0
2021090705000155,ULI,34,39,10,726.0,7260.0
2021090705000153,ULI,34,45,10,726.0,7260.0
2021090705000152,ULI,41,34,10,734.0,7340.0
2021090705000151,ULI,41,29,50,734.0,36700.0
2021090705000150,ULI,41,34,10,734.0,7340.0
2021090705000171,ULI,46,49,10,727.0,7270.0
2021090705000170,ULI,46,39,10,727.0,7270.0
2021090705000168,ULI,34,45,10,726.0,7260.0
2021090705000167,ULI,34,39,10,726.0,7260.0
2021090705000166,ULI,4,28,10,735.0,7350.0
2021090705000164,ULI,34,39,10,726.0,7260.0
2021090705000187,ULI,59,48,10,730.0,7300.0
2021090705000186,ULI,59,58,10,730.0,7300.0
2021090705000185,ULI,46,45,10,727.0,7270.0
2021090705000178,ULI,46,56,10,727.0,7270.0
2021090705000175,ULI,49,45,10,730.0,7300.0
2021090705000172,ULI,34,56,10,726.0,7260.0
2021090705000195,ULI,19,50,10,735.0,7350.0
2021090705000194,ULI,19,58,10,735.0,7350.0
2021090705000193,ULI,19,45,10,735.0,7350.0
2021090705000192,ULI,19,16,10,734.0,7340.0
2021090705000191,ULI,59,56,10,730.0,7300.0
2021090705000188,ULI,59,49,10,730.0,7300.0
2021090705000208,ULI,59,6,10,730.0,7300.0
2021090705000203,ULI,59,26,10,730.0,7300.0
2021090705000202,ULI,59,49,10,730.0,7300.0
2021090705000200,ULI,59,38,10,730.0,7300.0
2021090705000197,ULI,19,38,10,735.0,7350.0
2021090705000196,ULI,19,34,10,735.0,7350.0
2021090705000216,ULI,42,3,10,735.0,7350.0
2021090705000215,ULI,42,34,10,735.0,7350.0
2021090705000214,ULI,21,4,10,731.0,7310.0
2021090705000213,ULI,21,26,10,731.0,7310.0
2021090705000212,ULI,21,39,10,731.0,7310.0
2021090705000211,ULI,21,45,10,731.0,7310.0
2021090705000244,ULI,19,58,10,731.0,7310.0
2021090705000243,ULI,55,19,10,730.0,7300.0
2021090705000231,ULI,59,35,10,730.0,7300.0
2021090705000230,ULI,59,58,10,730.0,7300.0
2021090705000227,ULI,14,3,100,735.0,73500.0
2021090705000223,ULI,21,16,10,731.0,7310.0
2021090705000253,ULI,57,1,10,735.0,7350.0
2021090705000252,ULI,49,58,10,735.0,7350.0
2021090705000250,ULI,19,8,10,735.0,7350.0
2021090705000249,ULI,19,3,50,735.0,36750.0
2021090705000246,ULI,16,3,20,735.0,14700.0
2021090705000245,ULI,38,3,10,734.9,7349.0
2021090705000266,ULI,44,16,190,739.0,140410.0
2021090705000265,ULI,44,42,10,739.0,7390.0
2021090705000264,ULI,38,32,10,734.9,7349.0
2021090705000260,ULI,58,35,10,735.0,7350.0
2021090705000257,ULI,58,41,10,739.0,7390.0
2021090705000256,ULI,51,45,10,736.0,7360.0
2021090704032104,UMHL,33,51,200,607.0,121400.0
2021090704032096,UMHL,14,53,10,608.0,6080.0
2021090704032093,UMHL,56,53,200,608.0,121600.0
2021090704031937,UMHL,19,38,10,607.0,6070.0
2021090704031928,UMHL,20,35,11,606.1,6667.1
2021090704032016,UMHL,7,37,780,607.0,473460.0
2021090704031989,UMHL,7,38,220,607.0,133540.0
2021090704031988,UMHL,19,38,140,607.0,84980.0
2021090704031973,UMHL,19,58,50,607.0,30350.0
2021090704031960,UMHL,19,44,100,607.0,60700.0
2021090704032072,UMHL,33,57,100,607.0,60700.0
2021090704032069,UMHL,44,53,14,606.5,8491.0
2021090704032053,UMHL,38,53,163,608.0,99104.0
2021090704032052,UMHL,38,53,100,608.0,60800.0
2021090704032051,UMHL,38,35,17,608.0,10336.0
2021090704032050,UMHL,38,37,220,607.0,133540.0
2021090704032120,UPCL,14,35,569,484.0,275396.0
2021090704032119,UPCL,14,14,431,483.0,208173.0
2021090704032084,UPCL,58,14,69,483.0,33327.0
2021090704032083,UPCL,58,38,31,480.0,14880.0
2021090704031990,UPCL,53,38,69,480.0,33120.0
2021090704031987,UPCL,53,10,31,480.0,14880.0
2021090704031986,UPCL,4,10,50,480.0,24000.0
2021090704031985,UPCL,38,10,19,480.0,9120.0
2021090704031958,UPCL,14,26,10,483.0,4830.0
2021090704032012,UPPER,40,55,50,739.0,36950.0
2021090704032000,UPPER,37,3,10,740.0,7400.0
2021090704031901,AHPC,25,58,365,684.0,249660.0
2021090704031892,AHPC,25,18,135,682.0,92070.0
2021090704031886,AHPC,35,18,65,682.0,44330.0
2021090704031881,AHPC,58,33,202,688.0,138976.0
2021090704031880,AHPC,58,59,91,688.0,62608.0
2021090704031879,AHPC,58,53,700,687.9,481530.0
2021090704031419,AHPC,35,13,10,682.0,6820.0
2021090704031433,AHPC,4,17,100,681.0,68100.0
2021090704031432,AHPC,3,17,50,681.0,34050.0
2021090704031431,AHPC,47,17,50,681.0,34050.0
2021090704031430,AHPC,13,17,100,681.0,68100.0
2021090704031429,AHPC,35,17,20,682.0,13640.0
2021090704031428,AHPC,21,56,88,685.0,60280.0
2021090704031456,AHPC,6,20,50,681.0,34050.0
2021090704031455,AHPC,21,20,15,681.0,10215.0
2021090704031454,AHPC,25,20,120,681.0,81720.0
2021090704031453,AHPC,16,20,20,682.0,13640.0
2021090704031452,AHPC,4,20,200,682.0,136400.0
2021090704031434,AHPC,25,17,80,681.0,54480.0
2021090704031521,AHPC,44,57,50,681.0,34050.0
2021090704031515,AHPC,57,57,305,682.0,208010.0
2021090704031511,AHPC,57,45,195,681.0,132795.0
2021090704031478,AHPC,34,45,305,681.0,207705.0
2021090704031476,AHPC,46,56,100,685.0,68500.0
2021090704031457,AHPC,34,20,95,681.0,64695.0
2021090704031588,AHPC,46,3,100,684.0,68400.0
2021090704031586,AHPC,58,7,60,682.0,40920.0
2021090704031532,AHPC,57,46,100,681.2,68120.0
2021090704031524,AHPC,35,56,55,685.0,37675.0
2021090704031523,AHPC,35,51,500,684.0,342000.0
2021090704031522,AHPC,35,57,145,681.0,98745.0
2021090704031720,AHPC,47,3,20,680.1,13602.0
2021090704031719,AHPC,40,3,50,680.1,34005.0
2021090704031718,AHPC,28,3,300,681.0,204300.0
2021090704031717,AHPC,57,3,100,681.2,68120.0
2021090704031716,AHPC,58,3,10,682.0,6820.0
2021090704031591,AHPC,58,18,300,682.0,204600.0
2021090704031726,AHPC,56,3,80,680.0,54400.0
2021090704031725,AHPC,38,3,100,680.0,68000.0
2021090704031724,AHPC,21,3,150,680.0,102000.0
2021090704031723,AHPC,45,3,100,680.0,68000.0
2021090704031722,AHPC,42,3,100,680.0,68000.0
2021090704031721,AHPC,47,3,150,680.0,102000.0
2021090704031844,AHPC,4,58,100,682.0,68200.0
2021090704031842,AHPC,4,1,100,682.0,68200.0
2021090704031763,AHPC,40,56,500,685.0,342500.0
2021090704031729,AHPC,45,3,70,680.0,47600.0
2021090704031728,AHPC,6,3,350,680.0,238000.0
2021090704031727,AHPC,28,3,200,680.0,136000.0
2021090704031878,AHPC,58,26,"1,000",687.0,687000.0
2021090704031877,AHPC,58,14,200,685.0,137000.0
2021090704031876,AHPC,58,7,50,685.0,34250.0
2021090704031875,AHPC,58,56,257,685.0,176045.0
2021090704031850,AHPC,35,58,135,682.0,92070.0
2021090704031849,AHPC,45,58,100,682.0,68200.0
2021090704031427,AIL,34,25,40,788.0,31520.0
2021090704031426,AIL,49,25,20,788.0,15760.0
2021090704031425,AIL,38,25,50,788.0,39400.0
2021090704031424,AIL,6,25,50,788.0,39400.0
2021090704031423,AIL,48,25,20,788.0,15760.0
2021090704031422,AIL,20,25,30,788.0,23640.0
2021090704031638,AKJCL,51,43,25,410.0,10250.0
2021090704031517,AKJCL,34,43,10,410.0,4100.0
2021090704031468,AKJCL,54,13,250,409.0,102250.0
2021090704031841,AKPL,59,8,50,599.9,29995.0
2021090704031838,AKPL,45,8,10,599.9,5999.0
2021090704031645,AKPL,44,42,120,596.0,71520.0
2021090704031563,AKPL,19,33,10,600.0,6000.0
2021090704031492,AKPL,21,33,40,600.0,24000.0
2021090704031491,AKPL,21,50,85,600.0,51000.0
2021090704031479,AKPL,13,50,10,600.0,6000.0
2021090704031465,AKPL,50,50,400,600.0,240000.0
2021090704031446,AKPL,32,50,50,600.0,30000.0
2021090704031445,AKPL,19,50,415,600.0,249000.0
2021090704031761,API,58,34,111,479.0,53169.0
2021090704031760,API,58,49,100,479.0,47900.0
2021090704031759,API,58,34,326,479.0,156154.0
2021090704031758,API,58,21,500,478.9,239450.0
2021090704031757,API,58,40,200,478.9,95780.0
2021090704031756,API,58,45,161,478.8,77086.8
2021090704031514,API,49,10,1,471.0,471.0
2021090704031490,API,42,45,88,478.8,42134.4
2021090704031489,API,42,41,12,478.0,5736.0
2021090704031482,API,45,45,50,478.8,23940.0
2021090704031585,API,57,45,40,477.5,19100.0
2021090704031584,API,56,45,10,477.9,4779.0
2021090704031583,API,34,45,150,478.0,71700.0
2021090704031546,API,41,45,10,478.8,4788.0
2021090704031545,API,41,29,50,478.0,23900.0
2021090704031544,API,41,41,40,478.0,19120.0
2021090704031662,API,36,45,20,477.5,9550.0
2021090704031661,API,7,45,20,477.5,9550.0
2021090704031660,API,32,45,200,477.5,95500.0
2021090704031636,API,42,53,170,478.0,81260.0
2021090704031635,API,21,41,20,478.0,9560.0
2021090704031625,API,17,45,12,478.8,5745.6
2021090704031755,API,58,53,602,478.0,287756.0
2021090704031749,API,51,53,100,478.0,47800.0
2021090704031696,API,59,53,10,478.0,4780.0
2021090704031670,API,42,53,108,478.0,51624.0
2021090704031668,API,6,53,10,478.0,4780.0
2021090704031663,API,38,45,60,477.5,28650.0
2021090704031653,BARUN,3,48,10,566.0,5660.0
2021090704031624,BARUN,45,48,50,566.0,28300.0
2021090704031623,BARUN,13,48,200,566.0,113200.0
2021090704031622,BARUN,1,48,82,566.0,46412.0
2021090704031621,BARUN,17,48,10,567.0,5670.0
2021090704031587,BARUN,32,56,590,567.0,334530.0
2021090704031437,BARUN,50,56,100,567.0,56700.0
2021090704031907,BPCL,49,57,100,576.0,57600.0
2021090704031906,BPCL,49,8,20,576.0,11520.0
2021090704031905,BPCL,49,37,348,576.0,200448.0
2021090704031904,BPCL,49,57,20,575.9,11518.0
2021090704031903,BPCL,49,14,500,575.0,287500.0
2021090704031860,BPCL,14,48,104,574.0,59696.0
2021090704031467,BPCL,21,17,40,575.0,23000.0
2021090704031466,BPCL,52,17,50,575.0,28750.0
2021090704031599,BPCL,7,22,174,574.0,99876.0
2021090704031598,BPCL,36,22,10,574.0,5740.0
2021090704031573,BPCL,58,16,25,574.5,14362.5
2021090704031572,BPCL,58,58,10,574.1,5741.0
2021090704031531,BPCL,32,58,30,574.1,17223.0
2021090704031513,BPCL,43,58,50,574.1,28705.0
2021090704031859,BPCL,7,48,96,574.0,55104.0
2021090704031833,BPCL,7,41,80,574.0,45920.0
2021090704031773,BPCL,7,17,11,575.0,6325.0
2021090704031771,BPCL,59,17,75,575.0,43125.0
2021090704031770,BPCL,59,16,25,574.5,14362.5
2021090704031620,BPCL,21,16,50,574.5,28725.0
2021090704031782,CGH,49,49,10,1549.0,15490.0
2021090704031641,CGH,51,14,60,1539.0,92340.0
2021090704031640,CGH,49,14,30,1539.1,46173.0
2021090704031874,CHCL,46,52,303,623.0,188769.0
2021090704031873,CHCL,46,49,50,623.0,31150.0
2021090704031872,CHCL,46,39,147,623.0,91581.0
2021090704031847,CHCL,51,39,116,623.0,72268.0
2021090704031679,CHCL,51,49,84,623.0,52332.0
2021090704031678,CHCL,48,49,100,623.0,62300.0
2021090704031677,CHCL,14,49,16,623.4,9974.4
2021090704031626,CHCL,10,50,100,623.9,62390.0
2021090704031895,CHL,38,42,10,560.0,5600.0
2021090704031807,CHL,13,42,45,560.0,25200.0
2021090704031762,CHL,13,48,55,558.0,30690.0
2021090704031658,CHL,51,48,100,558.1,55810.0
2021090704031657,CHL,38,48,10,558.1,5581.0
2021090704031656,CHL,47,48,25,559.0,13975.0
2021090704031480,CHL,38,49,100,560.0,56000.0
2021090704031655,CHL,22,48,50,559.0,27950.0
2021090704031654,CHL,49,48,260,560.0,145600.0
2021090704031539,CHL,55,43,30,560.0,16800.0
2021090704031538,CHL,1,43,15,560.0,8400.0
2021090704031537,CHL,1,49,85,560.0,47600.0
2021090704031512,CHL,53,49,100,560.0,56000.0
2021090704031772,CMF1,7,16,"5,000",15.2,76000.0
2021090704031674,CMF1,21,16,"5,000",15.2,76000.0
2021090704031605,CMF1,28,34,"2,000",15.19,30380.0
2021090704031777,DHPL,4,50,10,371.0,3710.0
2021090704031643,DHPL,4,36,23,370.0,8510.0
2021090704031569,DHPL,48,50,30,368.1,11043.0
2021090704031568,DHPL,58,50,100,368.1,36810.0
2021090704031567,DHPL,6,50,100,369.0,36900.0
2021090704031566,DHPL,38,50,25,369.0,9225.0
2021090704031565,DHPL,38,50,100,369.0,36900.0
2021090704031558,DHPL,45,36,40,370.0,14800.0
2021090704031507,EIC,49,6,80,757.0,60560.0
2021090704031506,EIC,55,6,18,757.0,13626.0
2021090704031846,GIC,34,49,100,700.0,70000.0
2021090704031611,GIC,43,49,80,700.0,56000.0
2021090704031610,GIC,43,58,10,700.0,7000.0
2021090704031609,GIC,43,48,10,700.0,7000.0
2021090704031463,GIMES1,45,17,100,21.87,2187.0
2021090704031746,GLH,42,19,719,490.0,352310.0
2021090704031745,GLH,17,19,20,490.0,9800.0
2021090704031744,GLH,49,19,36,490.0,17640.0
2021090704031743,GLH,34,19,35,490.0,17150.0
2021090704031742,GLH,14,19,190,490.5,93195.0
2021090704031741,GLH,45,19,20,490.6,9812.0
2021090704031734,GLH,34,19,30,492.3,14769.0
2021090704031733,GLH,59,19,50,493.0,24650.0
2021090704031732,GLH,8,19,35,495.0,17325.0
2021090704031731,GLH,59,19,200,502.0,100400.0
2021090704031730,GLH,58,19,40,502.0,20080.0
2021090704031740,GLH,53,19,70,491.0,34370.0
2021090704031739,GLH,49,19,115,491.1,56476.5
2021090704031738,GLH,46,19,100,492.0,49200.0
2021090704031737,GLH,53,19,30,492.0,14760.0
2021090704031736,GLH,34,19,500,492.1,246050.0
2021090704031735,GLH,59,19,10,492.2,4922.0
2021090704031918,HDHPC,51,48,200,376.0,75200.0
2021090704031917,HDHPC,36,48,50,376.0,18800.0
2021090704031916,HDHPC,4,48,150,376.0,56400.0
2021090704031915,HDHPC,21,48,200,376.0,75200.0
2021090704031914,HDHPC,21,48,10,376.0,3760.0
2021090704031913,HDHPC,21,48,200,376.0,75200.0
2021090704031561,HDHPC,44,14,14,376.0,5264.0
2021090704031560,HDHPC,50,14,20,376.0,7520.0
2021090704031559,HDHPC,42,14,66,376.0,24816.0
2021090704031912,HDHPC,22,48,150,376.0,56400.0
2021090704031911,HDHPC,44,48,86,376.0,32336.0
2021090704031910,HDHPC,14,48,100,376.9,37690.0
2021090704031791,HDHPC,25,39,30,377.0,11310.0
2021090704031790,HDHPC,25,14,20,376.9,7538.0
2021090704031594,HDHPC,44,52,100,376.0,37600.0
2021090704031896,HGI,32,38,50,747.0,37350.0
2021090704031832,HGI,32,3,295,747.0,220365.0
2021090704031602,HGI,14,35,40,746.0,29840.0
2021090704031853,HPPL,33,33,159,540.0,85860.0
2021090704031852,HPPL,33,59,150,539.9,80985.0
2021090704031851,HPPL,33,58,39,536.0,20904.0
2021090704031774,HPPL,33,43,300,535.1,160530.0
2021090704031694,HPPL,58,58,500,536.0,268000.0
2021090704031693,HPPL,37,58,50,536.0,26800.0
2021090704031644,HPPL,41,59,50,539.9,26995.0
2021090704031536,HPPL,33,33,500,540.0,270000.0
2021090704031462,HURJA,45,57,60,507.0,30420.0
2021090704031461,HURJA,45,41,20,506.0,10120.0
2021090704031460,HURJA,45,1,20,504.0,10080.0
2021090704031765,IGI,54,45,28,1185.0,33180.0
2021090704031714,IGI,49,45,20,1185.0,23700.0
2021090704031713,IGI,58,45,30,1185.0,35550.0
2021090704031712,IGI,54,45,10,1188.0,11880.0
2021090704031711,IGI,52,45,27,1188.0,32076.0
2021090704031710,IGI,42,45,20,1188.1,23762.0
2021090704031709,IGI,6,45,100,1189.0,118900.0
2021090704031840,JOSHI,51,36,28,405.0,11340.0
2021090704031634,JOSHI,16,36,250,405.0,101250.0
2021090704031633,JOSHI,6,36,30,405.0,12150.0
2021090704031632,JOSHI,45,36,40,405.0,16200.0
2021090704031631,JOSHI,49,36,10,405.0,4050.0
2021090704031529,JOSHI,6,47,10,406.0,4060.0
2021090704031420,JOSHI,17,14,10,406.0,4060.0
2021090704031601,KKHC,29,34,"1,000",409.7,409700.0
2021090704031486,KKHC,59,49,12,409.0,4908.0
2021090704031485,KKHC,1,49,12,409.0,4908.0
2021090704031484,KKHC,28,49,36,409.0,14724.0
2021090704031483,KKHC,38,49,440,409.1,180004.0
2021090704031891,KPCL,42,21,10,682.0,6820.0
2021090704031808,KPCL,49,21,10,682.0,6820.0
2021090704031783,KPCL,42,21,10,682.0,6820.0
2021090704031571,KPCL,42,20,95,675.0,64125.0
2021090704031570,KPCL,21,20,105,675.0,70875.0
2021090704031458,KPCL,47,21,40,682.0,27280.0
2021090704031685,LEC,1,33,131,415.0,54365.0
