Transact. No.,Symbol,Buyer,Seller,Quantity,Rate,Amount
2021091505018010,JBLB,18,48,10,4515.0,45150.0
2021091505018027,JBLB,34,51,10,4512.0,45120.0
2021091505018031,JBLB,21,42,10,4506.0,45060.0
2021091505018046,JBLB,21,33,90,4506.0,405540.0
2021091505018090,JBLB,36,33,10,4506.0,45060.0
2021091505018108,JBLB,1,56,10,4507.0,45070.0
2021091505018138,JBLB,57,50,10,4508.0,45080.0
2021091505018163,JBLB,1,21,10,4507.0,45070.0
2021091505018162,JBLB,1,8,10,4507.0,45070.0
2021091505018216,JBLB,58,38,10,4508.0,45080.0
2021091505018213,JBLB,39,38,20,4508.0,90160.0
2021091505018211,JBLB,34,38,10,4508.0,45080.0
2021091505018241,JBLB,36,38,15,4508.0,67620.0
2021091505018245,JBLB,36,49,10,4510.0,45100.0
2021091505018243,JBLB,36,51,10,4510.0,45100.0
2021091505018242,JBLB,36,14,10,4510.0,45100.0
2021091505018281,JBLB,6,58,10,4510.0,45100.0
2021091505018299,JBLB,59,29,10,4510.0,45100.0
2021091505018308,JBLB,59,4,10,4510.0,45100.0
2021091505018330,JBLB,42,41,10,4511.0,45110.0
2021091505018327,JBLB,42,29,10,4511.0,45110.0
2021091505018339,JBLB,59,29,10,4510.0,45100.0
2021091505018362,JBLB,42,39,10,4511.0,45110.0
2021091505018371,JBLB,59,58,10,4510.0,45100.0
2021091505018378,JBLB,59,14,10,4510.0,45100.0
2021091505018380,JBLB,59,50,10,4510.0,45100.0
2021091505018387,JBLB,59,58,10,4510.0,45100.0
2021091505018422,JBLB,59,21,10,4510.0,45100.0
2021091505018416,JBLB,58,42,10,4511.0,45110.0
2021091505018438,SLI,53,32,10,699.0,6990.0
2021091505018437,SLI,53,38,10,699.0,6990.0
2021091505018435,SLI,53,39,10,699.0,6990.0
2021091505018434,SLI,53,49,10,699.0,6990.0
2021091505018433,SLI,42,3,10,699.5,6995.0
2021091505018432,SLI,42,43,10,699.4,6994.0
2021091505017944,SLI,42,57,10,699.0,6990.0
2021091505017943,SLI,42,20,10,699.0,6990.0
2021091505017942,SLI,42,41,10,699.0,6990.0
2021091505017941,SLI,42,11,10,699.0,6990.0
2021091505017940,SLI,42,1,10,699.0,6990.0
2021091505017939,SLI,42,35,10,699.0,6990.0
2021091505018009,SLI,45,58,10,699.9,6999.0
2021091505018008,SLI,45,1,10,699.9,6999.0
2021091505018007,SLI,45,57,10,699.9,6999.0
2021091505017948,SLI,45,49,10,699.9,6999.0
2021091505017945,SLI,42,38,10,699.0,6990.0
2021091505018017,SLI,45,45,10,699.9,6999.0
2021091505018015,SLI,22,11,10,700.0,7000.0
2021091505018014,SLI,22,59,10,700.0,7000.0
2021091505018013,SLI,22,49,10,700.0,7000.0
2021091505018012,SLI,22,48,10,700.0,7000.0
2021091505018011,SLI,22,4,10,700.0,7000.0
2021091505018025,SLI,42,57,10,699.0,6990.0
2021091505018024,SLI,42,49,10,699.0,6990.0
2021091505018022,SLI,45,11,10,699.9,6999.0
2021091505018020,SLI,45,38,10,699.9,6999.0
2021091505018019,SLI,45,35,10,699.9,6999.0
2021091505018033,SLI,48,35,10,699.0,6990.0
2021091505018032,SLI,48,58,10,699.0,6990.0
2021091505018030,SLI,43,11,10,699.9,6999.0
2021091505018029,SLI,48,49,10,699.0,6990.0
2021091505018028,SLI,17,49,10,699.0,6990.0
2021091505018041,SLI,55,1,10,699.0,6990.0
2021091505018040,SLI,55,46,10,699.0,6990.0
2021091505018039,SLI,55,54,10,699.0,6990.0
2021091505018038,SLI,48,58,10,699.0,6990.0
2021091505018035,SLI,48,49,10,699.0,6990.0
2021091505018034,SLI,48,57,10,699.0,6990.0
2021091505018048,SLI,55,42,10,699.0,6990.0
2021091505018047,SLI,55,35,10,699.0,6990.0
2021091505018045,SLI,55,47,10,699.0,6990.0
2021091505018043,SLI,55,57,10,699.0,6990.0
2021091505018042,SLI,55,11,10,699.0,6990.0
2021091505018060,SLI,45,20,10,699.5,6995.0
2021091505018059,SLI,45,54,10,699.5,6995.0
2021091505018053,SLI,45,58,10,699.0,6990.0
2021091505018051,SLI,58,38,10,698.5,6985.0
2021091505018050,SLI,55,57,10,699.0,6990.0
2021091505018049,SLI,55,1,10,699.0,6990.0
2021091505018066,SLI,8,57,10,699.9,6999.0
2021091505018065,SLI,8,35,10,699.8,6998.0
2021091505018064,SLI,45,35,10,699.5,6995.0
2021091505018063,SLI,45,57,10,699.5,6995.0
2021091505018062,SLI,45,38,10,699.5,6995.0
2021091505018061,SLI,58,48,10,699.9,6999.0
2021091505018072,SLI,45,34,10,699.5,6995.0
2021091505018071,SLI,8,49,10,700.0,7000.0
2021091505018070,SLI,8,49,10,700.0,7000.0
2021091505018069,SLI,8,52,10,699.9,6999.0
2021091505018068,SLI,8,29,10,699.9,6999.0
2021091505018067,SLI,8,34,10,699.9,6999.0
2021091505018079,SLI,45,58,10,699.5,6995.0
2021091505018078,SLI,45,28,10,699.5,6995.0
2021091505018077,SLI,45,1,10,699.5,6995.0
2021091505018076,SLI,45,57,10,699.5,6995.0
2021091505018075,SLI,45,13,10,699.5,6995.0
2021091505018073,SLI,45,5,10,699.5,6995.0
2021091505018085,SLI,45,57,10,699.5,6995.0
2021091505018084,SLI,45,21,10,699.5,6995.0
2021091505018083,SLI,45,56,10,699.5,6995.0
2021091505018082,SLI,45,58,10,699.5,6995.0
2021091505018081,SLI,45,21,10,699.5,6995.0
2021091505018080,SLI,45,29,10,699.5,6995.0
2021091505018091,SLI,45,53,10,699.5,6995.0
2021091505018089,SLI,45,38,10,699.5,6995.0
2021091505018088,SLI,45,38,10,699.5,6995.0
2021091505018087,SLI,45,49,10,699.5,6995.0
2021091505018086,SLI,45,58,10,699.5,6995.0
2021091505018097,SLI,58,21,10,699.9,6999.0
2021091505018096,SLI,58,58,10,699.9,6999.0
2021091505018095,SLI,45,49,10,699.5,6995.0
2021091505018094,SLI,45,47,10,699.5,6995.0
2021091505018093,SLI,45,25,10,699.5,6995.0
2021091505018092,SLI,45,32,10,699.5,6995.0
2021091505018105,SLI,45,58,10,699.5,6995.0
2021091505018103,SLI,45,21,10,699.5,6995.0
2021091505018101,SLI,45,58,10,699.5,6995.0
2021091505018100,SLI,45,11,10,699.5,6995.0
2021091505018099,SLI,45,35,10,699.5,6995.0
2021091505018098,SLI,45,38,10,699.5,6995.0
2021091505018111,SLI,45,58,10,699.5,6995.0
2021091505018110,SLI,45,34,10,699.5,6995.0
2021091505018109,SLI,45,38,10,699.5,6995.0
2021091505018107,SLI,45,25,10,699.5,6995.0
2021091505018106,SLI,45,42,10,699.5,6995.0
2021091505018117,SLI,45,47,10,699.5,6995.0
2021091505018116,SLI,45,8,10,699.5,6995.0
2021091505018115,SLI,45,57,10,699.5,6995.0
2021091505018114,SLI,45,29,10,699.5,6995.0
2021091505018113,SLI,45,8,10,699.5,6995.0
2021091505018112,SLI,45,43,10,699.5,6995.0
2021091505018124,SLI,45,51,10,699.5,6995.0
2021091505018123,SLI,22,11,10,699.6,6996.0
2021091505018122,SLI,45,38,10,699.5,6995.0
2021091505018121,SLI,11,35,10,699.8,6998.0
2021091505018119,SLI,57,58,10,699.6,6996.0
2021091505018118,SLI,45,46,10,699.5,6995.0
2021091505018137,SLI,42,42,10,699.5,6995.0
2021091505018136,SLI,42,49,10,699.5,6995.0
2021091505018134,SLI,55,59,10,699.0,6990.0
2021091505018131,SLI,55,14,10,699.0,6990.0
2021091505018126,SLI,45,58,10,699.5,6995.0
2021091505018125,SLI,45,7,10,699.5,6995.0
2021091505018145,SLI,42,7,10,699.5,6995.0
2021091505018144,SLI,55,43,10,699.0,6990.0
2021091505018143,SLI,55,11,10,699.0,6990.0
2021091505018142,SLI,55,38,10,699.0,6990.0
2021091505018139,SLI,55,56,10,699.0,6990.0
2021091505018151,SLI,42,22,10,699.5,6995.0
2021091505018150,SLI,42,34,10,699.5,6995.0
2021091505018149,SLI,42,48,10,699.5,6995.0
2021091505018148,SLI,42,49,10,699.5,6995.0
2021091505018147,SLI,42,58,10,699.5,6995.0
2021091505018146,SLI,42,17,10,699.5,6995.0
2021091505018158,SLI,29,58,10,699.9,6999.0
2021091505018157,SLI,29,57,10,699.9,6999.0
2021091505018156,SLI,29,58,10,699.8,6998.0
2021091505018154,SLI,55,47,10,699.0,6990.0
2021091505018153,SLI,42,48,10,699.5,6995.0
2021091505018152,SLI,42,5,10,699.5,6995.0
2021091505018167,SLI,38,55,10,699.6,6996.0
2021091505018166,SLI,38,4,10,699.6,6996.0
2021091505018165,SLI,38,38,10,699.5,6995.0
2021091505018164,SLI,55,57,10,699.0,6990.0
2021091505018174,SLI,38,55,10,699.8,6998.0
2021091505018173,SLI,55,48,10,699.0,6990.0
2021091505018172,SLI,55,58,10,699.0,6990.0
2021091505018171,SLI,32,57,10,699.5,6995.0
2021091505018170,SLI,38,21,10,699.6,6996.0
2021091505018168,SLI,38,13,10,699.6,6996.0
2021091505018180,SLI,45,25,10,699.9,6999.0
2021091505018179,SLI,57,59,10,699.5,6995.0
2021091505018178,SLI,57,49,10,699.5,6995.0
2021091505018177,SLI,57,50,10,699.5,6995.0
2021091505018176,SLI,14,38,10,699.2,6992.0
2021091505018175,SLI,41,53,10,699.0,6990.0
2021091505018186,SLI,43,59,10,700.0,7000.0
2021091505018185,SLI,43,21,10,699.9,6999.0
2021091505018184,SLI,57,43,10,699.5,6995.0
2021091505018183,SLI,45,29,10,699.9,6999.0
2021091505018182,SLI,45,11,10,699.9,6999.0
2021091505018181,SLI,45,7,10,699.9,6999.0
2021091505018192,SLI,43,11,10,700.0,7000.0
2021091505018191,SLI,43,21,10,700.0,7000.0
2021091505018190,SLI,43,11,10,700.0,7000.0
2021091505018189,SLI,43,11,10,700.0,7000.0
2021091505018188,SLI,43,11,10,700.0,7000.0
2021091505018187,SLI,43,6,10,700.0,7000.0
2021091505018198,SLI,43,49,10,700.0,7000.0
2021091505018197,SLI,43,11,10,700.0,7000.0
2021091505018196,SLI,43,11,10,700.0,7000.0
2021091505018195,SLI,43,11,10,700.0,7000.0
2021091505018194,SLI,43,36,10,700.0,7000.0
2021091505018193,SLI,43,11,10,700.0,7000.0
2021091505018204,SLI,43,17,10,700.0,7000.0
2021091505018203,SLI,43,52,10,700.0,7000.0
2021091505018202,SLI,43,59,10,700.0,7000.0
2021091505018201,SLI,43,11,10,700.0,7000.0
2021091505018200,SLI,43,38,10,700.0,7000.0
2021091505018199,SLI,43,11,10,700.0,7000.0
2021091505018210,SLI,7,19,10,699.0,6990.0
2021091505018209,SLI,7,59,10,699.0,6990.0
2021091505018208,SLI,7,21,10,699.0,6990.0
2021091505018207,SLI,14,53,10,699.0,6990.0
2021091505018206,SLI,58,48,10,699.0,6990.0
2021091505018205,SLI,57,49,10,699.5,6995.0
2021091505018215,SLI,7,49,10,699.0,6990.0
2021091505018214,SLI,7,43,10,699.0,6990.0
2021091505018212,SLI,57,32,10,699.1,6991.0
2021091505018222,SLI,28,35,10,698.6,6986.0
2021091505018221,SLI,7,11,10,699.0,6990.0
2021091505018220,SLI,7,48,10,699.0,6990.0
2021091505018219,SLI,7,47,10,699.0,6990.0
2021091505018218,SLI,7,58,10,699.0,6990.0
2021091505018217,SLI,7,6,10,699.0,6990.0
2021091505018229,SLI,4,28,10,699.0,6990.0
2021091505018228,SLI,4,58,10,699.0,6990.0
2021091505018227,SLI,4,39,10,699.0,6990.0
2021091505018226,SLI,4,58,10,699.0,6990.0
2021091505018225,SLI,4,25,10,699.0,6990.0
2021091505018223,SLI,28,39,10,698.6,6986.0
2021091505018235,SLI,42,45,10,699.0,6990.0
2021091505018234,SLI,4,38,10,699.0,6990.0
2021091505018233,SLI,4,42,10,699.0,6990.0
2021091505018232,SLI,4,4,10,699.0,6990.0
2021091505018231,SLI,4,21,10,699.0,6990.0
2021091505018230,SLI,4,36,10,699.0,6990.0
2021091505018240,SLI,16,42,10,699.0,6990.0
2021091505018239,SLI,16,48,10,699.0,6990.0
2021091505018238,SLI,16,45,10,699.0,6990.0
2021091505018237,SLI,16,6,10,699.0,6990.0
2021091505018236,SLI,28,57,10,698.6,6986.0
2021091505018247,SLI,4,48,10,699.0,6990.0
2021091505018246,SLI,4,22,10,699.0,6990.0
2021091505018244,SLI,28,38,10,698.6,6986.0
2021091505018253,SLI,4,42,10,699.5,6995.0
2021091505018252,SLI,4,16,10,699.5,6995.0
2021091505018251,SLI,4,58,10,699.5,6995.0
2021091505018250,SLI,4,58,10,699.0,6990.0
2021091505018249,SLI,4,49,10,699.0,6990.0
2021091505018248,SLI,4,3,10,699.0,6990.0
2021091505018259,SLI,4,58,10,700.0,7000.0
2021091505018258,SLI,4,58,10,699.9,6999.0
2021091505018257,SLI,4,42,10,699.9,6999.0
2021091505018256,SLI,4,29,10,699.9,6999.0
2021091505018255,SLI,4,6,10,699.8,6998.0
2021091505018254,SLI,4,26,10,699.5,6995.0
2021091505018265,SLI,4,42,10,700.0,7000.0
2021091505018264,SLI,4,59,10,700.0,7000.0
2021091505018263,SLI,4,25,10,700.0,7000.0
2021091505018262,SLI,4,51,10,700.0,7000.0
2021091505018261,SLI,4,49,10,700.0,7000.0
2021091505018260,SLI,4,29,10,700.0,7000.0
2021091505018273,SLI,19,58,10,699.0,6990.0
2021091505018272,SLI,19,58,10,699.0,6990.0
2021091505018270,SLI,19,58,10,699.0,6990.0
2021091505018269,SLI,19,58,10,699.0,6990.0
2021091505018268,SLI,28,43,10,698.6,6986.0
2021091505018267,SLI,28,58,10,698.6,6986.0
2021091505018282,SLI,19,58,10,699.0,6990.0
2021091505018280,SLI,19,39,10,699.0,6990.0
2021091505018279,SLI,19,6,10,699.0,6990.0
2021091505018278,SLI,19,48,10,699.0,6990.0
2021091505018275,SLI,16,21,10,699.6,6996.0
2021091505018288,SLI,28,58,10,698.6,6986.0
2021091505018287,SLI,43,47,10,699.0,6990.0
2021091505018286,SLI,58,34,10,699.0,6990.0
2021091505018285,SLI,58,57,10,699.0,6990.0
2021091505018284,SLI,58,45,10,699.0,6990.0
2021091505018283,SLI,58,38,10,699.0,6990.0
2021091505018294,SLI,22,45,10,699.9,6999.0
2021091505018293,SLI,22,39,10,699.5,6995.0
2021091505018292,SLI,22,58,10,699.4,6994.0
2021091505018291,SLI,22,45,10,699.2,6992.0
2021091505018290,SLI,22,49,10,699.0,6990.0
2021091505018289,SLI,22,11,10,699.0,6990.0
2021091505018300,SLI,28,16,10,698.6,6986.0
2021091505018298,SLI,22,34,10,700.0,7000.0
2021091505018297,SLI,22,4,10,700.0,7000.0
2021091505018296,SLI,22,17,10,700.0,7000.0
2021091505018295,SLI,22,51,10,700.0,7000.0
2021091505018306,SLI,41,39,10,699.0,6990.0
2021091505018305,SLI,41,32,10,699.0,6990.0
2021091505018304,SLI,41,6,10,699.0,6990.0
2021091505018303,SLI,28,22,10,699.5,6995.0
2021091505018302,SLI,28,57,10,699.5,6995.0
2021091505018301,SLI,28,8,10,699.0,6990.0
2021091505018319,SLI,41,36,10,699.0,6990.0
2021091505018318,SLI,16,21,10,699.2,6992.0
2021091505018317,SLI,41,53,10,699.0,6990.0
2021091505018316,SLI,41,5,10,699.0,6990.0
2021091505018307,SLI,41,47,10,699.0,6990.0
2021091505018325,SLI,41,54,10,699.0,6990.0
2021091505018324,SLI,41,11,10,699.0,6990.0
2021091505018323,SLI,28,59,10,700.0,7000.0
2021091505018322,SLI,28,47,10,700.0,7000.0
2021091505018321,SLI,41,29,10,699.0,6990.0
2021091505018320,SLI,45,22,10,699.2,6992.0
2021091505018331,SLI,41,34,10,699.0,6990.0
2021091505018329,SLI,41,17,10,699.0,6990.0
2021091505018328,SLI,41,47,10,699.0,6990.0
2021091505018326,SLI,41,39,10,699.0,6990.0
2021091505018338,SLI,58,58,5,698.6,3493.0
2021091505018336,SLI,41,42,10,699.0,6990.0
2021091505018335,SLI,41,13,10,699.0,6990.0
2021091505018334,SLI,45,58,10,699.2,6992.0
2021091505018333,SLI,41,16,10,699.0,6990.0
2021091505018332,SLI,41,47,10,699.0,6990.0
2021091505018344,SLI,41,21,10,699.0,6990.0
2021091505018343,SLI,44,10,10,699.5,6995.0
2021091505018342,SLI,44,39,10,699.5,6995.0
2021091505018341,SLI,16,34,10,699.2,6992.0
2021091505018340,SLI,35,4,10,699.2,6992.0
2021091505018352,SLI,34,48,10,699.0,6990.0
2021091505018351,SLI,34,43,10,699.0,6990.0
2021091505018349,SLI,34,47,10,699.0,6990.0
2021091505018348,SLI,34,49,10,699.0,6990.0
2021091505018346,SLI,57,44,10,699.1,6991.0
2021091505018345,SLI,41,5,10,699.0,6990.0
2021091505018358,SLI,34,38,10,699.0,6990.0
2021091505018357,SLI,34,45,10,699.0,6990.0
2021091505018356,SLI,58,49,10,699.9,6999.0
2021091505018355,SLI,58,22,10,699.9,6999.0
2021091505018354,SLI,58,21,10,699.5,6995.0
2021091505018353,SLI,34,14,10,699.0,6990.0
2021091505018364,SLI,34,34,10,699.0,6990.0
2021091505018363,SLI,34,19,10,699.0,6990.0
2021091505018361,SLI,16,55,10,699.2,6992.0
2021091505018360,SLI,34,33,10,699.0,6990.0
2021091505018359,SLI,34,32,10,699.0,6990.0
2021091505018372,SLI,28,39,10,699.1,6991.0
2021091505018369,SLI,28,38,10,699.1,6991.0
2021091505018367,SLI,11,38,10,699.5,6995.0
2021091505018366,SLI,11,38,10,699.2,6992.0
2021091505018365,SLI,34,4,10,699.0,6990.0
2021091505018377,SLI,28,57,10,699.1,6991.0
2021091505018376,SLI,28,43,10,699.1,6991.0
2021091505018375,SLI,34,42,10,699.5,6995.0
2021091505018374,SLI,28,44,10,699.1,6991.0
2021091505018373,SLI,28,47,10,699.1,6991.0
2021091505018384,SLI,28,29,10,699.1,6991.0
2021091505018383,SLI,42,58,10,699.9,6999.0
2021091505018382,SLI,42,58,10,699.9,6999.0
2021091505018381,SLI,28,57,10,699.1,6991.0
2021091505018379,SLI,35,51,10,699.4,6994.0
2021091505018391,SLI,58,46,10,699.5,6995.0
2021091505018390,SLI,37,32,10,699.1,6991.0
2021091505018388,SLI,37,22,10,699.1,6991.0
2021091505018386,SLI,28,32,10,699.1,6991.0
2021091505018385,SLI,28,51,10,699.1,6991.0
2021091505018397,SLI,41,45,10,699.0,6990.0
2021091505018396,SLI,21,45,10,699.0,6990.0
2021091505018395,SLI,42,45,20,699.0,13980.0
2021091505018394,SLI,34,45,180,699.0,125820.0
2021091505018393,SLI,37,45,10,699.1,6991.0
2021091505018392,SLI,16,58,10,699.5,6995.0
2021091505018403,SLI,58,45,10,699.0,6990.0
2021091505018402,SLI,45,45,70,699.0,48930.0
2021091505018401,SLI,35,45,20,699.0,13980.0
2021091505018400,SLI,49,45,10,699.0,6990.0
2021091505018399,SLI,58,45,30,699.0,20970.0
2021091505018398,SLI,34,45,10,699.0,6990.0
2021091505018409,SLI,34,45,50,698.0,34900.0
2021091505018408,SLI,19,45,10,698.0,6980.0
2021091505018407,SLI,41,45,100,698.0,69800.0
2021091505018406,SLI,58,45,80,698.5,55880.0
2021091505018405,SLI,28,45,20,698.6,13972.0
2021091505018404,SLI,26,45,50,698.7,34935.0
2021091505018415,SLI,56,21,10,699.9,6999.0
2021091505018414,SLI,56,16,10,699.9,6999.0
2021091505018413,SLI,56,59,10,699.2,6992.0
2021091505018412,SLI,56,53,10,699.0,6990.0
2021091505018411,SLI,56,41,10,699.0,6990.0
2021091505018410,SLI,34,45,30,698.0,20940.0
2021091505018425,SLI,34,28,10,698.0,6980.0
2021091505018424,SLI,34,21,10,698.0,6980.0
2021091505018421,SLI,4,58,10,699.0,6990.0
2021091505018420,SLI,4,49,10,699.0,6990.0
2021091505018431,SLI,53,47,10,699.0,6990.0
2021091505018430,SLI,53,34,10,699.0,6990.0
2021091505018429,SLI,53,52,10,699.0,6990.0
2021091505018428,SLI,53,58,10,699.0,6990.0
2021091505018427,SLI,53,39,10,699.0,6990.0
2021091505018426,SLI,53,43,10,699.0,6990.0
2021091505018436,ULI,32,49,10,692.0,6920.0
2021091505018423,ULI,58,26,10,692.0,6920.0
2021091505018419,ULI,29,52,10,692.0,6920.0
2021091505018418,ULI,29,57,10,692.0,6920.0
2021091505018417,ULI,56,13,15,691.1,10366.5
2021091505018389,ULI,56,28,10,691.1,6911.0
2021091505017947,ULI,6,38,10,690.2,6902.0
2021091505017946,ULI,45,38,10,690.2,6902.0
2021091505017954,ULI,14,16,30,690.1,20703.0
2021091505017953,ULI,42,16,100,690.1,69010.0
2021091505017952,ULI,34,16,30,690.2,20706.0
2021091505017951,ULI,26,16,100,690.2,69020.0
2021091505017950,ULI,6,16,80,690.2,55216.0
2021091505017949,ULI,6,16,10,690.2,6902.0
2021091505017960,ULI,14,16,10,690.0,6900.0
2021091505017959,ULI,41,16,50,690.0,34500.0
2021091505017958,ULI,1,16,20,690.0,13800.0
2021091505017957,ULI,19,16,150,690.0,103500.0
2021091505017956,ULI,48,16,10,690.1,6901.0
2021091505017955,ULI,37,16,100,690.1,69010.0
2021091505017966,ULI,22,16,50,690.0,34500.0
2021091505017965,ULI,56,16,10,690.0,6900.0
2021091505017964,ULI,58,16,150,690.0,103500.0
2021091505017963,ULI,53,16,20,690.0,13800.0
2021091505017962,ULI,44,16,40,690.0,27600.0
2021091505017961,ULI,41,16,20,690.0,13800.0
2021091505017972,ULI,45,16,10,690.0,6900.0
2021091505017971,ULI,38,16,20,690.0,13800.0
2021091505017970,ULI,39,16,100,690.0,69000.0
2021091505017969,ULI,8,16,10,690.0,6900.0
2021091505017968,ULI,4,16,10,690.0,6900.0
2021091505017967,ULI,35,16,150,690.0,103500.0
2021091505017978,ULI,16,16,70,690.0,48300.0
2021091505017977,ULI,37,16,30,690.0,20700.0
2021091505017976,ULI,42,16,20,690.0,13800.0
2021091505017975,ULI,1,16,40,690.0,27600.0
2021091505017974,ULI,51,16,30,690.0,20700.0
2021091505017973,ULI,51,16,12,690.0,8280.0
2021091505017984,ULI,38,16,60,690.0,41400.0
2021091505017983,ULI,51,16,30,690.0,20700.0
2021091505017982,ULI,13,16,20,690.0,13800.0
2021091505017981,ULI,45,16,10,690.0,6900.0
2021091505017980,ULI,42,16,20,690.0,13800.0
2021091505017979,ULI,49,16,10,690.0,6900.0
2021091505017990,ULI,25,16,50,690.0,34500.0
2021091505017989,ULI,38,16,10,690.0,6900.0
2021091505017988,ULI,13,16,120,690.0,82800.0
2021091505017987,ULI,38,16,100,690.0,69000.0
2021091505017986,ULI,38,16,60,690.0,41400.0
2021091505017985,ULI,43,16,20,690.0,13800.0
2021091505017996,ULI,42,16,20,690.0,13800.0
2021091505017995,ULI,11,16,100,690.0,69000.0
2021091505017994,ULI,51,16,50,690.0,34500.0
2021091505017993,ULI,13,16,100,690.0,69000.0
2021091505017992,ULI,13,16,100,690.0,69000.0
2021091505017991,ULI,38,16,10,690.0,6900.0
2021091505018002,ULI,7,16,130,690.0,89700.0
2021091505018001,ULI,49,16,140,690.0,96600.0
2021091505018000,ULI,26,16,200,690.0,138000.0
2021091505017999,ULI,45,16,50,690.0,34500.0
2021091505017998,ULI,49,16,90,690.0,62100.0
2021091505017997,ULI,45,16,30,690.0,20700.0
2021091505018018,ULI,37,16,100,689.0,68900.0
2021091505018016,ULI,25,16,145,689.0,99905.0
2021091505018006,ULI,54,16,500,689.0,344500.0
2021091505018005,ULI,56,16,30,689.0,20670.0
2021091505018004,ULI,34,16,50,689.0,34450.0
2021091505018003,ULI,8,16,50,689.1,34455.0
2021091505018044,ULI,36,38,10,688.0,6880.0
2021091505018037,ULI,36,7,10,688.0,6880.0
2021091505018036,ULI,49,45,10,688.0,6880.0
2021091505018026,ULI,58,16,10,689.0,6890.0
2021091505018023,ULI,41,16,25,689.0,17225.0
2021091505018021,ULI,45,16,45,689.0,31005.0
2021091505018058,ULI,39,56,10,689.0,6890.0
2021091505018057,ULI,39,52,10,689.0,6890.0
2021091505018056,ULI,39,58,10,689.0,6890.0
2021091505018055,ULI,39,47,10,689.0,6890.0
2021091505018054,ULI,39,16,43,689.0,29627.0
2021091505018052,ULI,8,7,10,688.0,6880.0
2021091505018128,ULI,45,21,10,690.0,6900.0
2021091505018127,ULI,45,16,50,690.0,34500.0
2021091505018120,ULI,42,46,10,689.0,6890.0
2021091505018104,ULI,42,58,10,689.0,6890.0
2021091505018102,ULI,19,38,10,688.2,6882.0
2021091505018074,ULI,39,7,10,689.0,6890.0
2021091505018140,ULI,45,54,60,690.0,41400.0
2021091505018135,ULI,45,6,10,690.0,6900.0
2021091505018133,ULI,45,41,10,690.0,6900.0
2021091505018132,ULI,45,42,10,690.0,6900.0
2021091505018130,ULI,45,29,10,690.0,6900.0
2021091505018129,ULI,45,20,10,690.0,6900.0
2021091505018169,ULI,45,16,10,690.2,6902.0
2021091505018161,ULI,19,49,10,690.1,6901.0
2021091505018160,ULI,19,51,10,690.1,6901.0
2021091505018159,ULI,19,16,10,690.1,6901.0
2021091505018155,ULI,19,49,10,690.1,6901.0
2021091505018141,ULI,45,45,10,690.0,6900.0
2021091505018277,ULI,45,52,10,690.2,6902.0
2021091505018276,ULI,45,59,10,690.2,6902.0
2021091505018274,ULI,45,8,10,690.2,6902.0
2021091505018271,ULI,45,48,10,690.2,6902.0
2021091505018266,ULI,47,20,10,690.5,6905.0
2021091505018224,ULI,45,42,10,690.2,6902.0
2021091505018314,ULI,59,21,10,691.0,6910.0
2021091505018313,ULI,59,26,20,691.0,13820.0
2021091505018312,ULI,59,45,10,691.0,6910.0
2021091505018311,ULI,59,51,10,691.0,6910.0
2021091505018310,ULI,59,58,10,691.0,6910.0
2021091505018309,ULI,59,58,10,691.0,6910.0
2021091505018370,ULI,32,38,20,692.0,13840.0
2021091505018368,ULI,56,28,10,691.1,6911.0
2021091505018350,ULI,56,49,55,691.1,38010.5
2021091505018347,ULI,59,28,10,691.0,6910.0
2021091505018337,ULI,59,29,10,691.0,6910.0
2021091505018315,ULI,59,35,10,691.0,6910.0
2021091505017488,JBLB,47,29,10,4500.0,45000.0
2021091505017497,JBLB,47,55,10,4500.0,45000.0
2021091505017496,JBLB,47,22,10,4500.0,45000.0
2021091505017578,JBLB,47,55,10,4500.0,45000.0
2021091505017577,JBLB,25,33,10,4501.0,45010.0
2021091505017579,JBLB,33,32,30,4501.0,135030.0
2021091505017593,JBLB,51,1,10,4501.0,45010.0
2021091505017590,JBLB,33,49,10,4501.0,45010.0
2021091505017595,JBLB,51,58,10,4501.0,45010.0
2021091505017604,JBLB,38,35,20,4500.0,90000.0
2021091505017603,JBLB,34,35,10,4500.0,45000.0
2021091505017602,JBLB,33,35,10,4500.0,45000.0
2021091505017601,JBLB,47,35,20,4500.0,90000.0
2021091505017620,JBLB,26,38,10,4501.0,45010.0
2021091505017629,JBLB,8,58,10,4505.0,45050.0
2021091505017628,JBLB,8,58,10,4505.0,45050.0
2021091505017652,JBLB,33,57,10,4505.0,45050.0
2021091505017676,JBLB,26,16,10,4501.0,45010.0
2021091505017687,JBLB,6,58,10,4503.0,45030.0
2021091505017708,JBLB,6,53,10,4505.0,45050.0
2021091505017715,JBLB,45,42,10,4515.0,45150.0
2021091505017714,JBLB,45,42,10,4510.0,45100.0
2021091505017713,JBLB,45,55,10,4506.0,45060.0
2021091505017720,JBLB,45,58,10,4520.0,45200.0
2021091505017719,JBLB,45,32,10,4520.0,45200.0
2021091505017718,JBLB,45,29,10,4520.0,45200.0
2021091505017717,JBLB,45,29,10,4515.0,45150.0
2021091505017716,JBLB,45,7,10,4515.0,45150.0
2021091505017732,JBLB,47,33,10,4505.0,45050.0
2021091505017731,JBLB,45,59,10,4520.0,45200.0
2021091505017741,JBLB,37,38,10,4502.0,45020.0
2021091505017739,JBLB,57,33,10,4505.0,45050.0
2021091505017746,JBLB,56,25,10,4502.0,45020.0
2021091505017770,JBLB,45,10,10,4504.9,45049.0
2021091505017776,JBLB,45,39,10,4505.0,45050.0
2021091505017807,JBLB,14,58,10,4505.0,45050.0
2021091505017815,JBLB,28,56,10,4507.0,45070.0
2021091505017818,JBLB,28,10,10,4507.0,45070.0
2021091505017906,JBLB,36,3,10,4510.0,45100.0
2021091505017938,SLI,42,1,10,699.0,6990.0
2021091505017936,SLI,50,38,10,699.0,6990.0
2021091505017935,SLI,50,58,10,699.0,6990.0
2021091505017934,SLI,50,57,10,699.0,6990.0
2021091505017933,SLI,45,29,10,699.8,6998.0
2021091505017932,SLI,45,22,10,699.0,6990.0
2021091505017442,SLI,17,56,10,695.0,6950.0
2021091505017441,SLI,17,58,10,695.0,6950.0
2021091505017440,SLI,17,45,10,695.0,6950.0
2021091505017439,SLI,17,58,10,695.0,6950.0
2021091505017448,SLI,43,49,10,696.0,6960.0
2021091505017447,SLI,43,6,10,696.0,6960.0
2021091505017446,SLI,43,11,10,696.0,6960.0
2021091505017445,SLI,43,52,10,696.0,6960.0
2021091505017444,SLI,43,41,10,696.0,6960.0
2021091505017443,SLI,17,6,10,695.0,6950.0
2021091505017454,SLI,43,58,10,696.9,6969.0
2021091505017453,SLI,43,29,10,696.9,6969.0
2021091505017452,SLI,43,41,10,696.8,6968.0
2021091505017451,SLI,43,58,10,696.4,6964.0
2021091505017450,SLI,43,51,10,696.0,6960.0
2021091505017449,SLI,43,11,10,696.0,6960.0
2021091505017460,SLI,43,49,10,697.0,6970.0
2021091505017459,SLI,43,57,10,697.0,6970.0
2021091505017458,SLI,43,58,10,697.0,6970.0
2021091505017457,SLI,43,38,10,696.9,6969.0
2021091505017456,SLI,43,29,10,696.9,6969.0
2021091505017455,SLI,43,29,10,696.9,6969.0
2021091505017466,SLI,43,58,10,697.0,6970.0
2021091505017465,SLI,43,6,10,697.0,6970.0
2021091505017464,SLI,43,56,10,697.0,6970.0
2021091505017463,SLI,43,49,10,697.0,6970.0
2021091505017462,SLI,43,58,10,697.0,6970.0
2021091505017461,SLI,43,49,10,697.0,6970.0
2021091505017472,SLI,43,45,10,697.0,6970.0
2021091505017471,SLI,43,43,10,697.0,6970.0
2021091505017470,SLI,43,58,10,697.0,6970.0
2021091505017469,SLI,43,36,10,697.0,6970.0
2021091505017468,SLI,43,49,10,697.0,6970.0
2021091505017467,SLI,43,58,10,697.0,6970.0
2021091505017478,SLI,43,6,10,697.0,6970.0
2021091505017477,SLI,43,38,10,697.0,6970.0
2021091505017476,SLI,43,1,10,697.0,6970.0
2021091505017475,SLI,43,6,10,697.0,6970.0
2021091505017474,SLI,43,58,10,697.0,6970.0
2021091505017473,SLI,43,6,10,697.0,6970.0
2021091505017484,SLI,43,29,10,696.0,6960.0
2021091505017483,SLI,58,38,10,695.0,6950.0
2021091505017482,SLI,58,22,10,695.0,6950.0
2021091505017481,SLI,58,14,10,695.0,6950.0
2021091505017480,SLI,58,53,10,695.0,6950.0
2021091505017479,SLI,34,21,10,695.0,6950.0
2021091505017492,SLI,43,38,10,696.0,6960.0
2021091505017491,SLI,43,29,10,696.0,6960.0
2021091505017490,SLI,43,45,10,696.0,6960.0
2021091505017486,SLI,43,56,10,696.0,6960.0
2021091505017485,SLI,43,47,10,696.0,6960.0
2021091505017498,SLI,43,38,10,696.0,6960.0
2021091505017495,SLI,43,58,10,696.0,6960.0
2021091505017494,SLI,43,47,10,696.0,6960.0
2021091505017493,SLI,58,20,10,696.5,6965.0
2021091505017505,SLI,43,21,10,697.0,6970.0
2021091505017504,SLI,43,58,10,697.0,6970.0
2021091505017503,SLI,43,48,10,697.0,6970.0
2021091505017502,SLI,43,45,10,697.0,6970.0
2021091505017501,SLI,57,45,10,696.0,6960.0
2021091505017499,SLI,43,49,10,696.0,6960.0
2021091505017511,SLI,43,51,10,698.0,6980.0
2021091505017510,SLI,43,56,10,697.5,6975.0
2021091505017509,SLI,43,3,10,697.0,6970.0
2021091505017508,SLI,43,49,10,697.0,6970.0
2021091505017507,SLI,43,16,10,697.0,6970.0
2021091505017506,SLI,43,17,10,697.0,6970.0
2021091505017517,SLI,43,22,10,698.0,6980.0
2021091505017516,SLI,43,58,10,698.0,6980.0
2021091505017515,SLI,43,45,10,698.0,6980.0
2021091505017514,SLI,43,58,10,698.0,6980.0
2021091505017513,SLI,43,14,10,698.0,6980.0
2021091505017512,SLI,43,50,10,698.0,6980.0
2021091505017523,SLI,43,35,10,698.0,6980.0
2021091505017522,SLI,43,58,10,698.0,6980.0
2021091505017521,SLI,43,42,10,698.0,6980.0
2021091505017520,SLI,43,11,10,698.0,6980.0
2021091505017519,SLI,43,21,10,698.0,6980.0
2021091505017518,SLI,43,45,10,698.0,6980.0
2021091505017529,SLI,43,14,10,699.0,6990.0
2021091505017528,SLI,43,6,10,698.7,6987.0
2021091505017527,SLI,43,11,10,698.5,6985.0
2021091505017526,SLI,43,58,10,698.0,6980.0
2021091505017525,SLI,43,45,10,698.0,6980.0
2021091505017524,SLI,43,45,10,698.0,6980.0
2021091505017535,SLI,43,48,10,699.0,6990.0
2021091505017534,SLI,43,35,10,699.0,6990.0
2021091505017533,SLI,43,51,10,699.0,6990.0
2021091505017532,SLI,43,29,10,699.0,6990.0
2021091505017531,SLI,43,41,10,699.0,6990.0
2021091505017530,SLI,43,45,10,699.0,6990.0
2021091505017541,SLI,43,58,10,699.9,6999.0
2021091505017540,SLI,43,58,10,699.9,6999.0
2021091505017539,SLI,43,11,10,699.9,6999.0
2021091505017538,SLI,43,57,10,699.9,6999.0
2021091505017537,SLI,43,50,10,699.9,6999.0
2021091505017536,SLI,43,22,10,699.5,6995.0
2021091505017547,SLI,43,58,10,700.0,7000.0
2021091505017546,SLI,43,21,10,700.0,7000.0
2021091505017545,SLI,43,21,10,700.0,7000.0
2021091505017544,SLI,43,7,10,700.0,7000.0
2021091505017543,SLI,43,3,10,700.0,7000.0
2021091505017542,SLI,43,47,10,700.0,7000.0
2021091505017553,SLI,43,58,10,700.0,7000.0
2021091505017552,SLI,43,58,10,700.0,7000.0
2021091505017551,SLI,43,45,10,700.0,7000.0
2021091505017550,SLI,43,42,10,700.0,7000.0
2021091505017549,SLI,43,49,10,700.0,7000.0
2021091505017548,SLI,43,45,10,700.0,7000.0
2021091505017559,SLI,43,58,10,700.0,7000.0
2021091505017558,SLI,43,54,10,700.0,7000.0
2021091505017557,SLI,43,58,10,700.0,7000.0
2021091505017556,SLI,43,41,10,700.0,7000.0
2021091505017555,SLI,43,58,10,700.0,7000.0
2021091505017554,SLI,43,58,10,700.0,7000.0
2021091505017565,SLI,43,51,10,700.0,7000.0
2021091505017564,SLI,43,55,10,700.0,7000.0
2021091505017563,SLI,43,58,10,700.0,7000.0
2021091505017562,SLI,43,38,10,700.0,7000.0
2021091505017561,SLI,43,59,10,700.0,7000.0
2021091505017560,SLI,43,21,10,700.0,7000.0
2021091505017571,SLI,43,29,10,700.0,7000.0
2021091505017570,SLI,43,57,10,700.0,7000.0
2021091505017569,SLI,43,49,10,700.0,7000.0
2021091505017568,SLI,43,1,10,700.0,7000.0
2021091505017567,SLI,43,21,10,700.0,7000.0
2021091505017566,SLI,43,38,10,700.0,7000.0
2021091505017576,SLI,58,59,10,695.0,6950.0
2021091505017575,SLI,22,53,10,695.1,6951.0
2021091505017573,SLI,22,47,10,695.1,6951.0
2021091505017572,SLI,49,58,10,696.0,6960.0
2021091505017584,SLI,58,59,10,695.0,6950.0
2021091505017583,SLI,58,46,10,695.0,6950.0
2021091505017582,SLI,58,25,10,695.0,6950.0
2021091505017581,SLI,58,53,10,695.0,6950.0
2021091505017580,SLI,58,54,10,695.0,6950.0
2021091505017592,SLI,37,53,10,695.0,6950.0
2021091505017588,SLI,58,58,10,696.0,6960.0
2021091505017587,SLI,37,47,10,695.0,6950.0
2021091505017586,SLI,37,45,10,695.0,6950.0
2021091505017599,SLI,43,46,10,696.0,6960.0
2021091505017598,SLI,52,38,10,695.0,6950.0
2021091505017597,SLI,37,42,10,695.0,6950.0
2021091505017596,SLI,37,59,10,695.0,6950.0
2021091505017594,SLI,55,54,10,696.0,6960.0
2021091505017605,SLI,52,45,10,695.0,6950.0
2021091505017600,SLI,52,38,10,695.0,6950.0
2021091505017611,SLI,38,38,10,696.0,6960.0
2021091505017610,SLI,38,32,10,696.0,6960.0
2021091505017609,SLI,38,59,10,696.0,6960.0
2021091505017608,SLI,38,49,10,696.0,6960.0
2021091505017607,SLI,52,58,10,695.0,6950.0
2021091505017606,SLI,52,20,10,695.0,6950.0
2021091505017618,SLI,41,59,10,695.0,6950.0
2021091505017617,SLI,41,53,10,695.0,6950.0
2021091505017615,SLI,41,14,10,695.0,6950.0
2021091505017614,SLI,41,41,10,695.0,6950.0
2021091505017613,SLI,41,47,10,695.0,6950.0
2021091505017612,SLI,41,47,10,695.0,6950.0
2021091505017625,SLI,8,42,10,695.0,6950.0
2021091505017624,SLI,41,21,10,695.0,6950.0
2021091505017622,SLI,41,49,10,695.0,6950.0
2021091505017621,SLI,41,59,10,695.0,6950.0
2021091505017619,SLI,41,21,10,695.0,6950.0
2021091505017632,SLI,57,59,10,695.0,6950.0
2021091505017631,SLI,57,47,10,695.0,6950.0
2021091505017627,SLI,57,58,10,695.0,6950.0
2021091505017626,SLI,55,32,10,695.0,6950.0
2021091505017638,SLI,57,46,10,695.0,6950.0
2021091505017637,SLI,57,47,10,695.0,6950.0
2021091505017636,SLI,57,58,10,695.0,6950.0
2021091505017635,SLI,57,1,10,695.0,6950.0
2021091505017634,SLI,57,53,10,695.0,6950.0
2021091505017633,SLI,57,53,10,695.0,6950.0
2021091505017646,SLI,57,48,10,695.0,6950.0
2021091505017645,SLI,57,46,10,695.0,6950.0
2021091505017642,SLI,57,38,10,695.0,6950.0
2021091505017641,SLI,57,51,10,695.0,6950.0
2021091505017640,SLI,57,45,10,695.0,6950.0
2021091505017639,SLI,57,32,10,695.0,6950.0
2021091505017653,SLI,21,53,10,695.5,6955.0
2021091505017651,SLI,21,32,10,695.2,6952.0
2021091505017650,SLI,57,59,10,695.0,6950.0
2021091505017649,SLI,35,59,10,695.1,6951.0
2021091505017647,SLI,57,6,10,695.0,6950.0
2021091505017659,SLI,57,43,10,695.0,6950.0
2021091505017658,SLI,57,47,10,695.0,6950.0
2021091505017657,SLI,57,21,10,695.0,6950.0
2021091505017656,SLI,21,32,10,695.5,6955.0
2021091505017655,SLI,21,11,10,695.5,6955.0
2021091505017654,SLI,21,50,10,695.5,6955.0
2021091505017665,SLI,16,14,10,695.0,6950.0
2021091505017664,SLI,59,16,10,695.0,6950.0
2021091505017663,SLI,59,1,10,695.0,6950.0
2021091505017662,SLI,38,59,10,696.1,6961.0
2021091505017661,SLI,38,48,10,696.0,6960.0
2021091505017660,SLI,49,38,10,695.0,6950.0
2021091505017673,SLI,58,42,10,696.0,6960.0
2021091505017672,SLI,58,21,10,696.0,6960.0
2021091505017671,SLI,58,53,10,696.0,6960.0
2021091505017670,SLI,32,3,10,696.0,6960.0
2021091505017669,SLI,16,59,10,695.0,6950.0
2021091505017666,SLI,16,6,10,695.0,6950.0
2021091505017681,SLI,49,45,10,696.0,6960.0
2021091505017679,SLI,49,38,10,696.0,6960.0
2021091505017678,SLI,46,59,10,695.1,6951.0
2021091505017677,SLI,58,47,10,696.0,6960.0
2021091505017674,SLI,58,49,10,696.0,6960.0
2021091505017689,SLI,49,52,10,696.0,6960.0
2021091505017688,SLI,58,3,10,697.0,6970.0
2021091505017685,SLI,58,58,10,697.0,6970.0
2021091505017684,SLI,49,58,10,696.0,6960.0
2021091505017682,SLI,49,59,10,696.0,6960.0
2021091505017695,SLI,58,4,10,696.0,6960.0
2021091505017694,SLI,58,21,10,696.0,6960.0
2021091505017693,SLI,58,51,10,696.0,6960.0
2021091505017692,SLI,58,58,10,696.0,6960.0
2021091505017691,SLI,58,21,10,696.0,6960.0
2021091505017690,SLI,46,52,10,695.1,6951.0
2021091505017702,SLI,46,38,10,695.1,6951.0
2021091505017701,SLI,46,6,10,695.1,6951.0
2021091505017700,SLI,38,49,10,697.0,6970.0
2021091505017699,SLI,38,16,10,697.0,6970.0
2021091505017697,SLI,58,46,10,696.0,6960.0
2021091505017696,SLI,58,21,10,696.0,6960.0
2021091505017707,SLI,32,47,10,697.0,6970.0
2021091505017706,SLI,21,1,10,697.0,6970.0
2021091505017705,SLI,21,21,10,697.0,6970.0
2021091505017704,SLI,21,48,10,697.0,6970.0
2021091505017703,SLI,21,4,10,696.0,6960.0
2021091505017712,SLI,32,52,10,697.0,6970.0
2021091505017711,SLI,32,58,10,697.0,6970.0
2021091505017709,SLI,32,35,10,697.0,6970.0
2021091505017721,SLI,32,52,10,696.0,6960.0
2021091505017727,SLI,42,53,10,698.0,6980.0
2021091505017726,SLI,42,34,10,698.0,6980.0
2021091505017725,SLI,42,34,10,698.0,6980.0
2021091505017724,SLI,42,46,10,698.0,6980.0
2021091505017723,SLI,42,38,10,698.0,6980.0
2021091505017722,SLI,46,32,10,695.1,6951.0
2021091505017735,SLI,13,57,10,699.0,6990.0
2021091505017734,SLI,42,49,10,698.0,6980.0
2021091505017729,SLI,42,1,10,698.0,6980.0
2021091505017728,SLI,42,14,10,698.0,6980.0
2021091505017742,SLI,42,47,10,698.0,6980.0
2021091505017738,SLI,42,46,10,698.0,6980.0
2021091505017737,SLI,54,45,5,696.0,3480.0
2021091505017736,SLI,13,42,10,699.0,6990.0
2021091505017750,SLI,42,58,10,698.0,6980.0
2021091505017749,SLI,42,56,10,698.0,6980.0
2021091505017747,SLI,42,57,10,698.0,6980.0
2021091505017745,SLI,42,49,10,698.0,6980.0
2021091505017743,SLI,42,53,10,698.0,6980.0
2021091505017757,SLI,21,49,10,699.0,6990.0
2021091505017756,SLI,21,38,10,699.0,6990.0
2021091505017754,SLI,21,58,10,699.0,6990.0
2021091505017753,SLI,42,42,10,698.0,6980.0
2021091505017752,SLI,42,21,10,698.0,6980.0
2021091505017751,SLI,42,1,10,698.0,6980.0
2021091505017768,SLI,42,1,10,698.0,6980.0
2021091505017767,SLI,42,45,10,698.0,6980.0
2021091505017762,SLI,42,58,10,698.0,6980.0
2021091505017760,SLI,42,42,10,698.0,6980.0
2021091505017759,SLI,21,49,10,699.0,6990.0
2021091505017758,SLI,21,35,10,699.0,6990.0
2021091505017775,SLI,42,59,10,698.0,6980.0
2021091505017774,SLI,42,1,10,698.0,6980.0
2021091505017773,SLI,42,10,10,698.0,6980.0
2021091505017772,SLI,42,38,10,698.0,6980.0
2021091505017769,SLI,25,58,10,699.0,6990.0
2021091505017781,SLI,42,38,10,698.0,6980.0
2021091505017780,SLI,42,34,10,698.0,6980.0
2021091505017779,SLI,42,39,10,698.0,6980.0
2021091505017778,SLI,42,1,10,698.0,6980.0
2021091505017777,SLI,42,45,10,698.0,6980.0
2021091505017788,SLI,42,45,10,698.0,6980.0
2021091505017787,SLI,42,58,10,698.0,6980.0
2021091505017786,SLI,42,50,10,698.0,6980.0
2021091505017785,SLI,6,6,10,699.0,6990.0
2021091505017783,SLI,42,57,10,698.0,6980.0
2021091505017782,SLI,42,16,10,698.0,6980.0
2021091505017795,SLI,42,34,10,698.0,6980.0
2021091505017794,SLI,28,4,10,699.8,6998.0
2021091505017793,SLI,28,3,10,699.0,6990.0
2021091505017792,SLI,28,11,10,699.0,6990.0
2021091505017791,SLI,42,39,10,698.0,6980.0
2021091505017790,SLI,42,1,10,698.0,6980.0
2021091505017802,SLI,4,29,10,699.8,6998.0
2021091505017801,SLI,4,16,10,699.1,6991.0
2021091505017800,SLI,42,6,10,698.0,6980.0
2021091505017799,SLI,42,16,10,698.0,6980.0
2021091505017798,SLI,42,38,10,698.0,6980.0
2021091505017796,SLI,42,38,10,698.0,6980.0
2021091505017808,SLI,17,1,10,699.0,6990.0
2021091505017806,SLI,17,16,10,699.0,6990.0
2021091505017805,SLI,58,1,10,699.0,6990.0
2021091505017804,SLI,42,41,10,698.0,6980.0
2021091505017803,SLI,42,45,10,698.0,6980.0
2021091505017814,SLI,17,25,10,699.0,6990.0
2021091505017812,SLI,17,17,10,699.0,6990.0
2021091505017811,SLI,17,45,10,699.0,6990.0
2021091505017810,SLI,17,38,10,699.0,6990.0
2021091505017809,SLI,17,57,10,699.0,6990.0
2021091505017823,SLI,42,45,10,698.0,6980.0
2021091505017820,SLI,42,38,10,698.0,6980.0
2021091505017819,SLI,42,1,10,698.0,6980.0
2021091505017817,SLI,42,58,10,698.0,6980.0
2021091505017816,SLI,42,28,10,698.0,6980.0
2021091505017831,SLI,57,35,10,699.0,6990.0
2021091505017830,SLI,21,57,10,698.0,6980.0
2021091505017829,SLI,21,56,10,698.0,6980.0
2021091505017827,SLI,21,46,10,698.0,6980.0
2021091505017826,SLI,21,28,10,698.0,6980.0
2021091505017824,SLI,21,13,10,698.0,6980.0
2021091505017837,SLI,21,26,10,698.0,6980.0
2021091505017836,SLI,21,45,10,698.0,6980.0
2021091505017835,SLI,57,6,10,699.0,6990.0
2021091505017834,SLI,57,49,10,699.0,6990.0
2021091505017833,SLI,57,44,10,699.0,6990.0
2021091505017832,SLI,57,48,10,699.0,6990.0
2021091505017843,SLI,21,20,10,698.0,6980.0
2021091505017842,SLI,17,21,10,699.0,6990.0
2021091505017841,SLI,21,35,10,698.0,6980.0
2021091505017840,SLI,21,56,10,698.0,6980.0
2021091505017839,SLI,21,1,10,698.0,6980.0
2021091505017838,SLI,21,32,10,698.0,6980.0
2021091505017851,SLI,16,57,10,698.0,6980.0
2021091505017848,SLI,16,49,10,698.0,6980.0
2021091505017847,SLI,45,58,10,699.0,6990.0
2021091505017846,SLI,14,6,10,699.0,6990.0
2021091505017845,SLI,21,45,10,698.0,6980.0
2021091505017844,SLI,21,28,10,698.0,6980.0
2021091505017857,SLI,38,49,10,699.0,6990.0
2021091505017856,SLI,38,57,10,698.0,6980.0
2021091505017855,SLI,16,38,10,697.0,6970.0
2021091505017854,SLI,35,45,5,697.0,3485.0
2021091505017853,SLI,35,28,10,697.0,6970.0
2021091505017852,SLI,26,34,10,698.0,6980.0
2021091505017863,SLI,38,58,10,699.0,6990.0
2021091505017862,SLI,38,58,10,699.0,6990.0
2021091505017861,SLI,38,49,10,699.0,6990.0
2021091505017860,SLI,38,58,10,699.0,6990.0
2021091505017859,SLI,38,58,10,699.0,6990.0
2021091505017858,SLI,38,1,10,699.0,6990.0
2021091505017869,SLI,38,29,10,699.9,6999.0
2021091505017868,SLI,38,49,10,699.8,6998.0
2021091505017867,SLI,38,29,10,699.8,6998.0
2021091505017866,SLI,38,50,10,699.6,6996.0
2021091505017865,SLI,38,35,10,699.5,6995.0
2021091505017864,SLI,38,7,10,699.0,6990.0
2021091505017875,SLI,38,11,10,699.9,6999.0
2021091505017874,SLI,38,33,10,699.9,6999.0
2021091505017873,SLI,38,42,10,699.9,6999.0
2021091505017872,SLI,38,32,10,699.9,6999.0
2021091505017871,SLI,38,57,10,699.9,6999.0
2021091505017870,SLI,38,51,10,699.9,6999.0
2021091505017881,SLI,38,6,10,700.0,7000.0
2021091505017880,SLI,38,49,10,700.0,7000.0
2021091505017879,SLI,38,58,10,700.0,7000.0
2021091505017878,SLI,38,51,10,699.9,6999.0
2021091505017877,SLI,38,16,10,699.9,6999.0
2021091505017876,SLI,38,57,10,699.9,6999.0
2021091505017887,SLI,38,21,10,700.0,7000.0
2021091505017886,SLI,38,6,10,700.0,7000.0
2021091505017885,SLI,38,21,10,700.0,7000.0
2021091505017884,SLI,38,6,10,700.0,7000.0
2021091505017883,SLI,38,6,10,700.0,7000.0
2021091505017882,SLI,38,48,10,700.0,7000.0
2021091505017893,SLI,38,6,10,700.0,7000.0
2021091505017892,SLI,38,58,10,700.0,7000.0
2021091505017891,SLI,38,6,10,700.0,7000.0
2021091505017890,SLI,38,48,10,700.0,7000.0
2021091505017889,SLI,38,22,10,700.0,7000.0
2021091505017888,SLI,38,49,10,700.0,7000.0
2021091505017899,SLI,38,18,10,700.0,7000.0
2021091505017898,SLI,38,21,10,700.0,7000.0
2021091505017897,SLI,38,6,10,700.0,7000.0
2021091505017896,SLI,38,41,10,700.0,7000.0
2021091505017895,SLI,38,42,10,700.0,7000.0
2021091505017894,SLI,38,43,10,700.0,7000.0
2021091505017905,SLI,38,41,10,700.0,7000.0
2021091505017904,SLI,38,21,10,700.0,7000.0
2021091505017903,SLI,38,42,10,700.0,7000.0
2021091505017902,SLI,38,21,10,700.0,7000.0
2021091505017901,SLI,38,49,10,700.0,7000.0
2021091505017900,SLI,38,58,10,700.0,7000.0
2021091505017913,SLI,58,58,10,698.5,6985.0
2021091505017912,SLI,58,1,10,698.5,6985.0
2021091505017911,SLI,58,45,10,698.0,6980.0
2021091505017910,SLI,58,47,10,698.0,6980.0
2021091505017909,SLI,16,57,10,697.0,6970.0
2021091505017919,SLI,21,34,10,699.0,6990.0
2021091505017918,SLI,21,45,10,699.0,6990.0
2021091505017917,SLI,21,14,10,699.0,6990.0
2021091505017916,SLI,21,57,10,699.0,6990.0
2021091505017915,SLI,58,36,10,698.5,6985.0
2021091505017914,SLI,58,22,10,698.5,6985.0
2021091505017931,SLI,38,59,10,699.0,6990.0
2021091505017930,SLI,38,58,10,699.0,6990.0
2021091505017929,SLI,38,42,10,699.0,6990.0
2021091505017928,SLI,38,57,10,699.0,6990.0
2021091505017922,SLI,38,49,10,699.0,6990.0
2021091505017920,SLI,21,58,10,699.0,6990.0
2021091505017937,ULI,45,4,55,691.0,38005.0
2021091505017927,ULI,56,4,20,691.0,13820.0
2021091505017926,ULI,58,4,10,691.0,6910.0
2021091505017925,ULI,34,4,20,691.0,13820.0
2021091505017924,ULI,22,4,30,691.0,20730.0
2021091505017923,ULI,21,4,60,691.0,41460.0
2021091505017574,ULI,25,49,10,692.1,6921.0
2021091505017500,ULI,25,38,10,692.1,6921.0
2021091505017489,ULI,57,46,10,692.1,6921.0
2021091505017487,ULI,57,14,10,692.1,6921.0
2021091505017630,ULI,58,41,10,692.1,6921.0
2021091505017623,ULI,48,34,10,692.0,6920.0
2021091505017616,ULI,58,51,10,692.0,6920.0
2021091505017591,ULI,49,38,10,692.1,6921.0
2021091505017589,ULI,13,49,10,692.0,6920.0
2021091505017585,ULI,49,36,10,692.0,6920.0
2021091505017675,ULI,47,45,10,692.0,6920.0
2021091505017668,ULI,21,16,140,691.0,96740.0
2021091505017667,ULI,1,16,10,691.0,6910.0
2021091505017648,ULI,49,41,10,691.0,6910.0
2021091505017644,ULI,48,16,20,692.0,13840.0
2021091505017643,ULI,22,16,25,692.0,17300.0
2021091505017730,ULI,13,38,10,692.0,6920.0
2021091505017710,ULI,6,36,10,693.0,6930.0
2021091505017698,ULI,47,38,10,692.1,6921.0
2021091505017686,ULI,47,38,10,692.1,6921.0
2021091505017683,ULI,47,21,10,692.1,6921.0
2021091505017680,ULI,47,47,10,692.1,6921.0
2021091505017761,ULI,6,4,10,692.0,6920.0
2021091505017755,ULI,53,38,10,691.1,6911.0
2021091505017748,ULI,53,59,10,691.1,6911.0
2021091505017744,ULI,53,50,10,691.1,6911.0
2021091505017740,ULI,58,4,100,692.0,69200.0
2021091505017733,ULI,13,4,90,692.0,62280.0
2021091505017784,ULI,21,38,10,691.0,6910.0
2021091505017771,ULI,21,38,10,691.0,6910.0
2021091505017766,ULI,21,43,20,691.0,13820.0
2021091505017765,ULI,13,43,20,691.1,13822.0
2021091505017764,ULI,53,43,60,691.1,41466.0
2021091505017763,ULI,53,11,10,691.1,6911.0
2021091505017825,ULI,6,49,10,691.1,6911.0
2021091505017822,ULI,21,35,340,691.0,234940.0
2021091505017821,ULI,58,49,10,691.1,6911.0
2021091505017813,ULI,21,22,10,691.0,6910.0
2021091505017797,ULI,21,39,10,691.0,6910.0
2021091505017789,ULI,21,51,10,691.0,6910.0
2021091505017921,ULI,21,57,10,691.0,6910.0
2021091505017908,ULI,21,17,10,691.0,6910.0
2021091505017907,ULI,4,49,10,691.1,6911.0
2021091505017850,ULI,21,4,10,691.0,6910.0
2021091505017849,ULI,48,49,30,691.1,20733.0
2021091505017828,ULI,21,42,60,691.0,41460.0
2021091505017435,JBLB,6,33,30,4501.0,135030.0
2021091505017434,JBLB,47,52,10,4500.0,45000.0
2021091505016960,JBLB,45,7,10,4510.0,45100.0
2021091505016959,JBLB,6,7,10,4511.0,45110.0
2021091505016958,JBLB,10,7,10,4511.0,45110.0
2021091505016957,JBLB,56,7,15,4514.0,67710.0
2021091505016956,JBLB,58,7,40,4514.0,180560.0
2021091505016966,JBLB,34,7,10,4510.0,45100.0
2021091505016965,JBLB,38,7,20,4510.0,90200.0
2021091505016964,JBLB,29,7,20,4510.0,90200.0
2021091505016963,JBLB,4,7,10,4510.0,45100.0
2021091505016962,JBLB,7,7,25,4510.0,112750.0
2021091505016961,JBLB,57,7,10,4510.0,45100.0
2021091505016968,JBLB,19,21,10,4509.0,45090.0
2021091505016975,JBLB,16,7,10,4510.0,45100.0
2021091505017001,JBLB,53,42,10,4506.0,45060.0
2021091505016998,JBLB,57,42,10,4506.0,45060.0
2021091505017009,JBLB,11,34,10,4501.2,45012.0
2021091505017008,JBLB,36,34,20,4505.0,90100.0
2021091505017007,JBLB,49,34,20,4505.0,90100.0
2021091505017015,JBLB,56,34,10,4501.0,45010.0
2021091505017014,JBLB,56,34,10,4501.0,45010.0
2021091505017013,JBLB,28,34,20,4501.0,90020.0
2021091505017012,JBLB,41,34,10,4501.0,45010.0
2021091505017011,JBLB,6,34,50,4501.0,225050.0
2021091505017010,JBLB,38,34,10,4501.1,45011.0
2021091505017021,JBLB,38,34,10,4500.0,45000.0
2021091505017020,JBLB,43,34,20,4500.0,90000.0
2021091505017019,JBLB,5,34,10,4500.1,45001.0
2021091505017018,JBLB,11,34,20,4501.0,90020.0
2021091505017017,JBLB,19,34,10,4501.0,45010.0
2021091505017016,JBLB,44,34,10,4501.0,45010.0
2021091505017027,JBLB,49,34,30,4500.0,135000.0
2021091505017026,JBLB,32,34,10,4500.0,45000.0
2021091505017025,JBLB,52,34,10,4500.0,45000.0
2021091505017024,JBLB,1,34,20,4500.0,90000.0
2021091505017023,JBLB,57,34,30,4500.0,135000.0
2021091505017022,JBLB,16,34,10,4500.0,45000.0
2021091505017033,JBLB,59,34,100,4500.0,450000.0
2021091505017032,JBLB,45,34,10,4500.0,45000.0
2021091505017031,JBLB,47,34,10,4500.0,45000.0
2021091505017030,JBLB,56,34,10,4500.0,45000.0
2021091505017029,JBLB,45,34,10,4500.0,45000.0
2021091505017028,JBLB,13,34,10,4500.0,45000.0
2021091505017050,JBLB,32,42,20,4505.0,90100.0
2021091505017047,JBLB,48,52,10,4500.0,45000.0
2021091505017057,JBLB,34,42,10,4505.0,45050.0
2021091505017056,JBLB,35,42,10,4505.0,45050.0
2021091505017066,JBLB,18,42,10,4505.0,45050.0
2021091505017071,JBLB,49,42,10,4505.0,45050.0
2021091505017094,JBLB,35,42,10,4505.0,45050.0
2021091505017098,JBLB,5,42,10,4501.0,45010.0
2021091505017109,JBLB,56,42,70,4505.0,315350.0
2021091505017110,JBLB,56,13,10,4505.0,45050.0
2021091505017131,JBLB,56,58,10,4505.0,45050.0
2021091505017179,JBLB,35,33,10,4505.0,45050.0
2021091505017174,JBLB,56,45,10,4505.0,45050.0
2021091505017186,JBLB,45,33,100,4501.0,450100.0
2021091505017184,JBLB,19,33,30,4501.0,135030.0
2021091505017183,JBLB,56,33,10,4501.0,45010.0
2021091505017182,JBLB,46,33,10,4501.0,45010.0
2021091505017181,JBLB,5,33,10,4501.0,45010.0
2021091505017180,JBLB,17,33,20,4501.1,90022.0
2021091505017216,JBLB,56,33,100,4501.0,450100.0
2021091505017219,JBLB,48,56,10,4500.0,45000.0
2021091505017228,JBLB,35,33,10,4501.0,45010.0
2021091505017225,JBLB,16,52,10,4500.0,45000.0
2021091505017234,JBLB,53,33,10,4501.0,45010.0
2021091505017250,JBLB,34,17,10,4500.0,45000.0
2021091505017249,JBLB,39,33,20,4501.0,90020.0
2021091505017260,JBLB,41,22,10,4500.0,45000.0
2021091505017256,JBLB,34,7,10,4500.0,45000.0
2021091505017266,JBLB,32,34,100,4500.0,450000.0
2021091505017265,JBLB,57,34,50,4500.0,225000.0
2021091505017264,JBLB,41,34,40,4500.0,180000.0
2021091505017272,JBLB,45,34,10,4500.0,45000.0
2021091505017271,JBLB,45,34,10,4500.0,45000.0
2021091505017270,JBLB,45,34,10,4500.0,45000.0
2021091505017269,JBLB,14,34,10,4500.0,45000.0
2021091505017268,JBLB,45,34,10,4500.0,45000.0
2021091505017267,JBLB,48,34,40,4500.0,180000.0
2021091505017278,JBLB,57,34,10,4500.0,45000.0
2021091505017277,JBLB,51,34,10,4500.0,45000.0
2021091505017276,JBLB,39,34,10,4500.0,45000.0
2021091505017275,JBLB,55,34,10,4500.0,45000.0
2021091505017274,JBLB,8,34,20,4500.0,90000.0
2021091505017273,JBLB,46,34,50,4500.0,225000.0
2021091505017284,JBLB,25,34,10,4500.0,45000.0
2021091505017283,JBLB,45,34,10,4500.0,45000.0
2021091505017282,JBLB,33,34,10,4500.0,45000.0
2021091505017281,JBLB,34,34,10,4500.0,45000.0
2021091505017280,JBLB,51,34,25,4500.0,112500.0
2021091505017279,JBLB,33,34,100,4500.0,450000.0
2021091505017290,JBLB,58,34,165,4500.0,742500.0
2021091505017289,JBLB,59,34,40,4500.0,180000.0
2021091505017288,JBLB,34,34,10,4500.0,45000.0
2021091505017287,JBLB,50,34,50,4500.0,225000.0
2021091505017286,JBLB,43,34,10,4500.0,45000.0
2021091505017285,JBLB,42,34,20,4500.0,90000.0
2021091505017292,JBLB,45,33,50,4501.0,225050.0
2021091505017291,JBLB,34,33,20,4501.0,90020.0
2021091505017303,JBLB,57,7,10,4500.0,45000.0
2021091505017302,JBLB,4,7,30,4500.0,135000.0
2021091505017301,JBLB,52,7,10,4500.0,45000.0
2021091505017300,JBLB,58,7,125,4500.0,562500.0
2021091505017299,JBLB,58,7,10,4500.0,45000.0
2021091505017309,JBLB,49,33,20,4500.0,90000.0
2021091505017308,JBLB,13,33,10,4500.0,45000.0
2021091505017307,JBLB,13,33,10,4500.0,45000.0
2021091505017305,JBLB,32,7,25,4500.0,112500.0
2021091505017304,JBLB,58,7,10,4500.0,45000.0
2021091505017315,JBLB,19,33,50,4500.0,225000.0
2021091505017314,JBLB,34,33,20,4500.0,90000.0
2021091505017313,JBLB,34,33,10,4500.0,45000.0
2021091505017312,JBLB,22,33,30,4500.0,135000.0
2021091505017311,JBLB,52,33,100,4500.0,450000.0
2021091505017310,JBLB,16,33,10,4500.0,45000.0
2021091505017318,JBLB,6,33,10,4500.0,45000.0
2021091505017317,JBLB,21,33,20,4500.0,90000.0
2021091505017316,JBLB,11,33,10,4500.0,45000.0
2021091505017323,JBLB,28,54,10,4499.0,44990.0
2021091505017322,JBLB,22,33,10,4500.0,45000.0
2021091505017332,JBLB,4,33,50,4500.0,225000.0
2021091505017339,JBLB,36,33,100,4500.0,450000.0
2021091505017346,JBLB,36,57,10,4500.0,45000.0
2021091505017345,JBLB,36,33,30,4500.0,135000.0
2021091505017343,JBLB,58,33,10,4500.0,45000.0
2021091505017350,JBLB,36,52,10,4500.0,45000.0
2021091505017349,JBLB,36,42,10,4500.0,45000.0
2021091505017348,JBLB,36,17,10,4500.0,45000.0
2021091505017347,JBLB,36,18,18,4500.0,81000.0
2021091505017358,JBLB,36,17,10,4500.0,45000.0
2021091505017365,JBLB,32,59,10,4499.0,44990.0
2021091505017361,JBLB,28,59,40,4499.0,179960.0
2021091505017369,JBLB,58,33,60,4501.0,270060.0
2021091505017368,JBLB,58,59,40,4499.0,179960.0
2021091505017389,JBLB,21,45,10,4500.0,45000.0
2021091505017421,JBLB,47,49,10,4500.0,45000.0
2021091505017438,SLI,42,47,10,695.0,6950.0
2021091505017437,SLI,42,21,10,695.0,6950.0
2021091505017436,SLI,42,45,10,695.0,6950.0
2021091505017433,SLI,42,32,10,695.0,6950.0
2021091505016941,SLI,34,13,10,695.0,6950.0
2021091505016940,SLI,7,32,10,694.0,6940.0
2021091505016939,SLI,7,42,10,694.0,6940.0
2021091505016947,SLI,34,41,10,695.0,6950.0
2021091505016946,SLI,34,51,10,695.0,6950.0
2021091505016945,SLI,34,58,10,695.0,6950.0
2021091505016944,SLI,34,48,10,695.0,6950.0
2021091505016943,SLI,34,34,10,695.0,6950.0
2021091505016942,SLI,34,13,10,695.0,6950.0
2021091505016953,SLI,58,58,10,695.0,6950.0
2021091505016952,SLI,34,32,10,695.0,6950.0
2021091505016951,SLI,26,45,10,696.0,6960.0
2021091505016950,SLI,26,58,10,696.0,6960.0
2021091505016949,SLI,34,49,10,695.0,6950.0
2021091505016948,SLI,34,29,10,695.0,6950.0
2021091505016954,SLI,33,29,10,695.0,6950.0
2021091505016972,SLI,33,13,10,695.0,6950.0
2021091505016971,SLI,33,29,10,695.0,6950.0
2021091505016970,SLI,33,34,10,695.0,6950.0
2021091505016969,SLI,33,32,10,695.0,6950.0
2021091505016967,SLI,33,41,10,695.0,6950.0
2021091505016978,SLI,33,32,10,695.0,6950.0
2021091505016977,SLI,33,48,10,695.0,6950.0
2021091505016976,SLI,33,59,10,695.0,6950.0
2021091505016974,SLI,54,38,10,696.0,6960.0
2021091505016973,SLI,54,58,10,696.0,6960.0
2021091505016985,SLI,44,7,10,695.0,6950.0
2021091505016984,SLI,44,29,10,695.0,6950.0
2021091505016983,SLI,44,32,10,695.0,6950.0
2021091505016981,SLI,44,38,10,695.0,6950.0
2021091505016980,SLI,44,58,10,695.0,6950.0
2021091505016979,SLI,33,54,10,695.0,6950.0
2021091505016991,SLI,17,58,10,696.0,6960.0
2021091505016990,SLI,50,25,10,695.0,6950.0
2021091505016989,SLI,50,32,10,695.0,6950.0
2021091505016988,SLI,50,32,10,695.0,6950.0
2021091505016987,SLI,50,54,10,695.0,6950.0
2021091505016986,SLI,50,29,10,695.0,6950.0
2021091505016997,SLI,20,54,10,696.0,6960.0
2021091505016996,SLI,20,7,10,696.0,6960.0
2021091505016995,SLI,20,26,10,696.0,6960.0
2021091505016994,SLI,17,17,10,696.0,6960.0
2021091505016993,SLI,17,58,10,696.0,6960.0
2021091505016992,SLI,17,49,10,696.0,6960.0
2021091505017003,SLI,34,58,10,695.1,6951.0
2021091505017002,SLI,50,57,10,695.0,6950.0
2021091505017000,SLI,50,58,10,695.0,6950.0
2021091505016999,SLI,50,46,10,695.0,6950.0
2021091505017006,SLI,58,32,10,695.1,6951.0
2021091505017005,SLI,50,32,10,695.0,6950.0
2021091505017004,SLI,50,59,10,695.0,6950.0
2021091505017039,SLI,34,17,10,695.0,6950.0
2021091505017038,SLI,1,32,10,694.1,6941.0
2021091505017037,SLI,58,52,10,695.0,6950.0
2021091505017036,SLI,58,58,10,695.0,6950.0
2021091505017035,SLI,58,57,10,695.0,6950.0
2021091505017034,SLI,58,58,10,695.5,6955.0
2021091505017046,SLI,57,59,10,695.0,6950.0
2021091505017045,SLI,1,58,10,694.1,6941.0
2021091505017044,SLI,1,28,10,694.1,6941.0
2021091505017042,SLI,1,58,10,694.1,6941.0
2021091505017041,SLI,34,56,10,695.0,6950.0
2021091505017040,SLI,34,35,10,695.0,6950.0
2021091505017052,SLI,7,58,10,694.0,6940.0
2021091505017051,SLI,7,45,10,694.0,6940.0
2021091505017049,SLI,7,32,10,694.0,6940.0
2021091505017048,SLI,1,41,10,694.1,6941.0
2021091505017059,SLI,53,58,10,694.0,6940.0
2021091505017058,SLI,53,32,10,694.0,6940.0
2021091505017055,SLI,53,8,10,694.0,6940.0
2021091505017053,SLI,53,38,10,694.0,6940.0
2021091505017065,SLI,13,1,10,694.0,6940.0
2021091505017063,SLI,13,42,10,694.0,6940.0
2021091505017062,SLI,13,41,10,694.0,6940.0
2021091505017061,SLI,13,21,10,694.0,6940.0
2021091505017060,SLI,53,44,10,694.0,6940.0
2021091505017072,SLI,22,52,10,694.1,6941.0
2021091505017070,SLI,13,58,10,694.0,6940.0
2021091505017069,SLI,40,8,10,694.1,6941.0
2021091505017068,SLI,13,26,10,694.0,6940.0
2021091505017067,SLI,13,1,10,694.0,6940.0
2021091505017078,SLI,20,45,10,694.1,6941.0
2021091505017077,SLI,13,59,10,694.0,6940.0
2021091505017076,SLI,13,44,10,694.0,6940.0
2021091505017075,SLI,13,7,10,694.0,6940.0
2021091505017074,SLI,22,32,10,694.1,6941.0
2021091505017073,SLI,22,46,10,694.1,6941.0
2021091505017084,SLI,49,32,10,694.0,6940.0
2021091505017083,SLI,48,49,10,695.0,6950.0
2021091505017082,SLI,48,40,10,695.0,6950.0
2021091505017081,SLI,49,41,10,694.0,6940.0
2021091505017080,SLI,49,8,10,694.0,6940.0
2021091505017079,SLI,49,58,10,694.0,6940.0
2021091505017091,SLI,34,49,10,695.0,6950.0
2021091505017090,SLI,34,58,10,695.0,6950.0
2021091505017089,SLI,34,58,10,695.0,6950.0
2021091505017088,SLI,49,48,10,694.0,6940.0
2021091505017087,SLI,49,6,10,694.0,6940.0
2021091505017086,SLI,49,21,10,694.0,6940.0
2021091505017097,SLI,28,32,10,694.1,6941.0
2021091505017096,SLI,28,14,10,694.1,6941.0
2021091505017095,SLI,28,7,10,694.1,6941.0
2021091505017093,SLI,28,58,10,694.1,6941.0
2021091505017092,SLI,28,58,10,694.1,6941.0
2021091505017103,SLI,49,28,10,694.0,6940.0
2021091505017102,SLI,49,8,10,694.0,6940.0
2021091505017101,SLI,49,32,10,694.0,6940.0
2021091505017100,SLI,49,52,10,694.0,6940.0
2021091505017099,SLI,49,51,10,694.0,6940.0
2021091505017108,SLI,52,58,10,695.0,6950.0
2021091505017107,SLI,52,17,10,695.0,6950.0
2021091505017106,SLI,52,40,10,695.0,6950.0
2021091505017105,SLI,52,57,10,695.0,6950.0
2021091505017104,SLI,52,57,10,694.1,6941.0
2021091505017115,SLI,32,37,10,695.0,6950.0
2021091505017114,SLI,32,38,10,695.0,6950.0
2021091505017113,SLI,32,29,10,695.0,6950.0
2021091505017112,SLI,49,45,10,694.0,6940.0
2021091505017111,SLI,49,58,10,694.0,6940.0
2021091505017121,SLI,32,1,10,695.0,6950.0
2021091505017120,SLI,32,6,10,695.0,6950.0
2021091505017119,SLI,32,39,10,695.0,6950.0
2021091505017118,SLI,32,40,10,695.0,6950.0
2021091505017117,SLI,32,41,10,695.0,6950.0
2021091505017116,SLI,32,52,10,695.0,6950.0
2021091505017127,SLI,18,44,10,695.0,6950.0
2021091505017126,SLI,18,59,10,695.0,6950.0
2021091505017125,SLI,18,45,10,695.0,6950.0
2021091505017124,SLI,18,45,10,695.0,6950.0
2021091505017123,SLI,18,48,10,695.0,6950.0
2021091505017122,SLI,32,54,10,695.0,6950.0
2021091505017133,SLI,18,57,10,695.0,6950.0
2021091505017132,SLI,18,58,10,695.0,6950.0
2021091505017130,SLI,18,53,10,695.0,6950.0
2021091505017129,SLI,18,13,10,695.0,6950.0
2021091505017128,SLI,18,32,10,695.0,6950.0
2021091505017139,SLI,18,45,10,695.0,6950.0
2021091505017138,SLI,18,28,10,695.0,6950.0
2021091505017137,SLI,18,7,10,695.0,6950.0
2021091505017136,SLI,18,7,10,695.0,6950.0
2021091505017135,SLI,18,45,10,695.0,6950.0
2021091505017134,SLI,18,38,10,695.0,6950.0
2021091505017145,SLI,18,58,10,695.0,6950.0
2021091505017144,SLI,18,58,10,695.0,6950.0
2021091505017143,SLI,18,51,10,695.0,6950.0
2021091505017142,SLI,18,38,10,695.0,6950.0
2021091505017141,SLI,18,41,10,695.0,6950.0
2021091505017140,SLI,18,32,10,695.0,6950.0
2021091505017152,SLI,18,40,10,695.0,6950.0
2021091505017151,SLI,18,7,10,695.0,6950.0
2021091505017149,SLI,18,58,10,695.0,6950.0
2021091505017148,SLI,50,42,10,696.0,6960.0
2021091505017147,SLI,18,6,10,695.0,6950.0
2021091505017146,SLI,18,32,10,695.0,6950.0
2021091505017159,SLI,18,42,10,695.0,6950.0
2021091505017158,SLI,18,58,10,695.0,6950.0
2021091505017157,SLI,54,58,10,696.0,6960.0
2021091505017156,SLI,54,21,10,695.9,6959.0
2021091505017154,SLI,18,19,10,695.0,6950.0
2021091505017153,SLI,18,13,10,695.0,6950.0
2021091505017172,SLI,18,38,10,695.0,6950.0
2021091505017164,SLI,18,41,10,695.0,6950.0
2021091505017163,SLI,18,13,10,695.0,6950.0
2021091505017162,SLI,18,48,10,695.0,6950.0
2021091505017161,SLI,18,45,10,695.0,6950.0
2021091505017160,SLI,18,58,10,695.0,6950.0
2021091505017178,SLI,21,58,10,695.0,6950.0
2021091505017177,SLI,18,40,10,695.0,6950.0
2021091505017175,SLI,18,21,10,695.0,6950.0
2021091505017173,SLI,18,52,10,695.0,6950.0
2021091505017192,SLI,50,7,10,696.0,6960.0
2021091505017191,SLI,50,58,10,696.0,6960.0
2021091505017190,SLI,50,58,10,696.0,6960.0
2021091505017189,SLI,49,54,10,695.0,6950.0
2021091505017188,SLI,21,48,10,695.0,6950.0
2021091505017187,SLI,21,6,10,695.0,6950.0
2021091505017198,SLI,6,48,10,696.0,6960.0
2021091505017197,SLI,6,58,10,696.0,6960.0
2021091505017196,SLI,6,51,10,696.0,6960.0
2021091505017195,SLI,6,36,10,696.0,6960.0
2021091505017194,SLI,50,35,10,696.0,6960.0
2021091505017193,SLI,50,58,10,696.0,6960.0
2021091505017204,SLI,6,58,10,696.0,6960.0
2021091505017203,SLI,6,45,10,696.0,6960.0
2021091505017202,SLI,6,41,10,696.0,6960.0
2021091505017201,SLI,6,54,10,696.0,6960.0
2021091505017200,SLI,6,49,10,696.0,6960.0
2021091505017199,SLI,6,49,10,696.0,6960.0
2021091505017210,SLI,49,32,10,695.0,6950.0
2021091505017209,SLI,6,59,10,696.0,6960.0
2021091505017208,SLI,6,57,10,696.0,6960.0
2021091505017207,SLI,6,42,10,696.0,6960.0
2021091505017206,SLI,6,49,10,696.0,6960.0
2021091505017205,SLI,6,58,10,696.0,6960.0
2021091505017215,SLI,45,38,10,696.0,6960.0
2021091505017214,SLI,45,40,10,696.0,6960.0
2021091505017213,SLI,45,57,10,696.0,6960.0
2021091505017212,SLI,45,49,10,696.0,6960.0
2021091505017211,SLI,45,21,10,696.0,6960.0
2021091505017222,SLI,45,38,10,696.0,6960.0
2021091505017221,SLI,45,34,10,696.0,6960.0
2021091505017220,SLI,45,35,10,696.0,6960.0
2021091505017218,SLI,45,59,10,696.0,6960.0
2021091505017217,SLI,45,46,10,696.0,6960.0
2021091505017230,SLI,45,54,10,696.0,6960.0
2021091505017226,SLI,45,50,10,696.0,6960.0
2021091505017224,SLI,45,7,10,696.0,6960.0
2021091505017223,SLI,45,7,10,696.0,6960.0
2021091505017236,SLI,45,59,10,696.0,6960.0
2021091505017235,SLI,45,4,10,696.0,6960.0
2021091505017233,SLI,45,48,10,696.0,6960.0
2021091505017232,SLI,45,38,10,696.0,6960.0
2021091505017231,SLI,45,38,10,696.0,6960.0
2021091505017242,SLI,39,32,10,696.0,6960.0
2021091505017241,SLI,49,19,10,695.0,6950.0
2021091505017240,SLI,49,40,10,695.0,6950.0
2021091505017239,SLI,49,51,10,695.0,6950.0
2021091505017238,SLI,58,58,10,696.0,6960.0
2021091505017237,SLI,45,58,10,696.0,6960.0
2021091505017248,SLI,39,28,10,696.0,6960.0
2021091505017247,SLI,39,38,10,696.0,6960.0
2021091505017246,SLI,39,7,10,696.0,6960.0
2021091505017245,SLI,39,49,10,696.0,6960.0
2021091505017244,SLI,39,59,10,696.0,6960.0
2021091505017243,SLI,39,45,10,696.0,6960.0
2021091505017254,SLI,49,49,10,695.0,6950.0
2021091505017253,SLI,39,42,10,696.0,6960.0
2021091505017252,SLI,39,58,10,696.0,6960.0
2021091505017251,SLI,39,52,10,696.0,6960.0
2021091505017259,SLI,19,58,10,696.0,6960.0
2021091505017258,SLI,49,48,10,695.0,6950.0
2021091505017257,SLI,49,46,10,695.0,6950.0
2021091505017255,SLI,49,32,10,695.0,6950.0
2021091505017263,SLI,57,57,10,695.0,6950.0
2021091505017262,SLI,49,48,10,695.0,6950.0
2021091505017261,SLI,49,58,10,696.0,6960.0
2021091505017296,SLI,57,7,10,695.0,6950.0
2021091505017295,SLI,57,19,10,695.0,6950.0
2021091505017294,SLI,57,32,10,695.0,6950.0
2021091505017293,SLI,57,38,10,695.0,6950.0
2021091505017298,SLI,57,17,10,695.0,6950.0
2021091505017306,SLI,58,58,10,696.0,6960.0
2021091505017321,SLI,58,21,10,696.0,6960.0
2021091505017320,SLI,57,58,10,695.0,6950.0
2021091505017319,SLI,49,45,10,696.0,6960.0
2021091505017328,SLI,45,47,10,696.5,6965.0
2021091505017327,SLI,45,25,10,696.0,6960.0
2021091505017326,SLI,45,35,10,696.0,6960.0
2021091505017325,SLI,45,51,10,696.0,6960.0
2021091505017334,SLI,38,58,10,695.0,6950.0
2021091505017333,SLI,57,55,10,695.0,6950.0
2021091505017331,SLI,57,42,10,695.0,6950.0
2021091505017330,SLI,57,56,10,695.0,6950.0
2021091505017329,SLI,45,54,10,696.5,6965.0
2021091505017340,SLI,38,21,10,695.0,6950.0
2021091505017338,SLI,38,48,10,695.0,6950.0
2021091505017337,SLI,38,6,10,695.0,6950.0
2021091505017336,SLI,38,53,10,695.0,6950.0
2021091505017335,SLI,38,45,10,695.0,6950.0
2021091505017344,SLI,38,57,10,695.0,6950.0
2021091505017342,SLI,38,6,10,695.0,6950.0
2021091505017341,SLI,38,7,10,695.0,6950.0
2021091505017352,SLI,8,29,10,695.9,6959.0
2021091505017351,SLI,38,14,10,695.0,6950.0
2021091505017357,SLI,22,11,10,696.0,6960.0
2021091505017356,SLI,22,59,10,696.0,6960.0
2021091505017355,SLI,22,39,10,696.0,6960.0
2021091505017354,SLI,8,45,10,696.0,6960.0
2021091505017353,SLI,8,38,10,696.0,6960.0
2021091505017364,SLI,45,54,10,696.0,6960.0
2021091505017363,SLI,48,58,10,695.0,6950.0
2021091505017362,SLI,48,6,10,695.0,6950.0
2021091505017359,SLI,48,21,10,695.0,6950.0
2021091505017373,SLI,8,7,10,695.0,6950.0
2021091505017371,SLI,8,38,10,695.0,6950.0
2021091505017370,SLI,8,58,10,695.0,6950.0
2021091505017367,SLI,8,47,10,695.0,6950.0
2021091505017380,SLI,8,21,10,695.0,6950.0
2021091505017379,SLI,8,46,10,695.0,6950.0
2021091505017378,SLI,8,54,10,695.0,6950.0
2021091505017377,SLI,8,49,10,695.0,6950.0
2021091505017376,SLI,38,44,10,696.0,6960.0
2021091505017374,SLI,8,38,10,695.0,6950.0
2021091505017386,SLI,16,58,10,695.0,6950.0
2021091505017385,SLI,16,47,10,695.0,6950.0
2021091505017384,SLI,42,38,10,696.0,6960.0
2021091505017383,SLI,42,59,10,696.0,6960.0
2021091505017382,SLI,42,59,10,696.0,6960.0
2021091505017381,SLI,8,19,10,695.0,6950.0
2021091505017393,SLI,16,32,10,695.0,6950.0
2021091505017392,SLI,16,1,10,695.0,6950.0
2021091505017391,SLI,16,48,10,695.0,6950.0
2021091505017388,SLI,16,11,10,695.0,6950.0
2021091505017387,SLI,16,7,10,695.0,6950.0
2021091505017412,SLI,42,51,10,695.0,6950.0
2021091505017411,SLI,42,17,10,695.0,6950.0
2021091505017409,SLI,42,14,10,695.0,6950.0
2021091505017396,SLI,19,58,10,696.0,6960.0
2021091505017395,SLI,42,52,10,695.0,6950.0
2021091505017394,SLI,42,47,10,695.0,6950.0
2021091505017419,SLI,51,41,10,696.0,6960.0
2021091505017418,SLI,58,58,10,696.0,6960.0
2021091505017417,SLI,58,42,10,696.0,6960.0
2021091505017416,SLI,58,34,10,696.0,6960.0
2021091505017415,SLI,58,6,10,696.0,6960.0
2021091505017414,SLI,42,45,10,695.0,6950.0
2021091505017425,SLI,42,41,10,695.0,6950.0
2021091505017424,SLI,42,38,10,695.0,6950.0
2021091505017423,SLI,42,38,10,695.0,6950.0
2021091505017422,SLI,42,32,10,695.0,6950.0
2021091505017420,SLI,51,7,10,696.0,6960.0
2021091505017432,SLI,42,58,10,695.0,6950.0
2021091505017430,SLI,42,38,10,695.0,6950.0
2021091505017429,SLI,42,32,10,695.0,6950.0
2021091505017428,SLI,42,47,10,695.0,6950.0
2021091505017427,SLI,42,45,10,695.0,6950.0
2021091505017426,SLI,42,42,10,695.0,6950.0
2021091505017431,ULI,22,49,10,693.0,6930.0
2021091505017413,ULI,22,52,10,693.0,6930.0
2021091505017410,ULI,43,49,10,695.0,6950.0
2021091505017408,ULI,22,25,80,693.0,55440.0
2021091505017407,ULI,58,25,15,693.0,10395.0
2021091505017406,ULI,45,25,10,693.0,6930.0
2021091505017064,ULI,14,58,10,693.3,6933.0
2021091505017054,ULI,33,45,10,693.3,6933.0
2021091505017043,ULI,33,45,10,693.3,6933.0
2021091505016982,ULI,33,46,10,693.3,6933.0
2021091505016955,ULI,57,41,25,695.0,17375.0
2021091505017167,ULI,58,28,10,695.0,6950.0
2021091505017166,ULI,58,41,25,695.0,17375.0
2021091505017165,ULI,58,22,10,694.0,6940.0
2021091505017155,ULI,56,58,10,693.4,6934.0
2021091505017150,ULI,56,41,10,693.4,6934.0
2021091505017085,ULI,14,38,10,693.3,6933.0
2021091505017185,ULI,58,25,10,695.0,6950.0
2021091505017176,ULI,58,45,10,695.0,6950.0
2021091505017171,ULI,58,57,10,695.0,6950.0
2021091505017170,ULI,58,58,10,695.0,6950.0
2021091505017169,ULI,58,42,10,695.0,6950.0
2021091505017168,ULI,58,41,10,695.0,6950.0
2021091505017366,ULI,45,14,10,695.0,6950.0
2021091505017360,ULI,45,49,10,695.0,6950.0
2021091505017324,ULI,58,46,10,695.0,6950.0
2021091505017297,ULI,58,8,10,695.0,6950.0
2021091505017229,ULI,58,45,10,695.0,6950.0
2021091505017227,ULI,58,46,10,695.0,6950.0
2021091505017399,ULI,56,25,60,693.4,41604.0
2021091505017398,ULI,45,25,10,694.0,6940.0
2021091505017397,ULI,20,25,10,694.0,6940.0
2021091505017390,ULI,45,49,160,695.0,111200.0
2021091505017375,ULI,45,8,10,695.0,6950.0
2021091505017372,ULI,45,52,10,695.0,6950.0
2021091505017405,ULI,45,25,20,693.0,13860.0
2021091505017404,ULI,14,25,50,693.0,34650.0
2021091505017403,ULI,47,25,80,693.0,55440.0
2021091505017402,ULI,13,25,50,693.1,34655.0
2021091505017401,ULI,45,25,35,693.1,24258.5
2021091505017400,ULI,14,25,80,693.3,55464.0
2021091505016453,JBLB,56,22,10,4520.0,45200.0
2021091505016452,JBLB,56,21,10,4520.0,45200.0
2021091505016467,JBLB,57,57,10,4521.0,45210.0
2021091505016484,JBLB,56,14,10,4520.0,45200.0
2021091505016512,JBLB,56,58,10,4520.0,45200.0
2021091505016556,JBLB,59,53,10,4520.0,45200.0
2021091505016555,JBLB,53,45,10,4525.0,45250.0
2021091505016553,JBLB,8,34,10,4520.0,45200.0
2021091505016613,JBLB,36,14,10,4520.0,45200.0
2021091505016616,JBLB,36,8,10,4520.0,45200.0
2021091505016633,JBLB,47,21,10,4520.0,45200.0
2021091505016630,JBLB,36,8,10,4520.0,45200.0
2021091505016651,JBLB,19,8,10,4520.0,45200.0
2021091505016678,JBLB,7,38,10,4516.1,45161.0
2021091505016676,JBLB,7,8,10,4516.1,45161.0
2021091505016703,JBLB,7,8,10,4516.1,45161.0
2021091505016710,JBLB,39,57,10,4515.1,45151.0
2021091505016718,JBLB,39,36,10,4515.1,45151.0
2021091505016726,JBLB,39,58,10,4515.1,45151.0
2021091505016805,JBLB,39,52,10,4515.1,45151.0
2021091505016817,JBLB,58,22,10,4515.0,45150.0
2021091505016819,JBLB,53,26,10,4515.1,45151.0
2021091505016883,JBLB,58,7,20,4515.0,90300.0
2021091505016882,JBLB,40,7,30,4515.0,135450.0
2021091505016886,JBLB,7,7,15,4515.0,67725.0
2021091505016885,JBLB,33,7,15,4515.0,67725.0
2021091505016884,JBLB,35,7,10,4515.0,45150.0
2021091505016900,JBLB,38,7,10,4514.1,45141.0
2021091505016898,JBLB,6,7,10,4515.0,45150.0
2021091505016907,JBLB,40,7,10,4514.0,45140.0
2021091505016919,JBLB,19,56,10,4514.0,45140.0
2021091505016926,JBLB,58,7,10,4514.0,45140.0
2021091505016924,JBLB,41,58,10,4514.0,45140.0
2021091505016938,SLI,16,49,10,695.0,6950.0
2021091505016937,SLI,16,34,10,695.0,6950.0
2021091505016936,SLI,16,57,10,695.0,6950.0
2021091505016935,SLI,16,51,10,695.0,6950.0
2021091505016934,SLI,16,13,10,695.0,6950.0
2021091505016933,SLI,16,13,10,695.0,6950.0
2021091505016443,SLI,46,51,10,696.0,6960.0
2021091505016442,SLI,46,14,10,696.0,6960.0
2021091505016441,SLI,46,46,10,696.0,6960.0
2021091505016440,SLI,46,17,10,696.0,6960.0
2021091505016439,SLI,45,42,10,696.1,6961.0
2021091505016451,SLI,52,14,10,696.5,6965.0
2021091505016450,SLI,52,21,10,696.5,6965.0
2021091505016449,SLI,52,6,10,696.5,6965.0
2021091505016448,SLI,52,47,10,696.5,6965.0
2021091505016446,SLI,52,26,10,696.5,6965.0
2021091505016444,SLI,46,45,10,696.0,6960.0
2021091505016459,SLI,1,21,10,696.1,6961.0
2021091505016458,SLI,1,14,10,696.1,6961.0
2021091505016456,SLI,1,49,10,696.1,6961.0
2021091505016454,SLI,1,6,10,696.1,6961.0
2021091505016466,SLI,26,29,10,697.0,6970.0
2021091505016465,SLI,26,3,10,697.0,6970.0
2021091505016463,SLI,26,45,10,697.0,6970.0
2021091505016462,SLI,26,7,10,697.0,6970.0
2021091505016461,SLI,26,58,10,697.0,6970.0
2021091505016460,SLI,26,45,10,697.0,6970.0
2021091505016473,SLI,26,44,10,697.0,6970.0
2021091505016471,SLI,26,26,10,697.0,6970.0
2021091505016470,SLI,26,58,10,697.0,6970.0
2021091505016469,SLI,26,29,10,697.0,6970.0
2021091505016468,SLI,26,6,10,697.0,6970.0
2021091505016479,SLI,26,57,10,697.0,6970.0
2021091505016478,SLI,26,34,10,697.0,6970.0
2021091505016477,SLI,26,21,10,697.0,6970.0
2021091505016476,SLI,26,45,10,697.0,6970.0
2021091505016475,SLI,26,29,10,697.0,6970.0
2021091505016474,SLI,26,6,10,697.0,6970.0
2021091505016486,SLI,26,41,10,697.0,6970.0
2021091505016483,SLI,26,6,10,697.0,6970.0
2021091505016482,SLI,26,7,10,697.0,6970.0
2021091505016481,SLI,26,57,10,697.0,6970.0
2021091505016480,SLI,26,7,10,697.0,6970.0
2021091505016513,SLI,26,45,10,697.0,6970.0
2021091505016511,SLI,26,40,10,697.0,6970.0
2021091505016509,SLI,26,43,10,697.0,6970.0
2021091505016488,SLI,26,47,10,697.0,6970.0
2021091505016487,SLI,26,32,10,697.0,6970.0
2021091505016520,SLI,26,40,10,697.0,6970.0
2021091505016519,SLI,26,58,10,697.0,6970.0
2021091505016517,SLI,26,49,10,697.0,6970.0
2021091505016516,SLI,26,6,10,697.0,6970.0
2021091505016515,SLI,26,55,10,697.0,6970.0
2021091505016514,SLI,26,34,10,697.0,6970.0
2021091505016531,SLI,21,34,50,697.0,34850.0
2021091505016530,SLI,45,34,100,697.0,69700.0
2021091505016529,SLI,29,34,20,697.0,13940.0
2021091505016528,SLI,26,34,150,697.0,104550.0
2021091505016522,SLI,26,25,10,697.0,6970.0
2021091505016521,SLI,26,35,10,697.0,6970.0
2021091505016537,SLI,47,34,50,696.0,34800.0
2021091505016536,SLI,58,34,18,696.0,12528.0
2021091505016535,SLI,49,34,30,696.0,20880.0
2021091505016534,SLI,46,34,40,696.0,27840.0
2021091505016533,SLI,1,34,10,696.1,6961.0
2021091505016532,SLI,58,34,10,696.5,6965.0
2021091505016543,SLI,58,34,82,696.0,57072.0
2021091505016542,SLI,47,34,50,696.0,34800.0
2021091505016541,SLI,45,34,180,696.0,125280.0
2021091505016540,SLI,22,34,10,696.0,6960.0
2021091505016539,SLI,1,34,100,696.0,69600.0
2021091505016538,SLI,49,34,100,696.0,69600.0
2021091505016550,SLI,58,34,28,696.0,19488.0
2021091505016549,SLI,16,32,10,696.6,6966.0
2021091505016548,SLI,58,39,10,696.0,6960.0
2021091505016547,SLI,58,6,10,696.0,6960.0
2021091505016546,SLI,5,56,10,697.0,6970.0
2021091505016544,SLI,58,21,10,696.0,6960.0
2021091505016557,SLI,42,6,10,695.8,6958.0
2021091505016554,SLI,38,34,10,696.0,6960.0
2021091505016552,SLI,42,6,10,695.8,6958.0
2021091505016563,SLI,42,58,10,695.8,6958.0
2021091505016562,SLI,42,43,10,695.8,6958.0
2021091505016561,SLI,42,46,10,695.8,6958.0
2021091505016560,SLI,32,34,10,696.0,6960.0
2021091505016559,SLI,56,34,10,696.0,6960.0
2021091505016558,SLI,42,20,10,695.8,6958.0
2021091505016571,SLI,42,58,10,695.8,6958.0
2021091505016570,SLI,42,6,10,695.8,6958.0
2021091505016569,SLI,42,21,10,695.8,6958.0
2021091505016567,SLI,42,45,10,695.8,6958.0
2021091505016566,SLI,42,45,10,695.8,6958.0
2021091505016564,SLI,42,45,10,695.8,6958.0
2021091505016579,SLI,42,44,10,695.8,6958.0
2021091505016576,SLI,42,6,10,695.8,6958.0
2021091505016575,SLI,42,45,10,695.8,6958.0
2021091505016574,SLI,1,34,50,696.0,34800.0
2021091505016573,SLI,42,38,10,695.8,6958.0
2021091505016572,SLI,42,58,10,695.8,6958.0
2021091505016586,SLI,52,58,10,695.6,6956.0
2021091505016585,SLI,42,6,10,695.8,6958.0
2021091505016584,SLI,42,38,10,695.8,6958.0
2021091505016583,SLI,49,34,"1,000",696.0,696000.0
2021091505016582,SLI,42,51,10,695.8,6958.0
2021091505016580,SLI,14,34,50,696.0,34800.0
2021091505016595,SLI,58,45,10,695.5,6955.0
2021091505016594,SLI,58,3,10,695.5,6955.0
2021091505016593,SLI,58,58,10,695.5,6955.0
2021091505016591,SLI,58,6,10,695.5,6955.0
2021091505016590,SLI,58,45,10,695.5,6955.0
2021091505016588,SLI,38,34,10,696.0,6960.0
2021091505016601,SLI,44,43,10,695.5,6955.0
2021091505016600,SLI,35,21,10,695.1,6951.0
2021091505016599,SLI,53,42,10,695.5,6955.0
2021091505016598,SLI,58,42,10,695.5,6955.0
2021091505016597,SLI,58,45,10,695.5,6955.0
2021091505016596,SLI,58,29,10,695.5,6955.0
2021091505016607,SLI,44,49,10,695.8,6958.0
2021091505016606,SLI,44,47,10,695.8,6958.0
2021091505016605,SLI,44,58,10,695.8,6958.0
2021091505016604,SLI,44,51,10,695.8,6958.0
2021091505016603,SLI,44,43,10,695.8,6958.0
2021091505016602,SLI,44,51,10,695.8,6958.0
2021091505016612,SLI,45,42,10,695.8,6958.0
2021091505016611,SLI,45,42,10,695.8,6958.0
2021091505016610,SLI,45,58,10,695.5,6955.0
2021091505016609,SLI,35,6,10,695.1,6951.0
2021091505016608,SLI,44,34,20,696.0,13920.0
2021091505016620,SLI,45,6,10,695.2,6952.0
2021091505016619,SLI,45,49,10,695.2,6952.0
2021091505016618,SLI,45,32,10,695.2,6952.0
2021091505016615,SLI,35,58,10,695.1,6951.0
2021091505016614,SLI,35,45,10,695.1,6951.0
2021091505016629,SLI,45,58,10,695.2,6952.0
2021091505016627,SLI,45,58,10,695.2,6952.0
2021091505016626,SLI,45,45,10,695.2,6952.0
2021091505016625,SLI,45,32,10,695.2,6952.0
2021091505016624,SLI,45,32,10,695.2,6952.0
2021091505016622,SLI,45,45,10,695.2,6952.0
2021091505016635,SLI,47,8,10,695.8,6958.0
2021091505016634,SLI,59,45,10,695.6,6956.0
2021091505016632,SLI,59,46,10,695.6,6956.0
2021091505016631,SLI,59,21,10,695.5,6955.0
2021091505016641,SLI,49,42,10,696.0,6960.0
2021091505016640,SLI,49,36,10,696.0,6960.0
2021091505016639,SLI,49,7,10,696.0,6960.0
2021091505016638,SLI,49,42,10,696.0,6960.0
2021091505016637,SLI,49,57,10,696.0,6960.0
2021091505016636,SLI,47,34,189,696.0,131544.0
2021091505016648,SLI,6,57,10,696.0,6960.0
2021091505016647,SLI,6,51,10,696.0,6960.0
2021091505016646,SLI,6,38,10,696.0,6960.0
2021091505016645,SLI,6,3,10,696.0,6960.0
2021091505016644,SLI,6,34,10,696.0,6960.0
2021091505016643,SLI,59,16,10,695.6,6956.0
2021091505016656,SLI,42,58,10,695.8,6958.0
2021091505016654,SLI,42,21,10,695.8,6958.0
2021091505016653,SLI,42,42,10,695.8,6958.0
2021091505016650,SLI,45,54,10,695.2,6952.0
2021091505016649,SLI,59,43,10,695.6,6956.0
2021091505016664,SLI,8,43,10,695.5,6955.0
2021091505016663,SLI,29,34,10,696.0,6960.0
2021091505016662,SLI,29,54,10,696.0,6960.0
2021091505016661,SLI,29,57,10,695.5,6955.0
2021091505016660,SLI,42,58,10,695.8,6958.0
2021091505016658,SLI,42,35,10,695.8,6958.0
2021091505016675,SLI,35,58,10,695.3,6953.0
2021091505016674,SLI,35,16,10,695.3,6953.0
2021091505016673,SLI,35,34,10,695.3,6953.0
2021091505016672,SLI,35,45,10,695.3,6953.0
2021091505016666,SLI,35,38,10,695.3,6953.0
2021091505016665,SLI,35,16,10,695.3,6953.0
2021091505016684,SLI,58,34,100,695.2,69520.0
2021091505016683,SLI,35,34,130,695.3,90389.0
2021091505016682,SLI,37,34,100,695.5,69550.0
2021091505016677,SLI,35,16,10,695.3,6953.0
2021091505016690,SLI,49,34,20,695.0,13900.0
2021091505016689,SLI,8,34,20,695.0,13900.0
2021091505016688,SLI,45,34,30,695.0,20850.0
2021091505016687,SLI,28,34,100,695.1,69510.0
2021091505016686,SLI,21,34,100,695.2,69520.0
2021091505016685,SLI,3,34,50,695.2,34760.0
2021091505016696,SLI,42,34,80,695.0,55600.0
2021091505016695,SLI,45,34,30,695.0,20850.0
2021091505016694,SLI,38,34,20,695.0,13900.0
2021091505016693,SLI,39,34,100,695.0,69500.0
2021091505016692,SLI,35,34,20,695.0,13900.0
2021091505016691,SLI,34,34,100,695.0,69500.0
2021091505016702,SLI,58,58,10,695.0,6950.0
2021091505016701,SLI,58,17,10,695.0,6950.0
2021091505016700,SLI,42,11,10,695.0,6950.0
2021091505016699,SLI,33,58,10,695.9,6959.0
2021091505016698,SLI,33,11,10,695.6,6956.0
2021091505016697,SLI,42,16,10,695.0,6950.0
2021091505016708,SLI,58,17,10,695.0,6950.0
2021091505016707,SLI,58,26,10,695.0,6950.0
2021091505016706,SLI,58,25,10,695.0,6950.0
2021091505016705,SLI,58,35,10,695.0,6950.0
2021091505016704,SLI,58,16,10,695.0,6950.0
2021091505016714,SLI,58,17,10,695.0,6950.0
2021091505016713,SLI,58,6,10,695.0,6950.0
2021091505016712,SLI,58,16,10,695.0,6950.0
2021091505016711,SLI,58,58,10,695.0,6950.0
2021091505016709,SLI,58,58,10,695.0,6950.0
2021091505016720,SLI,46,17,10,695.0,6950.0
2021091505016719,SLI,49,49,10,695.5,6955.0
2021091505016717,SLI,58,21,10,695.0,6950.0
2021091505016716,SLI,58,21,10,695.0,6950.0
2021091505016715,SLI,58,51,10,695.0,6950.0
2021091505016725,SLI,46,36,10,695.0,6950.0
2021091505016724,SLI,46,45,10,695.0,6950.0
2021091505016723,SLI,46,52,10,695.0,6950.0
2021091505016722,SLI,46,16,10,695.0,6950.0
2021091505016721,SLI,46,6,10,695.0,6950.0
2021091505016732,SLI,46,16,10,695.0,6950.0
2021091505016731,SLI,21,55,10,696.0,6960.0
2021091505016730,SLI,21,38,10,696.0,6960.0
2021091505016729,SLI,21,54,10,696.0,6960.0
2021091505016728,SLI,21,29,10,696.0,6960.0
2021091505016727,SLI,21,51,10,695.5,6955.0
2021091505016738,SLI,20,34,200,695.0,139000.0
2021091505016737,SLI,41,34,10,695.0,6950.0
2021091505016736,SLI,46,34,10,695.0,6950.0
2021091505016735,SLI,46,16,10,695.0,6950.0
2021091505016734,SLI,45,13,10,695.1,6951.0
2021091505016733,SLI,46,6,10,695.0,6950.0
2021091505016744,SLI,8,34,30,695.0,20850.0
2021091505016743,SLI,34,34,201,695.0,139695.0
2021091505016742,SLI,32,34,20,695.0,13900.0
2021091505016741,SLI,57,34,30,695.0,20850.0
2021091505016740,SLI,7,34,20,695.0,13900.0
2021091505016739,SLI,6,34,10,695.0,6950.0
2021091505016750,SLI,41,34,10,695.0,6950.0
2021091505016749,SLI,45,34,10,695.0,6950.0
2021091505016748,SLI,14,34,50,695.0,34750.0
2021091505016747,SLI,22,34,50,695.0,34750.0
2021091505016746,SLI,22,34,20,695.0,13900.0
2021091505016745,SLI,45,34,25,695.0,17375.0
2021091505016756,SLI,6,34,40,695.0,27800.0
2021091505016755,SLI,54,34,10,695.0,6950.0
2021091505016754,SLI,42,34,100,695.0,69500.0
2021091505016753,SLI,42,34,100,695.0,69500.0
2021091505016752,SLI,1,34,10,695.0,6950.0
2021091505016751,SLI,56,34,10,695.0,6950.0
2021091505016762,SLI,26,34,50,695.0,34750.0
2021091505016761,SLI,29,34,30,695.0,20850.0
2021091505016760,SLI,35,34,30,695.0,20850.0
2021091505016759,SLI,45,34,100,695.0,69500.0
2021091505016758,SLI,52,34,41,695.0,28495.0
2021091505016757,SLI,4,34,150,695.0,104250.0
2021091505016768,SLI,32,34,15,695.0,10425.0
2021091505016767,SLI,34,34,10,695.0,6950.0
2021091505016766,SLI,41,34,10,695.0,6950.0
2021091505016765,SLI,38,34,100,695.0,69500.0
2021091505016764,SLI,6,34,200,695.0,139000.0
2021091505016763,SLI,43,34,700,695.0,486500.0
2021091505016774,SLI,5,34,100,695.0,69500.0
2021091505016773,SLI,50,34,10,695.0,6950.0
2021091505016772,SLI,38,34,50,695.0,34750.0
2021091505016771,SLI,36,34,100,695.0,69500.0
2021091505016770,SLI,34,34,20,695.0,13900.0
2021091505016769,SLI,38,34,100,695.0,69500.0
2021091505016780,SLI,19,34,491,695.0,341245.0
2021091505016779,SLI,44,34,100,695.0,69500.0
2021091505016778,SLI,59,34,20,695.0,13900.0
2021091505016777,SLI,29,34,100,695.0,69500.0
2021091505016776,SLI,38,34,100,695.0,69500.0
2021091505016775,SLI,57,34,50,695.0,34750.0
2021091505016786,SLI,16,42,10,695.5,6955.0
2021091505016785,SLI,17,58,10,696.0,6960.0
2021091505016784,SLI,16,29,10,695.5,6955.0
2021091505016783,SLI,47,45,10,696.0,6960.0
2021091505016782,SLI,47,52,10,696.0,6960.0
2021091505016781,SLI,47,25,10,696.0,6960.0
2021091505016792,SLI,45,32,10,696.0,6960.0
2021091505016791,SLI,45,7,10,696.0,6960.0
2021091505016790,SLI,45,47,10,696.0,6960.0
2021091505016789,SLI,45,57,10,696.0,6960.0
2021091505016788,SLI,45,32,10,696.0,6960.0
2021091505016787,SLI,48,35,10,695.1,6951.0
2021091505016798,SLI,45,58,10,696.0,6960.0
2021091505016797,SLI,45,7,10,696.0,6960.0
2021091505016796,SLI,45,58,10,696.0,6960.0
2021091505016795,SLI,45,58,10,696.0,6960.0
2021091505016794,SLI,45,58,10,696.0,6960.0
2021091505016793,SLI,45,32,10,696.0,6960.0
2021091505016804,SLI,45,35,10,696.0,6960.0
2021091505016803,SLI,45,58,10,696.0,6960.0
2021091505016802,SLI,45,14,10,696.0,6960.0
2021091505016801,SLI,45,58,10,696.0,6960.0
2021091505016800,SLI,45,45,10,696.0,6960.0
2021091505016799,SLI,45,1,10,696.0,6960.0
2021091505016810,SLI,45,45,10,696.0,6960.0
2021091505016809,SLI,45,47,10,696.0,6960.0
2021091505016808,SLI,45,16,10,696.0,6960.0
2021091505016807,SLI,45,32,10,696.0,6960.0
2021091505016806,SLI,45,8,10,696.0,6960.0
2021091505016816,SLI,17,32,10,696.1,6961.0
2021091505016815,SLI,45,21,10,696.0,6960.0
2021091505016813,SLI,29,46,10,696.1,6961.0
2021091505016812,SLI,45,58,10,696.0,6960.0
2021091505016811,SLI,45,32,10,696.0,6960.0
2021091505016823,SLI,32,42,20,696.0,13920.0
2021091505016822,SLI,32,42,30,696.0,20880.0
2021091505016821,SLI,45,42,29,696.0,20184.0
2021091505016820,SLI,33,42,20,696.2,13924.0
2021091505016818,SLI,33,58,10,696.2,6962.0
2021091505016829,SLI,49,42,50,695.2,34760.0
2021091505016828,SLI,32,42,10,695.5,6955.0
2021091505016827,SLI,25,42,10,696.0,6960.0
2021091505016826,SLI,34,42,60,696.0,41760.0
2021091505016825,SLI,17,42,30,696.0,20880.0
2021091505016824,SLI,41,42,15,696.0,10440.0
2021091505016835,SLI,56,42,10,695.0,6950.0
2021091505016834,SLI,13,42,50,695.0,34750.0
2021091505016833,SLI,19,42,209,695.0,145255.0
2021091505016832,SLI,48,42,300,695.1,208530.0
2021091505016831,SLI,48,42,30,695.1,20853.0
2021091505016830,SLI,19,42,20,695.2,13904.0
2021091505016841,SLI,14,42,10,695.0,6950.0
2021091505016840,SLI,36,42,10,695.0,6950.0
2021091505016839,SLI,19,42,10,695.0,6950.0
2021091505016838,SLI,4,42,10,695.0,6950.0
2021091505016837,SLI,54,42,40,695.0,27800.0
2021091505016836,SLI,34,42,20,695.0,13900.0
2021091505016847,SLI,42,42,40,695.0,27800.0
2021091505016846,SLI,6,42,10,695.0,6950.0
2021091505016845,SLI,26,42,100,695.0,69500.0
2021091505016844,SLI,38,42,25,695.0,17375.0
2021091505016843,SLI,49,42,10,695.0,6950.0
2021091505016842,SLI,6,42,10,695.0,6950.0
2021091505016853,SLI,54,42,10,695.0,6950.0
2021091505016852,SLI,29,42,42,695.0,29190.0
2021091505016851,SLI,58,42,50,695.0,34750.0
2021091505016850,SLI,45,42,10,695.0,6950.0
2021091505016849,SLI,51,42,100,695.0,69500.0
2021091505016848,SLI,58,42,20,695.0,13900.0
2021091505016859,SLI,38,42,50,695.0,34750.0
2021091505016858,SLI,22,42,20,695.0,13900.0
2021091505016857,SLI,42,42,110,695.0,76450.0
2021091505016856,SLI,58,42,50,695.0,34750.0
2021091505016855,SLI,46,42,100,695.0,69500.0
2021091505016854,SLI,48,42,50,695.0,34750.0
2021091505016865,SLI,32,42,10,695.0,6950.0
2021091505016864,SLI,54,42,10,695.0,6950.0
2021091505016863,SLI,19,42,30,695.0,20850.0
2021091505016862,SLI,58,42,50,695.0,34750.0
2021091505016861,SLI,43,42,10,695.0,6950.0
2021091505016860,SLI,8,42,115,695.0,79925.0
2021091505016871,SLI,22,42,10,695.0,6950.0
2021091505016870,SLI,16,42,50,695.0,34750.0
2021091505016869,SLI,32,42,10,695.0,6950.0
2021091505016868,SLI,38,42,20,695.0,13900.0
2021091505016867,SLI,14,42,300,695.0,208500.0
2021091505016866,SLI,36,42,10,695.0,6950.0
2021091505016877,SLI,6,42,50,695.0,34750.0
2021091505016876,SLI,25,42,10,695.0,6950.0
2021091505016875,SLI,22,42,50,695.0,34750.0
2021091505016874,SLI,7,42,50,695.0,34750.0
2021091505016873,SLI,34,42,30,695.0,20850.0
2021091505016872,SLI,21,42,30,695.0,20850.0
2021091505016881,SLI,37,42,50,695.0,34750.0
2021091505016880,SLI,57,42,10,695.0,6950.0
2021091505016879,SLI,6,42,10,695.0,6950.0
2021091505016878,SLI,42,42,10,695.0,6950.0
2021091505016890,SLI,17,42,10,695.0,6950.0
2021091505016889,SLI,48,42,10,695.0,6950.0
2021091505016888,SLI,57,32,10,694.0,6940.0
2021091505016897,SLI,48,32,10,694.0,6940.0
2021091505016896,SLI,48,42,10,694.0,6940.0
2021091505016895,SLI,29,42,10,695.0,6950.0
2021091505016894,SLI,45,42,50,695.0,34750.0
2021091505016893,SLI,58,42,50,695.0,34750.0
2021091505016891,SLI,32,42,20,695.0,13900.0
2021091505016903,SLI,25,58,10,694.1,6941.0
2021091505016902,SLI,48,58,10,694.0,6940.0
2021091505016901,SLI,17,42,20,695.0,13900.0
2021091505016899,SLI,48,59,10,694.0,6940.0
2021091505016912,SLI,48,46,10,694.0,6940.0
2021091505016909,SLI,48,32,10,694.0,6940.0
2021091505016908,SLI,48,46,10,694.0,6940.0
2021091505016905,SLI,25,32,10,694.1,6941.0
2021091505016904,SLI,6,42,50,695.0,34750.0
2021091505016917,SLI,41,32,10,694.0,6940.0
2021091505016916,SLI,59,58,10,694.0,6940.0
2021091505016915,SLI,45,59,10,694.0,6940.0
2021091505016914,SLI,48,57,10,694.0,6940.0
2021091505016913,SLI,48,46,10,694.0,6940.0
2021091505016925,SLI,41,1,10,694.0,6940.0
2021091505016922,SLI,45,42,15,695.0,10425.0
2021091505016921,SLI,45,49,10,694.9,6949.0
2021091505016920,SLI,45,45,10,694.1,6941.0
2021091505016932,SLI,16,58,10,695.0,6950.0
2021091505016931,SLI,16,58,10,695.0,6950.0
2021091505016930,SLI,16,49,10,695.0,6950.0
2021091505016929,SLI,16,7,10,695.0,6950.0
2021091505016928,SLI,16,42,30,695.0,20850.0
2021091505016927,SLI,17,42,10,695.0,6950.0
2021091505016923,ULI,57,38,10,695.0,6950.0
2021091505016918,ULI,49,56,10,696.0,6960.0
2021091505016911,ULI,57,48,10,695.0,6950.0
2021091505016910,ULI,57,32,10,695.0,6950.0
2021091505016906,ULI,57,49,20,695.0,13900.0
2021091505016892,ULI,45,58,10,695.0,6950.0
2021091505016455,ULI,21,8,10,695.0,6950.0
2021091505016447,ULI,21,40,10,695.0,6950.0
2021091505016445,ULI,21,8,10,695.0,6950.0
2021091505016490,ULI,57,57,10,696.0,6960.0
2021091505016489,ULI,57,7,10,696.0,6960.0
2021091505016485,ULI,35,58,10,695.0,6950.0
2021091505016472,ULI,45,8,10,695.0,6950.0
2021091505016464,ULI,21,51,10,695.0,6950.0
2021091505016457,ULI,21,47,10,695.0,6950.0
2021091505016496,ULI,57,51,10,699.0,6990.0
2021091505016495,ULI,57,38,10,699.0,6990.0
2021091505016494,ULI,57,52,10,699.0,6990.0
2021091505016493,ULI,57,50,10,698.0,6980.0
2021091505016492,ULI,57,58,10,696.5,6965.0
2021091505016491,ULI,57,45,10,696.0,6960.0
2021091505016502,ULI,57,28,10,700.0,7000.0
2021091505016501,ULI,57,44,10,700.0,7000.0
2021091505016500,ULI,57,44,10,700.0,7000.0
2021091505016499,ULI,57,4,10,699.0,6990.0
2021091505016498,ULI,57,51,10,699.0,6990.0
2021091505016497,ULI,57,49,10,699.0,6990.0
2021091505016508,ULI,57,35,10,700.0,7000.0
2021091505016507,ULI,57,4,10,700.0,7000.0
2021091505016506,ULI,57,45,10,700.0,7000.0
2021091505016505,ULI,57,49,10,700.0,7000.0
2021091505016504,ULI,57,38,10,700.0,7000.0
2021091505016503,ULI,57,41,10,700.0,7000.0
2021091505016526,ULI,53,34,50,694.0,34700.0
2021091505016525,ULI,34,34,100,694.0,69400.0
2021091505016524,ULI,46,34,30,694.0,20820.0
2021091505016523,ULI,35,34,270,695.0,187650.0
2021091505016518,ULI,35,58,10,695.0,6950.0
2021091505016510,ULI,35,49,10,695.0,6950.0
2021091505016577,ULI,45,45,10,693.1,6931.0
2021091505016568,ULI,47,53,10,693.0,6930.0
2021091505016565,ULI,47,38,10,693.0,6930.0
2021091505016551,ULI,45,34,10,694.0,6940.0
2021091505016545,ULI,45,34,20,694.0,13880.0
2021091505016527,ULI,42,34,100,694.0,69400.0
2021091505016617,ULI,43,45,10,694.0,6940.0
2021091505016592,ULI,43,45,10,694.0,6940.0
2021091505016589,ULI,58,34,10,694.0,6940.0
2021091505016587,ULI,6,34,10,694.0,6940.0
2021091505016581,ULI,45,59,10,693.1,6931.0
2021091505016578,ULI,45,45,10,693.1,6931.0
2021091505016655,ULI,35,45,10,694.0,6940.0
2021091505016652,ULI,35,48,10,694.0,6940.0
2021091505016642,ULI,45,58,10,693.1,6931.0
2021091505016628,ULI,45,54,10,693.1,6931.0
2021091505016623,ULI,45,42,10,693.1,6931.0
2021091505016621,ULI,45,42,10,693.1,6931.0
2021091505016670,ULI,16,57,10,695.0,6950.0
2021091505016669,ULI,16,45,10,695.0,6950.0
2021091505016668,ULI,16,41,10,695.0,6950.0
2021091505016667,ULI,16,42,10,695.0,6950.0
2021091505016659,ULI,35,8,10,694.0,6940.0
2021091505016657,ULI,35,51,10,694.0,6940.0
2021091505016887,ULI,33,14,10,693.3,6933.0
2021091505016814,ULI,33,45,10,693.3,6933.0
2021091505016681,ULI,45,32,95,693.1,65844.5
2021091505016680,ULI,45,32,20,694.0,13880.0
2021091505016679,ULI,35,32,60,694.0,41640.0
2021091505016671,ULI,16,8,10,695.0,6950.0
2021091505016436,JBLB,56,45,10,4520.0,45200.0
2021091505015943,JBLB,26,7,10,4525.0,45250.0
2021091505015964,JBLB,6,58,10,4520.0,45200.0
2021091505015974,JBLB,47,42,10,4525.0,45250.0
2021091505015992,JBLB,36,49,10,4525.0,45250.0
2021091505016012,JBLB,43,18,10,4518.0,45180.0
2021091505016073,JBLB,43,58,10,4518.0,45180.0
2021091505016080,JBLB,43,58,10,4518.0,45180.0
2021091505016092,JBLB,43,46,10,4518.0,45180.0
2021091505016093,JBLB,43,38,10,4518.0,45180.0
2021091505016101,JBLB,22,56,20,4518.0,90360.0
2021091505016100,JBLB,53,56,10,4518.0,45180.0
2021091505016099,JBLB,43,56,20,4518.0,90360.0
2021091505016145,JBLB,59,58,10,4518.0,45180.0
2021091505016206,JBLB,5,25,10,4525.0,45250.0
2021091505016205,JBLB,59,58,10,4520.0,45200.0
2021091505016212,JBLB,7,57,10,4516.1,45161.0
2021091505016246,JBLB,7,22,10,4516.1,45161.0
2021091505016259,JBLB,5,41,10,4520.0,45200.0
2021091505016256,JBLB,55,58,10,4516.2,45162.0
2021091505016255,JBLB,53,29,10,4517.0,45170.0
2021091505016254,JBLB,55,49,10,4516.2,45162.0
2021091505016265,JBLB,7,35,10,4516.1,45161.0
2021091505016272,JBLB,32,29,10,4516.9,45169.0
2021091505016270,JBLB,7,10,10,4516.1,45161.0
2021091505016267,JBLB,25,13,10,4520.0,45200.0
2021091505016285,JBLB,5,38,10,4520.0,45200.0
2021091505016283,JBLB,22,22,10,4517.0,45170.0
2021091505016286,JBLB,5,40,10,4520.0,45200.0
2021091505016307,JBLB,56,58,10,4520.0,45200.0
2021091505016322,JBLB,56,45,10,4520.0,45200.0
2021091505016329,JBLB,56,47,10,4520.0,45200.0
2021091505016340,JBLB,57,45,10,4524.0,45240.0
2021091505016338,JBLB,56,58,10,4520.0,45200.0
2021091505016352,JBLB,6,51,10,4525.0,45250.0
2021091505016344,JBLB,56,58,10,4520.0,45200.0
2021091505016384,JBLB,5,29,10,4524.0,45240.0
2021091505016402,JBLB,5,45,10,4527.0,45270.0
2021091505016401,JBLB,5,14,10,4527.0,45270.0
2021091505016400,JBLB,5,7,10,4525.0,45250.0
2021091505016438,SLI,46,6,10,696.0,6960.0
2021091505016437,SLI,54,36,10,696.0,6960.0
2021091505016434,SLI,6,26,10,696.0,6960.0
2021091505016433,SLI,45,53,10,696.0,6960.0
2021091505016432,SLI,45,45,10,696.0,6960.0
2021091505015945,SLI,14,29,10,697.5,6975.0
2021091505015942,SLI,14,21,10,697.5,6975.0
2021091505015941,SLI,32,32,5,684.1,3420.5
2021091505015940,SLI,14,32,10,697.5,6975.0
2021091505015939,SLI,14,56,10,697.5,6975.0
2021091505015953,SLI,51,46,10,697.5,6975.0
2021091505015952,SLI,51,7,10,697.5,6975.0
2021091505015951,SLI,22,21,10,697.1,6971.0
2021091505015949,SLI,14,21,10,697.5,6975.0
2021091505015948,SLI,14,21,10,697.5,6975.0
2021091505015947,SLI,14,41,10,697.5,6975.0
2021091505015962,SLI,22,44,10,697.1,6971.0
2021091505015961,SLI,22,58,10,697.1,6971.0
2021091505015959,SLI,22,21,10,697.1,6971.0
2021091505015958,SLI,49,7,10,697.5,6975.0
2021091505015955,SLI,49,58,10,697.5,6975.0
2021091505015954,SLI,22,35,10,697.1,6971.0
2021091505015969,SLI,57,47,10,697.5,6975.0
2021091505015968,SLI,57,29,10,697.5,6975.0
2021091505015966,SLI,57,45,10,697.5,6975.0
2021091505015965,SLI,57,19,10,697.5,6975.0
2021091505015963,SLI,22,21,10,697.1,6971.0
2021091505015976,SLI,28,21,10,698.0,6980.0
2021091505015975,SLI,28,58,10,697.5,6975.0
2021091505015972,SLI,36,6,10,697.2,6972.0
2021091505015971,SLI,36,35,10,697.2,6972.0
2021091505015970,SLI,57,33,10,697.5,6975.0
2021091505015983,SLI,45,3,10,698.0,6980.0
2021091505015982,SLI,45,49,10,698.0,6980.0
2021091505015980,SLI,14,58,10,697.5,6975.0
2021091505015979,SLI,28,40,10,698.0,6980.0
2021091505015978,SLI,28,36,10,698.0,6980.0
2021091505015977,SLI,28,45,10,698.0,6980.0
2021091505015991,SLI,45,35,10,698.0,6980.0
2021091505015988,SLI,45,32,10,698.0,6980.0
2021091505015987,SLI,45,38,10,698.0,6980.0
2021091505015985,SLI,45,58,10,698.0,6980.0
2021091505015984,SLI,45,29,10,698.0,6980.0
2021091505016000,SLI,38,18,10,698.0,6980.0
2021091505015999,SLI,26,46,10,698.0,6980.0
2021091505015998,SLI,26,58,10,698.0,6980.0
2021091505015997,SLI,26,6,10,698.0,6980.0
2021091505015995,SLI,26,58,10,698.0,6980.0
2021091505015993,SLI,26,29,10,698.0,6980.0
2021091505016007,SLI,38,58,10,698.0,6980.0
2021091505016006,SLI,38,29,10,698.0,6980.0
2021091505016005,SLI,38,58,10,698.0,6980.0
2021091505016004,SLI,38,58,10,698.0,6980.0
2021091505016002,SLI,38,38,10,698.0,6980.0
2021091505016001,SLI,38,39,10,698.0,6980.0
2021091505016013,SLI,38,6,10,698.0,6980.0
2021091505016011,SLI,38,22,10,698.0,6980.0
2021091505016010,SLI,38,57,10,698.0,6980.0
2021091505016009,SLI,38,39,10,698.0,6980.0
2021091505016008,SLI,38,38,10,698.0,6980.0
2021091505016019,SLI,45,16,10,699.0,6990.0
2021091505016018,SLI,45,34,50,699.0,34950.0
2021091505016017,SLI,45,29,10,698.9,6989.0
2021091505016016,SLI,45,38,10,698.8,6988.0
2021091505016015,SLI,38,7,10,698.0,6980.0
2021091505016014,SLI,38,59,10,698.0,6980.0
2021091505016025,SLI,45,45,10,699.0,6990.0
2021091505016024,SLI,45,35,10,699.0,6990.0
2021091505016023,SLI,45,55,10,699.0,6990.0
2021091505016022,SLI,45,50,10,699.0,6990.0
2021091505016021,SLI,45,42,10,699.0,6990.0
2021091505016020,SLI,45,16,10,699.0,6990.0
2021091505016031,SLI,45,6,10,699.0,6990.0
2021091505016030,SLI,45,42,10,699.0,6990.0
2021091505016029,SLI,45,45,10,699.0,6990.0
2021091505016028,SLI,45,26,10,699.0,6990.0
2021091505016027,SLI,45,52,10,699.0,6990.0
2021091505016026,SLI,45,49,10,699.0,6990.0
2021091505016037,SLI,45,35,10,699.0,6990.0
2021091505016036,SLI,45,21,10,699.0,6990.0
2021091505016035,SLI,45,45,10,699.0,6990.0
2021091505016034,SLI,45,49,10,699.0,6990.0
2021091505016033,SLI,45,29,10,699.0,6990.0
2021091505016032,SLI,45,26,10,699.0,6990.0
2021091505016043,SLI,38,29,10,698.0,6980.0
2021091505016042,SLI,38,39,10,698.0,6980.0
2021091505016041,SLI,38,58,10,698.0,6980.0
2021091505016040,SLI,32,32,5,684.2,3421.0
2021091505016039,SLI,38,38,10,698.0,6980.0
2021091505016038,SLI,45,45,10,699.0,6990.0
2021091505016050,SLI,34,35,10,698.0,6980.0
2021091505016049,SLI,34,6,10,698.0,6980.0
2021091505016048,SLI,34,32,10,698.0,6980.0
2021091505016047,SLI,34,38,10,698.0,6980.0
2021091505016046,SLI,38,52,10,698.0,6980.0
2021091505016044,SLI,38,32,10,698.0,6980.0
2021091505016059,SLI,6,55,10,698.8,6988.0
2021091505016058,SLI,34,8,10,698.0,6980.0
2021091505016057,SLI,34,58,10,698.0,6980.0
2021091505016056,SLI,34,57,10,698.0,6980.0
2021091505016055,SLI,52,40,10,698.1,6981.0
2021091505016051,SLI,34,29,10,698.0,6980.0
2021091505016067,SLI,51,6,10,699.9,6999.0
2021091505016065,SLI,6,43,10,698.8,6988.0
2021091505016064,SLI,34,41,10,699.9,6999.0
2021091505016062,SLI,6,21,10,698.8,6988.0
2021091505016061,SLI,6,50,10,698.8,6988.0
2021091505016060,SLI,6,35,10,698.8,6988.0
2021091505016072,SLI,55,43,10,699.0,6990.0
2021091505016071,SLI,55,19,10,699.0,6990.0
2021091505016070,SLI,6,45,10,698.8,6988.0
2021091505016069,SLI,6,17,10,698.8,6988.0
2021091505016068,SLI,51,58,10,699.9,6999.0
2021091505016079,SLI,34,58,10,698.0,6980.0
2021091505016078,SLI,34,45,10,698.0,6980.0
2021091505016077,SLI,22,45,10,698.1,6981.0
2021091505016076,SLI,6,6,10,698.8,6988.0
2021091505016075,SLI,6,38,10,698.8,6988.0
2021091505016074,SLI,6,45,10,698.8,6988.0
2021091505016085,SLI,18,52,10,699.0,6990.0
2021091505016084,SLI,18,21,10,699.0,6990.0
2021091505016083,SLI,18,43,10,698.8,6988.0
2021091505016082,SLI,18,43,10,698.8,6988.0
2021091505016081,SLI,7,29,10,698.0,6980.0
2021091505016091,SLI,18,38,10,699.0,6990.0
2021091505016089,SLI,18,45,10,699.0,6990.0
2021091505016088,SLI,18,7,10,699.0,6990.0
2021091505016087,SLI,18,58,10,699.0,6990.0
2021091505016086,SLI,18,10,10,699.0,6990.0
2021091505016098,SLI,22,38,10,698.0,6980.0
2021091505016097,SLI,22,45,10,698.0,6980.0
2021091505016096,SLI,22,29,10,698.0,6980.0
2021091505016095,SLI,44,58,10,698.1,6981.0
2021091505016094,SLI,18,49,10,699.0,6990.0
2021091505016104,SLI,16,42,190,698.0,132620.0
2021091505016103,SLI,43,42,20,698.0,13960.0
2021091505016102,SLI,22,42,20,698.0,13960.0
2021091505016110,SLI,52,42,50,697.5,34875.0
2021091505016109,SLI,14,42,30,697.5,20925.0
2021091505016108,SLI,52,42,50,698.0,34900.0
2021091505016107,SLI,21,42,10,698.0,6980.0
2021091505016106,SLI,42,42,40,698.0,27920.0
2021091505016105,SLI,1,42,50,698.0,34900.0
2021091505016116,SLI,22,42,20,697.0,13940.0
2021091505016115,SLI,21,42,12,697.0,8364.0
2021091505016114,SLI,16,42,10,697.1,6971.0
2021091505016113,SLI,22,42,220,697.1,153362.0
2021091505016112,SLI,1,42,100,697.3,69730.0
2021091505016111,SLI,7,42,25,697.5,17437.5
2021091505016122,SLI,38,42,15,697.0,10455.0
2021091505016121,SLI,51,42,50,697.0,34850.0
2021091505016120,SLI,8,42,30,697.0,20910.0
2021091505016119,SLI,59,42,10,697.0,6970.0
2021091505016118,SLI,50,42,10,697.0,6970.0
2021091505016117,SLI,57,42,20,697.0,13940.0
2021091505016131,SLI,3,43,10,698.8,6988.0
2021091505016130,SLI,3,43,10,698.8,6988.0
2021091505016129,SLI,3,45,10,698.0,6980.0
2021091505016128,SLI,21,29,10,697.0,6970.0
2021091505016124,SLI,52,57,10,698.1,6981.0
2021091505016123,SLI,21,42,18,697.0,12546.0
2021091505016137,SLI,3,50,10,699.9,6999.0
2021091505016136,SLI,3,58,10,699.9,6999.0
2021091505016135,SLI,3,45,10,699.9,6999.0
2021091505016134,SLI,3,36,10,699.8,6998.0
2021091505016133,SLI,3,57,10,699.0,6990.0
2021091505016132,SLI,3,56,10,698.9,6989.0
2021091505016143,SLI,42,35,10,698.0,6980.0
2021091505016142,SLI,42,26,10,698.0,6980.0
2021091505016141,SLI,4,52,10,699.8,6998.0
2021091505016140,SLI,4,37,10,699.8,6998.0
2021091505016139,SLI,42,59,10,698.0,6980.0
2021091505016138,SLI,3,58,10,699.9,6999.0
2021091505016150,SLI,42,42,51,698.0,35598.0
2021091505016149,SLI,6,58,10,698.8,6988.0
2021091505016148,SLI,42,16,10,698.0,6980.0
2021091505016147,SLI,42,38,10,698.0,6980.0
2021091505016146,SLI,7,43,10,698.1,6981.0
2021091505016156,SLI,21,42,100,697.0,69700.0
2021091505016155,SLI,51,42,100,697.0,69700.0
2021091505016154,SLI,21,42,72,697.0,50184.0
2021091505016153,SLI,3,42,80,698.0,55840.0
2021091505016152,SLI,4,42,10,698.0,6980.0
2021091505016151,SLI,57,42,10,698.0,6980.0
2021091505016162,SLI,44,42,20,697.0,13940.0
2021091505016161,SLI,46,42,50,697.0,34850.0
2021091505016160,SLI,26,42,10,697.0,6970.0
2021091505016159,SLI,29,42,50,697.0,34850.0
2021091505016158,SLI,39,42,80,697.0,55760.0
2021091505016157,SLI,36,42,10,697.0,6970.0
2021091505016168,SLI,17,42,30,697.0,20910.0
2021091505016167,SLI,38,42,20,697.0,13940.0
2021091505016166,SLI,44,42,25,697.0,17425.0
2021091505016165,SLI,17,42,50,697.0,34850.0
2021091505016164,SLI,38,42,30,697.0,20910.0
2021091505016163,SLI,45,42,30,697.0,20910.0
2021091505016174,SLI,36,42,50,697.0,34850.0
2021091505016173,SLI,41,42,10,697.0,6970.0
2021091505016172,SLI,44,42,"2,000",697.0,1394000.0
2021091505016171,SLI,38,42,70,697.0,48790.0
2021091505016170,SLI,22,42,10,697.0,6970.0
2021091505016169,SLI,19,42,200,697.0,139400.0
2021091505016180,SLI,20,42,100,697.0,69700.0
2021091505016179,SLI,17,42,10,697.0,6970.0
2021091505016178,SLI,58,42,20,697.0,13940.0
2021091505016177,SLI,32,42,60,697.0,41820.0
2021091505016176,SLI,16,42,10,697.0,6970.0
2021091505016175,SLI,22,42,50,697.0,34850.0
2021091505016186,SLI,29,42,90,697.0,62730.0
2021091505016185,SLI,34,42,70,697.0,48790.0
2021091505016184,SLI,6,42,10,697.0,6970.0
2021091505016183,SLI,38,42,100,697.0,69700.0
2021091505016182,SLI,52,42,50,697.0,34850.0
2021091505016181,SLI,36,42,20,697.0,13940.0
2021091505016192,SLI,57,36,10,696.2,6962.0
2021091505016191,SLI,52,28,10,696.3,6963.0
2021091505016190,SLI,4,42,70,697.0,48790.0
2021091505016189,SLI,6,43,10,696.2,6962.0
2021091505016213,SLI,16,42,30,697.0,20910.0
2021091505016211,SLI,57,42,10,697.0,6970.0
2021091505016210,SLI,57,28,10,696.2,6962.0
2021091505016209,SLI,58,42,10,697.0,6970.0
2021091505016207,SLI,34,42,10,697.0,6970.0
2021091505016240,SLI,38,48,10,697.0,6970.0
2021091505016239,SLI,38,58,10,697.0,6970.0
2021091505016238,SLI,38,45,10,697.0,6970.0
2021091505016237,SLI,38,42,92,697.0,64124.0
2021091505016235,SLI,57,41,10,696.2,6962.0
2021091505016214,SLI,17,42,20,697.0,13940.0
2021091505016247,SLI,38,34,10,697.0,6970.0
2021091505016245,SLI,38,36,10,697.0,6970.0
2021091505016243,SLI,38,52,10,697.0,6970.0
2021091505016242,SLI,38,28,10,697.0,6970.0
2021091505016241,SLI,38,48,10,697.0,6970.0
2021091505016253,SLI,25,32,10,697.0,6970.0
2021091505016252,SLI,25,21,10,697.0,6970.0
2021091505016251,SLI,25,57,10,697.0,6970.0
2021091505016250,SLI,42,58,10,697.0,6970.0
2021091505016249,SLI,38,21,10,697.0,6970.0
2021091505016248,SLI,38,18,10,697.0,6970.0
2021091505016258,SLI,25,32,10,697.0,6970.0
2021091505016257,SLI,21,57,10,697.1,6971.0
2021091505016266,SLI,42,45,10,697.1,6971.0
2021091505016264,SLI,25,3,10,697.0,6970.0
2021091505016263,SLI,25,34,10,697.0,6970.0
2021091505016261,SLI,25,1,10,697.0,6970.0
2021091505016260,SLI,25,5,10,697.0,6970.0
2021091505016271,SLI,25,34,10,697.0,6970.0
2021091505016269,SLI,25,3,10,697.0,6970.0
2021091505016268,SLI,25,21,10,697.0,6970.0
2021091505016278,SLI,25,21,10,697.0,6970.0
2021091505016277,SLI,25,38,10,697.0,6970.0
2021091505016276,SLI,25,47,10,697.0,6970.0
2021091505016275,SLI,25,21,10,697.0,6970.0
2021091505016274,SLI,25,21,10,697.0,6970.0
2021091505016273,SLI,42,4,10,697.5,6975.0
2021091505016284,SLI,25,21,10,697.0,6970.0
2021091505016282,SLI,25,44,10,697.0,6970.0
2021091505016281,SLI,25,21,10,697.0,6970.0
2021091505016280,SLI,25,49,10,697.0,6970.0
2021091505016293,SLI,25,49,10,697.0,6970.0
2021091505016292,SLI,25,54,10,697.0,6970.0
2021091505016291,SLI,25,42,10,697.0,6970.0
2021091505016289,SLI,25,22,10,697.0,6970.0
2021091505016287,SLI,25,35,10,697.0,6970.0
