Transact. No.,Symbol,Buyer,Seller,Quantity,Rate,Amount
2021091405002956,JBLB,1,42,10,4591.0,45910.0
2021091405002947,JBLB,1,53,10,4591.0,45910.0
2021091405002481,JBLB,6,16,10,4590.0,45900.0
2021091405002480,JBLB,6,41,10,4590.0,45900.0
2021091405002479,JBLB,6,59,10,4590.0,45900.0
2021091405002460,JBLB,44,34,10,4591.0,45910.0
2021091405002488,JBLB,49,38,10,4590.0,45900.0
2021091405002487,JBLB,52,45,10,4590.0,45900.0
2021091405002486,JBLB,6,46,10,4590.0,45900.0
2021091405002483,JBLB,6,38,10,4590.0,45900.0
2021091405002482,JBLB,6,22,10,4590.0,45900.0
2021091405002499,JBLB,58,56,20,4586.5,91730.0
2021091405002495,JBLB,44,10,10,4586.1,45861.0
2021091405002490,JBLB,49,58,10,4590.0,45900.0
2021091405002505,JBLB,39,34,10,4586.0,45860.0
2021091405002504,JBLB,19,34,10,4586.0,45860.0
2021091405002503,JBLB,44,34,20,4586.0,91720.0
2021091405002502,JBLB,44,34,10,4586.1,45861.0
2021091405002500,JBLB,44,56,30,4586.1,137583.0
2021091405002509,JBLB,29,45,10,4585.2,45852.0
2021091405002529,JBLB,59,49,10,4585.0,45850.0
2021091405002542,JBLB,45,57,10,4585.1,45851.0
2021091405002539,JBLB,49,36,10,4585.1,45851.0
2021091405002555,JBLB,45,54,10,4585.2,45852.0
2021091405002553,JBLB,7,7,10,4586.0,45860.0
2021091405002564,JBLB,52,8,25,4585.0,114625.0
2021091405002563,JBLB,34,8,10,4585.0,45850.0
2021091405002560,JBLB,45,38,10,4585.0,45850.0
2021091405002566,JBLB,11,8,20,4585.0,91700.0
2021091405002565,JBLB,42,8,10,4585.0,45850.0
2021091405002573,JBLB,49,56,10,4583.0,45830.0
2021091405002584,JBLB,26,7,10,4585.0,45850.0
2021091405002583,JBLB,26,39,10,4585.0,45850.0
2021091405002580,JBLB,49,29,10,4583.0,45830.0
2021091405002579,JBLB,25,8,30,4585.0,137550.0
2021091405002592,JBLB,49,49,10,4583.0,45830.0
2021091405002600,JBLB,35,56,10,4583.1,45831.0
2021091405002597,JBLB,36,35,10,4584.0,45840.0
2021091405002595,JBLB,49,57,10,4583.0,45830.0
2021091405002610,JBLB,1,7,10,4583.0,45830.0
2021091405002609,JBLB,1,10,10,4583.0,45830.0
2021091405002607,JBLB,49,58,10,4583.0,45830.0
2021091405002618,JBLB,57,35,10,4585.0,45850.0
2021091405002615,JBLB,42,8,10,4583.0,45830.0
2021091405002614,JBLB,19,8,10,4583.0,45830.0
2021091405002613,JBLB,1,8,10,4583.0,45830.0
2021091405002640,JBLB,49,59,10,4582.0,45820.0
2021091405002639,JBLB,6,59,10,4582.0,45820.0
2021091405002638,JBLB,50,59,20,4583.0,91660.0
2021091405002620,JBLB,42,59,10,4583.0,45830.0
2021091405002646,JBLB,16,25,15,4582.0,68730.0
2021091405002645,JBLB,34,25,10,4582.0,45820.0
2021091405002644,JBLB,58,25,50,4582.0,229100.0
2021091405002643,JBLB,51,25,10,4582.0,45820.0
2021091405002642,JBLB,49,25,15,4582.0,68730.0
2021091405002651,JBLB,49,38,10,4583.0,45830.0
2021091405002669,JBLB,58,52,10,4581.6,45816.0
2021091405002658,JBLB,28,58,10,4583.0,45830.0
2021091405002680,JBLB,47,57,30,4582.0,137460.0
2021091405002679,JBLB,37,57,10,4582.0,45820.0
2021091405002674,JBLB,52,49,21,4583.0,96243.0
2021091405002672,JBLB,13,58,10,4584.9,45849.0
2021091405002671,JBLB,52,8,5,4585.0,22925.0
2021091405002686,JBLB,39,57,20,4581.0,91620.0
2021091405002685,JBLB,29,57,10,4581.0,45810.0
2021091405002684,JBLB,1,57,200,4581.0,916200.0
2021091405002683,JBLB,22,57,12,4581.5,54978.0
2021091405002682,JBLB,16,57,100,4581.5,458150.0
2021091405002681,JBLB,21,57,10,4582.0,45820.0
2021091405002694,JBLB,19,49,10,4580.1,45801.0
2021091405002687,JBLB,14,57,100,4580.5,458050.0
2021091405002701,JBLB,51,38,10,4585.0,45850.0
2021091405002700,JBLB,51,36,10,4585.0,45850.0
2021091405002699,JBLB,51,44,10,4584.9,45849.0
2021091405002698,JBLB,51,56,10,4583.0,45830.0
2021091405002697,JBLB,51,8,10,4580.1,45801.0
2021091405002695,JBLB,11,8,10,4580.1,45801.0
2021091405002707,JBLB,50,29,10,4581.0,45810.0
2021091405002706,JBLB,55,22,10,4581.0,45810.0
2021091405002704,JBLB,58,26,10,4580.0,45800.0
2021091405002711,JBLB,50,29,10,4581.0,45810.0
2021091405002720,JBLB,53,34,10,4581.0,45810.0
2021091405002717,JBLB,50,35,10,4580.1,45801.0
2021091405002728,JBLB,4,22,10,4580.0,45800.0
2021091405002727,JBLB,4,16,10,4580.0,45800.0
2021091405002726,JBLB,16,16,10,4580.1,45801.0
2021091405002739,JBLB,22,7,10,4582.0,45820.0
2021091405002738,JBLB,22,58,10,4582.0,45820.0
2021091405002750,JBLB,57,14,10,4581.0,45810.0
2021091405002756,JBLB,57,57,10,4581.0,45810.0
2021091405002754,JBLB,50,7,10,4582.0,45820.0
2021091405002758,JBLB,45,51,10,4582.0,45820.0
2021091405002774,JBLB,34,16,10,4582.0,45820.0
2021091405002778,JBLB,21,29,10,4582.0,45820.0
2021091405002776,JBLB,34,51,10,4582.0,45820.0
2021091405002799,JBLB,35,39,10,4582.0,45820.0
2021091405002797,JBLB,21,57,10,4582.0,45820.0
2021091405002796,JBLB,25,36,10,4584.0,45840.0
2021091405002795,JBLB,25,44,10,4584.0,45840.0
2021091405002811,JBLB,28,58,10,4582.0,45820.0
2021091405002810,JBLB,28,58,10,4582.0,45820.0
2021091405002820,JBLB,39,56,10,4584.0,45840.0
2021091405002817,JBLB,39,29,10,4584.0,45840.0
2021091405002816,JBLB,39,49,10,4584.0,45840.0
2021091405002815,JBLB,39,29,10,4584.0,45840.0
2021091405002830,JBLB,48,49,10,4585.0,45850.0
2021091405002829,JBLB,48,58,10,4585.0,45850.0
2021091405002828,JBLB,48,49,10,4585.0,45850.0
2021091405002827,JBLB,14,58,10,4587.0,45870.0
2021091405002826,JBLB,34,49,10,4585.0,45850.0
2021091405002822,JBLB,51,32,10,4585.0,45850.0
2021091405002840,JBLB,48,22,10,4585.0,45850.0
2021091405002837,JBLB,48,49,10,4585.0,45850.0
2021091405002835,JBLB,51,58,10,4588.0,45880.0
2021091405002848,JBLB,28,29,10,4590.0,45900.0
2021091405002846,JBLB,45,13,20,4586.0,91720.0
2021091405002844,JBLB,39,10,10,4586.0,45860.0
2021091405002843,JBLB,39,22,10,4586.0,45860.0
2021091405002852,JBLB,34,22,10,4587.0,45870.0
2021091405002851,JBLB,34,19,10,4587.0,45870.0
2021091405002850,JBLB,45,58,10,4586.0,45860.0
2021091405002857,JBLB,33,52,10,4590.0,45900.0
2021091405002856,JBLB,33,47,10,4590.0,45900.0
2021091405002855,JBLB,34,58,10,4587.0,45870.0
2021091405002901,JBLB,51,54,10,4586.0,45860.0
2021091405002900,JBLB,45,54,20,4586.0,91720.0
2021091405002899,JBLB,57,54,50,4588.0,229400.0
2021091405002914,JBLB,1,32,70,4599.9,321993.0
2021091405002913,JBLB,1,45,10,4599.9,45999.0
2021091405002912,JBLB,1,36,10,4599.0,45990.0
2021091405002908,JBLB,1,36,10,4595.0,45950.0
2021091405002907,JBLB,1,49,10,4595.0,45950.0
2021091405002927,JBLB,33,48,10,4590.0,45900.0
2021091405002924,JBLB,56,48,10,4590.0,45900.0
2021091405002915,JBLB,1,14,10,4595.0,45950.0
2021091405002935,JBLB,19,47,10,4587.0,45870.0
2021091405002930,JBLB,33,28,10,4590.0,45900.0
2021091405002945,JBLB,1,48,10,4591.0,45910.0
2021091405002944,JBLB,1,39,50,4591.0,229550.0
2021091405002940,JBLB,1,6,10,4590.0,45900.0
2021091405002939,JBLB,19,34,10,4587.0,45870.0
2021091405002955,SLI,42,18,10,728.0,7280.0
2021091405002950,SLI,42,18,10,728.0,7280.0
2021091405002949,SLI,42,46,10,728.0,7280.0
2021091405002946,SLI,42,18,10,728.0,7280.0
2021091405002459,SLI,51,56,10,728.0,7280.0
2021091405002457,SLI,51,28,10,728.0,7280.0
2021091405002484,SLI,51,51,10,728.0,7280.0
2021091405002494,SLI,51,41,10,728.0,7280.0
2021091405002492,SLI,51,25,10,728.0,7280.0
2021091405002491,SLI,51,52,10,728.0,7280.0
2021091405002501,SLI,51,49,10,728.0,7280.0
2021091405002514,SLI,51,53,10,728.0,7280.0
2021091405002511,SLI,51,26,10,728.0,7280.0
2021091405002510,SLI,51,53,10,728.0,7280.0
2021091405002508,SLI,51,41,10,728.0,7280.0
2021091405002506,SLI,51,53,10,728.0,7280.0
2021091405002521,SLI,51,32,10,728.0,7280.0
2021091405002520,SLI,51,26,10,728.0,7280.0
2021091405002519,SLI,51,53,10,728.0,7280.0
2021091405002518,SLI,51,26,10,728.0,7280.0
2021091405002517,SLI,51,53,10,728.0,7280.0
2021091405002515,SLI,51,26,10,728.0,7280.0
2021091405002530,SLI,51,53,10,728.0,7280.0
2021091405002528,SLI,51,53,10,728.0,7280.0
2021091405002525,SLI,51,49,10,728.0,7280.0
2021091405002523,SLI,51,6,10,728.0,7280.0
2021091405002522,SLI,51,47,10,728.0,7280.0
2021091405002536,SLI,51,8,10,728.0,7280.0
2021091405002535,SLI,51,49,10,728.0,7280.0
2021091405002534,SLI,51,53,10,728.0,7280.0
2021091405002533,SLI,51,32,10,728.0,7280.0
2021091405002532,SLI,51,8,10,728.0,7280.0
2021091405002531,SLI,51,52,10,728.0,7280.0
2021091405002545,SLI,42,26,10,728.0,7280.0
2021091405002543,SLI,51,8,10,728.0,7280.0
2021091405002540,SLI,51,32,10,728.0,7280.0
2021091405002538,SLI,51,14,10,728.0,7280.0
2021091405002557,SLI,42,49,10,728.0,7280.0
2021091405002554,SLI,42,8,10,728.0,7280.0
2021091405002548,SLI,42,38,10,728.0,7280.0
2021091405002547,SLI,42,8,10,728.0,7280.0
2021091405002562,SLI,42,35,10,728.0,7280.0
2021091405002561,SLI,42,38,10,728.0,7280.0
2021091405002559,SLI,42,58,10,728.0,7280.0
2021091405002572,SLI,42,26,10,728.0,7280.0
2021091405002569,SLI,42,26,10,728.0,7280.0
2021091405002568,SLI,42,55,10,728.0,7280.0
2021091405002567,SLI,42,38,10,728.0,7280.0
2021091405002578,SLI,42,55,10,728.0,7280.0
2021091405002577,SLI,42,26,10,728.0,7280.0
2021091405002576,SLI,42,43,10,728.0,7280.0
2021091405002575,SLI,42,26,10,728.0,7280.0
2021091405002574,SLI,42,55,10,728.0,7280.0
2021091405002585,SLI,42,28,10,728.0,7280.0
2021091405002581,SLI,42,55,10,728.0,7280.0
2021091405002594,SLI,42,59,10,728.0,7280.0
2021091405002591,SLI,42,36,10,728.0,7280.0
2021091405002589,SLI,42,19,10,728.0,7280.0
2021091405002587,SLI,42,19,10,728.0,7280.0
2021091405002586,SLI,42,14,10,728.0,7280.0
2021091405002599,SLI,42,28,10,728.0,7280.0
2021091405002598,SLI,42,28,10,728.0,7280.0
2021091405002596,SLI,42,36,10,728.0,7280.0
2021091405002606,SLI,42,28,10,728.0,7280.0
2021091405002604,SLI,42,28,10,728.0,7280.0
2021091405002602,SLI,42,28,10,728.0,7280.0
2021091405002616,SLI,42,28,10,728.0,7280.0
2021091405002611,SLI,42,28,10,728.0,7280.0
2021091405002637,SLI,42,59,10,728.0,7280.0
2021091405002635,SLI,42,59,10,728.0,7280.0
2021091405002641,SLI,42,59,10,728.0,7280.0
2021091405002656,SLI,42,19,10,728.0,7280.0
2021091405002653,SLI,42,41,10,728.0,7280.0
2021091405002652,SLI,42,59,10,728.0,7280.0
2021091405002648,SLI,42,59,10,728.0,7280.0
2021091405002647,SLI,42,28,10,728.0,7280.0
2021091405002670,SLI,42,41,10,728.0,7280.0
2021091405002661,SLI,42,41,10,728.0,7280.0
2021091405002660,SLI,42,41,10,728.0,7280.0
2021091405002659,SLI,42,21,10,728.0,7280.0
2021091405002677,SLI,42,58,10,728.0,7280.0
2021091405002693,SLI,42,8,10,728.0,7280.0
2021091405002692,SLI,42,13,10,728.0,7280.0
2021091405002691,SLI,42,3,10,728.0,7280.0
2021091405002688,SLI,42,41,10,728.0,7280.0
2021091405002708,SLI,42,41,10,728.0,7280.0
2021091405002705,SLI,42,14,10,728.0,7280.0
2021091405002702,SLI,42,29,10,728.0,7280.0
2021091405002716,SLI,42,14,10,728.0,7280.0
2021091405002715,SLI,42,29,10,728.0,7280.0
2021091405002714,SLI,42,22,10,728.0,7280.0
2021091405002712,SLI,42,17,10,728.0,7280.0
2021091405002710,SLI,42,14,10,728.0,7280.0
2021091405002723,SLI,42,45,10,728.0,7280.0
2021091405002721,SLI,42,41,10,728.0,7280.0
2021091405002719,SLI,42,14,10,728.0,7280.0
2021091405002718,SLI,42,29,10,728.0,7280.0
2021091405002731,SLI,42,44,10,728.0,7280.0
2021091405002725,SLI,42,17,10,728.0,7280.0
2021091405002724,SLI,42,35,10,728.0,7280.0
2021091405002737,SLI,42,41,10,728.0,7280.0
2021091405002736,SLI,42,45,10,728.0,7280.0
2021091405002735,SLI,42,14,10,728.0,7280.0
2021091405002734,SLI,42,45,10,728.0,7280.0
2021091405002733,SLI,42,29,10,728.0,7280.0
2021091405002732,SLI,42,14,10,728.0,7280.0
2021091405002743,SLI,42,28,10,728.0,7280.0
2021091405002742,SLI,42,45,10,728.0,7280.0
2021091405002741,SLI,42,29,10,728.0,7280.0
2021091405002740,SLI,42,14,10,728.0,7280.0
2021091405002751,SLI,42,41,10,728.0,7280.0
2021091405002749,SLI,42,56,10,728.0,7280.0
2021091405002748,SLI,42,45,10,728.0,7280.0
2021091405002745,SLI,42,45,10,728.0,7280.0
2021091405002744,SLI,42,14,10,728.0,7280.0
2021091405002757,SLI,42,41,10,728.0,7280.0
2021091405002755,SLI,42,45,10,728.0,7280.0
2021091405002753,SLI,42,48,10,728.0,7280.0
2021091405002752,SLI,42,11,10,728.0,7280.0
2021091405002768,SLI,42,22,10,728.0,7280.0
2021091405002767,SLI,42,41,10,728.0,7280.0
2021091405002766,SLI,42,29,10,728.0,7280.0
2021091405002763,SLI,42,14,10,728.0,7280.0
2021091405002762,SLI,42,41,10,728.0,7280.0
2021091405002773,SLI,42,41,10,728.0,7280.0
2021091405002772,SLI,42,28,10,728.0,7280.0
2021091405002771,SLI,42,45,10,728.0,7280.0
2021091405002770,SLI,42,17,10,728.0,7280.0
2021091405002769,SLI,42,57,10,728.0,7280.0
2021091405002782,SLI,42,29,10,728.0,7280.0
2021091405002781,SLI,42,45,10,728.0,7280.0
2021091405002780,SLI,42,41,10,728.0,7280.0
2021091405002779,SLI,42,52,10,728.0,7280.0
2021091405002789,SLI,42,28,10,728.0,7280.0
2021091405002788,SLI,42,42,10,728.0,7280.0
2021091405002787,SLI,42,41,10,728.0,7280.0
2021091405002785,SLI,42,41,10,728.0,7280.0
2021091405002784,SLI,42,49,10,728.0,7280.0
2021091405002783,SLI,42,28,10,728.0,7280.0
2021091405002798,SLI,42,21,10,728.0,7280.0
2021091405002794,SLI,42,53,10,728.0,7280.0
2021091405002812,SLI,42,29,10,728.0,7280.0
2021091405002808,SLI,42,58,10,728.0,7280.0
2021091405002807,SLI,42,53,10,728.0,7280.0
2021091405002801,SLI,42,28,10,728.0,7280.0
2021091405002819,SLI,42,25,10,728.0,7280.0
2021091405002813,SLI,42,42,10,728.0,7280.0
2021091405002839,SLI,42,51,10,728.0,7280.0
2021091405002838,SLI,42,39,10,728.0,7280.0
2021091405002834,SLI,42,41,10,728.0,7280.0
2021091405002847,SLI,42,39,10,728.0,7280.0
2021091405002842,SLI,42,19,10,728.0,7280.0
2021091405002854,SLI,42,39,10,728.0,7280.0
2021091405002853,SLI,42,56,10,728.0,7280.0
2021091405002849,SLI,42,41,10,728.0,7280.0
2021091405002895,SLI,42,47,10,728.0,7280.0
2021091405002894,SLI,42,39,10,728.0,7280.0
2021091405002858,SLI,42,47,10,728.0,7280.0
2021091405002898,SLI,42,18,10,728.0,7280.0
2021091405002897,SLI,42,56,10,728.0,7280.0
2021091405002896,SLI,42,18,10,728.0,7280.0
2021091405002911,SLI,42,39,10,728.0,7280.0
2021091405002925,SLI,42,54,10,728.0,7280.0
2021091405002919,SLI,42,39,10,728.0,7280.0
2021091405002918,SLI,42,47,10,728.0,7280.0
2021091405002936,SLI,42,54,10,728.0,7280.0
2021091405002933,SLI,42,18,10,728.0,7280.0
2021091405002931,SLI,42,18,10,728.0,7280.0
2021091405002928,SLI,42,18,10,728.0,7280.0
2021091405002938,SLI,42,18,10,728.0,7280.0
2021091405002937,SLI,42,18,10,728.0,7280.0
2021091405002954,ULI,41,32,10,713.0,7130.0
2021091405002953,ULI,41,49,10,713.0,7130.0
2021091405002952,ULI,57,42,20,712.0,14240.0
2021091405002951,ULI,57,50,10,712.0,7120.0
2021091405002948,ULI,16,41,100,711.0,71100.0
2021091405002943,ULI,16,43,10,711.0,7110.0
2021091405002461,ULI,41,34,140,705.0,98700.0
2021091405002458,ULI,14,16,10,704.0,7040.0
2021091405002467,ULI,41,45,50,706.0,35300.0
2021091405002466,ULI,41,40,10,705.1,7051.0
2021091405002465,ULI,41,21,10,705.0,7050.0
2021091405002464,ULI,41,42,10,705.0,7050.0
2021091405002463,ULI,41,34,10,705.0,7050.0
2021091405002462,ULI,41,35,10,705.0,7050.0
2021091405002473,ULI,41,14,10,707.0,7070.0
2021091405002472,ULI,41,53,10,707.0,7070.0
2021091405002471,ULI,41,42,10,707.0,7070.0
2021091405002470,ULI,41,51,10,706.0,7060.0
2021091405002469,ULI,41,58,10,706.0,7060.0
2021091405002468,ULI,41,41,10,706.0,7060.0
2021091405002485,ULI,14,56,10,704.0,7040.0
2021091405002478,ULI,41,46,10,707.0,7070.0
2021091405002477,ULI,41,41,10,707.0,7070.0
2021091405002476,ULI,41,44,10,707.0,7070.0
2021091405002475,ULI,41,34,10,707.0,7070.0
2021091405002474,ULI,41,54,10,707.0,7070.0
2021091405002507,ULI,35,46,10,707.0,7070.0
2021091405002498,ULI,17,35,10,708.0,7080.0
2021091405002497,ULI,17,35,10,708.0,7080.0
2021091405002496,ULI,35,57,10,707.0,7070.0
2021091405002493,ULI,35,43,10,707.0,7070.0
2021091405002489,ULI,35,44,10,707.0,7070.0
2021091405002527,ULI,58,34,10,705.0,7050.0
2021091405002526,ULI,58,49,10,705.0,7050.0
2021091405002524,ULI,58,58,10,705.0,7050.0
2021091405002516,ULI,35,21,10,707.0,7070.0
2021091405002513,ULI,35,40,10,707.0,7070.0
2021091405002512,ULI,35,22,10,707.0,7070.0
2021091405002550,ULI,50,26,20,705.0,14100.0
2021091405002549,ULI,50,34,10,705.0,7050.0
2021091405002546,ULI,50,56,10,705.0,7050.0
2021091405002544,ULI,50,38,10,705.0,7050.0
2021091405002541,ULI,58,58,10,705.0,7050.0
2021091405002537,ULI,58,56,10,705.0,7050.0
2021091405002571,ULI,45,55,10,703.2,7032.0
2021091405002570,ULI,45,38,10,703.2,7032.0
2021091405002558,ULI,43,49,10,703.8,7038.0
2021091405002556,ULI,43,58,10,703.8,7038.0
2021091405002552,ULI,11,26,100,704.0,70400.0
2021091405002551,ULI,14,26,120,704.0,84480.0
2021091405002603,ULI,41,56,10,703.3,7033.0
2021091405002601,ULI,41,36,10,703.3,7033.0
2021091405002593,ULI,45,48,10,703.2,7032.0
2021091405002590,ULI,45,58,10,703.2,7032.0
2021091405002588,ULI,45,36,10,703.2,7032.0
2021091405002582,ULI,33,52,10,703.8,7038.0
2021091405002621,ULI,19,19,10,703.8,7038.0
2021091405002619,ULI,34,32,10,703.2,7032.0
2021091405002617,ULI,34,11,10,703.2,7032.0
2021091405002612,ULI,41,38,10,703.3,7033.0
2021091405002608,ULI,41,11,10,703.3,7033.0
2021091405002605,ULI,41,25,10,703.3,7033.0
2021091405002627,ULI,19,51,10,706.0,7060.0
2021091405002626,ULI,19,48,10,704.0,7040.0
2021091405002625,ULI,19,49,10,704.0,7040.0
2021091405002624,ULI,19,54,10,704.0,7040.0
2021091405002623,ULI,19,22,10,704.0,7040.0
2021091405002622,ULI,19,37,10,704.0,7040.0
2021091405002633,ULI,19,7,10,708.0,7080.0
2021091405002632,ULI,19,42,10,708.0,7080.0
2021091405002631,ULI,19,47,10,708.0,7080.0
2021091405002630,ULI,19,51,10,708.0,7080.0
2021091405002629,ULI,19,34,10,707.0,7070.0
2021091405002628,ULI,19,21,20,707.0,14140.0
2021091405002655,ULI,56,57,10,703.3,7033.0
2021091405002654,ULI,56,13,10,703.3,7033.0
2021091405002650,ULI,34,56,10,703.2,7032.0
2021091405002649,ULI,34,8,10,703.2,7032.0
2021091405002636,ULI,34,58,10,703.2,7032.0
2021091405002634,ULI,19,47,10,708.0,7080.0
2021091405002666,ULI,14,16,50,703.0,35150.0
2021091405002665,ULI,34,16,200,703.1,140620.0
2021091405002664,ULI,34,16,50,703.2,35160.0
2021091405002663,ULI,56,16,20,703.3,14066.0
2021091405002662,ULI,44,16,15,704.0,10560.0
2021091405002657,ULI,56,57,10,703.3,7033.0
2021091405002678,ULI,55,52,10,702.0,7020.0
2021091405002676,ULI,55,29,10,702.0,7020.0
2021091405002675,ULI,55,41,10,702.0,7020.0
2021091405002673,ULI,55,58,10,702.0,7020.0
2021091405002668,ULI,45,50,10,702.0,7020.0
2021091405002667,ULI,22,16,100,703.0,70300.0
2021091405002713,ULI,55,17,10,702.0,7020.0
2021091405002709,ULI,59,16,50,703.0,35150.0
2021091405002703,ULI,38,16,10,703.0,7030.0
2021091405002696,ULI,55,41,10,702.0,7020.0
2021091405002690,ULI,55,58,10,702.0,7020.0
2021091405002689,ULI,55,59,10,702.0,7020.0
2021091405002759,ULI,47,28,10,701.2,7012.0
2021091405002747,ULI,47,52,10,701.2,7012.0
2021091405002746,ULI,47,58,10,701.2,7012.0
2021091405002730,ULI,47,17,10,701.2,7012.0
2021091405002729,ULI,47,59,10,702.0,7020.0
2021091405002722,ULI,55,58,10,702.0,7020.0
2021091405002777,ULI,22,40,10,702.0,7020.0
2021091405002775,ULI,22,38,10,702.0,7020.0
2021091405002765,ULI,22,52,10,702.0,7020.0
2021091405002764,ULI,22,19,10,702.0,7020.0
2021091405002761,ULI,22,49,10,702.0,7020.0
2021091405002760,ULI,47,38,10,701.2,7012.0
2021091405002800,ULI,53,44,10,703.0,7030.0
2021091405002793,ULI,6,38,10,703.0,7030.0
2021091405002792,ULI,6,48,10,702.0,7020.0
2021091405002791,ULI,6,52,10,702.0,7020.0
2021091405002790,ULI,6,57,10,702.0,7020.0
2021091405002786,ULI,43,28,10,701.1,7011.0
2021091405002809,ULI,55,8,10,702.0,7020.0
2021091405002806,ULI,37,57,10,701.0,7010.0
2021091405002805,ULI,11,57,100,701.1,70110.0
2021091405002804,ULI,11,57,100,701.1,70110.0
2021091405002803,ULI,43,57,40,701.1,28044.0
2021091405002802,ULI,3,57,50,701.2,35060.0
2021091405002825,ULI,17,22,10,704.0,7040.0
2021091405002824,ULI,43,45,10,708.0,7080.0
2021091405002823,ULI,17,58,10,704.0,7040.0
2021091405002821,ULI,34,1,10,703.0,7030.0
2021091405002818,ULI,43,32,10,703.2,7032.0
2021091405002814,ULI,34,28,10,703.0,7030.0
2021091405002845,ULI,53,6,10,704.0,7040.0
2021091405002841,ULI,16,42,10,703.4,7034.0
2021091405002836,ULI,17,36,60,705.0,42300.0
2021091405002833,ULI,43,43,10,705.0,7050.0
2021091405002832,ULI,17,1,110,704.0,77440.0
2021091405002831,ULI,17,19,10,704.0,7040.0
2021091405002864,ULI,58,17,10,707.0,7070.0
2021091405002863,ULI,58,45,10,705.0,7050.0
2021091405002862,ULI,58,16,10,705.0,7050.0
2021091405002861,ULI,58,42,10,705.0,7050.0
2021091405002860,ULI,10,4,10,704.1,7041.0
2021091405002859,ULI,10,52,10,704.1,7041.0
2021091405002870,ULI,58,58,10,710.0,7100.0
2021091405002869,ULI,58,26,10,710.0,7100.0
2021091405002868,ULI,58,13,10,709.0,7090.0
2021091405002867,ULI,58,45,10,709.0,7090.0
2021091405002866,ULI,58,45,10,709.0,7090.0
2021091405002865,ULI,58,49,10,709.0,7090.0
2021091405002876,ULI,58,17,10,710.0,7100.0
2021091405002875,ULI,58,46,10,710.0,7100.0
2021091405002874,ULI,58,49,10,710.0,7100.0
2021091405002873,ULI,58,44,10,710.0,7100.0
2021091405002872,ULI,58,40,10,710.0,7100.0
2021091405002871,ULI,58,48,10,710.0,7100.0
2021091405002882,ULI,58,58,10,710.0,7100.0
2021091405002881,ULI,58,49,10,710.0,7100.0
2021091405002880,ULI,58,21,10,710.0,7100.0
2021091405002879,ULI,58,7,10,710.0,7100.0
2021091405002878,ULI,58,3,10,710.0,7100.0
2021091405002877,ULI,58,55,10,710.0,7100.0
2021091405002888,ULI,58,52,10,710.0,7100.0
2021091405002887,ULI,58,45,10,710.0,7100.0
2021091405002886,ULI,58,29,10,710.0,7100.0
2021091405002885,ULI,58,42,10,710.0,7100.0
2021091405002884,ULI,58,11,10,710.0,7100.0
2021091405002883,ULI,58,58,10,710.0,7100.0
2021091405002902,ULI,53,48,10,711.0,7110.0
2021091405002893,ULI,58,55,10,710.0,7100.0
2021091405002892,ULI,58,41,10,710.0,7100.0
2021091405002891,ULI,58,32,10,710.0,7100.0
2021091405002890,ULI,58,21,10,710.0,7100.0
2021091405002889,ULI,58,42,10,710.0,7100.0
2021091405002910,ULI,58,45,10,710.0,7100.0
2021091405002909,ULI,58,45,10,710.0,7100.0
2021091405002906,ULI,53,49,20,712.0,14240.0
2021091405002905,ULI,53,6,10,712.0,7120.0
2021091405002904,ULI,53,38,10,712.0,7120.0
2021091405002903,ULI,53,58,10,711.9,7119.0
2021091405002923,ULI,58,57,10,710.0,7100.0
2021091405002922,ULI,58,47,10,710.0,7100.0
2021091405002921,ULI,58,4,10,710.0,7100.0
2021091405002920,ULI,58,58,10,710.0,7100.0
2021091405002917,ULI,58,34,10,710.0,7100.0
2021091405002916,ULI,58,38,10,710.0,7100.0
2021091405002942,ULI,38,6,10,712.0,7120.0
2021091405002941,ULI,38,45,10,712.0,7120.0
2021091405002934,ULI,16,58,10,711.0,7110.0
2021091405002932,ULI,41,58,10,710.0,7100.0
2021091405002929,ULI,58,53,10,710.0,7100.0
2021091405002926,ULI,58,21,10,710.0,7100.0
2021091405002450,JBLB,58,44,10,4591.0,45910.0
2021091405001975,JBLB,19,58,10,4591.0,45910.0
2021091405001974,JBLB,19,32,10,4591.0,45910.0
2021091405001969,JBLB,35,36,10,4591.0,45910.0
2021091405001982,JBLB,28,35,50,4600.0,230000.0
2021091405001981,JBLB,19,35,70,4600.0,322000.0
2021091405001978,JBLB,19,35,30,4600.0,138000.0
2021091405001977,JBLB,19,13,10,4600.0,46000.0
2021091405001976,JBLB,19,22,10,4595.0,45950.0
2021091405001988,JBLB,54,21,10,4591.0,45910.0
2021091405001987,JBLB,17,25,10,4590.0,45900.0
2021091405001986,JBLB,21,36,10,4590.0,45900.0
2021091405001984,JBLB,4,49,20,4590.0,91800.0
2021091405001991,JBLB,4,21,10,4590.0,45900.0
2021091405001990,JBLB,17,40,10,4590.0,45900.0
2021091405002007,JBLB,4,56,10,4590.0,45900.0
2021091405002001,JBLB,49,58,10,4595.0,45950.0
2021091405002000,JBLB,4,44,10,4590.0,45900.0
2021091405002013,JBLB,4,17,10,4590.0,45900.0
2021091405002010,JBLB,4,49,10,4590.0,45900.0
2021091405002017,JBLB,35,57,10,4590.0,45900.0
2021091405002015,JBLB,42,49,10,4590.0,45900.0
2021091405002035,JBLB,54,25,10,4582.0,45820.0
2021091405002032,JBLB,21,6,10,4590.0,45900.0
2021091405002030,JBLB,41,13,10,4591.0,45910.0
2021091405002041,JBLB,17,26,10,4581.4,45814.0
2021091405002054,JBLB,6,28,10,4582.0,45820.0
2021091405002068,JBLB,39,16,10,4582.1,45821.0
2021091405002056,JBLB,51,58,10,4581.6,45816.0
2021091405002082,JBLB,49,7,10,4583.0,45830.0
2021091405002080,JBLB,17,6,10,4584.0,45840.0
2021091405002090,JBLB,58,51,10,4583.1,45831.0
2021091405002089,JBLB,36,57,10,4590.0,45900.0
2021091405002111,JBLB,38,25,10,4585.1,45851.0
2021091405002109,JBLB,38,57,10,4585.1,45851.0
2021091405002100,JBLB,45,57,10,4584.2,45842.0
2021091405002099,JBLB,45,34,10,4584.2,45842.0
2021091405002118,JBLB,19,39,10,4590.0,45900.0
2021091405002116,JBLB,19,38,10,4590.0,45900.0
2021091405002114,JBLB,38,58,10,4585.1,45851.0
2021091405002127,JBLB,19,50,10,4590.0,45900.0
2021091405002125,JBLB,19,39,10,4590.0,45900.0
2021091405002141,JBLB,38,39,10,4591.0,45910.0
2021091405002134,JBLB,16,35,20,4600.0,92000.0
2021091405002147,JBLB,36,49,10,4595.0,45950.0
2021091405002151,JBLB,36,44,10,4595.0,45950.0
2021091405002150,JBLB,49,35,30,4600.0,138000.0
2021091405002149,JBLB,49,37,10,4599.0,45990.0
2021091405002163,JBLB,38,26,10,4591.0,45910.0
2021091405002160,JBLB,38,21,10,4591.0,45910.0
2021091405002158,JBLB,1,35,190,4600.0,874000.0
2021091405002157,JBLB,1,52,10,4599.0,45990.0
2021091405002156,JBLB,58,36,10,4595.0,45950.0
2021091405002169,JBLB,19,26,10,4590.0,45900.0
2021091405002179,JBLB,38,58,10,4595.0,45950.0
2021091405002185,JBLB,33,49,10,4596.0,45960.0
2021091405002181,JBLB,46,52,10,4592.0,45920.0
2021091405002194,JBLB,58,35,10,4600.0,46000.0
2021091405002198,JBLB,6,45,10,4595.0,45950.0
2021091405002216,JBLB,16,16,10,4590.0,45900.0
2021091405002212,JBLB,19,38,10,4590.0,45900.0
2021091405002211,JBLB,11,49,10,4599.0,45990.0
2021091405002205,JBLB,6,42,10,4595.0,45950.0
2021091405002222,JBLB,22,19,10,4590.0,45900.0
2021091405002232,JBLB,34,13,10,4585.2,45852.0
2021091405002230,JBLB,34,34,10,4585.2,45852.0
2021091405002228,JBLB,34,13,10,4585.2,45852.0
2021091405002244,JBLB,58,40,10,4586.0,45860.0
2021091405002246,JBLB,55,26,10,4585.2,45852.0
2021091405002262,JBLB,16,34,10,4594.0,45940.0
2021091405002259,JBLB,16,46,10,4594.0,45940.0
2021091405002258,JBLB,16,53,10,4590.0,45900.0
2021091405002257,JBLB,16,29,10,4590.0,45900.0
2021091405002255,JBLB,45,57,10,4588.0,45880.0
2021091405002274,JBLB,16,49,10,4594.0,45940.0
2021091405002270,JBLB,50,42,10,4595.0,45950.0
2021091405002263,JBLB,16,29,10,4594.0,45940.0
2021091405002278,JBLB,16,52,30,4594.0,137820.0
2021091405002276,JBLB,16,29,10,4594.0,45940.0
2021091405002302,JBLB,42,52,10,4594.0,45940.0
2021091405002301,JBLB,16,52,10,4594.0,45940.0
2021091405002318,JBLB,13,50,10,4590.0,45900.0
2021091405002316,JBLB,25,14,10,4599.0,45990.0
2021091405002309,JBLB,13,19,10,4590.0,45900.0
2021091405002329,JBLB,29,4,10,4590.1,45901.0
2021091405002340,JBLB,49,58,10,4590.1,45901.0
2021091405002339,JBLB,29,21,10,4590.1,45901.0
2021091405002351,JBLB,58,21,30,4590.0,137700.0
2021091405002345,JBLB,58,49,10,4590.0,45900.0
2021091405002362,JBLB,45,45,10,4590.1,45901.0
2021091405002359,JBLB,58,58,10,4590.0,45900.0
2021091405002355,JBLB,16,33,10,4590.1,45901.0
2021091405002367,JBLB,34,57,10,4595.0,45950.0
2021091405002380,JBLB,58,58,10,4595.0,45950.0
2021091405002377,JBLB,49,1,10,4596.0,45960.0
2021091405002384,JBLB,48,33,10,4595.0,45950.0
2021091405002398,JBLB,22,58,10,4590.0,45900.0
2021091405002395,JBLB,22,22,10,4590.0,45900.0
2021091405002392,JBLB,45,1,10,4590.1,45901.0
2021091405002406,JBLB,6,21,10,4590.0,45900.0
2021091405002402,JBLB,6,47,10,4590.0,45900.0
2021091405002415,JBLB,58,49,10,4595.0,45950.0
2021091405002412,JBLB,58,52,10,4595.0,45950.0
2021091405002411,JBLB,58,52,10,4595.0,45950.0
2021091405002409,JBLB,6,21,10,4590.0,45900.0
2021091405002083,MKLB,57,48,10,755.9,7559.0
2021091405002003,MKLB,57,35,10,755.9,7559.0
2021091405002452,SLI,51,45,10,728.0,7280.0
2021091405002451,SLI,51,49,10,728.0,7280.0
2021091405002449,SLI,51,45,10,728.0,7280.0
2021091405002444,SLI,51,45,10,728.0,7280.0
2021091405002442,SLI,51,45,10,728.0,7280.0
2021091405001968,SLI,47,33,10,728.0,7280.0
2021091405001967,SLI,47,38,10,728.0,7280.0
2021091405001966,SLI,47,14,10,728.0,7280.0
2021091405001962,SLI,47,14,10,728.0,7280.0
2021091405001961,SLI,47,14,10,728.0,7280.0
2021091405001973,SLI,47,35,10,728.0,7280.0
2021091405001972,SLI,47,49,10,728.0,7280.0
2021091405001970,SLI,47,14,10,728.0,7280.0
2021091405001980,SLI,47,38,10,728.0,7280.0
2021091405001985,SLI,47,14,10,728.0,7280.0
2021091405001983,SLI,47,33,10,728.0,7280.0
2021091405001999,SLI,47,20,10,728.0,7280.0
2021091405001997,SLI,47,18,10,728.0,7280.0
2021091405001995,SLI,47,20,10,728.0,7280.0
2021091405001989,SLI,47,33,10,728.0,7280.0
2021091405002006,SLI,47,38,10,728.0,7280.0
2021091405002004,SLI,47,20,10,728.0,7280.0
2021091405002002,SLI,47,20,10,728.0,7280.0
2021091405002012,SLI,47,38,10,728.0,7280.0
2021091405002011,SLI,47,38,10,728.0,7280.0
2021091405002009,SLI,47,38,10,728.0,7280.0
2021091405002008,SLI,47,6,10,728.0,7280.0
2021091405002021,SLI,47,38,10,728.0,7280.0
2021091405002018,SLI,47,38,10,728.0,7280.0
2021091405002016,SLI,47,38,10,728.0,7280.0
2021091405002014,SLI,47,35,10,728.0,7280.0
2021091405002029,SLI,47,25,10,728.0,7280.0
2021091405002028,SLI,47,49,10,728.0,7280.0
2021091405002027,SLI,47,25,10,728.0,7280.0
2021091405002025,SLI,47,1,10,728.0,7280.0
2021091405002024,SLI,47,25,10,728.0,7280.0
2021091405002022,SLI,47,25,10,728.0,7280.0
2021091405002037,SLI,10,25,10,728.0,7280.0
2021091405002036,SLI,10,58,10,728.0,7280.0
2021091405002031,SLI,10,25,10,728.0,7280.0
2021091405002044,SLI,10,26,10,728.0,7280.0
2021091405002043,SLI,10,56,10,728.0,7280.0
2021091405002042,SLI,10,26,10,728.0,7280.0
2021091405002040,SLI,10,56,10,728.0,7280.0
2021091405002038,SLI,10,49,10,728.0,7280.0
2021091405002049,SLI,10,51,10,728.0,7280.0
2021091405002048,SLI,10,56,10,728.0,7280.0
2021091405002047,SLI,10,34,10,728.0,7280.0
2021091405002046,SLI,10,56,10,728.0,7280.0
2021091405002045,SLI,10,56,10,728.0,7280.0
2021091405002069,SLI,10,47,10,728.0,7280.0
2021091405002066,SLI,10,7,10,728.0,7280.0
2021091405002063,SLI,10,7,10,728.0,7280.0
2021091405002055,SLI,10,18,10,728.0,7280.0
2021091405002077,SLI,10,52,10,728.0,7280.0
2021091405002076,SLI,10,7,10,728.0,7280.0
2021091405002074,SLI,10,7,10,728.0,7280.0
2021091405002073,SLI,10,28,10,728.0,7280.0
2021091405002071,SLI,10,25,10,728.0,7280.0
2021091405002070,SLI,10,7,10,728.0,7280.0
2021091405002087,SLI,10,21,10,728.0,7280.0
2021091405002081,SLI,10,42,10,728.0,7280.0
2021091405002079,SLI,10,52,10,728.0,7280.0
2021091405002078,SLI,10,48,10,728.0,7280.0
2021091405002098,SLI,10,37,10,728.0,7280.0
2021091405002097,SLI,10,56,10,728.0,7280.0
2021091405002093,SLI,10,49,10,728.0,7280.0
2021091405002088,SLI,10,21,10,728.0,7280.0
2021091405002106,SLI,10,7,10,728.0,7280.0
2021091405002103,SLI,10,58,10,728.0,7280.0
2021091405002119,SLI,10,16,10,728.0,7280.0
2021091405002115,SLI,10,7,10,728.0,7280.0
2021091405002112,SLI,10,7,10,728.0,7280.0
2021091405002128,SLI,10,42,10,728.0,7280.0
2021091405002124,SLI,10,7,10,728.0,7280.0
2021091405002122,SLI,10,16,10,728.0,7280.0
2021091405002120,SLI,10,39,10,728.0,7280.0
2021091405002138,SLI,10,16,10,728.0,7280.0
2021091405002137,SLI,10,39,10,728.0,7280.0
2021091405002135,SLI,10,16,10,728.0,7280.0
2021091405002130,SLI,10,16,10,728.0,7280.0
2021091405002148,SLI,10,16,10,728.0,7280.0
2021091405002146,SLI,10,39,10,728.0,7280.0
2021091405002145,SLI,10,58,10,728.0,7280.0
2021091405002144,SLI,10,41,10,728.0,7280.0
2021091405002143,SLI,10,16,10,728.0,7280.0
2021091405002155,SLI,10,58,10,728.0,7280.0
2021091405002154,SLI,10,41,10,728.0,7280.0
2021091405002152,SLI,10,16,10,728.0,7280.0
2021091405002159,SLI,10,57,10,728.0,7280.0
2021091405002172,SLI,10,45,10,728.0,7280.0
2021091405002171,SLI,10,58,10,728.0,7280.0
2021091405002170,SLI,10,14,10,728.0,7280.0
2021091405002166,SLI,10,58,10,728.0,7280.0
2021091405002164,SLI,10,22,10,728.0,7280.0
2021091405002178,SLI,10,39,10,728.0,7280.0
2021091405002177,SLI,10,38,10,728.0,7280.0
2021091405002176,SLI,10,48,10,728.0,7280.0
2021091405002174,SLI,10,39,10,728.0,7280.0
2021091405002173,SLI,10,38,10,728.0,7280.0
2021091405002186,SLI,10,26,10,728.0,7280.0
2021091405002183,SLI,10,38,10,728.0,7280.0
2021091405002182,SLI,10,38,10,728.0,7280.0
2021091405002180,SLI,10,32,10,728.0,7280.0
2021091405002193,SLI,10,38,10,728.0,7280.0
2021091405002190,SLI,10,6,10,728.0,7280.0
2021091405002189,SLI,10,38,10,728.0,7280.0
2021091405002188,SLI,10,41,10,728.0,7280.0
2021091405002187,SLI,10,33,10,728.0,7280.0
2021091405002204,SLI,10,38,10,728.0,7280.0
2021091405002203,SLI,10,21,10,728.0,7280.0
2021091405002202,SLI,10,40,10,728.0,7280.0
2021091405002201,SLI,10,38,10,728.0,7280.0
2021091405002196,SLI,10,21,10,728.0,7280.0
2021091405002207,SLI,10,36,10,728.0,7280.0
2021091405002206,SLI,10,38,10,728.0,7280.0
2021091405002226,SLI,10,49,10,728.0,7280.0
2021091405002224,SLI,10,41,10,728.0,7280.0
2021091405002221,SLI,10,21,10,728.0,7280.0
2021091405002220,SLI,10,32,10,728.0,7280.0
2021091405002219,SLI,10,42,10,728.0,7280.0
2021091405002237,SLI,10,21,10,728.0,7280.0
2021091405002231,SLI,10,49,10,728.0,7280.0
2021091405002227,SLI,10,36,10,728.0,7280.0
2021091405002245,SLI,10,10,10,728.0,7280.0
2021091405002243,SLI,10,10,10,728.0,7280.0
2021091405002241,SLI,10,41,10,728.0,7280.0
2021091405002240,SLI,10,10,10,728.0,7280.0
2021091405002239,SLI,10,4,10,728.0,7280.0
2021091405002253,SLI,10,22,10,728.0,7280.0
2021091405002252,SLI,10,10,10,728.0,7280.0
2021091405002251,SLI,10,10,10,728.0,7280.0
2021091405002250,SLI,10,49,10,728.0,7280.0
2021091405002249,SLI,10,10,10,728.0,7280.0
2021091405002261,SLI,10,41,10,728.0,7280.0
2021091405002273,SLI,8,48,10,728.0,7280.0
2021091405002271,SLI,10,16,10,728.0,7280.0
2021091405002269,SLI,10,16,10,728.0,7280.0
2021091405002286,SLI,8,58,10,728.0,7280.0
2021091405002283,SLI,8,29,10,728.0,7280.0
2021091405002279,SLI,8,41,10,728.0,7280.0
2021091405002277,SLI,8,42,10,728.0,7280.0
2021091405002305,SLI,8,58,10,728.0,7280.0
2021091405002303,SLI,8,41,10,728.0,7280.0
2021091405002293,SLI,8,41,10,728.0,7280.0
2021091405002287,SLI,8,49,10,728.0,7280.0
2021091405002320,SLI,8,58,10,728.0,7280.0
2021091405002315,SLI,8,19,10,728.0,7280.0
2021091405002308,SLI,8,32,10,728.0,7280.0
2021091405002330,SLI,8,41,10,728.0,7280.0
2021091405002328,SLI,8,45,10,728.0,7280.0
2021091405002326,SLI,8,29,10,728.0,7280.0
2021091405002322,SLI,8,21,10,728.0,7280.0
2021091405002321,SLI,8,41,10,728.0,7280.0
2021091405002344,SLI,8,3,10,728.0,7280.0
2021091405002342,SLI,8,3,10,728.0,7280.0
2021091405002336,SLI,8,41,10,728.0,7280.0
2021091405002332,SLI,8,25,10,728.0,7280.0
2021091405002350,SLI,8,49,10,728.0,7280.0
2021091405002348,SLI,8,3,10,728.0,7280.0
2021091405002347,SLI,8,29,10,728.0,7280.0
2021091405002346,SLI,8,32,10,728.0,7280.0
2021091405002361,SLI,8,41,10,728.0,7280.0
2021091405002358,SLI,8,36,10,728.0,7280.0
2021091405002353,SLI,8,3,10,728.0,7280.0
2021091405002370,SLI,8,49,10,728.0,7280.0
2021091405002369,SLI,8,42,10,728.0,7280.0
2021091405002368,SLI,8,41,10,728.0,7280.0
2021091405002366,SLI,8,49,10,728.0,7280.0
2021091405002363,SLI,8,1,10,728.0,7280.0
2021091405002378,SLI,8,1,10,728.0,7280.0
2021091405002374,SLI,8,10,10,728.0,7280.0
2021091405002373,SLI,8,32,10,728.0,7280.0
2021091405002371,SLI,8,58,10,728.0,7280.0
2021091405002389,SLI,8,7,10,728.0,7280.0
2021091405002387,SLI,8,7,10,728.0,7280.0
2021091405002386,SLI,8,1,10,728.0,7280.0
2021091405002385,SLI,8,32,10,728.0,7280.0
2021091405002382,SLI,8,17,10,728.0,7280.0
2021091405002399,SLI,8,1,10,728.0,7280.0
2021091405002394,SLI,8,41,10,728.0,7280.0
2021091405002393,SLI,8,7,10,728.0,7280.0
2021091405002408,SLI,8,41,10,728.0,7280.0
2021091405002407,SLI,8,7,10,728.0,7280.0
2021091405002401,SLI,8,3,10,728.0,7280.0
2021091405002400,SLI,8,7,10,728.0,7280.0
2021091405002417,SLI,51,7,10,728.0,7280.0
2021091405002413,SLI,8,7,10,728.0,7280.0
2021091405002425,SLI,51,45,10,728.0,7280.0
2021091405002424,SLI,51,45,10,728.0,7280.0
2021091405002423,SLI,51,41,10,728.0,7280.0
2021091405002422,SLI,51,57,10,728.0,7280.0
2021091405002420,SLI,51,7,10,728.0,7280.0
2021091405002419,SLI,51,7,10,728.0,7280.0
2021091405002441,SLI,51,45,10,728.0,7280.0
2021091405002440,SLI,51,45,10,728.0,7280.0
2021091405002430,SLI,51,57,10,728.0,7280.0
2021091405002429,SLI,51,45,10,728.0,7280.0
2021091405002428,SLI,51,49,10,728.0,7280.0
2021091405002426,SLI,51,7,10,728.0,7280.0
2021091405002456,ULI,14,26,10,704.0,7040.0
2021091405002455,ULI,41,34,20,705.0,14100.0
2021091405002454,ULI,14,7,10,704.0,7040.0
2021091405002453,ULI,14,58,10,704.0,7040.0
2021091405002448,ULI,14,29,30,704.0,21120.0
2021091405002447,ULI,14,29,40,704.0,28160.0
2021091405001957,ULI,4,53,10,709.0,7090.0
2021091405001965,ULI,4,7,10,709.0,7090.0
2021091405001964,ULI,4,58,10,709.0,7090.0
2021091405001963,ULI,4,16,10,709.0,7090.0
2021091405001960,ULI,4,42,10,709.0,7090.0
2021091405001959,ULI,4,17,10,709.0,7090.0
2021091405001958,ULI,4,58,10,709.0,7090.0
2021091405001996,ULI,36,34,10,709.0,7090.0
2021091405001994,ULI,36,4,10,709.0,7090.0
2021091405001993,ULI,4,38,10,709.0,7090.0
2021091405001992,ULI,4,33,10,709.0,7090.0
2021091405001979,ULI,4,6,10,709.0,7090.0
2021091405001971,ULI,4,32,10,709.0,7090.0
2021091405002026,ULI,36,22,10,709.0,7090.0
2021091405002023,ULI,36,56,10,709.0,7090.0
2021091405002020,ULI,36,49,10,709.0,7090.0
2021091405002019,ULI,36,17,10,709.0,7090.0
2021091405002005,ULI,36,6,10,709.0,7090.0
2021091405001998,ULI,36,17,10,709.0,7090.0
2021091405002052,ULI,19,45,10,708.5,7085.0
2021091405002051,ULI,3,22,10,708.4,7084.0
2021091405002050,ULI,3,13,10,708.4,7084.0
2021091405002039,ULI,3,25,10,708.4,7084.0
2021091405002034,ULI,36,34,10,709.0,7090.0
2021091405002033,ULI,36,22,10,709.0,7090.0
2021091405002061,ULI,58,38,10,709.0,7090.0
2021091405002060,ULI,58,8,10,708.5,7085.0
2021091405002059,ULI,21,21,10,708.5,7085.0
2021091405002058,ULI,8,38,10,708.3,7083.0
2021091405002057,ULI,8,56,10,708.3,7083.0
2021091405002053,ULI,19,57,10,708.5,7085.0
2021091405002075,ULI,8,35,10,708.3,7083.0
2021091405002072,ULI,8,52,10,708.3,7083.0
2021091405002067,ULI,8,18,10,708.3,7083.0
2021091405002065,ULI,8,3,10,708.3,7083.0
2021091405002064,ULI,8,38,10,708.3,7083.0
2021091405002062,ULI,58,21,10,709.0,7090.0
2021091405002094,ULI,43,6,10,708.3,7083.0
2021091405002092,ULI,43,58,10,708.3,7083.0
2021091405002091,ULI,43,46,10,708.3,7083.0
2021091405002086,ULI,8,58,10,708.3,7083.0
2021091405002085,ULI,8,3,10,708.3,7083.0
2021091405002084,ULI,8,42,10,708.3,7083.0
2021091405002105,ULI,45,49,10,709.0,7090.0
2021091405002104,ULI,45,41,10,709.0,7090.0
2021091405002102,ULI,43,38,10,708.3,7083.0
2021091405002101,ULI,43,34,10,708.3,7083.0
2021091405002096,ULI,43,8,10,708.3,7083.0
2021091405002095,ULI,43,58,10,708.3,7083.0
2021091405002121,ULI,43,58,10,708.3,7083.0
2021091405002117,ULI,43,59,10,708.3,7083.0
2021091405002113,ULI,43,54,10,708.3,7083.0
2021091405002110,ULI,45,28,10,709.0,7090.0
2021091405002108,ULI,45,7,10,709.0,7090.0
2021091405002107,ULI,45,21,10,709.0,7090.0
2021091405002133,ULI,41,56,10,708.0,7080.0
2021091405002132,ULI,51,56,10,708.0,7080.0
2021091405002131,ULI,51,49,10,708.0,7080.0
2021091405002129,ULI,44,56,10,708.0,7080.0
2021091405002126,ULI,57,56,10,708.2,7082.0
2021091405002123,ULI,57,58,10,708.2,7082.0
2021091405002161,ULI,22,25,10,708.0,7080.0
2021091405002153,ULI,22,6,10,708.0,7080.0
2021091405002142,ULI,22,42,10,708.0,7080.0
2021091405002140,ULI,22,38,10,708.0,7080.0
2021091405002139,ULI,22,48,10,708.0,7080.0
2021091405002136,ULI,22,25,10,708.0,7080.0
2021091405002184,ULI,21,36,10,707.1,7071.0
2021091405002175,ULI,59,21,10,708.0,7080.0
2021091405002168,ULI,22,26,10,708.0,7080.0
2021091405002167,ULI,22,51,10,708.0,7080.0
2021091405002165,ULI,22,41,10,708.0,7080.0
2021091405002162,ULI,22,26,10,708.0,7080.0
2021091405002200,ULI,42,52,10,707.0,7070.0
2021091405002199,ULI,42,7,10,707.0,7070.0
2021091405002197,ULI,42,50,10,707.0,7070.0
2021091405002195,ULI,14,36,10,707.0,7070.0
2021091405002192,ULI,43,40,10,707.1,7071.0
2021091405002191,ULI,21,33,10,707.1,7071.0
2021091405002215,ULI,58,44,10,707.0,7070.0
2021091405002214,ULI,41,38,10,707.0,7070.0
2021091405002213,ULI,41,40,10,707.0,7070.0
2021091405002210,ULI,52,40,10,707.0,7070.0
2021091405002209,ULI,42,58,10,707.0,7070.0
2021091405002208,ULI,42,42,10,707.0,7070.0
2021091405002233,ULI,58,42,10,707.0,7070.0
2021091405002229,ULI,58,7,10,707.0,7070.0
2021091405002225,ULI,58,58,10,707.0,7070.0
2021091405002223,ULI,58,6,10,707.0,7070.0
2021091405002218,ULI,58,53,10,707.0,7070.0
2021091405002217,ULI,58,36,10,707.0,7070.0
2021091405002247,ULI,58,49,10,707.0,7070.0
2021091405002242,ULI,58,17,10,707.0,7070.0
2021091405002238,ULI,58,38,10,707.0,7070.0
2021091405002236,ULI,58,37,10,707.0,7070.0
2021091405002235,ULI,58,38,10,707.0,7070.0
2021091405002234,ULI,58,42,10,707.0,7070.0
2021091405002265,ULI,57,16,10,707.0,7070.0
2021091405002264,ULI,57,17,10,707.0,7070.0
2021091405002260,ULI,57,50,10,707.0,7070.0
2021091405002256,ULI,58,57,10,707.0,7070.0
2021091405002254,ULI,58,36,10,707.1,7071.0
2021091405002248,ULI,58,26,10,707.0,7070.0
2021091405002280,ULI,22,42,10,707.0,7070.0
2021091405002275,ULI,34,42,10,707.0,7070.0
2021091405002272,ULI,34,42,10,707.0,7070.0
2021091405002268,ULI,34,36,80,707.0,56560.0
2021091405002267,ULI,57,36,10,707.0,7070.0
2021091405002266,ULI,57,33,10,707.0,7070.0
2021091405002289,ULI,22,42,10,707.0,7070.0
2021091405002288,ULI,22,46,10,707.0,7070.0
2021091405002285,ULI,22,40,10,707.0,7070.0
2021091405002284,ULI,22,38,10,707.0,7070.0
2021091405002282,ULI,22,21,10,707.0,7070.0
2021091405002281,ULI,22,26,10,707.0,7070.0
2021091405002296,ULI,57,58,10,707.5,7075.0
2021091405002295,ULI,57,58,10,707.5,7075.0
2021091405002294,ULI,6,52,10,707.0,7070.0
2021091405002292,ULI,22,49,10,707.0,7070.0
2021091405002291,ULI,22,58,10,707.0,7070.0
2021091405002290,ULI,22,35,10,707.0,7070.0
2021091405002306,ULI,46,44,10,707.1,7071.0
2021091405002304,ULI,46,47,10,707.1,7071.0
2021091405002300,ULI,6,38,10,707.0,7070.0
2021091405002299,ULI,57,44,10,708.0,7080.0
2021091405002298,ULI,57,44,10,708.0,7080.0
2021091405002297,ULI,57,33,10,708.0,7080.0
2021091405002314,ULI,32,35,10,708.0,7080.0
2021091405002313,ULI,32,58,10,708.0,7080.0
2021091405002312,ULI,32,5,10,708.0,7080.0
2021091405002311,ULI,32,32,10,708.0,7080.0
2021091405002310,ULI,32,51,10,708.0,7080.0
2021091405002307,ULI,46,47,10,707.1,7071.0
2021091405002327,ULI,45,51,10,709.0,7090.0
2021091405002325,ULI,45,42,10,709.0,7090.0
2021091405002324,ULI,45,49,10,708.0,7080.0
2021091405002323,ULI,36,48,10,707.0,7070.0
2021091405002319,ULI,36,4,10,707.0,7070.0
2021091405002317,ULI,36,21,10,707.0,7070.0
2021091405002338,ULI,36,57,19,707.0,13433.0
2021091405002337,ULI,36,6,10,707.0,7070.0
2021091405002335,ULI,21,57,61,709.0,43249.0
2021091405002334,ULI,21,58,10,709.0,7090.0
2021091405002333,ULI,45,48,10,709.0,7090.0
2021091405002331,ULI,45,8,10,709.0,7090.0
2021091405002356,ULI,43,41,10,706.1,7061.0
2021091405002354,ULI,43,40,10,706.1,7061.0
2021091405002352,ULI,42,41,10,706.2,7062.0
2021091405002349,ULI,42,32,10,706.2,7062.0
2021091405002343,ULI,36,57,30,707.0,21210.0
2021091405002341,ULI,36,40,10,707.0,7070.0
2021091405002375,ULI,28,32,10,706.0,7060.0
2021091405002372,ULI,20,37,10,706.0,7060.0
2021091405002365,ULI,20,41,10,706.0,7060.0
2021091405002364,ULI,20,35,10,706.0,7060.0
2021091405002360,ULI,20,21,10,706.0,7060.0
2021091405002357,ULI,20,44,10,706.0,7060.0
2021091405002390,ULI,44,26,15,706.0,10590.0
2021091405002388,ULI,43,38,10,705.1,7051.0
2021091405002383,ULI,28,26,10,706.0,7060.0
2021091405002381,ULI,28,26,10,706.0,7060.0
2021091405002379,ULI,28,49,10,706.0,7060.0
2021091405002376,ULI,28,41,10,706.0,7060.0
2021091405002405,ULI,8,35,10,705.0,7050.0
2021091405002404,ULI,43,45,10,705.1,7051.0
2021091405002403,ULI,43,49,10,705.1,7051.0
2021091405002397,ULI,43,42,10,705.1,7051.0
2021091405002396,ULI,43,8,10,705.1,7051.0
2021091405002391,ULI,43,58,10,705.1,7051.0
2021091405002427,ULI,34,35,10,705.0,7050.0
2021091405002421,ULI,55,42,10,705.0,7050.0
2021091405002418,ULI,4,44,10,705.0,7050.0
2021091405002416,ULI,4,26,15,705.0,10575.0
2021091405002414,ULI,4,49,10,705.0,7050.0
2021091405002410,ULI,4,58,10,705.0,7050.0
2021091405002436,ULI,57,26,50,705.0,35250.0
2021091405002435,ULI,29,26,10,705.0,7050.0
2021091405002434,ULI,49,26,50,705.0,35250.0
2021091405002433,ULI,38,26,100,705.0,70500.0
2021091405002432,ULI,14,26,10,705.0,7050.0
2021091405002431,ULI,34,26,10,705.0,7050.0
2021091405002446,ULI,42,29,10,704.1,7041.0
2021091405002445,ULI,14,29,20,704.2,14084.0
2021091405002443,ULI,14,41,10,705.0,7050.0
2021091405002439,ULI,34,26,50,705.0,35250.0
2021091405002438,ULI,59,26,10,705.0,7050.0
2021091405002437,ULI,53,26,300,705.0,211500.0
2021091405001462,JBLB,33,45,10,4600.0,46000.0
2021091405001459,JBLB,6,35,10,4601.0,46010.0
2021091405001467,JBLB,33,29,10,4600.0,46000.0
2021091405001466,JBLB,33,34,30,4600.0,138000.0
2021091405001465,JBLB,29,34,10,4605.0,46050.0
2021091405001464,JBLB,29,34,10,4605.0,46050.0
2021091405001463,JBLB,33,21,10,4600.0,46000.0
2021091405001479,JBLB,57,1,10,4601.0,46010.0
2021091405001476,JBLB,29,52,10,4605.0,46050.0
2021091405001470,JBLB,33,29,10,4600.0,46000.0
2021091405001487,JBLB,57,38,10,4602.1,46021.0
2021091405001492,JBLB,17,18,10,4610.0,46100.0
2021091405001490,JBLB,16,42,10,4610.0,46100.0
2021091405001489,JBLB,57,22,10,4602.1,46021.0
2021091405001496,JBLB,38,21,10,4602.1,46021.0
2021091405001512,JBLB,35,29,10,4603.0,46030.0
2021091405001506,JBLB,57,58,10,4610.0,46100.0
2021091405001524,JBLB,48,34,40,4602.0,184080.0
2021091405001520,JBLB,48,45,10,4602.0,46020.0
2021091405001518,JBLB,48,8,10,4602.0,46020.0
2021091405001516,JBLB,48,59,10,4602.0,46020.0
2021091405001539,JBLB,1,19,10,4601.0,46010.0
2021091405001528,JBLB,1,57,10,4601.0,46010.0
2021091405001526,JBLB,53,34,20,4602.0,92040.0
2021091405001525,JBLB,48,34,20,4602.0,92040.0
2021091405001555,JBLB,58,34,10,4602.0,46020.0
2021091405001550,JBLB,49,49,10,4602.0,46020.0
2021091405001546,JBLB,1,59,10,4601.0,46010.0
2021091405001545,JBLB,1,13,10,4601.0,46010.0
2021091405001543,JBLB,16,10,10,4601.1,46011.0
2021091405001614,JBLB,58,35,10,4602.0,46020.0
2021091405001565,JBLB,52,34,10,4602.0,46020.0
2021091405001564,JBLB,55,36,10,4601.1,46011.0
2021091405001624,JBLB,38,36,10,4601.2,46012.0
2021091405001620,JBLB,38,38,10,4601.2,46012.0
2021091405001631,JBLB,5,47,10,4601.4,46014.0
2021091405001626,JBLB,55,38,10,4601.1,46011.0
2021091405001640,JBLB,59,38,10,4602.0,46020.0
2021091405001639,JBLB,59,36,10,4608.0,46080.0
2021091405001638,JBLB,59,13,10,4608.0,46080.0
2021091405001634,JBLB,21,41,10,4601.2,46012.0
2021091405001646,JBLB,55,42,60,4601.1,276066.0
2021091405001645,JBLB,5,42,10,4601.2,46012.0
2021091405001644,JBLB,20,42,50,4601.2,230060.0
2021091405001641,JBLB,48,52,10,4601.4,46014.0
2021091405001652,JBLB,21,42,10,4600.0,46000.0
2021091405001651,JBLB,26,42,20,4600.0,92000.0
2021091405001650,JBLB,44,42,100,4600.1,460010.0
2021091405001649,JBLB,51,42,20,4601.0,92020.0
2021091405001648,JBLB,1,42,20,4601.0,92020.0
2021091405001647,JBLB,1,42,10,4601.0,46010.0
2021091405001655,JBLB,48,42,50,4600.0,230000.0
2021091405001654,JBLB,53,42,10,4600.0,46000.0
2021091405001653,JBLB,49,42,10,4600.0,46000.0
2021091405001662,JBLB,35,49,10,4600.0,46000.0
2021091405001660,JBLB,20,56,10,4600.0,46000.0
2021091405001671,JBLB,45,32,10,4600.0,46000.0
2021091405001680,JBLB,45,17,10,4600.0,46000.0
2021091405001676,JBLB,45,7,10,4600.0,46000.0
2021091405001683,JBLB,21,56,10,4602.0,46020.0
2021091405001701,JBLB,45,45,10,4602.0,46020.0
2021091405001700,JBLB,11,45,10,4602.0,46020.0
2021091405001706,JBLB,42,34,10,4600.0,46000.0
2021091405001705,JBLB,45,34,20,4600.0,92000.0
2021091405001704,JBLB,57,34,10,4602.0,46020.0
2021091405001703,JBLB,21,34,10,4603.0,46030.0
2021091405001714,JBLB,21,59,10,4600.0,46000.0
2021091405001728,JBLB,48,58,10,4600.0,46000.0
2021091405001727,JBLB,48,45,10,4600.0,46000.0
2021091405001737,JBLB,42,5,10,4609.0,46090.0
2021091405001733,JBLB,40,58,10,4600.0,46000.0
2021091405001729,JBLB,48,22,10,4600.0,46000.0
2021091405001745,JBLB,32,49,10,4600.0,46000.0
2021091405001739,JBLB,32,51,10,4600.0,46000.0
2021091405001738,JBLB,32,1,10,4600.0,46000.0
2021091405001756,JBLB,6,25,10,4601.0,46010.0
2021091405001755,JBLB,45,45,10,4609.5,46095.0
2021091405001752,JBLB,6,46,10,4601.0,46010.0
2021091405001762,JBLB,41,36,10,4610.0,46100.0
2021091405001761,JBLB,41,51,10,4610.0,46100.0
2021091405001758,JBLB,6,58,10,4601.0,46010.0
2021091405001770,JBLB,42,58,10,4610.0,46100.0
2021091405001764,JBLB,6,42,10,4601.0,46010.0
2021091405001779,JBLB,6,22,10,4602.0,46020.0
2021091405001778,JBLB,6,45,10,4602.0,46020.0
2021091405001777,JBLB,22,45,10,4609.5,46095.0
2021091405001790,JBLB,33,48,10,4605.0,46050.0
2021091405001804,JBLB,44,49,10,4610.0,46100.0
2021091405001803,JBLB,44,44,10,4610.0,46100.0
2021091405001802,JBLB,44,44,10,4610.0,46100.0
2021091405001801,JBLB,44,49,10,4610.0,46100.0
2021091405001793,JBLB,33,49,10,4605.0,46050.0
2021091405001814,JBLB,36,28,10,4605.0,46050.0
2021091405001813,JBLB,36,42,10,4605.0,46050.0
2021091405001805,JBLB,44,53,10,4610.0,46100.0
2021091405001826,JBLB,53,41,10,4610.0,46100.0
2021091405001822,JBLB,16,14,10,4602.0,46020.0
2021091405001832,JBLB,16,54,10,4602.0,46020.0
2021091405001828,JBLB,53,43,10,4610.0,46100.0
2021091405001840,JBLB,56,35,30,4601.0,138030.0
2021091405001839,JBLB,22,35,10,4601.0,46010.0
2021091405001838,JBLB,6,35,10,4601.0,46010.0
2021091405001837,JBLB,44,35,42,4602.0,193284.0
2021091405001836,JBLB,59,35,10,4602.0,46020.0
2021091405001835,JBLB,16,35,30,4602.0,138060.0
2021091405001846,JBLB,36,35,50,4600.0,230000.0
2021091405001845,JBLB,1,35,10,4600.0,46000.0
2021091405001844,JBLB,33,35,55,4600.0,253000.0
2021091405001843,JBLB,45,35,20,4600.0,92000.0
2021091405001842,JBLB,50,35,30,4600.0,138000.0
2021091405001841,JBLB,17,35,10,4601.0,46010.0
2021091405001852,JBLB,1,35,90,4600.0,414000.0
2021091405001849,JBLB,58,35,10,4600.0,46000.0
2021091405001848,JBLB,25,35,10,4600.0,46000.0
2021091405001847,JBLB,53,35,50,4600.0,230000.0
2021091405001859,JBLB,1,35,33,4600.0,151800.0
2021091405001854,JBLB,58,8,10,4599.0,45990.0
2021091405001873,JBLB,28,38,10,4598.0,45980.0
2021091405001870,JBLB,28,58,10,4598.0,45980.0
2021091405001869,JBLB,28,36,10,4598.0,45980.0
2021091405001868,JBLB,38,58,10,4599.0,45990.0
2021091405001878,JBLB,17,34,10,4602.0,46020.0
2021091405001887,JBLB,28,58,10,4598.0,45980.0
2021091405001886,JBLB,17,52,10,4603.0,46030.0
2021091405001896,JBLB,3,13,10,4600.0,46000.0
2021091405001890,JBLB,41,3,10,4602.0,46020.0
2021091405001914,JBLB,28,59,10,4598.0,45980.0
2021091405001925,JBLB,17,49,20,4595.0,91900.0
2021091405001924,JBLB,34,59,10,4598.0,45980.0
2021091405001923,JBLB,42,13,10,4600.0,46000.0
2021091405001922,JBLB,57,13,20,4600.0,92000.0
2021091405001933,JBLB,58,38,10,4595.0,45950.0
2021091405001927,JBLB,17,42,10,4595.0,45950.0
2021091405001926,JBLB,17,53,20,4595.0,91900.0
2021091405001945,JBLB,19,50,20,4591.0,91820.0
2021091405001799,MKLB,57,40,10,755.9,7559.0
2021091405001754,MKLB,57,58,10,755.9,7559.0
2021091405001955,SLI,47,52,10,728.0,7280.0
2021091405001954,SLI,47,58,10,728.0,7280.0
2021091405001952,SLI,47,28,10,728.0,7280.0
2021091405001951,SLI,47,52,10,728.0,7280.0
2021091405001950,SLI,47,28,10,728.0,7280.0
2021091405001949,SLI,47,14,10,728.0,7280.0
2021091405001460,SLI,47,45,10,728.0,7280.0
2021091405001457,SLI,47,11,10,728.0,7280.0
2021091405001468,SLI,47,45,10,728.0,7280.0
2021091405001480,SLI,47,54,10,728.0,7280.0
2021091405001478,SLI,47,45,10,728.0,7280.0
2021091405001477,SLI,47,41,10,728.0,7280.0
2021091405001488,SLI,47,41,10,728.0,7280.0
2021091405001486,SLI,47,21,10,728.0,7280.0
2021091405001485,SLI,47,54,10,728.0,7280.0
2021091405001484,SLI,47,41,10,728.0,7280.0
2021091405001482,SLI,47,41,10,728.0,7280.0
2021091405001494,SLI,47,58,10,728.0,7280.0
2021091405001493,SLI,47,58,10,728.0,7280.0
2021091405001491,SLI,47,50,10,728.0,7280.0
2021091405001505,SLI,47,45,10,728.0,7280.0
2021091405001503,SLI,47,52,10,728.0,7280.0
2021091405001500,SLI,47,43,10,728.0,7280.0
2021091405001498,SLI,47,45,10,728.0,7280.0
2021091405001497,SLI,47,45,10,728.0,7280.0
2021091405001513,SLI,47,43,10,728.0,7280.0
2021091405001511,SLI,47,43,10,728.0,7280.0
2021091405001510,SLI,47,45,10,728.0,7280.0
2021091405001508,SLI,47,45,10,728.0,7280.0
2021091405001522,SLI,47,45,10,728.0,7280.0
2021091405001519,SLI,47,57,10,728.0,7280.0
2021091405001542,SLI,47,57,10,728.0,7280.0
2021091405001540,SLI,47,57,10,728.0,7280.0
2021091405001552,SLI,47,26,10,728.0,7280.0
2021091405001612,SLI,47,36,10,728.0,7280.0
2021091405001561,SLI,47,17,10,728.0,7280.0
2021091405001556,SLI,47,49,10,728.0,7280.0
2021091405001622,SLI,47,36,10,728.0,7280.0
2021091405001618,SLI,47,36,10,728.0,7280.0
2021091405001617,SLI,47,56,10,728.0,7280.0
2021091405001615,SLI,47,40,10,728.0,7280.0
2021091405001632,SLI,47,29,10,728.0,7280.0
2021091405001630,SLI,47,7,10,728.0,7280.0
2021091405001629,SLI,47,28,10,728.0,7280.0
2021091405001625,SLI,47,35,10,728.0,7280.0
2021091405001637,SLI,47,28,10,728.0,7280.0
2021091405001635,SLI,47,13,10,728.0,7280.0
2021091405001643,SLI,47,28,10,728.0,7280.0
2021091405001642,SLI,47,28,10,728.0,7280.0
2021091405001658,SLI,47,28,10,728.0,7280.0
2021091405001657,SLI,47,39,10,728.0,7280.0
2021091405001656,SLI,47,28,10,728.0,7280.0
2021091405001664,SLI,47,6,10,728.0,7280.0
2021091405001663,SLI,47,28,10,728.0,7280.0
2021091405001661,SLI,47,56,10,728.0,7280.0
2021091405001659,SLI,47,33,10,728.0,7280.0
2021091405001675,SLI,47,33,10,728.0,7280.0
2021091405001674,SLI,47,21,10,728.0,7280.0
2021091405001672,SLI,47,29,10,728.0,7280.0
2021091405001668,SLI,47,28,10,728.0,7280.0
2021091405001667,SLI,47,52,10,728.0,7280.0
2021091405001681,SLI,47,28,10,728.0,7280.0
2021091405001679,SLI,47,28,10,728.0,7280.0
2021091405001678,SLI,47,56,10,728.0,7280.0
2021091405001677,SLI,47,33,10,728.0,7280.0
2021091405001687,SLI,47,28,10,728.0,7280.0
2021091405001686,SLI,47,7,10,728.0,7280.0
2021091405001685,SLI,47,28,10,728.0,7280.0
2021091405001684,SLI,47,49,10,728.0,7280.0
2021091405001682,SLI,47,28,10,728.0,7280.0
2021091405001694,SLI,47,28,10,728.0,7280.0
2021091405001693,SLI,47,8,10,728.0,7280.0
2021091405001692,SLI,47,28,10,728.0,7280.0
2021091405001691,SLI,47,21,10,728.0,7280.0
2021091405001690,SLI,47,8,10,728.0,7280.0
2021091405001689,SLI,47,28,10,728.0,7280.0
2021091405001702,SLI,47,28,10,728.0,7280.0
2021091405001699,SLI,38,38,5,728.0,3640.0
2021091405001697,SLI,47,44,10,728.0,7280.0
2021091405001696,SLI,47,28,10,728.0,7280.0
2021091405001711,SLI,47,34,10,728.0,7280.0
2021091405001709,SLI,47,57,10,728.0,7280.0
2021091405001721,SLI,47,40,10,728.0,7280.0
2021091405001720,SLI,47,42,10,728.0,7280.0
2021091405001717,SLI,47,33,10,728.0,7280.0
2021091405001715,SLI,47,28,10,728.0,7280.0
2021091405001712,SLI,47,38,10,728.0,7280.0
2021091405001726,SLI,47,42,10,728.0,7280.0
2021091405001725,SLI,47,58,10,728.0,7280.0
2021091405001724,SLI,47,41,10,728.0,7280.0
2021091405001723,SLI,47,45,10,728.0,7280.0
2021091405001736,SLI,47,42,10,728.0,7280.0
2021091405001735,SLI,47,33,10,728.0,7280.0
2021091405001731,SLI,47,58,10,728.0,7280.0
2021091405001747,SLI,47,29,10,728.0,7280.0
2021091405001743,SLI,47,42,10,728.0,7280.0
2021091405001741,SLI,47,58,10,728.0,7280.0
2021091405001757,SLI,47,47,10,728.0,7280.0
2021091405001753,SLI,47,58,10,728.0,7280.0
2021091405001748,SLI,47,42,10,728.0,7280.0
2021091405001763,SLI,47,58,10,728.0,7280.0
2021091405001760,SLI,47,59,10,728.0,7280.0
2021091405001759,SLI,47,51,10,728.0,7280.0
2021091405001774,SLI,47,41,10,728.0,7280.0
2021091405001771,SLI,47,41,10,728.0,7280.0
2021091405001769,SLI,47,35,10,728.0,7280.0
2021091405001768,SLI,47,57,10,728.0,7280.0
2021091405001782,SLI,47,22,10,728.0,7280.0
2021091405001780,SLI,47,1,10,728.0,7280.0
2021091405001776,SLI,47,41,10,728.0,7280.0
2021091405001792,SLI,47,52,10,728.0,7280.0
2021091405001791,SLI,47,7,10,728.0,7280.0
2021091405001789,SLI,47,52,10,728.0,7280.0
2021091405001787,SLI,47,52,10,728.0,7280.0
2021091405001783,SLI,47,52,10,728.0,7280.0
2021091405001796,SLI,47,52,10,728.0,7280.0
2021091405001815,SLI,47,35,10,728.0,7280.0
2021091405001808,SLI,47,52,10,728.0,7280.0
2021091405001807,SLI,47,16,10,728.0,7280.0
2021091405001827,SLI,47,52,10,728.0,7280.0
2021091405001825,SLI,47,8,10,728.0,7280.0
2021091405001824,SLI,47,52,10,728.0,7280.0
2021091405001816,SLI,47,17,10,728.0,7280.0
2021091405001834,SLI,47,42,10,728.0,7280.0
2021091405001833,SLI,47,28,10,728.0,7280.0
2021091405001831,SLI,47,52,10,728.0,7280.0
2021091405001829,SLI,47,52,10,728.0,7280.0
2021091405001853,SLI,47,52,10,728.0,7280.0
2021091405001850,SLI,47,19,10,728.0,7280.0
2021091405001860,SLI,47,52,10,728.0,7280.0
2021091405001858,SLI,47,28,10,728.0,7280.0
2021091405001856,SLI,47,52,10,728.0,7280.0
2021091405001855,SLI,47,19,10,728.0,7280.0
2021091405001867,SLI,47,28,10,728.0,7280.0
2021091405001866,SLI,47,28,10,728.0,7280.0
2021091405001865,SLI,47,45,10,728.0,7280.0
2021091405001864,SLI,47,52,10,728.0,7280.0
2021091405001863,SLI,47,52,10,728.0,7280.0
2021091405001861,SLI,47,42,10,728.0,7280.0
2021091405001872,SLI,47,21,10,728.0,7280.0
2021091405001871,SLI,47,28,10,728.0,7280.0
2021091405001883,SLI,47,53,10,728.0,7280.0
2021091405001879,SLI,47,28,10,728.0,7280.0
2021091405001876,SLI,47,52,10,728.0,7280.0
2021091405001875,SLI,47,28,10,728.0,7280.0
2021091405001874,SLI,47,21,10,728.0,7280.0
2021091405001889,SLI,47,6,10,728.0,7280.0
2021091405001888,SLI,47,53,10,728.0,7280.0
2021091405001885,SLI,47,20,10,728.0,7280.0
2021091405001884,SLI,47,28,10,728.0,7280.0
2021091405001898,SLI,47,28,10,728.0,7280.0
2021091405001894,SLI,47,52,10,728.0,7280.0
2021091405001893,SLI,47,18,10,728.0,7280.0
2021091405001891,SLI,47,28,10,728.0,7280.0
2021091405001908,SLI,47,29,10,728.0,7280.0
2021091405001907,SLI,47,52,10,728.0,7280.0
2021091405001905,SLI,47,28,10,728.0,7280.0
2021091405001904,SLI,47,51,10,728.0,7280.0
2021091405001903,SLI,47,28,10,728.0,7280.0
2021091405001900,SLI,47,33,10,728.0,7280.0
2021091405001918,SLI,47,56,10,728.0,7280.0
2021091405001916,SLI,47,32,10,728.0,7280.0
2021091405001915,SLI,47,28,10,728.0,7280.0
2021091405001911,SLI,47,21,10,728.0,7280.0
2021091405001910,SLI,47,8,10,728.0,7280.0
2021091405001921,SLI,47,28,10,728.0,7280.0
2021091405001919,SLI,47,52,10,728.0,7280.0
2021091405001932,SLI,47,52,10,728.0,7280.0
2021091405001931,SLI,47,29,10,728.0,7280.0
2021091405001928,SLI,47,53,10,728.0,7280.0
2021091405001939,SLI,47,28,10,728.0,7280.0
2021091405001938,SLI,47,39,10,728.0,7280.0
2021091405001937,SLI,47,14,10,728.0,7280.0
2021091405001936,SLI,47,38,10,728.0,7280.0
2021091405001935,SLI,47,28,10,728.0,7280.0
2021091405001934,SLI,47,14,10,728.0,7280.0
2021091405001947,SLI,47,25,10,728.0,7280.0
2021091405001944,SLI,47,28,10,728.0,7280.0
2021091405001943,SLI,47,14,10,728.0,7280.0
2021091405001942,SLI,47,25,10,728.0,7280.0
2021091405001940,SLI,47,14,10,728.0,7280.0
2021091405001956,ULI,4,56,90,709.0,63810.0
2021091405001953,ULI,57,38,10,708.2,7082.0
2021091405001948,ULI,57,58,10,708.2,7082.0
2021091405001946,ULI,57,43,10,708.2,7082.0
2021091405001941,ULI,57,8,10,708.2,7082.0
2021091405001930,ULI,22,56,20,709.0,14180.0
2021091405001461,ULI,6,45,10,708.0,7080.0
2021091405001458,ULI,6,21,10,708.0,7080.0
2021091405001475,ULI,8,45,10,708.1,7081.0
2021091405001474,ULI,8,21,35,708.1,24783.5
2021091405001473,ULI,6,55,10,708.0,7080.0
2021091405001472,ULI,6,57,10,708.0,7080.0
2021091405001471,ULI,6,45,10,708.0,7080.0
2021091405001469,ULI,6,45,10,708.0,7080.0
2021091405001502,ULI,6,45,10,708.0,7080.0
2021091405001501,ULI,6,13,10,708.0,7080.0
2021091405001499,ULI,6,1,10,708.0,7080.0
2021091405001495,ULI,6,45,10,708.0,7080.0
2021091405001483,ULI,6,21,10,708.0,7080.0
2021091405001481,ULI,6,41,10,708.0,7080.0
2021091405001517,ULI,6,57,10,708.0,7080.0
2021091405001515,ULI,6,57,10,708.0,7080.0
2021091405001514,ULI,6,45,10,708.0,7080.0
2021091405001509,ULI,49,49,10,709.0,7090.0
2021091405001507,ULI,6,34,10,708.0,7080.0
2021091405001504,ULI,6,45,10,708.0,7080.0
2021091405001531,ULI,6,26,10,708.0,7080.0
2021091405001530,ULI,6,45,10,708.0,7080.0
2021091405001529,ULI,6,41,10,708.0,7080.0
2021091405001527,ULI,6,45,10,708.0,7080.0
2021091405001523,ULI,6,53,10,708.0,7080.0
2021091405001521,ULI,6,45,10,708.0,7080.0
2021091405001537,ULI,6,49,10,708.0,7080.0
2021091405001536,ULI,6,14,10,708.0,7080.0
2021091405001535,ULI,6,45,10,708.0,7080.0
2021091405001534,ULI,6,57,10,708.0,7080.0
2021091405001533,ULI,6,38,10,708.0,7080.0
2021091405001532,ULI,6,59,10,708.0,7080.0
2021091405001549,ULI,19,49,10,708.0,7080.0
2021091405001548,ULI,51,57,10,708.0,7080.0
2021091405001547,ULI,6,36,10,708.0,7080.0
2021091405001544,ULI,6,17,10,708.0,7080.0
2021091405001541,ULI,6,17,10,708.0,7080.0
2021091405001538,ULI,6,57,10,708.0,7080.0
2021091405001559,ULI,19,42,10,708.0,7080.0
2021091405001558,ULI,19,17,10,708.0,7080.0
2021091405001557,ULI,19,41,10,708.0,7080.0
2021091405001554,ULI,19,58,10,708.0,7080.0
2021091405001553,ULI,19,57,10,708.0,7080.0
2021091405001551,ULI,19,36,10,708.0,7080.0
2021091405001568,ULI,54,39,10,709.0,7090.0
2021091405001567,ULI,54,58,10,709.0,7090.0
2021091405001566,ULI,54,58,10,709.0,7090.0
2021091405001563,ULI,19,57,10,708.0,7080.0
2021091405001562,ULI,19,49,10,708.0,7080.0
2021091405001560,ULI,19,8,10,708.0,7080.0
2021091405001574,ULI,54,11,10,709.1,7091.0
2021091405001573,ULI,54,36,10,709.0,7090.0
2021091405001572,ULI,54,28,10,709.0,7090.0
2021091405001571,ULI,54,51,10,709.0,7090.0
2021091405001570,ULI,54,28,10,709.0,7090.0
2021091405001569,ULI,54,21,10,709.0,7090.0
2021091405001580,ULI,54,11,10,709.1,7091.0
2021091405001579,ULI,54,11,10,709.1,7091.0
2021091405001578,ULI,54,11,10,709.1,7091.0
2021091405001577,ULI,54,11,10,709.1,7091.0
2021091405001576,ULI,54,11,10,709.1,7091.0
2021091405001575,ULI,54,11,10,709.1,7091.0
2021091405001586,ULI,54,40,10,710.0,7100.0
2021091405001585,ULI,54,38,10,710.0,7100.0
2021091405001584,ULI,54,18,10,710.0,7100.0
2021091405001583,ULI,54,11,10,709.1,7091.0
2021091405001582,ULI,54,11,10,709.1,7091.0
2021091405001581,ULI,54,11,10,709.1,7091.0
2021091405001592,ULI,54,3,10,710.0,7100.0
2021091405001591,ULI,54,7,10,710.0,7100.0
2021091405001590,ULI,54,4,10,710.0,7100.0
2021091405001589,ULI,54,49,10,710.0,7100.0
2021091405001588,ULI,54,32,10,710.0,7100.0
2021091405001587,ULI,54,46,10,710.0,7100.0
2021091405001598,ULI,54,17,10,710.0,7100.0
2021091405001597,ULI,54,40,10,710.0,7100.0
2021091405001596,ULI,54,55,10,710.0,7100.0
2021091405001595,ULI,54,7,10,710.0,7100.0
2021091405001594,ULI,54,13,10,710.0,7100.0
2021091405001593,ULI,54,52,10,710.0,7100.0
2021091405001604,ULI,54,44,10,710.0,7100.0
2021091405001603,ULI,54,47,10,710.0,7100.0
2021091405001602,ULI,54,8,10,710.0,7100.0
2021091405001601,ULI,54,49,10,710.0,7100.0
2021091405001600,ULI,54,57,10,710.0,7100.0
2021091405001599,ULI,54,38,10,710.0,7100.0
2021091405001610,ULI,54,45,10,713.0,7130.0
2021091405001609,ULI,54,38,10,713.0,7130.0
2021091405001608,ULI,54,43,10,713.0,7130.0
2021091405001607,ULI,54,22,10,712.0,7120.0
2021091405001606,ULI,54,22,10,712.0,7120.0
2021091405001605,ULI,54,26,10,710.0,7100.0
2021091405001623,ULI,44,26,10,708.0,7080.0
2021091405001621,ULI,44,14,10,708.0,7080.0
2021091405001619,ULI,54,57,10,713.0,7130.0
2021091405001616,ULI,54,26,10,713.0,7130.0
2021091405001613,ULI,54,58,20,713.0,14260.0
2021091405001611,ULI,54,41,10,713.0,7130.0
2021091405001666,ULI,45,47,10,710.0,7100.0
2021091405001665,ULI,45,44,10,710.0,7100.0
2021091405001636,ULI,45,34,10,710.0,7100.0
2021091405001633,ULI,45,36,10,710.0,7100.0
2021091405001628,ULI,13,36,10,708.1,7081.0
2021091405001627,ULI,13,38,10,708.1,7081.0
2021091405001698,ULI,47,49,10,709.0,7090.0
2021091405001695,ULI,37,36,10,708.2,7082.0
2021091405001688,ULI,37,13,10,708.2,7082.0
2021091405001673,ULI,37,33,10,708.2,7082.0
2021091405001670,ULI,45,48,10,710.0,7100.0
2021091405001669,ULI,45,3,10,710.0,7100.0
2021091405001718,ULI,43,21,10,708.2,7082.0
2021091405001716,ULI,37,49,10,708.2,7082.0
2021091405001713,ULI,37,56,10,708.2,7082.0
2021091405001710,ULI,47,38,10,709.0,7090.0
2021091405001708,ULI,47,41,10,709.0,7090.0
2021091405001707,ULI,47,49,10,709.0,7090.0
2021091405001740,ULI,13,47,10,708.1,7081.0
2021091405001734,ULI,13,4,10,708.1,7081.0
2021091405001732,ULI,13,49,10,708.1,7081.0
2021091405001730,ULI,53,39,10,709.0,7090.0
2021091405001722,ULI,39,42,10,709.0,7090.0
2021091405001719,ULI,22,49,10,709.0,7090.0
2021091405001751,ULI,7,58,10,709.0,7090.0
2021091405001750,ULI,7,44,10,709.0,7090.0
2021091405001749,ULI,7,45,10,709.0,7090.0
2021091405001746,ULI,41,25,10,708.2,7082.0
2021091405001744,ULI,41,58,10,708.2,7082.0
2021091405001742,ULI,43,58,10,708.2,7082.0
2021091405001775,ULI,41,49,10,709.0,7090.0
2021091405001773,ULI,47,54,10,709.0,7090.0
2021091405001772,ULI,47,36,10,709.0,7090.0
2021091405001767,ULI,47,53,10,709.0,7090.0
2021091405001766,ULI,7,49,10,709.0,7090.0
2021091405001765,ULI,7,6,10,709.0,7090.0
2021091405001794,ULI,3,21,10,708.4,7084.0
2021091405001788,ULI,3,21,10,708.4,7084.0
2021091405001786,ULI,52,35,10,709.0,7090.0
2021091405001785,ULI,3,48,10,708.4,7084.0
2021091405001784,ULI,41,58,10,709.0,7090.0
2021091405001781,ULI,41,58,10,709.0,7090.0
2021091405001809,ULI,44,59,10,709.0,7090.0
2021091405001806,ULI,44,21,10,709.0,7090.0
2021091405001800,ULI,44,21,10,709.0,7090.0
2021091405001798,ULI,44,21,10,709.0,7090.0
2021091405001797,ULI,44,51,10,709.0,7090.0
2021091405001795,ULI,3,32,10,708.4,7084.0
2021091405001819,ULI,36,58,10,710.0,7100.0
2021091405001818,ULI,36,57,10,710.0,7100.0
2021091405001817,ULI,36,41,10,710.0,7100.0
2021091405001812,ULI,44,57,10,709.0,7090.0
2021091405001811,ULI,44,42,10,709.0,7090.0
2021091405001810,ULI,44,52,10,709.0,7090.0
2021091405001857,ULI,3,35,10,708.4,7084.0
2021091405001851,ULI,22,10,10,709.0,7090.0
2021091405001830,ULI,44,36,10,709.0,7090.0
2021091405001823,ULI,44,19,10,709.0,7090.0
2021091405001821,ULI,36,6,10,710.0,7100.0
2021091405001820,ULI,36,25,10,710.0,7100.0
2021091405001892,ULI,41,17,10,708.3,7083.0
2021091405001882,ULI,3,52,10,708.4,7084.0
2021091405001881,ULI,3,50,200,708.4,141680.0
2021091405001880,ULI,59,50,200,709.0,141800.0
2021091405001877,ULI,3,38,10,708.4,7084.0
2021091405001862,ULI,45,41,10,709.0,7090.0
2021091405001906,ULI,58,45,10,708.3,7083.0
2021091405001902,ULI,58,45,10,708.3,7083.0
2021091405001901,ULI,58,58,10,708.3,7083.0
2021091405001899,ULI,43,45,10,708.3,7083.0
2021091405001897,ULI,41,45,10,708.3,7083.0
2021091405001895,ULI,41,38,10,708.3,7083.0
2021091405001929,ULI,57,41,10,708.2,7082.0
2021091405001920,ULI,57,55,10,708.2,7082.0
2021091405001917,ULI,57,19,10,708.2,7082.0
2021091405001913,ULI,36,54,10,709.0,7090.0
2021091405001912,ULI,36,54,10,709.0,7090.0
2021091405001909,ULI,57,45,10,708.2,7082.0
2021091405001454,JBLB,57,48,10,4605.0,46050.0
2021091405000964,JBLB,55,48,10,4611.2,46112.0
2021091405000963,JBLB,28,21,10,4640.0,46400.0
2021091405000962,JBLB,28,45,10,4640.0,46400.0
2021091405000961,JBLB,28,35,10,4620.0,46200.0
2021091405000978,JBLB,33,26,10,4612.0,46120.0
2021091405000982,JBLB,14,7,10,4615.0,46150.0
2021091405001000,JBLB,46,45,10,4620.0,46200.0
2021091405000999,JBLB,46,38,10,4620.0,46200.0
2021091405000995,JBLB,38,36,10,4616.0,46160.0
2021091405001017,JBLB,55,38,10,4617.1,46171.0
2021091405001026,JBLB,7,35,10,4640.0,46400.0
2021091405001024,JBLB,34,58,10,4617.0,46170.0
2021091405001023,JBLB,38,44,10,4617.2,46172.0
2021091405001021,JBLB,38,34,10,4617.2,46172.0
2021091405001032,JBLB,54,57,10,4617.1,46171.0
2021091405001049,JBLB,22,13,10,4618.0,46180.0
2021091405001045,JBLB,14,40,10,4620.0,46200.0
2021091405001044,JBLB,14,56,10,4620.0,46200.0
2021091405001059,JBLB,22,56,10,4620.0,46200.0
2021091405001090,JBLB,22,38,10,4618.0,46180.0
2021091405001109,JBLB,38,22,10,4620.0,46200.0
2021091405001115,JBLB,45,38,10,4635.0,46350.0
2021091405001114,JBLB,6,51,10,4620.0,46200.0
2021091405001113,JBLB,6,41,10,4620.0,46200.0
2021091405001110,JBLB,38,55,10,4620.0,46200.0
2021091405001133,JBLB,22,58,10,4618.0,46180.0
2021091405001122,JBLB,22,58,10,4618.0,46180.0
2021091405001139,JBLB,21,7,10,4620.0,46200.0
2021091405001138,JBLB,21,25,10,4620.0,46200.0
2021091405001157,JBLB,21,13,10,4620.0,46200.0
2021091405001175,JBLB,58,52,10,4640.0,46400.0
2021091405001174,JBLB,58,35,10,4640.0,46400.0
2021091405001173,JBLB,58,38,10,4635.0,46350.0
2021091405001172,JBLB,58,7,10,4630.1,46301.0
2021091405001167,JBLB,21,36,10,4620.0,46200.0
2021091405001182,JBLB,41,56,10,4620.0,46200.0
2021091405001181,JBLB,34,17,10,4630.1,46301.0
2021091405001178,JBLB,47,16,10,4620.0,46200.0
2021091405001196,JBLB,41,34,10,4620.0,46200.0
2021091405001202,JBLB,58,49,10,4620.0,46200.0
2021091405001200,JBLB,58,11,10,4620.0,46200.0
2021091405001198,JBLB,41,49,10,4620.0,46200.0
2021091405001210,JBLB,54,39,10,4618.1,46181.0
2021091405001229,JBLB,34,57,10,4618.0,46180.0
2021091405001224,JBLB,22,49,10,4618.0,46180.0
2021091405001241,JBLB,48,49,10,4620.0,46200.0
2021091405001240,JBLB,48,7,10,4620.0,46200.0
2021091405001239,JBLB,48,16,10,4620.0,46200.0
2021091405001238,JBLB,34,34,10,4618.0,46180.0
2021091405001245,JBLB,58,25,10,4618.0,46180.0
2021091405001243,JBLB,48,42,10,4620.0,46200.0
2021091405001242,JBLB,48,8,10,4620.0,46200.0
2021091405001258,JBLB,57,34,10,4620.0,46200.0
2021091405001254,JBLB,57,34,10,4620.0,46200.0
2021091405001249,JBLB,58,1,10,4618.0,46180.0
2021091405001264,JBLB,57,38,10,4620.0,46200.0
2021091405001263,JBLB,57,42,10,4620.0,46200.0
2021091405001261,JBLB,57,17,10,4620.0,46200.0
2021091405001269,JBLB,22,38,10,4618.0,46180.0
2021091405001283,JBLB,48,49,10,4619.0,46190.0
2021091405001281,JBLB,48,45,10,4619.0,46190.0
2021091405001296,JBLB,56,45,10,4620.0,46200.0
2021091405001313,JBLB,48,19,10,4620.0,46200.0
2021091405001317,JBLB,48,45,10,4619.0,46190.0
2021091405001329,JBLB,48,16,10,4620.0,46200.0
2021091405001323,JBLB,34,43,10,4617.0,46170.0
2021091405001333,JBLB,56,45,10,4620.0,46200.0
2021091405001330,JBLB,48,57,10,4620.0,46200.0
2021091405001342,JBLB,42,34,10,4615.0,46150.0
2021091405001341,JBLB,21,34,10,4615.0,46150.0
2021091405001340,JBLB,7,34,10,4615.0,46150.0
2021091405001339,JBLB,43,34,30,4615.0,138450.0
2021091405001338,JBLB,58,34,10,4616.0,46160.0
2021091405001337,JBLB,38,10,10,4616.0,46160.0
2021091405001348,JBLB,35,56,10,4610.0,46100.0
2021091405001347,JBLB,48,57,10,4610.1,46101.0
2021091405001346,JBLB,56,34,10,4612.0,46120.0
2021091405001343,JBLB,33,34,20,4612.0,92240.0
2021091405001354,JBLB,13,59,10,4610.0,46100.0
2021091405001350,JBLB,36,6,10,4610.0,46100.0
2021091405001360,JBLB,36,34,50,4610.0,230500.0
2021091405001359,JBLB,58,34,10,4610.0,46100.0
2021091405001358,JBLB,13,34,30,4610.0,138300.0
2021091405001356,JBLB,13,14,10,4610.0,46100.0
2021091405001377,JBLB,48,34,10,4605.0,46050.0
2021091405001370,JBLB,58,34,10,4606.0,46060.0
2021091405001390,JBLB,59,17,10,4603.0,46030.0
2021091405001387,JBLB,56,35,10,4606.0,46060.0
2021091405001403,JBLB,48,34,10,4604.0,46040.0
2021091405001419,JBLB,48,35,40,4604.0,184160.0
2021091405001418,JBLB,16,41,10,4605.0,46050.0
2021091405001415,JBLB,45,43,10,4605.0,46050.0
2021091405001425,JBLB,48,35,10,4602.0,46020.0
2021091405001424,JBLB,34,35,10,4602.0,46020.0
2021091405001423,JBLB,34,35,20,4602.1,92042.0
2021091405001422,JBLB,36,35,50,4602.2,230110.0
2021091405001421,JBLB,48,35,10,4603.0,46030.0
2021091405001420,JBLB,59,35,30,4603.0,138090.0
2021091405001431,JBLB,49,35,30,4600.0,138000.0
2021091405001430,JBLB,8,35,20,4600.1,92002.0
2021091405001429,JBLB,39,35,20,4600.1,92002.0
2021091405001428,JBLB,6,35,30,4601.0,138030.0
2021091405001427,JBLB,17,35,10,4601.0,46010.0
2021091405001426,JBLB,26,35,20,4601.0,92020.0
2021091405001437,JBLB,34,35,10,4600.0,46000.0
2021091405001436,JBLB,42,35,45,4600.0,207000.0
2021091405001435,JBLB,47,35,10,4600.0,46000.0
2021091405001434,JBLB,51,35,20,4600.0,92000.0
2021091405001433,JBLB,17,35,10,4600.0,46000.0
2021091405001432,JBLB,6,35,100,4600.0,460000.0
2021091405001443,JBLB,57,49,10,4604.0,46040.0
2021091405001441,JBLB,56,10,10,4604.0,46040.0
2021091405001440,JBLB,33,35,75,4600.0,345000.0
2021091405001439,JBLB,36,35,10,4600.0,46000.0
2021091405001438,JBLB,48,35,25,4600.0,115000.0
2021091405001158,MKLB,33,1,10,743.6,7436.0
2021091405001456,SLI,47,45,10,728.0,7280.0
2021091405001455,SLI,47,7,10,728.0,7280.0
2021091405001453,SLI,47,11,10,728.0,7280.0
2021091405001451,SLI,47,54,10,728.0,7280.0
2021091405001448,SLI,47,50,10,728.0,7280.0
2021091405000957,SLI,47,45,10,728.0,7280.0
2021091405000977,SLI,47,48,10,728.0,7280.0
2021091405000971,SLI,47,45,10,728.0,7280.0
2021091405000969,SLI,47,49,10,728.0,7280.0
2021091405000967,SLI,47,48,10,728.0,7280.0
2021091405000965,SLI,47,21,10,728.0,7280.0
2021091405000991,SLI,47,56,10,728.0,7280.0
2021091405000987,SLI,47,45,10,728.0,7280.0
2021091405000986,SLI,47,4,10,728.0,7280.0
2021091405000985,SLI,47,22,10,728.0,7280.0
2021091405000979,SLI,47,6,10,728.0,7280.0
2021091405001001,SLI,47,32,10,728.0,7280.0
2021091405000996,SLI,47,49,10,728.0,7280.0
2021091405000993,SLI,47,21,10,728.0,7280.0
2021091405001010,SLI,47,49,10,728.0,7280.0
2021091405001007,SLI,47,7,10,728.0,7280.0
2021091405001006,SLI,47,47,10,728.0,7280.0
2021091405001003,SLI,47,29,10,728.0,7280.0
2021091405001002,SLI,47,47,10,728.0,7280.0
2021091405001022,SLI,47,4,10,728.0,7280.0
2021091405001019,SLI,47,56,10,728.0,7280.0
2021091405001041,SLI,47,52,10,728.0,7280.0
2021091405001040,SLI,47,45,10,728.0,7280.0
2021091405001039,SLI,47,26,10,728.0,7280.0
2021091405001036,SLI,47,50,10,728.0,7280.0
2021091405001029,SLI,47,57,10,728.0,7280.0
2021091405001048,SLI,47,45,10,728.0,7280.0
2021091405001046,SLI,47,59,10,728.0,7280.0
2021091405001042,SLI,47,45,10,728.0,7280.0
2021091405001057,SLI,47,3,10,728.0,7280.0
2021091405001054,SLI,47,51,10,728.0,7280.0
2021091405001053,SLI,47,3,10,728.0,7280.0
2021091405001052,SLI,47,57,10,728.0,7280.0
2021091405001051,SLI,47,3,10,728.0,7280.0
2021091405001050,SLI,47,45,10,728.0,7280.0
2021091405001067,SLI,47,32,10,728.0,7280.0
2021091405001063,SLI,47,3,10,728.0,7280.0
2021091405001061,SLI,47,10,10,728.0,7280.0
2021091405001060,SLI,47,3,10,728.0,7280.0
2021091405001058,SLI,47,3,10,728.0,7280.0
2021091405001080,SLI,47,3,10,728.0,7280.0
2021091405001079,SLI,47,3,10,728.0,7280.0
2021091405001078,SLI,47,58,10,728.0,7280.0
2021091405001073,SLI,47,3,10,728.0,7280.0
2021091405001072,SLI,47,49,10,728.0,7280.0
2021091405001069,SLI,47,1,10,728.0,7280.0
2021091405001089,SLI,47,3,10,728.0,7280.0
2021091405001087,SLI,47,3,10,728.0,7280.0
2021091405001086,SLI,47,52,10,728.0,7280.0
2021091405001084,SLI,47,3,10,728.0,7280.0
2021091405001083,SLI,47,3,10,728.0,7280.0
2021091405001108,SLI,47,3,10,728.0,7280.0
2021091405001107,SLI,47,3,10,728.0,7280.0
2021091405001106,SLI,47,3,10,728.0,7280.0
2021091405001104,SLI,47,3,10,728.0,7280.0
2021091405001102,SLI,47,3,10,728.0,7280.0
2021091405001117,SLI,47,25,10,728.0,7280.0
2021091405001111,SLI,47,49,10,728.0,7280.0
2021091405001134,SLI,47,51,10,728.0,7280.0
2021091405001124,SLI,47,42,10,728.0,7280.0
2021091405001123,SLI,47,6,10,728.0,7280.0
2021091405001118,SLI,47,58,10,728.0,7280.0
2021091405001140,SLI,47,10,10,728.0,7280.0
2021091405001137,SLI,47,58,10,728.0,7280.0
2021091405001136,SLI,47,49,10,728.0,7280.0
2021091405001135,SLI,47,10,10,728.0,7280.0
2021091405001163,SLI,47,57,10,728.0,7280.0
2021091405001161,SLI,47,49,10,728.0,7280.0
2021091405001155,SLI,47,52,10,728.0,7280.0
2021091405001152,SLI,47,51,10,728.0,7280.0
2021091405001144,SLI,47,45,10,728.0,7280.0
2021091405001169,SLI,47,51,10,728.0,7280.0
2021091405001187,SLI,47,41,10,728.0,7280.0
2021091405001186,SLI,47,14,10,728.0,7280.0
2021091405001185,SLI,47,8,10,728.0,7280.0
2021091405001197,SLI,47,52,10,728.0,7280.0
2021091405001195,SLI,47,38,10,728.0,7280.0
2021091405001194,SLI,47,41,10,728.0,7280.0
2021091405001190,SLI,47,14,10,728.0,7280.0
2021091405001188,SLI,47,57,10,728.0,7280.0
2021091405001206,SLI,47,8,10,728.0,7280.0
2021091405001205,SLI,47,34,10,728.0,7280.0
2021091405001199,SLI,47,41,10,728.0,7280.0
2021091405001223,SLI,47,48,10,728.0,7280.0
2021091405001222,SLI,47,6,10,728.0,7280.0
2021091405001217,SLI,47,14,10,728.0,7280.0
2021091405001212,SLI,47,50,10,728.0,7280.0
2021091405001209,SLI,47,41,10,728.0,7280.0
2021091405001232,SLI,47,40,10,728.0,7280.0
2021091405001230,SLI,47,41,10,728.0,7280.0
2021091405001226,SLI,47,17,10,728.0,7280.0
2021091405001225,SLI,47,40,10,728.0,7280.0
2021091405001236,SLI,47,40,10,728.0,7280.0
2021091405001234,SLI,47,49,10,728.0,7280.0
2021091405001248,SLI,47,48,10,728.0,7280.0
2021091405001246,SLI,47,40,10,728.0,7280.0
2021091405001244,SLI,47,34,10,728.0,7280.0
2021091405001259,SLI,47,29,10,728.0,7280.0
2021091405001255,SLI,47,26,10,728.0,7280.0
2021091405001250,SLI,47,47,10,728.0,7280.0
2021091405001266,SLI,47,10,10,728.0,7280.0
2021091405001265,SLI,47,45,10,728.0,7280.0
2021091405001262,SLI,47,10,10,728.0,7280.0
2021091405001275,SLI,47,10,10,728.0,7280.0
2021091405001273,SLI,47,10,10,728.0,7280.0
2021091405001272,SLI,47,10,10,728.0,7280.0
2021091405001270,SLI,47,10,10,728.0,7280.0
2021091405001267,SLI,47,10,10,728.0,7280.0
2021091405001285,SLI,47,10,10,728.0,7280.0
2021091405001282,SLI,47,10,10,728.0,7280.0
2021091405001279,SLI,47,10,10,728.0,7280.0
2021091405001277,SLI,47,10,10,728.0,7280.0
2021091405001295,SLI,47,10,10,728.0,7280.0
2021091405001294,SLI,47,29,10,728.0,7280.0
2021091405001292,SLI,47,10,10,728.0,7280.0
2021091405001291,SLI,47,10,10,728.0,7280.0
2021091405001290,SLI,47,10,10,728.0,7280.0
2021091405001286,SLI,47,22,10,728.0,7280.0
2021091405001302,SLI,47,45,10,728.0,7280.0
2021091405001301,SLI,47,41,10,728.0,7280.0
2021091405001299,SLI,47,10,10,728.0,7280.0
2021091405001298,SLI,47,58,10,728.0,7280.0
2021091405001297,SLI,47,45,10,728.0,7280.0
2021091405001309,SLI,47,10,10,728.0,7280.0
2021091405001308,SLI,47,45,10,728.0,7280.0
2021091405001307,SLI,47,45,10,728.0,7280.0
2021091405001304,SLI,47,57,10,728.0,7280.0
2021091405001303,SLI,47,7,10,728.0,7280.0
2021091405001322,SLI,47,10,10,728.0,7280.0
2021091405001321,SLI,47,29,10,728.0,7280.0
2021091405001318,SLI,47,45,10,728.0,7280.0
2021091405001315,SLI,47,58,10,728.0,7280.0
2021091405001314,SLI,47,45,10,728.0,7280.0
2021091405001328,SLI,47,58,10,728.0,7280.0
2021091405001327,SLI,47,7,10,728.0,7280.0
2021091405001325,SLI,47,10,10,728.0,7280.0
2021091405001324,SLI,47,58,10,728.0,7280.0
2021091405001336,SLI,47,1,10,728.0,7280.0
2021091405001334,SLI,47,10,10,728.0,7280.0
2021091405001332,SLI,47,1,10,728.0,7280.0
2021091405001331,SLI,47,57,10,728.0,7280.0
2021091405001345,SLI,47,1,10,728.0,7280.0
2021091405001344,SLI,47,10,10,728.0,7280.0
2021091405001355,SLI,47,10,10,728.0,7280.0
2021091405001353,SLI,47,10,10,728.0,7280.0
2021091405001352,SLI,47,38,10,728.0,7280.0
2021091405001349,SLI,47,46,10,728.0,7280.0
2021091405001361,SLI,47,10,10,728.0,7280.0
2021091405001357,SLI,47,10,10,728.0,7280.0
2021091405001369,SLI,47,41,10,728.0,7280.0
2021091405001368,SLI,47,10,10,728.0,7280.0
2021091405001367,SLI,47,46,10,728.0,7280.0
2021091405001366,SLI,47,57,10,728.0,7280.0
2021091405001365,SLI,47,10,10,728.0,7280.0
2021091405001362,SLI,47,7,10,728.0,7280.0
2021091405001375,SLI,47,41,10,728.0,7280.0
2021091405001374,SLI,47,10,10,728.0,7280.0
2021091405001373,SLI,47,25,10,728.0,7280.0
2021091405001371,SLI,47,10,10,728.0,7280.0
2021091405001384,SLI,47,41,10,728.0,7280.0
2021091405001383,SLI,47,38,10,728.0,7280.0
2021091405001381,SLI,47,8,10,728.0,7280.0
2021091405001380,SLI,47,10,10,728.0,7280.0
2021091405001379,SLI,47,34,10,728.0,7280.0
2021091405001378,SLI,47,10,10,728.0,7280.0
2021091405001392,SLI,47,41,10,728.0,7280.0
2021091405001389,SLI,47,10,10,728.0,7280.0
2021091405001388,SLI,47,45,10,728.0,7280.0
2021091405001386,SLI,47,10,10,728.0,7280.0
2021091405001402,SLI,47,10,10,728.0,7280.0
2021091405001399,SLI,47,57,10,728.0,7280.0
2021091405001398,SLI,47,51,10,728.0,7280.0
2021091405001396,SLI,47,10,10,728.0,7280.0
2021091405001395,SLI,47,10,10,728.0,7280.0
2021091405001412,SLI,47,8,10,728.0,7280.0
2021091405001410,SLI,47,7,10,728.0,7280.0
2021091405001409,SLI,47,50,10,728.0,7280.0
2021091405001407,SLI,47,57,10,728.0,7280.0
2021091405001406,SLI,47,35,10,728.0,7280.0
2021091405001404,SLI,47,57,10,728.0,7280.0
2021091405001416,SLI,47,33,10,728.0,7280.0
2021091405001414,SLI,47,38,10,728.0,7280.0
2021091405001413,SLI,47,57,10,728.0,7280.0
2021091405001444,SLI,47,7,10,728.0,7280.0
2021091405001452,ULI,6,45,10,708.0,7080.0
2021091405001450,ULI,34,29,10,708.1,7081.0
2021091405001449,ULI,34,47,10,708.1,7081.0
2021091405001447,ULI,34,56,10,708.1,7081.0
2021091405001446,ULI,34,19,10,708.1,7081.0
2021091405001445,ULI,34,38,10,708.1,7081.0
2021091405000959,ULI,6,16,10,710.0,7100.0
2021091405000958,ULI,6,48,10,710.0,7100.0
2021091405000973,ULI,6,48,10,710.0,7100.0
2021091405000972,ULI,6,11,10,710.0,7100.0
2021091405000970,ULI,6,33,10,710.0,7100.0
2021091405000968,ULI,6,11,10,710.0,7100.0
2021091405000966,ULI,6,36,10,710.0,7100.0
2021091405000960,ULI,6,25,10,710.0,7100.0
2021091405000983,ULI,38,5,10,709.0,7090.0
2021091405000981,ULI,34,49,10,708.6,7086.0
2021091405000980,ULI,34,11,10,708.6,7086.0
2021091405000976,ULI,6,21,60,710.0,42600.0
2021091405000975,ULI,38,21,100,710.0,71000.0
2021091405000974,ULI,6,11,10,710.0,7100.0
2021091405000994,ULI,57,42,10,708.7,7087.0
2021091405000992,ULI,57,11,10,708.7,7087.0
2021091405000990,ULI,38,21,100,710.0,71000.0
2021091405000989,ULI,51,21,100,710.0,71000.0
2021091405000988,ULI,45,21,20,710.0,14200.0
2021091405000984,ULI,38,21,90,710.0,63900.0
2021091405001009,ULI,19,56,10,708.8,7088.0
2021091405001008,ULI,43,26,10,708.8,7088.0
2021091405001005,ULI,44,21,10,709.0,7090.0
2021091405001004,ULI,44,5,10,709.0,7090.0
2021091405000998,ULI,43,47,10,709.0,7090.0
2021091405000997,ULI,41,13,10,709.0,7090.0
2021091405001016,ULI,38,34,10,710.0,7100.0
2021091405001015,ULI,38,3,10,710.0,7100.0
2021091405001014,ULI,38,17,10,710.0,7100.0
2021091405001013,ULI,38,42,10,710.0,7100.0
2021091405001012,ULI,38,21,20,710.0,14200.0
2021091405001011,ULI,38,11,10,709.0,7090.0
2021091405001030,ULI,53,38,10,709.0,7090.0
2021091405001028,ULI,11,45,10,712.0,7120.0
2021091405001027,ULI,53,11,10,709.0,7090.0
2021091405001025,ULI,38,49,10,711.0,7110.0
2021091405001020,ULI,38,58,10,711.0,7110.0
2021091405001018,ULI,38,36,10,711.0,7110.0
2021091405001038,ULI,53,51,10,709.0,7090.0
2021091405001037,ULI,53,33,10,709.0,7090.0
2021091405001035,ULI,19,6,10,708.8,7088.0
2021091405001034,ULI,53,22,10,709.0,7090.0
2021091405001033,ULI,53,38,10,709.0,7090.0
2021091405001031,ULI,53,4,10,709.0,7090.0
2021091405001064,ULI,13,1,10,709.1,7091.0
2021091405001062,ULI,13,10,10,709.1,7091.0
2021091405001056,ULI,13,7,10,709.1,7091.0
2021091405001055,ULI,13,42,10,709.1,7091.0
2021091405001047,ULI,53,38,10,709.0,7090.0
2021091405001043,ULI,53,45,10,709.0,7090.0
2021091405001074,ULI,34,11,10,709.1,7091.0
2021091405001071,ULI,34,45,10,709.1,7091.0
2021091405001070,ULI,34,55,10,709.1,7091.0
2021091405001068,ULI,34,11,10,709.1,7091.0
2021091405001066,ULI,19,42,10,709.1,7091.0
2021091405001065,ULI,19,21,10,709.1,7091.0
2021091405001085,ULI,34,11,10,709.1,7091.0
2021091405001082,ULI,34,45,10,709.1,7091.0
2021091405001081,ULI,34,11,10,709.1,7091.0
2021091405001077,ULI,41,52,10,710.0,7100.0
2021091405001076,ULI,41,29,10,710.0,7100.0
2021091405001075,ULI,41,39,10,710.0,7100.0
2021091405001095,ULI,17,49,10,715.0,7150.0
2021091405001094,ULI,17,44,10,715.0,7150.0
2021091405001093,ULI,17,4,10,714.0,7140.0
2021091405001092,ULI,17,41,10,714.0,7140.0
2021091405001091,ULI,17,26,10,713.0,7130.0
2021091405001088,ULI,34,45,10,709.1,7091.0
2021091405001101,ULI,34,45,10,709.1,7091.0
2021091405001100,ULI,17,36,10,715.0,7150.0
2021091405001099,ULI,17,57,10,715.0,7150.0
2021091405001098,ULI,17,49,10,715.0,7150.0
2021091405001097,ULI,17,42,10,715.0,7150.0
2021091405001096,ULI,17,58,10,715.0,7150.0
2021091405001120,ULI,34,42,10,709.1,7091.0
2021091405001119,ULI,34,58,10,709.1,7091.0
2021091405001116,ULI,34,11,10,709.1,7091.0
2021091405001112,ULI,41,21,10,710.0,7100.0
2021091405001105,ULI,57,49,10,710.0,7100.0
2021091405001103,ULI,34,45,10,709.1,7091.0
2021091405001129,ULI,54,42,10,710.0,7100.0
2021091405001128,ULI,54,58,10,709.1,7091.0
2021091405001127,ULI,54,11,10,709.1,7091.0
2021091405001126,ULI,43,25,10,709.0,7090.0
2021091405001125,ULI,43,42,20,709.0,14180.0
2021091405001121,ULI,53,58,10,709.0,7090.0
2021091405001143,ULI,43,47,10,709.0,7090.0
2021091405001142,ULI,43,58,10,709.0,7090.0
2021091405001141,ULI,43,4,10,709.0,7090.0
2021091405001132,ULI,43,7,10,709.0,7090.0
2021091405001131,ULI,54,58,10,710.0,7100.0
2021091405001130,ULI,54,5,10,710.0,7100.0
2021091405001150,ULI,57,57,10,708.7,7087.0
2021091405001149,ULI,20,49,10,709.0,7090.0
2021091405001148,ULI,20,7,10,709.0,7090.0
2021091405001147,ULI,57,49,10,708.7,7087.0
2021091405001146,ULI,43,6,10,709.0,7090.0
2021091405001145,ULI,43,52,10,709.0,7090.0
2021091405001160,ULI,57,42,10,708.7,7087.0
2021091405001159,ULI,57,34,10,708.7,7087.0
2021091405001156,ULI,57,36,10,708.7,7087.0
2021091405001154,ULI,57,21,10,708.7,7087.0
2021091405001153,ULI,57,1,10,708.7,7087.0
2021091405001151,ULI,57,47,10,708.7,7087.0
2021091405001170,ULI,57,45,10,708.7,7087.0
2021091405001168,ULI,57,53,10,708.7,7087.0
2021091405001166,ULI,57,43,10,708.7,7087.0
2021091405001165,ULI,57,53,10,708.7,7087.0
2021091405001164,ULI,57,36,10,708.7,7087.0
2021091405001162,ULI,57,56,10,708.7,7087.0
2021091405001183,ULI,49,5,10,708.5,7085.0
2021091405001180,ULI,21,44,10,709.0,7090.0
2021091405001179,ULI,21,21,10,709.0,7090.0
2021091405001177,ULI,57,34,10,708.7,7087.0
2021091405001176,ULI,57,39,10,708.7,7087.0
2021091405001171,ULI,57,26,10,708.7,7087.0
2021091405001201,ULI,49,56,10,708.5,7085.0
2021091405001193,ULI,41,58,10,709.0,7090.0
2021091405001192,ULI,41,35,10,709.0,7090.0
2021091405001191,ULI,41,36,10,709.0,7090.0
2021091405001189,ULI,49,47,10,708.5,7085.0
2021091405001184,ULI,49,47,10,708.5,7085.0
2021091405001213,ULI,34,11,10,708.2,7082.0
2021091405001211,ULI,21,11,10,708.3,7083.0
2021091405001208,ULI,43,41,10,708.3,7083.0
2021091405001207,ULI,41,10,10,708.5,7085.0
2021091405001204,ULI,58,11,10,708.5,7085.0
2021091405001203,ULI,58,10,10,708.5,7085.0
2021091405001220,ULI,34,36,10,708.2,7082.0
2021091405001219,ULI,41,4,10,708.5,7085.0
2021091405001218,ULI,34,36,10,708.2,7082.0
2021091405001216,ULI,34,11,10,708.2,7082.0
2021091405001215,ULI,34,50,10,708.2,7082.0
2021091405001214,ULI,34,29,10,708.2,7082.0
2021091405001235,ULI,38,11,10,708.0,7080.0
2021091405001233,ULI,20,11,10,708.2,7082.0
2021091405001231,ULI,38,11,10,708.0,7080.0
2021091405001228,ULI,38,32,10,708.0,7080.0
2021091405001227,ULI,38,11,10,708.0,7080.0
2021091405001221,ULI,34,34,10,708.2,7082.0
2021091405001256,ULI,38,11,10,708.0,7080.0
2021091405001253,ULI,38,29,10,708.0,7080.0
2021091405001252,ULI,38,8,10,708.0,7080.0
2021091405001251,ULI,38,8,10,708.0,7080.0
2021091405001247,ULI,38,34,10,708.0,7080.0
2021091405001237,ULI,38,34,10,708.0,7080.0
2021091405001276,ULI,38,49,10,708.0,7080.0
2021091405001274,ULI,38,57,10,708.0,7080.0
2021091405001271,ULI,38,57,10,708.0,7080.0
2021091405001268,ULI,38,28,40,708.0,28320.0
2021091405001260,ULI,38,7,10,708.0,7080.0
2021091405001257,ULI,38,21,10,708.0,7080.0
2021091405001289,ULI,45,44,10,709.0,7090.0
2021091405001288,ULI,45,35,10,709.0,7090.0
2021091405001287,ULI,45,35,10,709.0,7090.0
2021091405001284,ULI,45,22,10,708.5,7085.0
2021091405001280,ULI,38,29,10,708.0,7080.0
2021091405001278,ULI,38,29,10,708.0,7080.0
2021091405001311,ULI,38,56,10,708.0,7080.0
2021091405001310,ULI,38,48,10,708.0,7080.0
2021091405001306,ULI,38,58,10,708.0,7080.0
2021091405001305,ULI,57,57,10,708.5,7085.0
2021091405001300,ULI,38,42,10,708.0,7080.0
2021091405001293,ULI,38,29,10,708.0,7080.0
2021091405001335,ULI,8,38,10,708.1,7081.0
2021091405001326,ULI,6,49,10,708.0,7080.0
2021091405001320,ULI,52,28,10,709.0,7090.0
2021091405001319,ULI,6,1,10,708.0,7080.0
2021091405001316,ULI,38,43,10,708.0,7080.0
2021091405001312,ULI,38,45,10,708.0,7080.0
2021091405001382,ULI,6,34,10,708.0,7080.0
2021091405001376,ULI,6,45,10,708.0,7080.0
2021091405001372,ULI,8,38,10,708.1,7081.0
2021091405001364,ULI,8,43,10,708.1,7081.0
2021091405001363,ULI,8,6,10,708.1,7081.0
2021091405001351,ULI,8,57,10,708.1,7081.0
2021091405001400,ULI,6,34,10,708.0,7080.0
2021091405001397,ULI,6,43,10,708.0,7080.0
2021091405001394,ULI,6,17,10,708.0,7080.0
2021091405001393,ULI,6,45,10,708.0,7080.0
2021091405001391,ULI,6,38,10,708.0,7080.0
2021091405001385,ULI,6,8,10,708.0,7080.0
2021091405001442,ULI,6,38,10,708.0,7080.0
2021091405001417,ULI,6,34,10,708.0,7080.0
2021091405001411,ULI,6,34,10,708.0,7080.0
2021091405001408,ULI,6,55,10,708.0,7080.0
2021091405001405,ULI,6,10,10,708.0,7080.0
2021091405001401,ULI,6,45,10,708.0,7080.0
2021091405000950,JBLB,43,49,10,4611.0,46110.0
2021091405000470,JBLB,39,29,10,4622.0,46220.0
2021091405000468,JBLB,39,11,10,4622.0,46220.0
2021091405000465,JBLB,39,58,30,4622.0,138660.0
2021091405000464,JBLB,37,58,70,4622.3,323561.0
2021091405000477,JBLB,39,29,10,4622.0,46220.0
2021091405000488,JBLB,39,29,10,4622.0,46220.0
2021091405000485,JBLB,39,29,10,4622.0,46220.0
2021091405000508,JBLB,1,42,10,4620.0,46200.0
2021091405000506,JBLB,1,11,10,4620.0,46200.0
2021091405000518,JBLB,6,22,10,4622.3,46223.0
2021091405000517,JBLB,1,4,10,4620.0,46200.0
2021091405000535,JBLB,1,38,10,4620.0,46200.0
2021091405000539,JBLB,1,39,10,4620.0,46200.0
2021091405000566,JBLB,1,35,10,4620.0,46200.0
2021091405000582,JBLB,57,38,10,4625.0,46250.0
2021091405000595,JBLB,57,52,10,4621.0,46210.0
2021091405000605,JBLB,1,49,10,4620.0,46200.0
2021091405000631,JBLB,51,44,10,4616.0,46160.0
2021091405000633,JBLB,6,5,10,4621.0,46210.0
2021091405000644,JBLB,39,58,10,4615.0,46150.0
2021091405000651,JBLB,38,6,10,4614.0,46140.0
2021091405000650,JBLB,57,3,10,4618.0,46180.0
2021091405000657,JBLB,19,50,10,4611.0,46110.0
2021091405000668,JBLB,57,25,25,4603.0,115075.0
2021091405000667,JBLB,45,25,30,4605.0,138150.0
2021091405000666,JBLB,19,25,10,4605.0,46050.0
2021091405000665,JBLB,22,25,10,4605.0,46050.0
2021091405000664,JBLB,19,25,10,4606.0,46060.0
2021091405000663,JBLB,47,25,10,4610.0,46100.0
2021091405000674,JBLB,7,25,15,4600.0,69000.0
2021091405000673,JBLB,46,25,50,4600.0,230000.0
2021091405000672,JBLB,28,25,30,4600.0,138000.0
2021091405000671,JBLB,41,25,10,4600.0,46000.0
2021091405000670,JBLB,45,25,100,4600.0,460000.0
2021091405000669,JBLB,6,25,100,4601.0,460100.0
2021091405000680,JBLB,7,58,10,4600.0,46000.0
2021091405000684,JBLB,11,52,10,4601.0,46010.0
2021091405000696,JBLB,7,21,10,4600.0,46000.0
2021091405000705,JBLB,45,52,10,4601.0,46010.0
2021091405000700,JBLB,8,38,10,4600.0,46000.0
2021091405000698,JBLB,7,58,10,4600.0,46000.0
2021091405000710,JBLB,16,42,10,4610.0,46100.0
2021091405000708,JBLB,45,52,10,4601.0,46010.0
2021091405000717,JBLB,45,52,10,4601.0,46010.0
2021091405000726,JBLB,1,52,10,4602.0,46020.0
2021091405000723,JBLB,45,58,10,4601.0,46010.0
2021091405000719,JBLB,45,55,10,4601.0,46010.0
2021091405000730,JBLB,1,52,10,4602.0,46020.0
2021091405000740,JBLB,1,4,10,4602.0,46020.0
2021091405000759,JBLB,55,46,10,4610.0,46100.0
2021091405000758,JBLB,38,49,10,4610.0,46100.0
2021091405000763,JBLB,8,48,10,4603.0,46030.0
2021091405000776,JBLB,55,46,10,4602.1,46021.0
2021091405000771,JBLB,1,49,10,4602.0,46020.0
2021091405000785,JBLB,1,26,10,4602.0,46020.0
2021091405000784,JBLB,5,26,10,4603.0,46030.0
2021091405000780,JBLB,59,58,10,4603.0,46030.0
2021091405000792,JBLB,1,51,10,4603.0,46030.0
2021091405000801,JBLB,38,58,10,4610.0,46100.0
2021091405000800,JBLB,38,22,10,4610.0,46100.0
2021091405000798,JBLB,38,58,10,4610.0,46100.0
2021091405000797,JBLB,38,21,10,4610.0,46100.0
2021091405000794,JBLB,8,21,10,4602.0,46020.0
2021091405000806,JBLB,38,49,10,4610.0,46100.0
2021091405000805,JBLB,38,46,10,4610.0,46100.0
2021091405000804,JBLB,38,55,10,4610.0,46100.0
2021091405000812,JBLB,38,29,10,4610.0,46100.0
2021091405000809,JBLB,38,7,10,4610.0,46100.0
2021091405000821,JBLB,38,48,10,4610.0,46100.0
2021091405000824,JBLB,6,45,10,4614.0,46140.0
2021091405000833,JBLB,8,8,10,4602.0,46020.0
2021091405000843,JBLB,34,49,10,4602.0,46020.0
2021091405000842,JBLB,6,17,10,4610.0,46100.0
2021091405000841,JBLB,6,54,10,4610.0,46100.0
2021091405000876,JBLB,35,48,10,4610.0,46100.0
2021091405000887,JBLB,16,16,10,4610.0,46100.0
2021091405000882,JBLB,34,34,10,4610.0,46100.0
2021091405000892,JBLB,39,38,10,4620.0,46200.0
2021091405000891,JBLB,39,58,10,4620.0,46200.0
2021091405000890,JBLB,39,49,10,4620.0,46200.0
2021091405000897,JBLB,16,48,10,4621.0,46210.0
2021091405000895,JBLB,39,7,10,4620.0,46200.0
2021091405000913,JBLB,57,51,10,4622.0,46220.0
2021091405000912,JBLB,57,39,10,4622.0,46220.0
2021091405000911,JBLB,39,4,60,4620.0,277200.0
2021091405000908,JBLB,33,35,10,4621.0,46210.0
2021091405000914,JBLB,57,45,10,4630.0,46300.0
2021091405000930,JBLB,48,16,10,4610.1,46101.0
2021091405000924,JBLB,57,35,10,4620.0,46200.0
2021091405000934,JBLB,33,38,10,4620.0,46200.0
2021091405000943,JBLB,55,53,10,4610.2,46102.0
2021091405000862,MKLB,14,48,10,729.1,7291.0
2021091405000955,SLI,47,4,10,728.0,7280.0
2021091405000952,SLI,47,26,10,728.0,7280.0
2021091405000951,SLI,47,41,10,728.0,7280.0
2021091405000949,SLI,47,58,10,728.0,7280.0
2021091405000948,SLI,47,45,10,728.0,7280.0
2021091405000461,SLI,57,48,10,728.0,7280.0
2021091405000460,SLI,57,17,10,728.0,7280.0
2021091405000459,SLI,57,49,10,728.0,7280.0
2021091405000458,SLI,57,29,10,728.0,7280.0
2021091405000469,SLI,57,17,10,728.0,7280.0
2021091405000466,SLI,57,17,10,728.0,7280.0
2021091405000481,SLI,57,3,10,728.0,7280.0
2021091405000476,SLI,57,17,10,728.0,7280.0
2021091405000474,SLI,57,3,10,728.0,7280.0
2021091405000473,SLI,57,21,10,728.0,7280.0
2021091405000471,SLI,57,17,10,728.0,7280.0
2021091405000487,SLI,57,3,10,728.0,7280.0
2021091405000486,SLI,57,52,10,728.0,7280.0
2021091405000483,SLI,57,17,10,728.0,7280.0
2021091405000482,SLI,57,22,10,728.0,7280.0
2021091405000503,SLI,57,3,10,728.0,7280.0
2021091405000502,SLI,57,32,10,728.0,7280.0
2021091405000501,SLI,57,17,10,728.0,7280.0
2021091405000498,SLI,57,3,10,728.0,7280.0
2021091405000495,SLI,57,17,10,728.0,7280.0
2021091405000494,SLI,57,10,10,728.0,7280.0
2021091405000509,SLI,57,17,10,728.0,7280.0
2021091405000507,SLI,57,26,10,728.0,7280.0
2021091405000505,SLI,57,3,10,728.0,7280.0
2021091405000504,SLI,57,39,10,728.0,7280.0
2021091405000515,SLI,57,17,10,728.0,7280.0
2021091405000514,SLI,57,26,10,728.0,7280.0
2021091405000513,SLI,57,42,10,728.0,7280.0
2021091405000512,SLI,57,3,10,728.0,7280.0
2021091405000511,SLI,57,26,10,728.0,7280.0
2021091405000510,SLI,57,3,10,728.0,7280.0
2021091405000521,SLI,57,3,10,728.0,7280.0
2021091405000520,SLI,57,26,10,728.0,7280.0
2021091405000519,SLI,57,32,10,728.0,7280.0
2021091405000516,SLI,57,3,10,728.0,7280.0
2021091405000528,SLI,57,17,10,728.0,7280.0
2021091405000527,SLI,57,52,10,728.0,7280.0
2021091405000526,SLI,57,38,10,728.0,7280.0
2021091405000525,SLI,57,3,10,728.0,7280.0
2021091405000524,SLI,57,3,10,728.0,7280.0
2021091405000523,SLI,57,17,10,728.0,7280.0
2021091405000536,SLI,57,38,10,728.0,7280.0
2021091405000534,SLI,57,26,10,728.0,7280.0
2021091405000532,SLI,57,38,10,728.0,7280.0
2021091405000531,SLI,57,3,10,728.0,7280.0
2021091405000530,SLI,57,26,10,728.0,7280.0
2021091405000544,SLI,57,26,10,728.0,7280.0
2021091405000542,SLI,57,38,10,728.0,7280.0
2021091405000541,SLI,57,3,10,728.0,7280.0
2021091405000540,SLI,57,39,10,728.0,7280.0
2021091405000537,SLI,57,42,10,728.0,7280.0
2021091405000553,SLI,14,26,10,728.0,7280.0
2021091405000552,SLI,14,38,10,728.0,7280.0
2021091405000550,SLI,14,3,10,728.0,7280.0
2021091405000549,SLI,14,26,10,728.0,7280.0
2021091405000548,SLI,14,26,10,728.0,7280.0
2021091405000546,SLI,57,3,10,728.0,7280.0
2021091405000561,SLI,14,3,10,728.0,7280.0
2021091405000560,SLI,14,42,10,728.0,7280.0
2021091405000559,SLI,14,26,10,728.0,7280.0
2021091405000557,SLI,14,26,10,728.0,7280.0
2021091405000556,SLI,14,38,10,728.0,7280.0
2021091405000554,SLI,14,3,10,728.0,7280.0
2021091405000570,SLI,14,26,10,728.0,7280.0
2021091405000568,SLI,14,26,10,728.0,7280.0
2021091405000567,SLI,14,34,10,728.0,7280.0
2021091405000564,SLI,14,26,10,728.0,7280.0
2021091405000563,SLI,14,26,10,728.0,7280.0
2021091405000580,SLI,14,26,10,728.0,7280.0
2021091405000579,SLI,14,49,10,728.0,7280.0
2021091405000576,SLI,14,26,10,728.0,7280.0
2021091405000575,SLI,14,26,10,728.0,7280.0
2021091405000573,SLI,14,26,10,728.0,7280.0
2021091405000588,SLI,14,26,10,728.0,7280.0
2021091405000587,SLI,14,19,10,728.0,7280.0
2021091405000586,SLI,14,34,10,728.0,7280.0
2021091405000585,SLI,14,39,10,728.0,7280.0
2021091405000584,SLI,14,26,10,728.0,7280.0
2021091405000583,SLI,14,26,10,728.0,7280.0
2021091405000597,SLI,14,52,10,728.0,7280.0
2021091405000596,SLI,14,26,10,728.0,7280.0
2021091405000592,SLI,14,26,10,728.0,7280.0
2021091405000591,SLI,14,57,10,728.0,7280.0
2021091405000590,SLI,14,52,10,728.0,7280.0
2021091405000604,SLI,14,58,10,728.0,7280.0
2021091405000603,SLI,14,26,10,728.0,7280.0
2021091405000602,SLI,14,38,10,728.0,7280.0
2021091405000601,SLI,14,52,10,728.0,7280.0
2021091405000600,SLI,14,42,10,728.0,7280.0
2021091405000598,SLI,14,26,10,728.0,7280.0
2021091405000610,SLI,14,26,10,728.0,7280.0
2021091405000609,SLI,14,52,10,728.0,7280.0
2021091405000608,SLI,14,7,10,728.0,7280.0
2021091405000607,SLI,14,26,10,728.0,7280.0
2021091405000606,SLI,14,52,10,728.0,7280.0
2021091405000625,SLI,14,38,10,728.0,7280.0
2021091405000624,SLI,14,26,10,728.0,7280.0
2021091405000623,SLI,14,39,10,728.0,7280.0
2021091405000621,SLI,14,26,10,728.0,7280.0
2021091405000620,SLI,14,39,10,728.0,7280.0
2021091405000619,SLI,14,52,10,728.0,7280.0
2021091405000632,SLI,17,52,10,728.0,7280.0
2021091405000630,SLI,17,26,10,728.0,7280.0
2021091405000629,SLI,17,52,10,728.0,7280.0
2021091405000628,SLI,17,32,10,728.0,7280.0
2021091405000627,SLI,14,21,10,728.0,7280.0
2021091405000639,SLI,17,38,10,728.0,7280.0
2021091405000638,SLI,17,52,10,728.0,7280.0
2021091405000637,SLI,17,58,10,728.0,7280.0
2021091405000636,SLI,17,45,10,728.0,7280.0
2021091405000635,SLI,17,26,10,728.0,7280.0
2021091405000646,SLI,17,52,10,728.0,7280.0
2021091405000645,SLI,17,49,10,728.0,7280.0
2021091405000642,SLI,17,52,10,728.0,7280.0
2021091405000641,SLI,17,26,10,728.0,7280.0
2021091405000640,SLI,17,22,10,728.0,7280.0
2021091405000652,SLI,17,52,10,728.0,7280.0
2021091405000649,SLI,17,45,10,728.0,7280.0
2021091405000648,SLI,17,26,10,728.0,7280.0
2021091405000647,SLI,17,58,10,728.0,7280.0
2021091405000662,SLI,17,49,10,728.0,7280.0
2021091405000660,SLI,17,26,10,728.0,7280.0
2021091405000658,SLI,17,52,10,728.0,7280.0
2021091405000656,SLI,17,38,10,728.0,7280.0
2021091405000653,SLI,17,58,10,728.0,7280.0
2021091405000679,SLI,17,52,10,728.0,7280.0
2021091405000678,SLI,17,7,10,728.0,7280.0
2021091405000677,SLI,17,21,10,728.0,7280.0
2021091405000676,SLI,17,14,10,728.0,7280.0
2021091405000675,SLI,17,26,10,728.0,7280.0
2021091405000690,SLI,17,52,10,728.0,7280.0
2021091405000688,SLI,17,26,10,728.0,7280.0
2021091405000687,SLI,17,10,10,728.0,7280.0
2021091405000683,SLI,17,26,10,728.0,7280.0
2021091405000681,SLI,17,45,10,728.0,7280.0
2021091405000697,SLI,17,10,10,728.0,7280.0
2021091405000695,SLI,17,52,10,728.0,7280.0
2021091405000694,SLI,17,1,10,728.0,7280.0
2021091405000693,SLI,17,10,10,728.0,7280.0
2021091405000691,SLI,17,26,10,728.0,7280.0
2021091405000702,SLI,17,52,10,728.0,7280.0
2021091405000701,SLI,17,38,10,728.0,7280.0
2021091405000699,SLI,17,45,10,728.0,7280.0
2021091405000712,SLI,17,17,10,728.0,7280.0
2021091405000711,SLI,17,52,10,728.0,7280.0
2021091405000709,SLI,17,58,10,728.0,7280.0
2021091405000707,SLI,17,41,10,728.0,7280.0
2021091405000718,SLI,17,17,10,728.0,7280.0
2021091405000716,SLI,17,59,10,728.0,7280.0
2021091405000715,SLI,17,6,10,728.0,7280.0
2021091405000714,SLI,17,52,10,728.0,7280.0
2021091405000713,SLI,17,34,10,728.0,7280.0
2021091405000725,SLI,47,45,10,728.0,7280.0
2021091405000722,SLI,47,52,10,728.0,7280.0
2021091405000721,SLI,47,41,10,728.0,7280.0
2021091405000736,SLI,47,41,10,728.0,7280.0
2021091405000735,SLI,47,42,10,728.0,7280.0
2021091405000731,SLI,47,26,10,728.0,7280.0
2021091405000729,SLI,47,52,10,728.0,7280.0
2021091405000728,SLI,47,54,10,728.0,7280.0
2021091405000743,SLI,47,17,10,728.0,7280.0
2021091405000742,SLI,47,48,10,728.0,7280.0
2021091405000741,SLI,47,26,10,728.0,7280.0
2021091405000739,SLI,47,21,10,728.0,7280.0
2021091405000738,SLI,47,45,10,728.0,7280.0
2021091405000752,SLI,47,52,10,728.0,7280.0
2021091405000751,SLI,47,6,10,728.0,7280.0
2021091405000750,SLI,47,34,10,728.0,7280.0
2021091405000746,SLI,47,8,10,728.0,7280.0
2021091405000745,SLI,47,6,10,728.0,7280.0
2021091405000744,SLI,47,52,10,728.0,7280.0
2021091405000757,SLI,47,55,10,728.0,7280.0
2021091405000755,SLI,47,8,10,728.0,7280.0
2021091405000754,SLI,47,1,10,728.0,7280.0
2021091405000753,SLI,47,45,10,728.0,7280.0
2021091405000769,SLI,47,38,10,728.0,7280.0
2021091405000767,SLI,47,34,10,728.0,7280.0
2021091405000766,SLI,47,52,10,728.0,7280.0
2021091405000765,SLI,47,42,10,728.0,7280.0
2021091405000764,SLI,47,51,10,728.0,7280.0
2021091405000779,SLI,47,52,10,728.0,7280.0
2021091405000778,SLI,47,49,10,728.0,7280.0
2021091405000775,SLI,47,52,10,728.0,7280.0
2021091405000770,SLI,47,45,10,728.0,7280.0
2021091405000783,SLI,47,49,10,728.0,7280.0
2021091405000782,SLI,47,52,10,728.0,7280.0
2021091405000781,SLI,47,41,10,728.0,7280.0
2021091405000793,SLI,47,45,10,728.0,7280.0
2021091405000791,SLI,47,55,10,728.0,7280.0
2021091405000790,SLI,47,49,10,728.0,7280.0
2021091405000788,SLI,47,49,10,728.0,7280.0
2021091405000787,SLI,47,45,10,728.0,7280.0
2021091405000795,SLI,47,47,10,728.0,7280.0
