Transact. No.,Symbol,Buyer,Seller,Quantity,Rate,Amount
2021092705003286,JBLB,1,43,10,4012.0,40120.0
2021092705003285,JBLB,26,43,10,4012.0,40120.0
2021092705003283,JBLB,57,21,10,4013.0,40130.0
2021092705002796,JBLB,59,34,20,4020.0,80400.0
2021092705002807,JBLB,42,50,10,4020.0,40200.0
2021092705002806,JBLB,33,50,50,4020.0,201000.0
2021092705002817,JBLB,35,49,10,4015.0,40150.0
2021092705002829,JBLB,7,39,10,4005.1,40051.0
2021092705002828,JBLB,36,39,10,4005.1,40051.0
2021092705002839,JBLB,32,45,10,4005.0,40050.0
2021092705002836,JBLB,32,49,10,4005.0,40050.0
2021092705002835,JBLB,17,50,20,4020.0,80400.0
2021092705002841,JBLB,32,29,10,4005.0,40050.0
2021092705002840,JBLB,32,13,10,4005.0,40050.0
2021092705002850,JBLB,32,35,45,4005.0,180225.0
2021092705002857,JBLB,35,50,10,4005.0,40050.0
2021092705002856,JBLB,34,50,20,4005.0,80100.0
2021092705002855,JBLB,32,50,15,4005.0,60075.0
2021092705002867,JBLB,42,50,10,4005.0,40050.0
2021092705002863,JBLB,36,48,10,4002.0,40020.0
2021092705002878,JBLB,57,19,10,4004.0,40040.0
2021092705002876,JBLB,22,49,10,4003.0,40030.0
2021092705002874,JBLB,50,32,10,4002.0,40020.0
2021092705002889,JBLB,40,51,10,4004.0,40040.0
2021092705002915,JBLB,13,50,10,4001.0,40010.0
2021092705002914,JBLB,50,50,20,4001.0,80020.0
2021092705002913,JBLB,19,50,20,4001.0,80020.0
2021092705002912,JBLB,16,50,10,4001.0,40010.0
2021092705002911,JBLB,56,50,10,4001.0,40010.0
2021092705002910,JBLB,50,29,10,4002.0,40020.0
2021092705002921,JBLB,8,50,25,4000.0,100000.0
2021092705002920,JBLB,53,50,100,4000.0,400000.0
2021092705002919,JBLB,22,50,10,4000.1,40001.0
2021092705002918,JBLB,59,50,10,4001.0,40010.0
2021092705002917,JBLB,46,50,20,4001.0,80020.0
2021092705002916,JBLB,33,50,50,4001.0,200050.0
2021092705002933,JBLB,54,29,10,4000.0,40000.0
2021092705002932,JBLB,8,16,10,4000.0,40000.0
2021092705002923,JBLB,8,17,10,4000.0,40000.0
2021092705002936,JBLB,54,7,10,4002.0,40020.0
2021092705002935,JBLB,54,25,10,4002.0,40020.0
2021092705002947,JBLB,25,50,15,4000.0,60000.0
2021092705002946,JBLB,47,50,20,4000.0,80000.0
2021092705002945,JBLB,52,50,20,4000.0,80000.0
2021092705002944,JBLB,48,50,20,4000.1,80002.0
2021092705002952,JBLB,42,39,10,4001.0,40010.0
2021092705002961,JBLB,6,50,10,4005.0,40050.0
2021092705002960,JBLB,42,14,10,4001.0,40010.0
2021092705002989,JBLB,39,53,10,4005.0,40050.0
2021092705002988,JBLB,39,21,10,4001.0,40010.0
2021092705002965,JBLB,42,29,10,4001.0,40010.0
2021092705002994,JBLB,39,21,10,4020.0,40200.0
2021092705002993,JBLB,39,57,10,4020.0,40200.0
2021092705002992,JBLB,39,49,10,4010.0,40100.0
2021092705002991,JBLB,39,32,10,4010.0,40100.0
2021092705002990,JBLB,39,42,10,4005.0,40050.0
2021092705003000,JBLB,10,57,20,4000.2,80004.0
2021092705002996,JBLB,34,34,20,4000.2,80004.0
2021092705003008,JBLB,45,57,30,4000.2,120006.0
2021092705003018,JBLB,32,29,10,4001.0,40010.0
2021092705003039,JBLB,26,29,10,4002.0,40020.0
2021092705003075,JBLB,7,44,10,4001.1,40011.0
2021092705003080,JBLB,3,58,10,4002.0,40020.0
2021092705003100,JBLB,39,5,10,4002.0,40020.0
2021092705003099,JBLB,17,22,20,4020.0,80400.0
2021092705003098,JBLB,17,35,10,4020.0,40200.0
2021092705003101,JBLB,45,5,20,4002.0,80040.0
2021092705003117,JBLB,43,45,10,4003.0,40030.0
2021092705003116,JBLB,40,45,50,4003.0,200150.0
2021092705003115,JBLB,53,45,10,4005.0,40050.0
2021092705003122,JBLB,3,45,20,4002.0,80040.0
2021092705003121,JBLB,45,45,55,4002.0,220110.0
2021092705003120,JBLB,38,45,10,4002.0,40020.0
2021092705003119,JBLB,38,45,20,4002.1,80042.0
2021092705003118,JBLB,42,45,10,4002.2,40022.0
2021092705003139,JBLB,28,8,10,4004.0,40040.0
2021092705003138,JBLB,28,49,10,4004.0,40040.0
2021092705003137,JBLB,28,29,10,4004.0,40040.0
2021092705003146,JBLB,39,21,50,4010.0,200500.0
2021092705003159,JBLB,40,8,10,4020.0,40200.0
2021092705003155,JBLB,1,58,10,4010.0,40100.0
2021092705003162,JBLB,38,49,10,4020.0,40200.0
2021092705003179,JBLB,41,36,10,4020.0,40200.0
2021092705003177,JBLB,57,16,10,4012.0,40120.0
2021092705003186,JBLB,1,48,10,4020.0,40200.0
2021092705003183,JBLB,1,58,10,4020.0,40200.0
2021092705003182,JBLB,1,25,20,4020.0,80400.0
2021092705003211,JBLB,57,38,10,4012.0,40120.0
2021092705003225,JBLB,38,29,10,4012.0,40120.0
2021092705003218,JBLB,32,49,10,4012.0,40120.0
2021092705003215,JBLB,14,38,10,4020.0,40200.0
2021092705003229,JBLB,57,45,10,4011.0,40110.0
2021092705003227,JBLB,38,36,10,4012.0,40120.0
2021092705003226,JBLB,28,52,10,4015.0,40150.0
2021092705003240,JBLB,42,35,10,4021.0,40210.0
2021092705003234,JBLB,42,29,10,4013.0,40130.0
2021092705003253,JBLB,42,41,10,4013.0,40130.0
2021092705003248,JBLB,6,29,10,4015.0,40150.0
2021092705003278,JBLB,26,38,10,4012.0,40120.0
2021092705003284,MKLB,10,58,10,1593.7,15937.0
2021092705003281,MKLB,10,47,10,1593.7,15937.0
2021092705003024,MKLB,10,58,10,1593.7,15937.0
2021092705002887,MKLB,10,45,10,1593.7,15937.0
2021092705003289,SLI,32,1,50,564.0,28200.0
2021092705003288,SLI,21,1,149,564.0,84036.0
2021092705003282,SLI,21,4,10,564.0,5640.0
2021092705002794,SLI,51,29,10,569.0,5690.0
2021092705002793,SLI,7,34,10,570.0,5700.0
2021092705002792,SLI,7,1,10,570.0,5700.0
2021092705002791,SLI,7,49,10,570.0,5700.0
2021092705002790,SLI,7,3,10,570.0,5700.0
2021092705002804,SLI,51,36,10,569.0,5690.0
2021092705002803,SLI,51,29,10,569.0,5690.0
2021092705002802,SLI,39,28,10,570.0,5700.0
2021092705002801,SLI,39,52,10,570.0,5700.0
2021092705002800,SLI,51,21,10,569.0,5690.0
2021092705002797,SLI,51,38,10,569.0,5690.0
2021092705002811,SLI,58,5,5,568.0,2840.0
2021092705002810,SLI,38,5,20,568.1,11362.0
2021092705002809,SLI,38,5,25,568.2,14205.0
2021092705002808,SLI,54,3,10,569.0,5690.0
2021092705002824,SLI,44,36,10,569.0,5690.0
2021092705002823,SLI,44,45,10,569.0,5690.0
2021092705002820,SLI,44,36,10,569.0,5690.0
2021092705002813,SLI,44,36,10,569.0,5690.0
2021092705002812,SLI,46,3,10,568.0,5680.0
2021092705002832,SLI,44,16,10,569.0,5690.0
2021092705002827,SLI,44,29,10,569.0,5690.0
2021092705002826,SLI,44,58,10,569.0,5690.0
2021092705002825,SLI,44,3,10,569.0,5690.0
2021092705002838,SLI,44,29,10,569.0,5690.0
2021092705002834,SLI,44,26,10,569.0,5690.0
2021092705002833,SLI,44,36,10,569.0,5690.0
2021092705002847,SLI,44,29,10,569.0,5690.0
2021092705002846,SLI,44,58,10,569.0,5690.0
2021092705002843,SLI,44,49,10,569.0,5690.0
2021092705002842,SLI,44,29,10,569.0,5690.0
2021092705002854,SLI,44,34,10,569.0,5690.0
2021092705002853,SLI,44,29,10,569.0,5690.0
2021092705002852,SLI,44,19,10,569.0,5690.0
2021092705002851,SLI,44,49,10,569.0,5690.0
2021092705002849,SLI,44,29,10,569.0,5690.0
2021092705002862,SLI,44,29,10,569.0,5690.0
2021092705002860,SLI,55,50,40,571.0,22840.0
2021092705002859,SLI,55,58,10,570.0,5700.0
2021092705002870,SLI,44,38,10,569.0,5690.0
2021092705002869,SLI,44,26,10,569.0,5690.0
2021092705002866,SLI,44,57,10,569.0,5690.0
2021092705002865,SLI,58,29,10,569.1,5691.0
2021092705002882,SLI,44,1,603,569.0,343107.0
2021092705002877,SLI,44,29,10,569.0,5690.0
2021092705002873,SLI,44,29,10,569.0,5690.0
2021092705002891,SLI,46,29,10,568.0,5680.0
2021092705002888,SLI,46,29,10,568.0,5680.0
2021092705002886,SLI,32,1,20,569.0,11380.0
2021092705002884,SLI,46,29,10,568.0,5680.0
2021092705002883,SLI,46,29,10,568.0,5680.0
2021092705002934,SLI,46,58,10,568.0,5680.0
2021092705002931,SLI,46,29,10,568.0,5680.0
2021092705002922,SLI,46,57,10,568.0,5680.0
2021092705002942,SLI,33,47,10,568.0,5680.0
2021092705002939,SLI,46,29,10,568.0,5680.0
2021092705002938,SLI,46,29,10,568.0,5680.0
2021092705002937,SLI,46,38,10,568.0,5680.0
2021092705002948,SLI,33,29,10,568.0,5680.0
2021092705002943,SLI,33,41,10,568.0,5680.0
2021092705002955,SLI,33,45,10,568.0,5680.0
2021092705002953,SLI,33,29,10,568.0,5680.0
2021092705002951,SLI,33,29,10,568.0,5680.0
2021092705002950,SLI,33,16,10,568.0,5680.0
2021092705002949,SLI,33,16,10,568.0,5680.0
2021092705002959,SLI,33,29,10,568.0,5680.0
2021092705002958,SLI,33,29,10,568.0,5680.0
2021092705002957,SLI,33,29,10,568.0,5680.0
2021092705002956,SLI,33,38,10,568.0,5680.0
2021092705002964,SLI,33,21,10,568.0,5680.0
2021092705002963,SLI,33,29,10,568.0,5680.0
2021092705002962,SLI,33,10,50,568.0,28400.0
2021092705002995,SLI,33,49,10,568.0,5680.0
2021092705003005,SLI,33,51,10,568.0,5680.0
2021092705003003,SLI,57,1,20,569.0,11380.0
2021092705003002,SLI,33,29,10,568.0,5680.0
2021092705002998,SLI,33,58,10,568.0,5680.0
2021092705003014,SLI,33,19,10,568.0,5680.0
2021092705003013,SLI,33,29,10,568.0,5680.0
2021092705003010,SLI,33,21,10,568.0,5680.0
2021092705003009,SLI,33,29,10,568.0,5680.0
2021092705003007,SLI,33,29,10,568.0,5680.0
2021092705003022,SLI,33,49,10,568.0,5680.0
2021092705003021,SLI,33,29,10,568.0,5680.0
2021092705003020,SLI,33,57,10,568.0,5680.0
2021092705003016,SLI,33,29,10,568.0,5680.0
2021092705003015,SLI,33,34,10,568.0,5680.0
2021092705003032,SLI,40,58,10,568.0,5680.0
2021092705003029,SLI,40,4,10,568.0,5680.0
2021092705003028,SLI,40,57,10,568.0,5680.0
2021092705003026,SLI,40,57,10,568.0,5680.0
2021092705003025,SLI,33,47,10,568.0,5680.0
2021092705003023,SLI,33,29,10,568.0,5680.0
2021092705003038,SLI,40,47,10,568.0,5680.0
2021092705003037,SLI,40,46,10,568.0,5680.0
2021092705003035,SLI,40,51,10,568.0,5680.0
2021092705003034,SLI,40,19,10,568.0,5680.0
2021092705003033,SLI,40,29,10,568.0,5680.0
2021092705003045,SLI,58,1,20,568.0,11360.0
2021092705003044,SLI,59,1,30,568.0,17040.0
2021092705003043,SLI,41,1,30,568.0,17040.0
2021092705003042,SLI,45,1,500,568.0,284000.0
2021092705003041,SLI,40,1,100,568.0,56800.0
2021092705003040,SLI,40,58,10,568.0,5680.0
2021092705003051,SLI,43,1,20,567.0,11340.0
2021092705003050,SLI,32,1,10,567.0,5670.0
2021092705003049,SLI,58,1,200,567.0,113400.0
2021092705003048,SLI,14,1,100,567.0,56700.0
2021092705003047,SLI,13,1,20,567.0,11340.0
2021092705003046,SLI,35,1,15,568.0,8520.0
2021092705003057,SLI,22,1,10,566.0,5660.0
2021092705003056,SLI,25,1,10,566.0,5660.0
2021092705003055,SLI,39,1,10,566.0,5660.0
2021092705003054,SLI,54,1,300,566.6,169980.0
2021092705003053,SLI,17,1,10,567.0,5670.0
2021092705003052,SLI,19,1,10,567.0,5670.0
2021092705003063,SLI,4,1,100,565.0,56500.0
2021092705003062,SLI,21,1,20,565.0,11300.0
2021092705003061,SLI,25,1,10,565.0,5650.0
2021092705003060,SLI,50,1,30,565.0,16950.0
2021092705003059,SLI,58,1,20,565.0,11300.0
2021092705003058,SLI,56,1,100,566.0,56600.0
2021092705003069,SLI,52,1,50,565.0,28250.0
2021092705003068,SLI,21,1,50,565.0,28250.0
2021092705003067,SLI,34,1,25,565.0,14125.0
2021092705003066,SLI,43,1,100,565.0,56500.0
2021092705003065,SLI,14,1,10,565.0,5650.0
2021092705003064,SLI,35,1,10,565.0,5650.0
2021092705003074,SLI,41,29,10,565.0,5650.0
2021092705003073,SLI,41,1,20,565.0,11300.0
2021092705003072,SLI,42,1,10,565.0,5650.0
2021092705003071,SLI,35,1,10,565.0,5650.0
2021092705003070,SLI,58,1,50,565.0,28250.0
2021092705003094,SLI,58,46,10,565.0,5650.0
2021092705003093,SLI,58,46,10,565.0,5650.0
2021092705003079,SLI,18,29,10,564.0,5640.0
2021092705003078,SLI,41,1,10,565.0,5650.0
2021092705003077,SLI,41,29,10,565.0,5650.0
2021092705003097,SLI,46,29,10,564.0,5640.0
2021092705003096,SLI,22,38,10,564.0,5640.0
2021092705003095,SLI,18,29,10,564.0,5640.0
2021092705003109,SLI,22,29,10,563.5,5635.0
2021092705003108,SLI,22,51,10,563.5,5635.0
2021092705003107,SLI,22,49,10,563.5,5635.0
2021092705003104,SLI,22,29,10,563.5,5635.0
2021092705003103,SLI,22,38,10,563.5,5635.0
2021092705003114,SLI,22,29,10,563.5,5635.0
2021092705003113,SLI,52,45,10,564.0,5640.0
2021092705003111,SLI,22,38,10,563.5,5635.0
2021092705003124,SLI,22,1,10,563.5,5635.0
2021092705003131,SLI,25,41,10,565.0,5650.0
2021092705003130,SLI,25,42,10,565.0,5650.0
2021092705003129,SLI,25,4,10,565.0,5650.0
2021092705003128,SLI,25,46,10,565.0,5650.0
2021092705003127,SLI,22,59,10,563.5,5635.0
2021092705003126,SLI,22,38,10,563.5,5635.0
2021092705003143,SLI,45,57,50,568.0,28400.0
2021092705003136,SLI,25,58,10,565.0,5650.0
2021092705003134,SLI,25,41,10,565.0,5650.0
2021092705003153,SLI,55,21,10,568.0,5680.0
2021092705003152,SLI,51,51,10,568.0,5680.0
2021092705003151,SLI,25,38,10,565.0,5650.0
2021092705003150,SLI,25,29,10,565.0,5650.0
2021092705003147,SLI,25,29,10,565.0,5650.0
2021092705003160,SLI,25,29,10,565.0,5650.0
2021092705003158,SLI,25,44,10,565.0,5650.0
2021092705003157,SLI,25,33,10,565.0,5650.0
2021092705003154,SLI,25,26,10,565.0,5650.0
2021092705003172,SLI,54,57,10,565.1,5651.0
2021092705003169,SLI,54,29,10,565.1,5651.0
2021092705003168,SLI,25,16,10,565.0,5650.0
2021092705003165,SLI,25,29,10,565.0,5650.0
2021092705003163,SLI,25,33,10,565.0,5650.0
2021092705003180,SLI,33,29,10,564.0,5640.0
2021092705003176,SLI,33,29,10,564.0,5640.0
2021092705003174,SLI,45,57,10,565.0,5650.0
2021092705003173,SLI,25,57,40,565.0,22600.0
2021092705003191,SLI,33,49,10,564.0,5640.0
2021092705003184,SLI,33,29,10,564.0,5640.0
2021092705003181,SLI,33,26,10,564.0,5640.0
2021092705003212,SLI,33,29,10,564.0,5640.0
2021092705003196,SLI,7,8,10,565.0,5650.0
2021092705003194,SLI,7,35,10,565.0,5650.0
2021092705003193,SLI,7,45,10,565.0,5650.0
2021092705003192,SLI,7,57,20,565.0,11300.0
2021092705003219,SLI,33,29,10,564.0,5640.0
2021092705003216,SLI,33,53,10,564.0,5640.0
2021092705003214,SLI,33,29,10,564.0,5640.0
2021092705003233,SLI,33,48,10,564.0,5640.0
2021092705003230,SLI,33,53,10,564.0,5640.0
2021092705003228,SLI,33,35,10,564.0,5640.0
2021092705003241,SLI,58,29,10,564.0,5640.0
2021092705003239,SLI,58,8,50,564.0,28200.0
2021092705003236,SLI,58,58,20,564.0,11280.0
2021092705003235,SLI,33,58,30,564.0,16920.0
2021092705003247,SLI,53,21,10,565.0,5650.0
2021092705003245,SLI,21,8,226,564.0,127464.0
2021092705003244,SLI,58,8,10,564.0,5640.0
2021092705003242,SLI,58,29,10,564.0,5640.0
2021092705003260,SLI,21,53,10,564.0,5640.0
2021092705003259,SLI,34,45,10,565.0,5650.0
2021092705003257,SLI,34,55,10,565.0,5650.0
2021092705003256,SLI,34,11,10,565.0,5650.0
2021092705003255,SLI,34,49,10,565.0,5650.0
2021092705003254,SLI,34,49,10,565.0,5650.0
2021092705003280,SLI,21,49,10,564.0,5640.0
2021092705003276,SLI,21,29,10,564.0,5640.0
2021092705003274,SLI,59,25,40,565.0,22600.0
2021092705003272,SLI,44,58,40,565.0,22600.0
2021092705003265,SLI,21,29,10,564.0,5640.0
2021092705003287,ULI,33,49,10,577.0,5770.0
2021092705003279,ULI,33,49,10,577.0,5770.0
2021092705003277,ULI,33,26,10,577.0,5770.0
2021092705003275,ULI,33,29,10,577.0,5770.0
2021092705003273,ULI,33,29,10,577.0,5770.0
2021092705003271,ULI,33,35,10,577.0,5770.0
2021092705002805,ULI,59,35,10,584.0,5840.0
2021092705002799,ULI,22,49,10,584.0,5840.0
2021092705002798,ULI,21,29,10,584.0,5840.0
2021092705002795,ULI,21,34,10,584.0,5840.0
2021092705002821,ULI,11,32,10,585.0,5850.0
2021092705002819,ULI,11,58,10,585.0,5850.0
2021092705002818,ULI,11,55,60,584.0,35040.0
2021092705002816,ULI,38,55,10,584.0,5840.0
2021092705002815,ULI,40,55,10,584.0,5840.0
2021092705002814,ULI,59,55,20,584.0,11680.0
2021092705002845,ULI,11,18,10,585.0,5850.0
2021092705002844,ULI,11,38,10,585.0,5850.0
2021092705002837,ULI,11,29,10,585.0,5850.0
2021092705002831,ULI,11,57,10,585.0,5850.0
2021092705002830,ULI,34,29,10,585.1,5851.0
2021092705002822,ULI,34,4,10,585.1,5851.0
2021092705002871,ULI,11,38,10,585.0,5850.0
2021092705002868,ULI,11,49,10,585.0,5850.0
2021092705002864,ULI,11,29,10,585.0,5850.0
2021092705002861,ULI,11,29,10,585.0,5850.0
2021092705002858,ULI,11,28,10,585.0,5850.0
2021092705002848,ULI,11,51,10,585.0,5850.0
2021092705002885,ULI,58,17,10,585.1,5851.0
2021092705002881,ULI,11,29,10,585.0,5850.0
2021092705002880,ULI,11,29,10,585.0,5850.0
2021092705002879,ULI,11,1,10,585.0,5850.0
2021092705002875,ULI,11,29,10,585.0,5850.0
2021092705002872,ULI,11,4,10,585.0,5850.0
2021092705002896,ULI,56,1,10,583.1,5831.0
2021092705002895,ULI,38,1,25,583.2,14580.0
2021092705002894,ULI,44,1,50,583.3,29165.0
2021092705002893,ULI,7,1,10,585.0,5850.0
2021092705002892,ULI,11,1,260,585.0,152100.0
2021092705002890,ULI,11,57,10,585.0,5850.0
2021092705002902,ULI,35,1,25,583.0,14575.0
2021092705002901,ULI,34,1,50,583.0,29150.0
2021092705002900,ULI,25,1,10,583.0,5830.0
2021092705002899,ULI,22,1,100,583.0,58300.0
2021092705002898,ULI,58,1,60,583.0,34980.0
2021092705002897,ULI,35,1,40,583.0,23320.0
2021092705002908,ULI,19,1,10,581.0,5810.0
2021092705002907,ULI,57,1,200,581.0,116200.0
2021092705002906,ULI,29,1,10,582.0,5820.0
2021092705002905,ULI,34,1,100,582.0,58200.0
2021092705002904,ULI,37,1,30,582.1,17463.0
2021092705002903,ULI,48,1,10,583.0,5830.0
2021092705002928,ULI,22,45,10,590.0,5900.0
2021092705002927,ULI,22,51,10,590.0,5900.0
2021092705002926,ULI,22,48,10,589.0,5890.0
2021092705002925,ULI,19,51,30,581.0,17430.0
2021092705002924,ULI,43,51,20,585.1,11702.0
2021092705002909,ULI,19,51,10,581.0,5810.0
2021092705002966,ULI,19,1,20,581.0,11620.0
2021092705002954,ULI,19,47,10,581.0,5810.0
2021092705002941,ULI,19,29,10,581.0,5810.0
2021092705002940,ULI,19,38,10,581.0,5810.0
2021092705002930,ULI,22,34,10,590.0,5900.0
2021092705002929,ULI,22,49,10,590.0,5900.0
2021092705002972,ULI,37,1,100,580.0,58000.0
2021092705002971,ULI,42,1,10,580.0,5800.0
2021092705002970,ULI,35,1,70,580.1,40607.0
2021092705002969,ULI,28,1,250,580.1,145025.0
2021092705002968,ULI,3,1,100,580.2,58020.0
2021092705002967,ULI,43,1,20,580.3,11606.0
2021092705002978,ULI,34,1,30,580.0,17400.0
2021092705002977,ULI,14,1,20,580.0,11600.0
2021092705002976,ULI,28,1,20,580.0,11600.0
2021092705002975,ULI,52,1,15,580.0,8700.0
2021092705002974,ULI,42,1,50,580.0,29000.0
2021092705002973,ULI,33,1,10,580.0,5800.0
2021092705002984,ULI,43,1,100,580.0,58000.0
2021092705002983,ULI,10,1,10,580.0,5800.0
2021092705002982,ULI,19,1,50,580.0,29000.0
2021092705002981,ULI,22,1,10,580.0,5800.0
2021092705002980,ULI,38,1,20,580.0,11600.0
2021092705002979,ULI,22,1,50,580.0,29000.0
2021092705003001,ULI,58,29,10,579.0,5790.0
2021092705002999,ULI,58,29,10,579.0,5790.0
2021092705002997,ULI,58,38,10,579.0,5790.0
2021092705002987,ULI,58,51,10,579.0,5790.0
2021092705002986,ULI,19,1,30,580.0,17400.0
2021092705002985,ULI,42,1,10,580.0,5800.0
2021092705003019,ULI,58,51,10,581.0,5810.0
2021092705003017,ULI,43,17,10,580.1,5801.0
2021092705003012,ULI,41,29,10,580.0,5800.0
2021092705003011,ULI,41,29,10,580.0,5800.0
2021092705003006,ULI,58,29,10,579.0,5790.0
2021092705003004,ULI,58,29,10,579.0,5790.0
2021092705003081,ULI,28,1,50,581.0,29050.0
2021092705003076,ULI,28,29,10,581.0,5810.0
2021092705003036,ULI,28,19,10,581.0,5810.0
2021092705003031,ULI,28,29,10,581.0,5810.0
2021092705003030,ULI,28,47,10,581.0,5810.0
2021092705003027,ULI,28,29,10,581.0,5810.0
2021092705003087,ULI,41,1,100,580.0,58000.0
2021092705003086,ULI,33,1,200,580.0,116000.0
2021092705003085,ULI,41,1,30,580.0,17400.0
2021092705003084,ULI,43,1,10,580.1,5801.0
2021092705003083,ULI,48,1,"1,000",580.1,580100.0
2021092705003082,ULI,43,1,10,580.2,5802.0
2021092705003102,ULI,33,49,10,579.0,5790.0
2021092705003092,ULI,33,29,10,579.0,5790.0
2021092705003091,ULI,33,1,40,579.0,23160.0
2021092705003090,ULI,17,1,10,579.0,5790.0
2021092705003089,ULI,58,1,40,579.0,23160.0
2021092705003088,ULI,35,1,10,580.0,5800.0
2021092705003125,ULI,43,59,10,578.2,5782.0
2021092705003123,ULI,33,38,10,579.0,5790.0
2021092705003112,ULI,43,29,10,581.0,5810.0
2021092705003110,ULI,33,56,10,579.0,5790.0
2021092705003106,ULI,33,29,10,579.0,5790.0
2021092705003105,ULI,33,44,10,579.0,5790.0
2021092705003142,ULI,45,29,10,579.0,5790.0
2021092705003141,ULI,41,29,10,580.0,5800.0
2021092705003140,ULI,41,51,10,580.0,5800.0
2021092705003135,ULI,43,29,10,578.2,5782.0
2021092705003133,ULI,43,29,10,578.2,5782.0
2021092705003132,ULI,43,29,10,578.2,5782.0
2021092705003161,ULI,33,29,10,579.0,5790.0
2021092705003156,ULI,45,29,10,579.0,5790.0
2021092705003149,ULI,45,29,10,579.0,5790.0
2021092705003148,ULI,48,41,10,580.0,5800.0
2021092705003145,ULI,45,29,10,579.0,5790.0
2021092705003144,ULI,45,29,10,579.0,5790.0
2021092705003175,ULI,33,35,10,579.0,5790.0
2021092705003171,ULI,33,29,10,579.0,5790.0
2021092705003170,ULI,33,29,10,579.0,5790.0
2021092705003167,ULI,6,29,10,584.0,5840.0
2021092705003166,ULI,6,57,10,584.0,5840.0
2021092705003164,ULI,6,41,10,584.0,5840.0
2021092705003190,ULI,33,29,10,579.0,5790.0
2021092705003189,ULI,33,29,10,579.0,5790.0
2021092705003188,ULI,33,29,10,579.0,5790.0
2021092705003187,ULI,33,29,10,579.0,5790.0
2021092705003185,ULI,33,29,10,579.0,5790.0
2021092705003178,ULI,33,29,10,579.0,5790.0
2021092705003201,ULI,25,1,20,578.0,11560.0
2021092705003200,ULI,50,1,40,578.0,23120.0
2021092705003199,ULI,44,1,80,578.0,46240.0
2021092705003198,ULI,44,29,10,578.0,5780.0
2021092705003197,ULI,44,21,10,578.0,5780.0
2021092705003195,ULI,43,29,10,578.2,5782.0
2021092705003207,ULI,19,1,10,577.0,5770.0
2021092705003206,ULI,43,1,500,577.0,288500.0
2021092705003205,ULI,45,1,40,577.0,23080.0
2021092705003204,ULI,43,1,50,577.1,28855.0
2021092705003203,ULI,55,1,100,577.1,57710.0
2021092705003202,ULI,48,1,10,578.0,5780.0
2021092705003220,ULI,51,29,10,576.5,5765.0
2021092705003217,ULI,51,1,10,576.5,5765.0
2021092705003213,ULI,51,29,10,576.5,5765.0
2021092705003210,ULI,51,1,40,576.5,23060.0
2021092705003209,ULI,14,1,10,577.0,5770.0
2021092705003208,ULI,43,1,100,577.0,57700.0
2021092705003232,ULI,51,29,10,576.5,5765.0
2021092705003231,ULI,45,29,10,578.0,5780.0
2021092705003224,ULI,58,47,10,579.0,5790.0
2021092705003223,ULI,58,48,10,579.0,5790.0
2021092705003222,ULI,51,51,10,576.5,5765.0
2021092705003221,ULI,51,29,10,576.5,5765.0
2021092705003250,ULI,51,29,10,576.5,5765.0
2021092705003249,ULI,38,29,10,578.0,5780.0
2021092705003246,ULI,38,48,10,578.0,5780.0
2021092705003243,ULI,38,29,10,578.0,5780.0
2021092705003238,ULI,51,29,10,576.5,5765.0
2021092705003237,ULI,51,29,10,576.5,5765.0
2021092705003263,ULI,51,29,10,576.5,5765.0
2021092705003262,ULI,51,29,10,576.5,5765.0
2021092705003261,ULI,51,29,10,576.5,5765.0
2021092705003258,ULI,51,29,10,576.5,5765.0
2021092705003252,ULI,51,29,10,576.5,5765.0
2021092705003251,ULI,51,29,10,576.5,5765.0
2021092705003270,ULI,33,56,10,577.0,5770.0
2021092705003269,ULI,33,47,50,576.5,28825.0
2021092705003268,ULI,21,29,10,576.3,5763.0
2021092705003267,ULI,26,29,10,576.3,5763.0
2021092705003266,ULI,26,29,10,576.3,5763.0
2021092705003264,ULI,51,29,10,576.5,5765.0
2021092705002297,JBLB,22,38,10,4045.0,40450.0
2021092705002310,JBLB,48,34,10,4045.0,40450.0
2021092705002308,JBLB,22,45,10,4045.0,40450.0
2021092705002304,JBLB,6,48,10,4046.0,40460.0
2021092705002358,JBLB,59,54,10,4045.0,40450.0
2021092705002359,JBLB,59,3,10,4045.0,40450.0
2021092705002369,JBLB,35,48,10,4046.0,40460.0
2021092705002368,JBLB,35,47,10,4045.0,40450.0
2021092705002378,JBLB,17,45,10,4046.0,40460.0
2021092705002376,JBLB,17,45,10,4046.0,40460.0
2021092705002375,JBLB,17,21,10,4046.0,40460.0
2021092705002374,JBLB,17,48,20,4046.0,80920.0
2021092705002387,JBLB,59,58,10,4048.0,40480.0
2021092705002384,JBLB,17,49,10,4046.0,40460.0
2021092705002383,JBLB,17,59,10,4046.0,40460.0
2021092705002392,JBLB,32,34,10,4050.0,40500.0
2021092705002391,JBLB,32,44,10,4050.0,40500.0
2021092705002390,JBLB,32,56,10,4050.0,40500.0
2021092705002389,JBLB,32,29,20,4050.0,81000.0
2021092705002408,JBLB,58,45,10,4050.0,40500.0
2021092705002405,JBLB,39,29,10,4047.0,40470.0
2021092705002403,JBLB,32,21,30,4050.0,121500.0
2021092705002402,JBLB,32,35,20,4050.0,81000.0
2021092705002413,JBLB,17,36,10,4046.0,40460.0
2021092705002410,JBLB,17,34,10,4046.0,40460.0
2021092705002422,JBLB,59,42,60,4046.0,242760.0
2021092705002421,JBLB,59,21,10,4046.0,40460.0
2021092705002416,JBLB,17,21,10,4046.0,40460.0
2021092705002431,JBLB,59,47,10,4046.0,40460.0
2021092705002426,JBLB,59,51,10,4046.0,40460.0
2021092705002436,JBLB,59,47,10,4046.0,40460.0
2021092705002435,JBLB,26,49,10,4047.0,40470.0
2021092705002445,JBLB,59,59,10,4046.0,40460.0
2021092705002460,JBLB,59,17,10,4046.0,40460.0
2021092705002459,JBLB,34,35,10,4050.0,40500.0
2021092705002455,JBLB,59,39,10,4046.0,40460.0
2021092705002473,JBLB,35,39,10,4046.1,40461.0
2021092705002472,JBLB,35,56,10,4046.1,40461.0
2021092705002480,JBLB,59,45,10,4046.0,40460.0
2021092705002478,JBLB,59,58,10,4046.0,40460.0
2021092705002477,JBLB,59,57,10,4046.0,40460.0
2021092705002482,JBLB,59,49,10,4046.0,40460.0
2021092705002496,JBLB,41,35,20,4046.0,80920.0
2021092705002495,JBLB,59,35,20,4046.0,80920.0
2021092705002493,JBLB,59,21,10,4046.0,40460.0
2021092705002508,JBLB,47,49,10,4046.0,40460.0
2021092705002534,JBLB,22,45,10,4045.0,40450.0
2021092705002539,JBLB,37,34,10,4044.0,40440.0
2021092705002548,JBLB,37,32,10,4044.0,40440.0
2021092705002554,JBLB,22,28,10,4042.0,40420.0
2021092705002553,JBLB,57,28,10,4043.0,40430.0
2021092705002552,JBLB,52,28,10,4043.0,40430.0
2021092705002557,JBLB,58,28,150,4041.0,606150.0
2021092705002556,JBLB,3,28,10,4041.8,40418.0
2021092705002555,JBLB,42,28,10,4042.0,40420.0
2021092705002567,JBLB,45,49,10,4040.0,40400.0
2021092705002566,JBLB,7,52,45,4041.0,181845.0
2021092705002565,JBLB,58,52,55,4041.0,222255.0
2021092705002561,JBLB,58,14,10,4041.0,40410.0
2021092705002572,JBLB,26,38,10,4040.0,40400.0
2021092705002569,JBLB,26,17,10,4040.0,40400.0
2021092705002581,JBLB,17,41,10,4041.0,40410.0
2021092705002578,JBLB,17,58,10,4041.0,40410.0
2021092705002576,JBLB,51,57,10,4040.0,40400.0
2021092705002575,JBLB,51,26,10,4040.0,40400.0
2021092705002587,JBLB,17,58,10,4041.0,40410.0
2021092705002582,JBLB,17,32,10,4041.0,40410.0
2021092705002598,JBLB,17,42,10,4041.0,40410.0
2021092705002617,JBLB,16,45,20,4040.0,80800.0
2021092705002622,JBLB,42,45,10,4040.0,40400.0
2021092705002619,JBLB,42,45,20,4040.0,80800.0
2021092705002618,JBLB,45,45,10,4040.0,40400.0
2021092705002645,JBLB,42,16,10,4040.0,40400.0
2021092705002640,JBLB,42,32,10,4040.0,40400.0
2021092705002635,JBLB,42,39,10,4040.0,40400.0
2021092705002653,JBLB,42,7,10,4040.0,40400.0
2021092705002659,JBLB,39,58,10,4043.0,40430.0
2021092705002658,JBLB,39,52,10,4041.0,40410.0
2021092705002664,JBLB,33,41,10,4040.0,40400.0
2021092705002663,JBLB,42,1,10,4040.0,40400.0
2021092705002662,JBLB,42,58,20,4040.0,80800.0
2021092705002674,JBLB,57,42,10,4042.0,40420.0
2021092705002671,JBLB,16,1,10,4040.0,40400.0
2021092705002670,JBLB,16,58,10,4040.0,40400.0
2021092705002694,JBLB,36,47,10,4040.0,40400.0
2021092705002704,JBLB,38,29,10,4038.0,40380.0
2021092705002703,JBLB,38,44,10,4038.0,40380.0
2021092705002701,JBLB,5,41,10,4039.0,40390.0
2021092705002711,JBLB,35,8,10,4039.0,40390.0
2021092705002710,JBLB,35,34,10,4039.0,40390.0
2021092705002722,JBLB,33,16,10,4038.0,40380.0
2021092705002720,JBLB,38,58,10,4038.0,40380.0
2021092705002713,JBLB,38,58,10,4038.0,40380.0
2021092705002726,JBLB,33,32,10,4038.0,40380.0
2021092705002724,JBLB,33,14,10,4038.0,40380.0
2021092705002723,JBLB,33,32,10,4038.0,40380.0
2021092705002740,JBLB,33,58,40,4035.0,161400.0
2021092705002739,JBLB,17,58,10,4035.0,40350.0
2021092705002735,JBLB,33,53,10,4038.0,40380.0
2021092705002744,JBLB,33,14,10,4035.0,40350.0
2021092705002756,JBLB,44,32,10,4030.0,40300.0
2021092705002755,JBLB,1,32,10,4030.1,40301.0
2021092705002754,JBLB,38,34,10,4035.0,40350.0
2021092705002753,JBLB,13,14,10,4031.0,40310.0
2021092705002762,JBLB,22,38,10,4025.0,40250.0
2021092705002760,JBLB,26,32,20,4030.0,80600.0
2021092705002759,JBLB,58,32,20,4030.0,80600.0
2021092705002758,JBLB,22,32,10,4030.0,40300.0
2021092705002757,JBLB,43,32,10,4030.0,40300.0
2021092705002768,JBLB,14,51,10,4021.0,40210.0
2021092705002764,JBLB,22,56,10,4025.0,40250.0
2021092705002773,JBLB,14,29,10,4021.0,40210.0
2021092705002690,MKLB,10,58,10,1593.7,15937.0
2021092705002612,MKLB,10,40,10,1593.7,15937.0
2021092705002605,MKLB,10,40,10,1593.7,15937.0
2021092705002589,MKLB,10,40,10,1593.7,15937.0
2021092705002423,MKLB,10,35,10,1593.7,15937.0
2021092705002789,SLI,7,20,10,570.0,5700.0
2021092705002788,SLI,7,51,10,570.0,5700.0
2021092705002787,SLI,7,58,10,570.0,5700.0
2021092705002786,SLI,7,26,10,570.0,5700.0
2021092705002785,SLI,7,21,10,570.0,5700.0
2021092705002784,SLI,7,58,10,570.0,5700.0
2021092705002301,SLI,6,45,10,569.0,5690.0
2021092705002300,SLI,6,21,10,569.0,5690.0
2021092705002299,SLI,6,45,10,569.0,5690.0
2021092705002295,SLI,6,36,10,569.0,5690.0
2021092705002294,SLI,6,34,10,569.0,5690.0
2021092705002309,SLI,6,58,10,569.0,5690.0
2021092705002307,SLI,6,58,10,569.0,5690.0
2021092705002305,SLI,7,58,20,569.1,11382.0
2021092705002356,SLI,22,14,10,570.0,5700.0
2021092705002355,SLI,22,21,10,570.0,5700.0
2021092705002354,SLI,6,36,10,569.0,5690.0
2021092705002352,SLI,6,29,10,569.0,5690.0
2021092705002311,SLI,6,48,10,569.0,5690.0
2021092705002366,SLI,5,4,10,570.0,5700.0
2021092705002364,SLI,6,49,10,569.0,5690.0
2021092705002363,SLI,6,36,10,569.0,5690.0
2021092705002361,SLI,6,3,10,569.0,5690.0
2021092705002360,SLI,6,36,10,569.0,5690.0
2021092705002373,SLI,6,6,10,569.0,5690.0
2021092705002371,SLI,6,58,10,569.0,5690.0
2021092705002370,SLI,6,45,10,569.0,5690.0
2021092705002367,SLI,5,58,10,570.0,5700.0
2021092705002380,SLI,6,41,10,569.0,5690.0
2021092705002377,SLI,6,45,10,569.0,5690.0
2021092705002386,SLI,32,52,10,569.1,5691.0
2021092705002385,SLI,32,55,10,569.1,5691.0
2021092705002381,SLI,6,45,10,569.0,5690.0
2021092705002394,SLI,22,58,10,570.0,5700.0
2021092705002393,SLI,22,45,10,570.0,5700.0
2021092705002400,SLI,22,16,10,570.0,5700.0
2021092705002399,SLI,22,42,10,570.0,5700.0
2021092705002398,SLI,22,53,10,570.0,5700.0
2021092705002397,SLI,22,58,10,570.0,5700.0
2021092705002396,SLI,22,17,10,570.0,5700.0
2021092705002395,SLI,22,55,10,570.0,5700.0
2021092705002404,SLI,22,13,10,570.0,5700.0
2021092705002401,SLI,22,48,10,570.0,5700.0
2021092705002415,SLI,38,53,10,570.0,5700.0
2021092705002414,SLI,22,53,20,570.0,11400.0
2021092705002412,SLI,22,59,10,570.0,5700.0
2021092705002411,SLI,22,58,10,570.0,5700.0
2021092705002425,SLI,58,4,10,571.0,5710.0
2021092705002424,SLI,38,11,10,570.0,5700.0
2021092705002420,SLI,38,41,10,570.0,5700.0
2021092705002433,SLI,38,41,10,570.0,5700.0
2021092705002432,SLI,38,16,10,570.0,5700.0
2021092705002428,SLI,38,47,10,571.0,5710.0
2021092705002427,SLI,38,48,10,570.0,5700.0
2021092705002440,SLI,38,58,10,570.0,5700.0
2021092705002438,SLI,38,58,10,570.0,5700.0
2021092705002437,SLI,38,39,10,570.0,5700.0
2021092705002434,SLI,38,58,10,570.0,5700.0
2021092705002446,SLI,7,58,10,570.0,5700.0
2021092705002444,SLI,32,13,10,569.1,5691.0
2021092705002443,SLI,32,39,10,569.1,5691.0
2021092705002442,SLI,38,58,10,570.0,5700.0
2021092705002441,SLI,38,14,10,570.0,5700.0
2021092705002454,SLI,42,58,10,570.0,5700.0
2021092705002453,SLI,42,58,10,570.0,5700.0
2021092705002452,SLI,42,58,10,570.0,5700.0
2021092705002451,SLI,32,39,10,569.1,5691.0
2021092705002450,SLI,32,58,10,569.1,5691.0
2021092705002448,SLI,32,39,10,569.1,5691.0
2021092705002469,SLI,32,43,10,569.1,5691.0
2021092705002466,SLI,32,28,10,569.1,5691.0
2021092705002457,SLI,58,59,10,570.0,5700.0
2021092705002475,SLI,32,43,10,569.1,5691.0
2021092705002474,SLI,32,38,10,569.1,5691.0
2021092705002471,SLI,32,28,10,569.1,5691.0
2021092705002470,SLI,32,28,10,569.1,5691.0
2021092705002481,SLI,32,28,10,569.1,5691.0
2021092705002479,SLI,32,39,10,569.1,5691.0
2021092705002476,SLI,32,58,10,569.1,5691.0
2021092705002489,SLI,32,28,10,569.1,5691.0
2021092705002488,SLI,22,28,10,569.2,5692.0
2021092705002487,SLI,22,19,10,569.2,5692.0
2021092705002486,SLI,22,45,10,569.2,5692.0
2021092705002485,SLI,22,28,10,569.2,5692.0
2021092705002497,SLI,32,51,10,569.1,5691.0
2021092705002491,SLI,32,28,10,569.1,5691.0
2021092705002490,SLI,32,28,10,569.1,5691.0
2021092705002509,SLI,38,58,10,570.0,5700.0
2021092705002503,SLI,32,21,10,569.1,5691.0
2021092705002502,SLI,5,34,10,570.0,5700.0
2021092705002499,SLI,32,58,10,569.1,5691.0
2021092705002498,SLI,32,21,10,569.1,5691.0
2021092705002515,SLI,32,36,10,569.1,5691.0
2021092705002514,SLI,38,4,10,570.0,5700.0
2021092705002513,SLI,38,55,10,570.0,5700.0
2021092705002512,SLI,38,49,10,570.0,5700.0
2021092705002511,SLI,38,58,10,570.0,5700.0
2021092705002510,SLI,38,58,10,570.0,5700.0
2021092705002523,SLI,32,38,10,569.1,5691.0
2021092705002521,SLI,32,32,10,569.1,5691.0
2021092705002520,SLI,32,21,10,569.1,5691.0
2021092705002519,SLI,32,58,10,569.1,5691.0
2021092705002518,SLI,38,56,10,570.0,5700.0
2021092705002516,SLI,32,21,10,569.1,5691.0
2021092705002530,SLI,32,45,10,569.1,5691.0
2021092705002528,SLI,32,42,10,569.1,5691.0
2021092705002527,SLI,32,17,10,569.1,5691.0
2021092705002526,SLI,32,21,10,569.1,5691.0
2021092705002525,SLI,32,52,10,569.1,5691.0
2021092705002524,SLI,32,45,10,569.1,5691.0
2021092705002536,SLI,32,50,10,569.1,5691.0
2021092705002535,SLI,32,42,10,569.1,5691.0
2021092705002533,SLI,32,45,10,569.1,5691.0
2021092705002532,SLI,32,42,10,569.1,5691.0
2021092705002531,SLI,32,4,10,569.1,5691.0
2021092705002542,SLI,55,32,10,570.0,5700.0
2021092705002541,SLI,55,1,10,570.0,5700.0
2021092705002540,SLI,32,42,10,569.1,5691.0
2021092705002538,SLI,32,21,10,569.1,5691.0
2021092705002537,SLI,32,42,10,569.1,5691.0
2021092705002547,SLI,55,21,10,570.0,5700.0
2021092705002546,SLI,55,38,10,570.0,5700.0
2021092705002545,SLI,55,42,10,570.0,5700.0
2021092705002544,SLI,55,58,10,570.0,5700.0
2021092705002543,SLI,55,58,10,570.0,5700.0
2021092705002551,SLI,55,32,10,570.0,5700.0
2021092705002550,SLI,55,50,290,571.0,165590.0
2021092705002549,SLI,55,38,10,571.0,5710.0
2021092705002560,SLI,17,26,10,570.0,5700.0
2021092705002559,SLI,55,17,10,570.0,5700.0
2021092705002558,SLI,55,17,10,570.0,5700.0
2021092705002564,SLI,17,56,10,570.0,5700.0
2021092705002562,SLI,17,58,10,570.0,5700.0
2021092705002574,SLI,17,8,10,570.0,5700.0
2021092705002571,SLI,17,51,10,570.0,5700.0
2021092705002570,SLI,17,38,10,570.0,5700.0
2021092705002568,SLI,17,58,10,570.0,5700.0
2021092705002580,SLI,17,8,10,570.0,5700.0
2021092705002579,SLI,17,19,10,570.0,5700.0
2021092705002586,SLI,6,38,10,570.0,5700.0
2021092705002585,SLI,6,8,10,570.0,5700.0
2021092705002584,SLI,45,50,100,571.0,57100.0
2021092705002583,SLI,17,32,10,570.0,5700.0
2021092705002597,SLI,40,58,10,570.0,5700.0
2021092705002596,SLI,40,8,10,570.0,5700.0
2021092705002593,SLI,40,41,10,570.0,5700.0
2021092705002590,SLI,40,8,10,570.0,5700.0
2021092705002588,SLI,40,8,10,570.0,5700.0
2021092705002611,SLI,40,8,10,570.0,5700.0
2021092705002608,SLI,40,35,10,570.0,5700.0
2021092705002606,SLI,40,58,10,570.0,5700.0
2021092705002604,SLI,40,43,10,570.0,5700.0
2021092705002603,SLI,40,35,10,570.0,5700.0
2021092705002624,SLI,32,17,10,569.1,5691.0
2021092705002623,SLI,32,28,10,569.1,5691.0
2021092705002620,SLI,32,8,10,569.1,5691.0
2021092705002631,SLI,58,49,10,570.0,5700.0
2021092705002630,SLI,58,35,10,570.0,5700.0
2021092705002629,SLI,32,8,10,569.1,5691.0
2021092705002627,SLI,32,51,10,569.1,5691.0
2021092705002626,SLI,32,48,10,569.1,5691.0
2021092705002625,SLI,32,14,10,569.1,5691.0
2021092705002647,SLI,55,41,10,570.0,5700.0
2021092705002646,SLI,55,38,10,570.0,5700.0
2021092705002636,SLI,6,58,10,569.0,5690.0
2021092705002655,SLI,55,17,10,570.0,5700.0
2021092705002652,SLI,55,6,10,570.0,5700.0
2021092705002651,SLI,55,46,10,570.0,5700.0
2021092705002650,SLI,55,49,10,570.0,5700.0
2021092705002648,SLI,55,32,10,570.0,5700.0
2021092705002661,SLI,41,58,10,570.0,5700.0
2021092705002660,SLI,55,3,10,570.0,5700.0
2021092705002657,SLI,55,3,10,570.0,5700.0
2021092705002656,SLI,55,3,10,570.0,5700.0
2021092705002667,SLI,41,3,10,569.1,5691.0
2021092705002666,SLI,41,17,10,569.1,5691.0
2021092705002665,SLI,41,3,10,569.1,5691.0
2021092705002673,SLI,41,14,10,569.1,5691.0
2021092705002672,SLI,41,58,10,569.1,5691.0
2021092705002668,SLI,41,3,10,569.1,5691.0
2021092705002682,SLI,41,21,10,569.1,5691.0
2021092705002680,SLI,55,42,10,570.0,5700.0
2021092705002679,SLI,55,51,10,570.0,5700.0
2021092705002678,SLI,55,14,10,570.0,5700.0
2021092705002677,SLI,41,38,10,569.1,5691.0
2021092705002675,SLI,41,17,10,569.1,5691.0
2021092705002697,SLI,6,14,100,569.0,56900.0
2021092705002696,SLI,41,14,20,569.1,11382.0
2021092705002695,SLI,41,57,10,569.1,5691.0
2021092705002692,SLI,41,58,10,569.1,5691.0
2021092705002691,SLI,41,51,10,569.1,5691.0
2021092705002705,SLI,41,57,10,569.0,5690.0
2021092705002702,SLI,41,46,10,569.0,5690.0
2021092705002698,SLI,41,14,280,569.0,159320.0
2021092705002709,SLI,58,29,10,569.0,5690.0
2021092705002708,SLI,58,29,10,569.0,5690.0
2021092705002707,SLI,58,6,30,569.0,17070.0
2021092705002706,SLI,6,6,20,569.0,11380.0
2021092705002719,SLI,58,29,10,569.0,5690.0
2021092705002714,SLI,58,51,10,569.0,5690.0
2021092705002712,SLI,58,29,10,569.0,5690.0
2021092705002728,SLI,6,17,10,569.0,5690.0
2021092705002727,SLI,58,42,10,569.0,5690.0
2021092705002725,SLI,58,29,10,569.0,5690.0
2021092705002738,SLI,26,56,10,569.0,5690.0
2021092705002736,SLI,26,42,10,569.0,5690.0
2021092705002734,SLI,26,29,10,569.0,5690.0
2021092705002746,SLI,45,49,10,569.0,5690.0
2021092705002745,SLI,45,58,10,569.0,5690.0
2021092705002743,SLI,42,57,20,570.0,11400.0
2021092705002742,SLI,26,50,10,569.0,5690.0
2021092705002741,SLI,26,29,10,569.0,5690.0
2021092705002752,SLI,45,10,10,569.0,5690.0
2021092705002747,SLI,58,57,20,570.0,11400.0
2021092705002761,SLI,45,57,10,569.0,5690.0
2021092705002767,SLI,51,58,10,569.0,5690.0
2021092705002766,SLI,51,38,10,569.0,5690.0
2021092705002765,SLI,51,3,10,569.0,5690.0
2021092705002763,SLI,45,29,10,569.0,5690.0
2021092705002775,SLI,51,29,10,569.0,5690.0
2021092705002774,SLI,51,49,10,569.0,5690.0
2021092705002772,SLI,51,38,10,569.0,5690.0
2021092705002770,SLI,51,21,10,569.0,5690.0
2021092705002769,SLI,51,29,10,569.0,5690.0
2021092705002783,SLI,7,41,10,570.0,5700.0
2021092705002782,SLI,7,38,10,570.0,5700.0
2021092705002781,SLI,7,6,10,570.0,5700.0
2021092705002780,SLI,7,57,110,570.0,62700.0
2021092705002778,SLI,51,51,10,569.0,5690.0
2021092705002777,SLI,51,38,10,569.0,5690.0
2021092705002779,ULI,21,29,10,584.0,5840.0
2021092705002776,ULI,34,21,10,585.0,5850.0
2021092705002771,ULI,34,57,10,585.0,5850.0
2021092705002751,ULI,34,50,10,585.0,5850.0
2021092705002750,ULI,18,3,10,585.0,5850.0
2021092705002749,ULI,22,38,10,585.0,5850.0
2021092705002292,ULI,51,48,10,587.0,5870.0
2021092705002291,ULI,51,45,10,587.0,5870.0
2021092705002290,ULI,19,36,10,586.4,5864.0
2021092705002306,ULI,17,49,10,587.1,5871.0
2021092705002303,ULI,25,34,10,587.5,5875.0
2021092705002302,ULI,51,6,10,587.0,5870.0
2021092705002298,ULI,19,34,10,587.5,5875.0
2021092705002296,ULI,25,41,10,587.5,5875.0
2021092705002293,ULI,51,50,10,587.0,5870.0
2021092705002317,ULI,45,58,10,589.0,5890.0
2021092705002316,ULI,45,21,10,588.0,5880.0
2021092705002315,ULI,45,42,10,588.0,5880.0
2021092705002314,ULI,45,48,10,587.5,5875.0
2021092705002313,ULI,45,52,10,587.4,5874.0
2021092705002312,ULI,17,1,10,587.1,5871.0
2021092705002323,ULI,45,19,10,590.0,5900.0
2021092705002322,ULI,45,53,10,590.0,5900.0
2021092705002321,ULI,45,11,10,590.0,5900.0
2021092705002320,ULI,45,49,10,590.0,5900.0
2021092705002319,ULI,45,17,10,590.0,5900.0
2021092705002318,ULI,45,17,100,589.0,58900.0
2021092705002329,ULI,45,52,10,590.0,5900.0
2021092705002328,ULI,45,39,10,590.0,5900.0
2021092705002327,ULI,45,26,10,590.0,5900.0
2021092705002326,ULI,45,49,10,590.0,5900.0
2021092705002325,ULI,45,49,10,590.0,5900.0
2021092705002324,ULI,45,58,10,590.0,5900.0
2021092705002335,ULI,45,13,10,591.0,5910.0
2021092705002334,ULI,45,34,10,591.0,5910.0
2021092705002333,ULI,45,49,10,590.0,5900.0
2021092705002332,ULI,45,4,10,590.0,5900.0
2021092705002331,ULI,45,33,10,590.0,5900.0
2021092705002330,ULI,45,45,10,590.0,5900.0
2021092705002341,ULI,45,58,10,595.0,5950.0
2021092705002340,ULI,45,1,10,595.0,5950.0
2021092705002339,ULI,45,40,10,593.0,5930.0
2021092705002338,ULI,45,45,10,592.0,5920.0
2021092705002337,ULI,45,38,10,592.0,5920.0
2021092705002336,ULI,45,34,10,591.0,5910.0
2021092705002347,ULI,45,54,10,595.0,5950.0
2021092705002346,ULI,45,58,10,595.0,5950.0
2021092705002345,ULI,45,26,10,595.0,5950.0
2021092705002344,ULI,45,45,10,595.0,5950.0
2021092705002343,ULI,45,4,10,595.0,5950.0
2021092705002342,ULI,45,39,10,595.0,5950.0
2021092705002357,ULI,17,36,10,587.1,5871.0
2021092705002353,ULI,17,29,10,587.1,5871.0
2021092705002351,ULI,45,46,10,595.0,5950.0
2021092705002350,ULI,45,58,10,595.0,5950.0
2021092705002349,ULI,45,7,30,595.0,17850.0
2021092705002348,ULI,45,58,10,595.0,5950.0
2021092705002388,ULI,51,45,10,587.0,5870.0
2021092705002382,ULI,38,41,10,587.1,5871.0
2021092705002379,ULI,17,11,10,587.1,5871.0
2021092705002372,ULI,17,36,10,587.1,5871.0
2021092705002365,ULI,17,36,10,587.1,5871.0
2021092705002362,ULI,17,58,10,587.1,5871.0
2021092705002419,ULI,45,41,10,588.0,5880.0
2021092705002418,ULI,45,56,10,588.0,5880.0
2021092705002417,ULI,45,38,10,588.0,5880.0
2021092705002409,ULI,51,38,10,587.0,5870.0
2021092705002407,ULI,51,5,10,587.0,5870.0
2021092705002406,ULI,51,29,10,587.0,5870.0
2021092705002456,ULI,45,59,10,588.0,5880.0
2021092705002449,ULI,45,43,10,588.0,5880.0
2021092705002447,ULI,45,59,10,588.0,5880.0
2021092705002439,ULI,45,39,10,588.0,5880.0
2021092705002430,ULI,45,16,10,588.0,5880.0
2021092705002429,ULI,45,45,10,588.0,5880.0
2021092705002465,ULI,48,52,10,595.0,5950.0
2021092705002464,ULI,48,28,10,595.0,5950.0
2021092705002463,ULI,48,21,10,595.0,5950.0
2021092705002462,ULI,48,49,10,595.0,5950.0
2021092705002461,ULI,48,38,10,595.0,5950.0
2021092705002458,ULI,7,39,10,588.0,5880.0
2021092705002494,ULI,51,38,10,587.0,5870.0
2021092705002492,ULI,51,42,10,587.0,5870.0
2021092705002484,ULI,38,49,10,588.0,5880.0
2021092705002483,ULI,19,39,10,588.0,5880.0
2021092705002468,ULI,19,6,10,588.0,5880.0
2021092705002467,ULI,38,39,10,588.0,5880.0
2021092705002507,ULI,36,52,10,588.0,5880.0
2021092705002506,ULI,36,3,10,588.0,5880.0
2021092705002505,ULI,48,38,10,587.0,5870.0
2021092705002504,ULI,58,21,10,587.0,5870.0
2021092705002501,ULI,45,42,10,588.0,5880.0
2021092705002500,ULI,45,41,10,588.0,5880.0
2021092705002577,ULI,45,17,10,588.0,5880.0
2021092705002573,ULI,57,19,20,590.0,11800.0
2021092705002563,ULI,45,21,10,588.0,5880.0
2021092705002529,ULI,13,48,40,591.0,23640.0
2021092705002522,ULI,13,49,10,590.0,5900.0
2021092705002517,ULI,48,21,10,587.0,5870.0
2021092705002600,ULI,7,14,10,588.0,5880.0
2021092705002599,ULI,7,22,10,588.0,5880.0
2021092705002595,ULI,14,21,10,586.2,5862.0
2021092705002594,ULI,41,45,20,586.3,11726.0
2021092705002592,ULI,1,55,30,587.0,17610.0
2021092705002591,ULI,48,55,30,587.0,17610.0
2021092705002613,ULI,7,49,10,588.0,5880.0
2021092705002610,ULI,7,21,10,588.0,5880.0
2021092705002609,ULI,7,25,10,588.0,5880.0
2021092705002607,ULI,7,21,10,588.0,5880.0
2021092705002602,ULI,7,21,10,588.0,5880.0
2021092705002601,ULI,7,14,10,588.0,5880.0
2021092705002632,ULI,55,3,10,587.0,5870.0
2021092705002628,ULI,55,3,10,587.0,5870.0
2021092705002621,ULI,55,3,10,587.0,5870.0
2021092705002616,ULI,7,21,10,588.0,5880.0
2021092705002615,ULI,7,28,10,588.0,5880.0
2021092705002614,ULI,7,6,10,588.0,5880.0
2021092705002641,ULI,21,3,10,587.0,5870.0
2021092705002639,ULI,21,3,10,587.0,5870.0
2021092705002638,ULI,21,49,10,587.0,5870.0
2021092705002637,ULI,43,3,10,587.0,5870.0
2021092705002634,ULI,43,3,10,587.0,5870.0
2021092705002633,ULI,55,3,10,587.0,5870.0
2021092705002669,ULI,14,14,10,586.2,5862.0
2021092705002654,ULI,14,3,10,586.2,5862.0
2021092705002649,ULI,14,3,10,586.2,5862.0
2021092705002644,ULI,14,3,10,586.2,5862.0
2021092705002643,ULI,21,3,10,587.0,5870.0
2021092705002642,ULI,21,41,10,587.0,5870.0
2021092705002686,ULI,34,45,50,586.0,29300.0
2021092705002685,ULI,1,45,30,586.1,17583.0
2021092705002684,ULI,58,45,10,586.2,5862.0
2021092705002683,ULI,14,45,230,586.2,134826.0
2021092705002681,ULI,14,38,10,586.2,5862.0
2021092705002676,ULI,7,56,10,587.0,5870.0
2021092705002700,ULI,41,19,10,585.0,5850.0
2021092705002699,ULI,7,45,90,586.0,52740.0
2021092705002693,ULI,45,42,10,585.1,5851.0
2021092705002689,ULI,35,45,30,586.0,17580.0
2021092705002688,ULI,50,45,17,586.0,9962.0
2021092705002687,ULI,49,45,100,586.0,58600.0
2021092705002729,ULI,57,36,10,585.0,5850.0
2021092705002721,ULI,6,50,10,585.0,5850.0
2021092705002718,ULI,6,58,10,585.0,5850.0
2021092705002717,ULI,6,16,10,585.0,5850.0
2021092705002716,ULI,6,29,10,585.0,5850.0
2021092705002715,ULI,6,19,10,585.0,5850.0
2021092705002748,ULI,42,10,10,585.0,5850.0
2021092705002737,ULI,48,35,10,585.0,5850.0
2021092705002733,ULI,13,45,43,585.0,25155.0
2021092705002732,ULI,58,45,10,585.0,5850.0
2021092705002731,ULI,41,45,100,585.0,58500.0
2021092705002730,ULI,57,45,90,585.0,52650.0
2021092705001800,JBLB,58,38,10,4041.0,40410.0
2021092705001809,JBLB,58,8,10,4041.0,40410.0
2021092705001807,JBLB,58,26,10,4041.0,40410.0
2021092705001806,JBLB,58,34,10,4041.0,40410.0
2021092705001805,JBLB,58,49,10,4041.0,40410.0
2021092705001820,JBLB,58,45,10,4041.0,40410.0
2021092705001819,JBLB,39,29,20,4042.0,80840.0
2021092705001832,JBLB,57,45,10,4042.0,40420.0
2021092705001831,JBLB,57,37,10,4042.0,40420.0
2021092705001830,JBLB,57,29,10,4042.0,40420.0
2021092705001840,JBLB,58,38,10,4041.0,40410.0
2021092705001838,JBLB,58,45,10,4041.0,40410.0
2021092705001835,JBLB,58,52,10,4041.0,40410.0
2021092705001833,JBLB,58,19,10,4041.0,40410.0
2021092705001856,JBLB,58,45,10,4041.0,40410.0
2021092705001853,JBLB,58,36,10,4041.0,40410.0
2021092705001844,JBLB,58,45,10,4041.0,40410.0
2021092705001862,JBLB,58,11,10,4041.0,40410.0
2021092705001870,JBLB,58,45,10,4041.0,40410.0
2021092705001892,JBLB,28,14,10,4042.0,40420.0
2021092705001887,JBLB,58,6,10,4041.0,40410.0
2021092705001901,JBLB,58,58,10,4041.0,40410.0
2021092705001897,JBLB,48,22,10,4046.0,40460.0
2021092705001896,JBLB,48,32,10,4046.0,40460.0
2021092705001895,JBLB,48,29,10,4044.0,40440.0
2021092705001908,JBLB,58,54,10,4041.0,40410.0
2021092705001906,JBLB,58,58,10,4041.0,40410.0
2021092705001916,JBLB,21,4,10,4042.0,40420.0
2021092705001927,JBLB,36,32,10,4048.0,40480.0
2021092705001926,JBLB,36,48,10,4047.0,40470.0
2021092705001923,JBLB,58,51,10,4041.0,40410.0
2021092705001922,JBLB,58,35,10,4041.0,40410.0
2021092705001932,JBLB,44,26,10,4042.0,40420.0
2021092705001930,JBLB,36,17,10,4049.0,40490.0
2021092705001929,JBLB,36,38,10,4049.0,40490.0
2021092705001928,JBLB,36,51,10,4048.0,40480.0
2021092705001939,JBLB,21,43,10,4042.0,40420.0
2021092705001938,JBLB,21,55,10,4047.0,40470.0
2021092705001953,JBLB,41,21,10,4050.0,40500.0
2021092705001968,JBLB,59,40,10,4047.0,40470.0
2021092705001967,JBLB,10,51,10,4043.0,40430.0
2021092705001962,JBLB,55,40,10,4047.0,40470.0
2021092705001974,JBLB,56,22,10,4050.0,40500.0
2021092705001973,JBLB,56,21,10,4050.0,40500.0
2021092705001979,JBLB,22,29,10,4050.0,40500.0
2021092705001977,JBLB,56,22,10,4050.0,40500.0
2021092705001976,JBLB,56,58,10,4050.0,40500.0
2021092705001975,JBLB,56,8,10,4050.0,40500.0
2021092705001986,JBLB,58,43,10,4050.0,40500.0
2021092705001985,JBLB,41,55,10,4050.0,40500.0
2021092705001984,JBLB,45,17,10,4050.0,40500.0
2021092705001983,JBLB,45,58,10,4050.0,40500.0
2021092705001991,JBLB,58,45,10,4050.0,40500.0
2021092705001990,JBLB,58,6,10,4050.0,40500.0
2021092705001989,JBLB,58,48,10,4050.0,40500.0
2021092705001988,JBLB,58,52,10,4050.0,40500.0
2021092705001987,JBLB,58,55,10,4050.0,40500.0
2021092705002001,JBLB,17,6,10,4050.0,40500.0
2021092705002000,JBLB,47,49,10,4050.0,40500.0
2021092705001997,JBLB,54,38,10,4049.0,40490.0
2021092705001994,JBLB,34,29,10,4050.0,40500.0
2021092705001993,JBLB,10,52,10,4050.0,40500.0
2021092705002008,JBLB,40,57,10,4055.0,40550.0
2021092705002003,JBLB,33,19,10,4055.0,40550.0
2021092705002002,JBLB,17,45,10,4050.0,40500.0
2021092705002009,JBLB,40,11,10,4055.0,40550.0
2021092705002027,JBLB,56,19,10,4057.0,40570.0
2021092705002020,JBLB,36,48,10,4055.1,40551.0
2021092705002019,JBLB,36,26,10,4055.1,40551.0
2021092705002035,JBLB,45,45,10,4057.0,40570.0
2021092705002049,JBLB,51,53,30,4060.0,121800.0
2021092705002046,JBLB,59,48,50,4056.0,202800.0
2021092705002041,JBLB,36,47,10,4057.0,40570.0
2021092705002053,JBLB,51,17,10,4060.0,40600.0
2021092705002050,JBLB,51,10,10,4060.0,40600.0
2021092705002061,JBLB,47,25,10,4055.1,40551.0
2021092705002078,JBLB,48,49,10,4057.0,40570.0
2021092705002072,JBLB,48,26,10,4057.0,40570.0
2021092705002081,JBLB,57,28,10,4055.0,40550.0
2021092705002091,JBLB,58,1,10,4070.0,40700.0
2021092705002090,JBLB,58,51,10,4065.0,40650.0
2021092705002089,JBLB,58,48,10,4057.0,40570.0
2021092705002086,JBLB,7,34,10,4050.0,40500.0
2021092705002100,JBLB,26,45,10,4048.0,40480.0
2021092705002096,JBLB,7,34,10,4050.0,40500.0
2021092705002094,JBLB,7,21,30,4050.0,121500.0
2021092705002093,JBLB,58,14,10,4073.0,40730.0
2021092705002092,JBLB,58,41,10,4070.0,40700.0
2021092705002108,JBLB,26,48,60,4048.0,242880.0
2021092705002106,JBLB,26,43,10,4048.0,40480.0
2021092705002105,JBLB,26,26,10,4048.0,40480.0
2021092705002102,JBLB,26,34,10,4048.0,40480.0
2021092705002114,JBLB,57,38,10,4042.1,40421.0
2021092705002113,JBLB,28,38,10,4044.0,40440.0
2021092705002112,JBLB,59,38,10,4047.0,40470.0
2021092705002111,JBLB,26,38,20,4048.0,80960.0
2021092705002109,JBLB,26,48,30,4048.0,121440.0
2021092705002115,JBLB,32,38,20,4041.1,80822.0
2021092705002125,JBLB,32,48,10,4041.1,40411.0
2021092705002124,JBLB,32,26,10,4041.1,40411.0
2021092705002129,JBLB,32,38,10,4041.1,40411.0
2021092705002141,JBLB,44,32,10,4041.1,40411.0
2021092705002151,JBLB,3,48,20,4047.0,80940.0
2021092705002149,JBLB,29,57,10,4041.1,40411.0
2021092705002142,JBLB,44,32,10,4041.1,40411.0
2021092705002161,JBLB,42,39,10,4042.0,40420.0
2021092705002186,JBLB,42,35,10,4042.0,40420.0
2021092705002185,JBLB,49,48,10,4044.0,40440.0
2021092705002184,JBLB,42,38,10,4042.0,40420.0
2021092705002179,JBLB,13,58,10,4045.0,40450.0
2021092705002192,JBLB,29,17,10,4041.1,40411.0
2021092705002201,JBLB,29,42,10,4041.1,40411.0
2021092705002199,JBLB,29,58,10,4041.1,40411.0
2021092705002207,JBLB,29,19,20,4041.1,80822.0
2021092705002206,JBLB,54,19,10,4041.3,40413.0
2021092705002214,JBLB,16,49,10,4042.0,40420.0
2021092705002223,JBLB,28,48,20,4046.0,80920.0
2021092705002222,JBLB,28,48,70,4044.0,283080.0
2021092705002221,JBLB,28,14,10,4042.0,40420.0
2021092705002239,JBLB,29,54,10,4041.1,40411.0
2021092705002249,JBLB,3,35,10,4041.1,40411.0
2021092705002244,JBLB,29,58,10,4041.1,40411.0
2021092705002243,JBLB,29,3,10,4041.1,40411.0
2021092705002242,JBLB,29,48,10,4041.1,40411.0
2021092705002261,JBLB,49,50,10,4041.1,40411.0
2021092705002260,JBLB,49,35,10,4041.1,40411.0
2021092705002256,JBLB,58,49,10,4041.0,40410.0
2021092705002264,JBLB,49,6,10,4041.1,40411.0
2021092705002262,JBLB,49,6,10,4041.1,40411.0
2021092705002272,JBLB,58,34,10,4041.0,40410.0
2021092705002270,JBLB,58,36,10,4041.0,40410.0
2021092705002282,JBLB,22,58,10,4045.0,40450.0
2021092705002281,JBLB,22,33,10,4045.0,40450.0
2021092705002278,JBLB,3,57,10,4041.8,40418.0
2021092705002277,JBLB,58,11,10,4041.0,40410.0
2021092705002183,MKLB,10,58,10,1593.7,15937.0
2021092705002147,MKLB,10,58,10,1593.7,15937.0
2021092705002058,MKLB,10,21,10,1593.7,15937.0
2021092705002037,MKLB,10,32,10,1593.7,15937.0
2021092705001934,MKLB,10,6,10,1593.7,15937.0
2021092705001933,MKLB,10,47,10,1593.7,15937.0
2021092705001794,MKLB,10,21,10,1593.7,15937.0
2021092705002289,SLI,42,45,10,570.0,5700.0
2021092705002288,SLI,42,44,10,570.0,5700.0
2021092705002287,SLI,42,19,10,570.0,5700.0
2021092705002286,SLI,42,26,10,570.0,5700.0
2021092705002285,SLI,42,21,10,570.0,5700.0
2021092705002284,SLI,6,33,10,569.0,5690.0
2021092705001793,SLI,57,42,10,570.0,5700.0
2021092705001792,SLI,8,14,10,570.0,5700.0
2021092705001804,SLI,39,58,10,571.3,5713.0
2021092705001801,SLI,57,3,10,570.0,5700.0
2021092705001799,SLI,44,36,10,571.0,5710.0
2021092705001797,SLI,57,21,10,570.0,5700.0
2021092705001796,SLI,57,32,10,570.0,5700.0
2021092705001813,SLI,57,49,10,570.0,5700.0
2021092705001810,SLI,57,26,10,570.0,5700.0
2021092705001824,SLI,35,36,10,570.0,5700.0
2021092705001822,SLI,33,10,10,570.0,5700.0
2021092705001817,SLI,57,41,10,570.0,5700.0
2021092705001815,SLI,57,8,10,570.0,5700.0
2021092705001829,SLI,41,41,10,570.0,5700.0
2021092705001828,SLI,41,34,10,570.0,5700.0
2021092705001826,SLI,35,57,10,570.0,5700.0
2021092705001839,SLI,14,42,10,569.4,5694.0
2021092705001834,SLI,14,36,10,569.4,5694.0
2021092705001858,SLI,22,51,10,570.0,5700.0
2021092705001857,SLI,14,46,10,569.4,5694.0
2021092705001841,SLI,14,28,10,569.4,5694.0
2021092705001864,SLI,22,26,10,570.0,5700.0
2021092705001863,SLI,22,35,10,570.0,5700.0
2021092705001861,SLI,14,28,10,569.4,5694.0
2021092705001860,SLI,22,58,10,570.0,5700.0
2021092705001859,SLI,22,51,10,570.0,5700.0
2021092705001876,SLI,58,29,10,569.0,5690.0
2021092705001875,SLI,58,3,10,569.0,5690.0
2021092705001874,SLI,22,39,10,570.0,5700.0
2021092705001873,SLI,22,52,10,569.4,5694.0
2021092705001865,SLI,22,35,10,572.0,5720.0
2021092705001886,SLI,58,56,10,569.0,5690.0
2021092705001885,SLI,58,36,10,569.0,5690.0
2021092705001882,SLI,58,38,10,569.0,5690.0
2021092705001881,SLI,58,45,10,569.0,5690.0
2021092705001880,SLI,58,3,10,569.0,5690.0
2021092705001877,SLI,58,56,10,569.0,5690.0
2021092705001891,SLI,59,38,10,570.0,5700.0
2021092705001890,SLI,58,38,10,569.0,5690.0
2021092705001889,SLI,58,57,10,569.0,5690.0
2021092705001888,SLI,58,45,10,569.0,5690.0
2021092705001900,SLI,58,36,10,569.0,5690.0
2021092705001893,SLI,58,58,10,569.0,5690.0
2021092705001910,SLI,58,38,10,569.0,5690.0
2021092705001909,SLI,58,26,10,569.0,5690.0
2021092705001907,SLI,29,52,10,569.1,5691.0
2021092705001905,SLI,29,38,10,569.1,5691.0
2021092705001920,SLI,38,52,10,569.0,5690.0
2021092705001919,SLI,38,26,10,569.0,5690.0
2021092705001914,SLI,38,51,10,569.0,5690.0
2021092705001912,SLI,38,49,10,569.0,5690.0
2021092705001911,SLI,40,41,10,569.0,5690.0
2021092705001924,SLI,38,26,10,569.0,5690.0
2021092705001921,SLI,10,38,40,570.0,22800.0
2021092705001935,SLI,42,38,10,570.0,5700.0
2021092705001931,SLI,38,32,10,569.0,5690.0
2021092705001942,SLI,38,21,10,569.0,5690.0
2021092705001941,SLI,38,43,10,569.0,5690.0
2021092705001937,SLI,38,6,10,569.0,5690.0
2021092705001936,SLI,38,52,10,569.0,5690.0
2021092705001949,SLI,58,49,10,569.0,5690.0
2021092705001948,SLI,58,17,10,569.0,5690.0
2021092705001946,SLI,58,52,10,569.0,5690.0
2021092705001945,SLI,11,49,10,569.0,5690.0
2021092705001944,SLI,11,56,10,569.0,5690.0
2021092705001943,SLI,11,45,10,569.0,5690.0
2021092705001956,SLI,58,4,10,569.0,5690.0
2021092705001955,SLI,22,38,60,570.0,34200.0
2021092705001954,SLI,22,34,10,569.5,5695.0
2021092705001952,SLI,58,7,10,569.0,5690.0
2021092705001951,SLI,58,36,10,569.0,5690.0
2021092705001961,SLI,58,1,10,569.0,5690.0
2021092705001960,SLI,58,38,10,569.0,5690.0
2021092705001958,SLI,58,17,10,569.0,5690.0
2021092705001972,SLI,47,38,30,570.0,17100.0
2021092705001971,SLI,21,36,10,569.0,5690.0
2021092705001970,SLI,21,17,10,569.0,5690.0
2021092705001969,SLI,58,6,10,569.0,5690.0
2021092705001980,SLI,21,49,10,569.0,5690.0
2021092705001978,SLI,21,16,10,569.0,5690.0
2021092705001982,SLI,21,25,10,569.0,5690.0
2021092705001981,SLI,50,38,15,570.0,8550.0
2021092705001992,SLI,3,41,10,569.0,5690.0
2021092705001995,SLI,4,41,10,568.0,5680.0
2021092705002006,SLI,34,58,10,569.0,5690.0
2021092705002005,SLI,34,35,10,569.0,5690.0
2021092705002004,SLI,34,54,10,569.0,5690.0
2021092705002017,SLI,39,1,10,568.1,5681.0
2021092705002014,SLI,39,1,10,568.1,5681.0
2021092705002013,SLI,4,1,10,568.0,5680.0
2021092705002012,SLI,4,4,10,568.0,5680.0
2021092705002011,SLI,4,49,10,568.0,5680.0
2021092705002026,SLI,4,49,10,568.0,5680.0
2021092705002024,SLI,4,38,10,568.0,5680.0
2021092705002018,SLI,4,38,10,568.0,5680.0
2021092705002038,SLI,22,38,200,570.0,114000.0
2021092705002036,SLI,44,35,10,569.0,5690.0
2021092705002031,SLI,54,35,10,568.0,5680.0
2021092705002029,SLI,4,59,10,568.0,5680.0
2021092705002028,SLI,4,56,10,568.0,5680.0
2021092705002048,SLI,54,21,10,568.0,5680.0
2021092705002045,SLI,41,38,100,570.0,57000.0
2021092705002040,SLI,44,17,10,569.0,5690.0
2021092705002060,SLI,55,45,10,568.0,5680.0
2021092705002059,SLI,55,28,10,568.0,5680.0
2021092705002052,SLI,55,44,70,568.0,39760.0
2021092705002051,SLI,54,44,30,568.0,17040.0
2021092705002067,SLI,36,5,10,568.0,5680.0
2021092705002066,SLI,32,5,10,568.0,5680.0
2021092705002065,SLI,32,28,10,568.0,5680.0
2021092705002064,SLI,32,56,10,568.0,5680.0
2021092705002063,SLI,55,26,10,568.0,5680.0
2021092705002071,SLI,54,34,10,568.0,5680.0
2021092705002070,SLI,54,13,10,568.0,5680.0
2021092705002069,SLI,54,28,10,568.0,5680.0
2021092705002068,SLI,36,25,10,568.0,5680.0
2021092705002084,SLI,54,25,10,568.0,5680.0
2021092705002083,SLI,54,56,10,568.0,5680.0
2021092705002082,SLI,54,58,10,568.0,5680.0
2021092705002080,SLI,54,51,10,568.0,5680.0
2021092705002079,SLI,54,14,10,568.0,5680.0
2021092705002087,SLI,54,58,10,568.0,5680.0
2021092705002085,SLI,54,58,10,568.0,5680.0
2021092705002098,SLI,54,17,10,568.0,5680.0
2021092705002104,SLI,42,56,10,569.0,5690.0
2021092705002101,SLI,7,42,10,568.0,5680.0
2021092705002110,SLI,49,58,10,568.0,5680.0
2021092705002120,SLI,6,58,10,569.0,5690.0
2021092705002119,SLI,6,58,10,569.0,5690.0
2021092705002118,SLI,6,34,10,569.0,5690.0
2021092705002117,SLI,6,44,10,569.0,5690.0
2021092705002116,SLI,6,36,10,569.0,5690.0
2021092705002126,SLI,6,58,10,569.0,5690.0
2021092705002123,SLI,55,51,10,570.0,5700.0
2021092705002122,SLI,55,38,35,570.0,19950.0
2021092705002121,SLI,6,38,10,569.0,5690.0
2021092705002134,SLI,57,35,10,570.0,5700.0
2021092705002133,SLI,49,26,10,568.0,5680.0
2021092705002132,SLI,49,14,10,568.0,5680.0
2021092705002130,SLI,6,41,10,569.0,5690.0
2021092705002127,SLI,6,49,20,569.0,11380.0
2021092705002140,SLI,49,17,10,568.0,5680.0
2021092705002138,SLI,57,21,10,570.0,5700.0
2021092705002137,SLI,57,42,10,570.0,5700.0
2021092705002136,SLI,57,58,10,570.0,5700.0
2021092705002135,SLI,57,19,10,570.0,5700.0
2021092705002152,SLI,49,36,10,568.0,5680.0
2021092705002148,SLI,49,44,10,568.0,5680.0
2021092705002144,SLI,49,53,10,568.0,5680.0
2021092705002160,SLI,46,5,10,568.0,5680.0
2021092705002158,SLI,46,58,10,568.0,5680.0
2021092705002157,SLI,49,36,10,568.0,5680.0
2021092705002156,SLI,49,53,10,568.0,5680.0
2021092705002153,SLI,49,1,10,568.0,5680.0
2021092705002174,SLI,46,36,10,568.0,5680.0
2021092705002172,SLI,46,32,100,568.0,56800.0
2021092705002171,SLI,46,38,10,568.0,5680.0
2021092705002168,SLI,46,39,10,568.0,5680.0
2021092705002166,SLI,46,58,10,568.0,5680.0
2021092705002164,SLI,46,49,10,568.0,5680.0
2021092705002181,SLI,34,52,10,569.0,5690.0
2021092705002177,SLI,46,34,10,568.0,5680.0
2021092705002191,SLI,41,53,10,569.0,5690.0
2021092705002190,SLI,34,54,10,569.0,5690.0
2021092705002189,SLI,34,34,10,569.0,5690.0
2021092705002188,SLI,34,45,10,569.0,5690.0
2021092705002187,SLI,34,58,10,569.0,5690.0
2021092705002200,SLI,46,21,10,568.0,5680.0
2021092705002198,SLI,46,49,10,568.0,5680.0
2021092705002196,SLI,46,58,10,568.0,5680.0
2021092705002195,SLI,46,49,10,568.0,5680.0
2021092705002208,SLI,46,58,10,568.0,5680.0
2021092705002205,SLI,46,38,10,568.0,5680.0
2021092705002204,SLI,46,34,50,568.0,28400.0
2021092705002202,SLI,46,36,10,568.0,5680.0
2021092705002219,SLI,46,48,10,568.0,5680.0
2021092705002218,SLI,46,58,10,568.0,5680.0
2021092705002217,SLI,29,36,10,568.1,5681.0
2021092705002212,SLI,29,36,10,568.1,5681.0
2021092705002209,SLI,46,36,10,568.0,5680.0
2021092705002225,SLI,46,28,10,568.0,5680.0
2021092705002224,SLI,46,40,10,568.0,5680.0
2021092705002220,SLI,46,1,10,568.0,5680.0
2021092705002233,SLI,46,36,10,568.0,5680.0
2021092705002232,SLI,46,29,10,568.0,5680.0
2021092705002231,SLI,46,4,10,568.0,5680.0
2021092705002229,SLI,46,6,10,568.0,5680.0
2021092705002228,SLI,46,47,10,568.0,5680.0
2021092705002227,SLI,46,58,10,568.0,5680.0
2021092705002241,SLI,6,36,10,569.0,5690.0
2021092705002238,SLI,6,56,10,569.0,5690.0
2021092705002237,SLI,6,36,10,568.1,5681.0
2021092705002235,SLI,46,42,10,568.0,5680.0
2021092705002234,SLI,46,38,10,568.0,5680.0
2021092705002247,SLI,6,21,10,569.0,5690.0
2021092705002245,SLI,6,6,10,569.0,5690.0
2021092705002259,SLI,6,4,10,569.0,5690.0
2021092705002253,SLI,6,34,10,569.0,5690.0
2021092705002251,SLI,6,37,10,569.0,5690.0
2021092705002269,SLI,6,19,10,569.0,5690.0
2021092705002268,SLI,6,53,10,569.0,5690.0
2021092705002266,SLI,6,6,10,569.0,5690.0
2021092705002263,SLI,6,58,10,569.0,5690.0
2021092705002275,SLI,6,36,10,569.0,5690.0
2021092705002274,SLI,6,19,10,569.0,5690.0
2021092705002273,SLI,6,49,10,569.0,5690.0
2021092705002271,SLI,6,36,10,569.0,5690.0
2021092705002280,SLI,6,28,10,569.0,5690.0
2021092705002276,SLI,6,58,10,569.0,5690.0
2021092705002283,ULI,19,38,10,586.4,5864.0
2021092705002279,ULI,17,57,10,586.3,5863.0
2021092705002267,ULI,17,36,10,586.3,5863.0
2021092705002265,ULI,14,49,10,586.2,5862.0
2021092705002258,ULI,1,58,10,586.1,5861.0
2021092705002257,ULI,1,21,10,586.1,5861.0
2021092705001802,ULI,13,38,10,587.0,5870.0
2021092705001798,ULI,13,38,10,587.0,5870.0
2021092705001795,ULI,13,59,10,587.0,5870.0
2021092705001791,ULI,43,40,10,587.1,5871.0
2021092705001790,ULI,11,17,10,587.2,5872.0
2021092705001816,ULI,11,49,10,587.0,5870.0
2021092705001814,ULI,44,8,10,588.0,5880.0
2021092705001812,ULI,44,17,10,588.0,5880.0
2021092705001811,ULI,11,34,10,587.0,5870.0
2021092705001808,ULI,11,58,10,587.0,5870.0
2021092705001803,ULI,11,28,10,587.0,5870.0
2021092705001836,ULI,11,34,10,587.0,5870.0
2021092705001827,ULI,11,21,10,587.0,5870.0
2021092705001825,ULI,11,49,10,587.0,5870.0
2021092705001823,ULI,11,8,10,587.0,5870.0
2021092705001821,ULI,11,57,10,587.0,5870.0
2021092705001818,ULI,11,49,10,587.0,5870.0
2021092705001847,ULI,14,57,50,590.0,29500.0
2021092705001846,ULI,14,42,10,590.0,5900.0
2021092705001845,ULI,13,7,10,587.0,5870.0
2021092705001843,ULI,13,36,10,587.0,5870.0
2021092705001842,ULI,13,42,10,587.0,5870.0
2021092705001837,ULI,13,38,10,587.0,5870.0
2021092705001854,ULI,14,48,10,590.0,5900.0
2021092705001852,ULI,14,32,10,590.0,5900.0
2021092705001851,ULI,14,58,10,590.0,5900.0
2021092705001850,ULI,14,26,10,590.0,5900.0
2021092705001849,ULI,14,58,10,590.0,5900.0
2021092705001848,ULI,14,38,10,590.0,5900.0
2021092705001871,ULI,14,3,10,590.0,5900.0
2021092705001869,ULI,14,3,10,590.0,5900.0
2021092705001868,ULI,14,21,10,590.0,5900.0
2021092705001867,ULI,14,19,10,590.0,5900.0
2021092705001866,ULI,14,26,10,590.0,5900.0
2021092705001855,ULI,14,42,10,590.0,5900.0
2021092705001894,ULI,14,46,10,590.0,5900.0
2021092705001884,ULI,14,40,10,590.0,5900.0
2021092705001883,ULI,14,29,10,590.0,5900.0
2021092705001879,ULI,14,58,10,590.0,5900.0
2021092705001878,ULI,14,34,80,590.0,47200.0
2021092705001872,ULI,14,3,10,590.0,5900.0
2021092705001913,ULI,14,38,10,590.0,5900.0
2021092705001904,ULI,14,36,10,590.0,5900.0
2021092705001903,ULI,46,32,10,591.0,5910.0
2021092705001902,ULI,14,3,10,590.0,5900.0
2021092705001899,ULI,14,49,10,590.0,5900.0
2021092705001898,ULI,14,45,10,590.0,5900.0
2021092705001947,ULI,14,38,10,590.0,5900.0
2021092705001940,ULI,14,40,10,590.0,5900.0
2021092705001925,ULI,14,58,10,590.0,5900.0
2021092705001918,ULI,14,17,10,590.0,5900.0
2021092705001917,ULI,14,49,10,590.0,5900.0
2021092705001915,ULI,14,38,10,590.0,5900.0
2021092705001965,ULI,6,17,10,590.1,5901.0
2021092705001964,ULI,14,17,10,590.0,5900.0
2021092705001963,ULI,14,32,10,590.0,5900.0
2021092705001959,ULI,14,42,10,590.0,5900.0
2021092705001957,ULI,14,59,10,590.0,5900.0
2021092705001950,ULI,14,38,10,590.0,5900.0
2021092705002010,ULI,6,17,10,590.1,5901.0
2021092705002007,ULI,6,16,10,590.1,5901.0
2021092705001999,ULI,6,49,10,590.1,5901.0
2021092705001998,ULI,6,16,10,590.1,5901.0
2021092705001996,ULI,6,19,10,590.1,5901.0
2021092705001966,ULI,6,17,10,590.1,5901.0
2021092705002025,ULI,14,49,10,590.0,5900.0
2021092705002023,ULI,14,34,10,590.0,5900.0
2021092705002022,ULI,14,34,10,590.0,5900.0
2021092705002021,ULI,6,34,10,590.1,5901.0
2021092705002016,ULI,6,49,10,590.1,5901.0
2021092705002015,ULI,6,25,10,590.1,5901.0
2021092705002042,ULI,34,49,10,590.9,5909.0
2021092705002039,ULI,14,52,10,590.0,5900.0
2021092705002034,ULI,14,28,10,590.0,5900.0
2021092705002033,ULI,14,28,10,590.0,5900.0
2021092705002032,ULI,14,34,10,590.0,5900.0
2021092705002030,ULI,14,25,10,590.0,5900.0
2021092705002056,ULI,14,54,10,590.0,5900.0
2021092705002055,ULI,43,41,10,590.9,5909.0
2021092705002054,ULI,14,58,10,590.0,5900.0
2021092705002047,ULI,14,48,10,590.0,5900.0
2021092705002044,ULI,14,49,20,590.0,11800.0
2021092705002043,ULI,34,58,10,591.0,5910.0
2021092705002076,ULI,54,53,10,590.0,5900.0
2021092705002075,ULI,40,53,10,590.0,5900.0
2021092705002074,ULI,49,53,100,590.0,59000.0
2021092705002073,ULI,14,53,380,590.0,224200.0
2021092705002062,ULI,14,26,10,590.0,5900.0
2021092705002057,ULI,14,48,10,590.0,5900.0
2021092705002103,ULI,13,14,10,587.0,5870.0
2021092705002099,ULI,54,26,50,590.0,29500.0
2021092705002097,ULI,54,22,10,590.0,5900.0
2021092705002095,ULI,54,36,10,590.0,5900.0
2021092705002088,ULI,54,49,10,590.0,5900.0
2021092705002077,ULI,54,26,10,590.0,5900.0
2021092705002145,ULI,13,44,10,587.0,5870.0
2021092705002143,ULI,13,34,10,587.0,5870.0
2021092705002139,ULI,13,52,10,587.0,5870.0
2021092705002131,ULI,34,17,10,588.0,5880.0
2021092705002128,ULI,34,26,10,588.0,5880.0
2021092705002107,ULI,13,18,10,587.0,5870.0
2021092705002162,ULI,21,42,10,586.0,5860.0
2021092705002159,ULI,40,58,10,586.0,5860.0
2021092705002155,ULI,55,42,30,586.1,17583.0
2021092705002154,ULI,6,42,50,586.1,29305.0
2021092705002150,ULI,43,34,10,586.1,5861.0
2021092705002146,ULI,13,37,10,587.0,5870.0
2021092705002173,ULI,34,47,10,586.0,5860.0
2021092705002170,ULI,34,32,70,586.0,41020.0
2021092705002169,ULI,40,32,30,586.0,17580.0
2021092705002167,ULI,40,14,10,586.0,5860.0
2021092705002165,ULI,40,58,10,586.0,5860.0
2021092705002163,ULI,10,42,200,586.0,117200.0
2021092705002193,ULI,26,34,10,586.2,5862.0
2021092705002182,ULI,21,39,10,587.0,5870.0
2021092705002180,ULI,34,56,10,586.0,5860.0
2021092705002178,ULI,34,49,10,586.0,5860.0
2021092705002176,ULI,34,42,10,586.0,5860.0
2021092705002175,ULI,34,6,10,586.0,5860.0
2021092705002213,ULI,21,49,10,589.0,5890.0
2021092705002211,ULI,54,45,10,588.0,5880.0
2021092705002210,ULI,54,34,10,588.0,5880.0
2021092705002203,ULI,54,58,10,588.0,5880.0
2021092705002197,ULI,54,42,10,588.0,5880.0
2021092705002194,ULI,54,59,10,588.0,5880.0
2021092705002240,ULI,26,21,10,586.2,5862.0
2021092705002236,ULI,26,38,10,586.2,5862.0
2021092705002230,ULI,48,47,10,587.0,5870.0
2021092705002226,ULI,55,36,10,588.0,5880.0
2021092705002216,ULI,54,58,10,589.0,5890.0
2021092705002215,ULI,54,58,10,589.0,5890.0
2021092705002255,ULI,34,53,10,587.0,5870.0
2021092705002254,ULI,1,36,10,586.1,5861.0
2021092705002252,ULI,1,53,10,586.1,5861.0
2021092705002250,ULI,1,58,10,586.1,5861.0
2021092705002248,ULI,1,3,10,586.1,5861.0
2021092705002246,ULI,1,51,10,586.1,5861.0
2021092705001789,JBLB,34,29,10,4042.0,40420.0
2021092705001788,JBLB,29,29,10,4044.0,40440.0
2021092705001785,JBLB,19,52,10,4045.0,40450.0
2021092705001784,JBLB,34,22,10,4042.0,40420.0
2021092705001296,JBLB,38,7,10,4042.0,40420.0
2021092705001294,JBLB,38,58,10,4042.0,40420.0
2021092705001292,JBLB,56,34,10,4044.0,40440.0
2021092705001310,JBLB,58,41,10,4041.0,40410.0
2021092705001313,JBLB,28,53,10,4042.0,40420.0
2021092705001336,JBLB,35,41,10,4045.0,40450.0
2021092705001335,JBLB,35,58,10,4045.0,40450.0
2021092705001334,JBLB,35,48,10,4043.0,40430.0
2021092705001343,JBLB,44,41,10,4043.0,40430.0
2021092705001341,JBLB,44,26,10,4043.0,40430.0
2021092705001337,JBLB,35,48,10,4045.0,40450.0
2021092705001349,JBLB,22,46,10,4041.1,40411.0
2021092705001345,JBLB,44,19,10,4043.0,40430.0
2021092705001362,JBLB,34,53,10,4044.0,40440.0
2021092705001357,JBLB,11,44,10,4042.0,40420.0
2021092705001355,JBLB,58,43,10,4041.0,40410.0
2021092705001354,JBLB,21,48,10,4041.1,40411.0
2021092705001379,JBLB,4,58,10,4044.0,40440.0
2021092705001373,JBLB,21,4,10,4045.0,40450.0
2021092705001372,JBLB,21,26,10,4045.0,40450.0
2021092705001389,JBLB,58,39,10,4041.0,40410.0
2021092705001384,JBLB,58,26,10,4041.0,40410.0
2021092705001399,JBLB,58,36,10,4041.0,40410.0
2021092705001392,JBLB,58,46,10,4041.0,40410.0
2021092705001404,JBLB,58,26,10,4041.0,40410.0
2021092705001412,JBLB,58,35,10,4041.0,40410.0
2021092705001411,JBLB,58,3,10,4041.0,40410.0
2021092705001421,JBLB,58,7,10,4041.0,40410.0
2021092705001431,JBLB,58,46,10,4041.0,40410.0
2021092705001441,JBLB,34,35,10,4044.0,40440.0
2021092705001460,JBLB,58,34,10,4044.0,40440.0
2021092705001459,JBLB,39,58,10,4043.0,40430.0
2021092705001467,JBLB,32,14,10,4042.0,40420.0
2021092705001466,JBLB,54,1,10,4043.0,40430.0
2021092705001477,JBLB,32,29,20,4042.0,80840.0
2021092705001494,JBLB,58,56,10,4041.0,40410.0
2021092705001482,JBLB,32,42,10,4042.0,40420.0
2021092705001504,JBLB,58,11,10,4041.0,40410.0
2021092705001499,JBLB,58,17,70,4041.0,282870.0
2021092705001507,JBLB,59,52,10,4042.0,40420.0
2021092705001505,JBLB,58,36,10,4041.0,40410.0
2021092705001518,JBLB,28,46,10,4042.0,40420.0
2021092705001524,JBLB,28,47,10,4042.0,40420.0
2021092705001523,JBLB,28,47,10,4042.0,40420.0
2021092705001520,JBLB,28,35,10,4042.0,40420.0
2021092705001519,JBLB,28,45,10,4042.0,40420.0
2021092705001529,JBLB,28,57,10,4042.0,40420.0
2021092705001528,JBLB,28,58,10,4042.0,40420.0
2021092705001526,JBLB,28,49,10,4042.0,40420.0
2021092705001536,JBLB,28,55,10,4042.0,40420.0
2021092705001535,JBLB,28,21,10,4042.0,40420.0
2021092705001546,JBLB,28,11,10,4042.0,40420.0
2021092705001544,JBLB,58,1,10,4041.0,40410.0
2021092705001548,JBLB,28,36,20,4042.0,80840.0
2021092705001569,JBLB,57,17,10,4043.0,40430.0
2021092705001572,JBLB,57,43,10,4043.0,40430.0
2021092705001585,JBLB,44,57,10,4043.0,40430.0
2021092705001582,JBLB,57,57,10,4045.0,40450.0
2021092705001591,JBLB,22,4,10,4045.0,40450.0
2021092705001605,JBLB,22,49,10,4045.0,40450.0
2021092705001620,JBLB,28,16,10,4042.0,40420.0
2021092705001632,JBLB,28,56,10,4042.0,40420.0
2021092705001625,JBLB,28,58,10,4042.0,40420.0
2021092705001644,JBLB,28,59,10,4042.0,40420.0
2021092705001654,JBLB,26,26,4,3975.9,15903.6
2021092705001646,JBLB,28,58,10,4042.0,40420.0
2021092705001645,JBLB,28,57,10,4042.0,40420.0
2021092705001663,JBLB,55,14,10,4042.0,40420.0
2021092705001658,JBLB,28,5,10,4042.0,40420.0
2021092705001685,JBLB,28,49,10,4042.0,40420.0
2021092705001684,JBLB,28,38,20,4042.0,80840.0
2021092705001679,JBLB,28,40,10,4042.0,40420.0
2021092705001677,JBLB,34,58,10,4042.0,40420.0
2021092705001694,JBLB,28,17,10,4042.0,40420.0
2021092705001691,JBLB,28,38,10,4042.0,40420.0
2021092705001689,JBLB,28,16,10,4042.0,40420.0
2021092705001700,JBLB,59,57,10,4045.0,40450.0
2021092705001699,JBLB,59,58,10,4045.0,40450.0
2021092705001697,JBLB,28,26,10,4042.0,40420.0
2021092705001696,JBLB,28,49,10,4045.0,40450.0
2021092705001707,JBLB,10,16,10,4043.0,40430.0
2021092705001705,JBLB,10,3,10,4043.0,40430.0
2021092705001704,JBLB,28,49,10,4042.0,40420.0
2021092705001703,JBLB,28,47,10,4042.0,40420.0
2021092705001712,JBLB,59,49,10,4042.0,40420.0
2021092705001708,JBLB,59,16,10,4042.0,40420.0
2021092705001721,JBLB,11,33,10,4043.0,40430.0
2021092705001716,JBLB,13,25,10,4043.0,40430.0
2021092705001734,JBLB,19,33,10,4043.0,40430.0
2021092705001732,JBLB,1,58,10,4042.0,40420.0
2021092705001735,JBLB,47,33,50,4043.0,202150.0
2021092705001755,JBLB,58,38,20,4041.0,80820.0
2021092705001748,JBLB,58,16,10,4041.0,40410.0
2021092705001761,JBLB,43,58,10,4042.0,40420.0
2021092705001771,JBLB,58,57,10,4041.0,40410.0
2021092705001767,JBLB,58,45,10,4041.0,40410.0
2021092705001765,JBLB,48,33,30,4043.0,121290.0
2021092705001770,MKLB,10,21,10,1593.7,15937.0
2021092705001766,MKLB,10,47,10,1593.7,15937.0
2021092705001752,MKLB,10,43,10,1593.7,15937.0
2021092705001730,MKLB,10,43,10,1593.7,15937.0
2021092705001686,MKLB,10,59,10,1593.7,15937.0
2021092705001664,MKLB,10,34,10,1593.7,15937.0
2021092705001659,MKLB,10,22,10,1593.7,15937.0
2021092705001386,MKLB,10,32,10,1593.7,15937.0
2021092705001383,MKLB,10,22,10,1593.7,15937.0
2021092705001787,SLI,43,49,10,570.0,5700.0
2021092705001786,SLI,7,51,10,571.0,5710.0
2021092705001295,SLI,48,59,10,572.0,5720.0
2021092705001291,SLI,48,58,10,572.0,5720.0
2021092705001290,SLI,48,56,10,572.0,5720.0
2021092705001305,SLI,51,58,10,572.0,5720.0
2021092705001304,SLI,51,11,10,572.0,5720.0
2021092705001303,SLI,48,56,10,571.1,5711.0
2021092705001302,SLI,28,21,10,571.5,5715.0
2021092705001298,SLI,28,56,10,571.5,5715.0
2021092705001297,SLI,48,35,10,572.0,5720.0
2021092705001312,SLI,21,49,10,571.0,5710.0
2021092705001309,SLI,21,52,10,571.0,5710.0
2021092705001308,SLI,45,57,10,573.0,5730.0
2021092705001307,SLI,45,38,10,572.0,5720.0
2021092705001306,SLI,51,58,30,572.0,17160.0
2021092705001318,SLI,36,58,10,575.0,5750.0
2021092705001317,SLI,36,58,10,574.0,5740.0
2021092705001316,SLI,36,3,10,574.0,5740.0
2021092705001315,SLI,36,8,10,574.0,5740.0
2021092705001314,SLI,36,49,10,572.0,5720.0
2021092705001324,SLI,36,21,10,575.0,5750.0
2021092705001323,SLI,36,55,10,575.0,5750.0
2021092705001322,SLI,36,36,10,575.0,5750.0
2021092705001321,SLI,36,38,10,575.0,5750.0
2021092705001320,SLI,36,55,10,575.0,5750.0
2021092705001319,SLI,36,38,10,575.0,5750.0
2021092705001330,SLI,36,58,10,575.0,5750.0
2021092705001329,SLI,36,55,10,575.0,5750.0
2021092705001328,SLI,36,35,10,575.0,5750.0
2021092705001327,SLI,36,56,10,575.0,5750.0
2021092705001326,SLI,36,47,10,575.0,5750.0
2021092705001325,SLI,36,49,10,575.0,5750.0
2021092705001333,SLI,36,49,10,575.0,5750.0
2021092705001332,SLI,36,52,10,575.0,5750.0
2021092705001331,SLI,36,52,10,575.0,5750.0
2021092705001342,SLI,21,34,10,571.0,5710.0
2021092705001340,SLI,21,14,10,571.0,5710.0
2021092705001339,SLI,21,56,10,571.0,5710.0
2021092705001351,SLI,19,11,10,571.0,5710.0
2021092705001348,SLI,19,34,10,571.0,5710.0
2021092705001347,SLI,19,52,10,571.0,5710.0
2021092705001344,SLI,19,49,10,571.0,5710.0
2021092705001358,SLI,47,38,70,570.9,39963.0
2021092705001353,SLI,19,7,10,571.0,5710.0
2021092705001370,SLI,34,28,10,571.0,5710.0
2021092705001369,SLI,34,6,10,571.0,5710.0
2021092705001368,SLI,34,35,10,570.9,5709.0
2021092705001367,SLI,47,49,10,570.9,5709.0
2021092705001366,SLI,47,38,10,570.9,5709.0
2021092705001364,SLI,47,49,10,570.9,5709.0
2021092705001380,SLI,58,49,10,571.0,5710.0
2021092705001378,SLI,34,14,10,571.0,5710.0
2021092705001374,SLI,34,58,10,571.0,5710.0
2021092705001388,SLI,58,7,10,571.0,5710.0
2021092705001387,SLI,58,41,10,571.0,5710.0
2021092705001385,SLI,58,49,10,571.0,5710.0
2021092705001381,SLI,58,52,10,571.0,5710.0
2021092705001398,SLI,53,4,10,575.0,5750.0
2021092705001397,SLI,53,54,10,573.1,5731.0
2021092705001396,SLI,25,58,10,571.0,5710.0
2021092705001395,SLI,25,19,10,571.0,5710.0
2021092705001408,SLI,38,25,10,575.0,5750.0
2021092705001407,SLI,38,6,10,575.0,5750.0
2021092705001406,SLI,38,49,10,573.0,5730.0
2021092705001405,SLI,58,38,10,571.0,5710.0
2021092705001400,SLI,25,52,10,571.0,5710.0
2021092705001415,SLI,57,52,10,571.0,5710.0
2021092705001414,SLI,57,22,10,571.0,5710.0
2021092705001410,SLI,38,32,10,575.0,5750.0
2021092705001409,SLI,38,25,10,575.0,5750.0
2021092705001427,SLI,1,40,10,574.0,5740.0
2021092705001426,SLI,1,42,10,574.0,5740.0
2021092705001422,SLI,1,14,10,574.0,5740.0
2021092705001420,SLI,1,7,10,574.0,5740.0
2021092705001418,SLI,17,49,10,570.8,5708.0
2021092705001434,SLI,50,58,10,575.0,5750.0
2021092705001433,SLI,50,58,10,575.0,5750.0
2021092705001432,SLI,50,41,20,575.0,11500.0
2021092705001430,SLI,1,58,10,574.0,5740.0
2021092705001428,SLI,1,59,10,574.0,5740.0
2021092705001440,SLI,1,17,10,574.0,5740.0
2021092705001439,SLI,1,22,10,574.0,5740.0
2021092705001437,SLI,1,21,10,574.0,5740.0
2021092705001436,SLI,50,20,190,576.0,109440.0
2021092705001435,SLI,50,22,10,575.0,5750.0
2021092705001450,SLI,17,26,10,570.8,5708.0
2021092705001449,SLI,35,34,10,574.0,5740.0
2021092705001447,SLI,35,26,10,574.0,5740.0
2021092705001444,SLI,35,57,10,574.0,5740.0
2021092705001443,SLI,35,21,10,574.0,5740.0
2021092705001442,SLI,1,58,10,574.0,5740.0
2021092705001458,SLI,5,26,10,570.1,5701.0
2021092705001456,SLI,17,26,10,570.8,5708.0
2021092705001454,SLI,17,26,10,570.8,5708.0
2021092705001453,SLI,17,14,10,570.8,5708.0
2021092705001469,SLI,5,1,10,570.1,5701.0
2021092705001468,SLI,5,58,10,570.1,5701.0
2021092705001464,SLI,5,26,10,570.1,5701.0
2021092705001461,SLI,5,26,10,570.1,5701.0
2021092705001481,SLI,42,52,10,570.2,5702.0
2021092705001479,SLI,45,6,10,570.3,5703.0
2021092705001478,SLI,45,59,10,570.3,5703.0
2021092705001475,SLI,42,49,10,570.2,5702.0
2021092705001474,SLI,42,34,10,570.2,5702.0
2021092705001497,SLI,5,44,10,570.1,5701.0
2021092705001491,SLI,5,52,10,570.1,5701.0
2021092705001484,SLI,42,51,10,570.2,5702.0
2021092705001483,SLI,42,6,10,570.2,5702.0
2021092705001503,SLI,5,58,10,570.1,5701.0
2021092705001501,SLI,36,34,10,570.3,5703.0
2021092705001500,SLI,36,28,10,570.2,5702.0
2021092705001498,SLI,5,8,10,570.1,5701.0
2021092705001512,SLI,48,58,10,570.1,5701.0
2021092705001511,SLI,48,59,10,570.1,5701.0
2021092705001510,SLI,48,7,10,570.1,5701.0
2021092705001508,SLI,48,45,10,570.1,5701.0
2021092705001517,SLI,48,52,10,570.1,5701.0
2021092705001516,SLI,48,35,10,570.1,5701.0
2021092705001515,SLI,48,58,10,570.1,5701.0
2021092705001514,SLI,48,22,10,570.1,5701.0
2021092705001513,SLI,48,7,10,570.1,5701.0
2021092705001522,SLI,25,14,10,570.0,5700.0
2021092705001521,SLI,48,58,10,570.1,5701.0
2021092705001531,SLI,26,34,10,570.0,5700.0
2021092705001527,SLI,26,57,10,570.0,5700.0
2021092705001525,SLI,26,47,10,570.0,5700.0
2021092705001540,SLI,26,4,10,570.0,5700.0
2021092705001538,SLI,26,58,10,570.0,5700.0
2021092705001534,SLI,26,7,10,570.0,5700.0
2021092705001532,SLI,26,49,10,570.0,5700.0
2021092705001545,SLI,26,47,10,570.0,5700.0
2021092705001543,SLI,26,51,10,570.0,5700.0
2021092705001542,SLI,26,36,10,570.0,5700.0
2021092705001541,SLI,22,26,10,570.1,5701.0
2021092705001556,SLI,3,48,10,570.1,5701.0
2021092705001554,SLI,3,34,10,570.1,5701.0
2021092705001553,SLI,3,14,10,570.1,5701.0
2021092705001551,SLI,3,56,10,570.1,5701.0
2021092705001549,SLI,26,54,10,570.0,5700.0
2021092705001562,SLI,45,45,10,570.8,5708.0
2021092705001561,SLI,45,56,10,570.8,5708.0
2021092705001560,SLI,45,26,10,570.8,5708.0
2021092705001559,SLI,45,3,10,570.8,5708.0
2021092705001558,SLI,45,52,10,570.8,5708.0
2021092705001557,SLI,3,7,10,570.1,5701.0
2021092705001568,SLI,45,25,10,570.8,5708.0
2021092705001566,SLI,45,39,10,570.8,5708.0
2021092705001565,SLI,22,28,10,571.0,5710.0
2021092705001564,SLI,45,58,10,570.8,5708.0
2021092705001563,SLI,45,58,10,570.8,5708.0
2021092705001577,SLI,32,58,10,570.9,5709.0
2021092705001576,SLI,45,58,10,570.8,5708.0
2021092705001575,SLI,25,58,10,571.0,5710.0
2021092705001571,SLI,45,22,10,570.8,5708.0
2021092705001570,SLI,45,54,10,570.8,5708.0
2021092705001584,SLI,32,54,10,570.9,5709.0
2021092705001581,SLI,32,39,10,570.9,5709.0
2021092705001580,SLI,32,6,10,570.9,5709.0
2021092705001578,SLI,32,58,10,570.9,5709.0
2021092705001602,SLI,32,26,10,570.9,5709.0
2021092705001600,SLI,32,19,10,570.9,5709.0
2021092705001597,SLI,32,58,10,570.9,5709.0
2021092705001588,SLI,32,39,10,570.9,5709.0
2021092705001586,SLI,32,58,10,570.9,5709.0
2021092705001608,SLI,32,58,10,570.9,5709.0
2021092705001607,SLI,32,7,10,570.9,5709.0
2021092705001606,SLI,21,18,10,571.0,5710.0
2021092705001604,SLI,32,39,10,570.9,5709.0
2021092705001603,SLI,32,58,10,570.9,5709.0
2021092705001617,SLI,32,6,10,570.9,5709.0
2021092705001614,SLI,32,39,10,570.9,5709.0
2021092705001613,SLI,32,33,10,570.9,5709.0
2021092705001612,SLI,32,21,10,570.9,5709.0
2021092705001611,SLI,32,39,10,570.9,5709.0
2021092705001610,SLI,32,28,10,570.9,5709.0
2021092705001623,SLI,32,57,10,570.9,5709.0
2021092705001622,SLI,32,14,10,570.9,5709.0
2021092705001621,SLI,32,57,10,570.9,5709.0
2021092705001619,SLI,34,57,10,571.0,5710.0
2021092705001618,SLI,34,52,10,571.0,5710.0
2021092705001631,SLI,32,58,10,570.9,5709.0
2021092705001627,SLI,32,58,10,570.9,5709.0
2021092705001626,SLI,32,39,10,570.9,5709.0
2021092705001624,SLI,32,7,10,570.9,5709.0
2021092705001642,SLI,32,4,10,570.9,5709.0
2021092705001641,SLI,32,34,10,570.9,5709.0
2021092705001640,SLI,45,58,10,571.0,5710.0
2021092705001637,SLI,32,58,10,570.9,5709.0
2021092705001634,SLI,32,21,10,570.9,5709.0
2021092705001653,SLI,32,42,10,570.9,5709.0
2021092705001652,SLI,32,35,10,570.9,5709.0
2021092705001649,SLI,32,8,10,570.9,5709.0
2021092705001666,SLI,32,34,10,570.9,5709.0
2021092705001661,SLI,45,45,20,571.0,11420.0
2021092705001660,SLI,45,45,10,571.0,5710.0
2021092705001657,SLI,32,36,10,570.9,5709.0
2021092705001676,SLI,35,49,10,570.9,5709.0
2021092705001675,SLI,35,6,10,570.9,5709.0
2021092705001674,SLI,35,49,70,570.9,39963.0
2021092705001673,SLI,32,49,130,570.9,74217.0
2021092705001672,SLI,57,45,30,571.0,17130.0
2021092705001671,SLI,32,45,10,570.9,5709.0
2021092705001688,SLI,45,22,10,570.8,5708.0
2021092705001680,SLI,35,50,10,570.9,5709.0
2021092705001693,SLI,25,58,10,571.0,5710.0
2021092705001692,SLI,25,38,10,571.0,5710.0
2021092705001690,SLI,45,38,10,570.8,5708.0
2021092705001698,SLI,25,57,10,571.0,5710.0
2021092705001695,SLI,25,34,10,571.0,5710.0
2021092705001702,SLI,25,8,10,571.0,5710.0
2021092705001701,SLI,25,38,10,571.0,5710.0
2021092705001714,SLI,45,57,10,570.8,5708.0
2021092705001711,SLI,45,19,10,570.8,5708.0
2021092705001710,SLI,45,38,10,570.8,5708.0
2021092705001709,SLI,45,42,10,570.8,5708.0
2021092705001722,SLI,49,21,10,570.1,5701.0
2021092705001720,SLI,22,51,10,570.8,5708.0
2021092705001719,SLI,45,51,120,570.8,68496.0
2021092705001715,SLI,45,28,10,570.8,5708.0
2021092705001733,SLI,49,35,10,570.1,5701.0
2021092705001731,SLI,49,44,10,570.1,5701.0
2021092705001728,SLI,49,34,10,570.1,5701.0
2021092705001726,SLI,49,38,10,570.1,5701.0
2021092705001740,SLI,52,51,50,570.0,28500.0
2021092705001739,SLI,45,51,40,570.0,22800.0
2021092705001738,SLI,58,51,10,570.0,5700.0
2021092705001737,SLI,32,51,50,570.0,28500.0
2021092705001736,SLI,26,51,40,570.0,22800.0
2021092705001746,SLI,47,51,10,570.0,5700.0
2021092705001745,SLI,51,51,25,570.0,14250.0
2021092705001744,SLI,38,51,100,570.0,57000.0
2021092705001743,SLI,44,51,200,570.0,114000.0
2021092705001742,SLI,34,51,30,570.0,17100.0
2021092705001741,SLI,37,51,100,570.0,57000.0
2021092705001753,SLI,21,59,10,571.0,5710.0
2021092705001751,SLI,21,57,10,571.0,5710.0
2021092705001750,SLI,19,38,10,570.8,5708.0
2021092705001747,SLI,43,51,15,570.0,8550.0
2021092705001760,SLI,21,36,10,571.0,5710.0
2021092705001759,SLI,21,21,10,571.0,5710.0
2021092705001758,SLI,21,58,10,571.0,5710.0
2021092705001757,SLI,21,19,10,571.0,5710.0
2021092705001756,SLI,21,8,10,571.0,5710.0
2021092705001769,SLI,21,49,10,571.0,5710.0
2021092705001768,SLI,21,21,10,571.0,5710.0
2021092705001763,SLI,21,11,10,571.0,5710.0
2021092705001783,SLI,43,40,10,570.0,5700.0
2021092705001781,SLI,43,43,10,570.0,5700.0
2021092705001776,SLI,43,41,10,570.0,5700.0
2021092705001775,SLI,43,57,10,570.0,5700.0
2021092705001774,SLI,43,55,10,570.0,5700.0
2021092705001772,SLI,43,25,10,570.0,5700.0
2021092705001782,ULI,13,33,10,587.0,5870.0
2021092705001780,ULI,34,57,10,588.0,5880.0
2021092705001779,ULI,34,16,10,588.0,5880.0
2021092705001778,ULI,13,49,10,587.0,5870.0
2021092705001777,ULI,13,57,10,587.0,5870.0
2021092705001773,ULI,13,44,10,587.0,5870.0
2021092705001311,ULI,49,56,10,592.0,5920.0
2021092705001301,ULI,49,52,10,592.0,5920.0
2021092705001300,ULI,49,56,10,592.0,5920.0
2021092705001299,ULI,49,18,10,592.0,5920.0
2021092705001293,ULI,42,38,10,592.1,5921.0
2021092705001359,ULI,49,58,10,592.0,5920.0
2021092705001356,ULI,49,32,10,592.0,5920.0
2021092705001352,ULI,49,41,10,592.0,5920.0
2021092705001350,ULI,58,6,10,592.1,5921.0
2021092705001346,ULI,49,34,10,592.0,5920.0
2021092705001338,ULI,49,43,10,592.0,5920.0
2021092705001375,ULI,58,49,10,592.9,5929.0
2021092705001371,ULI,47,28,10,592.0,5920.0
2021092705001365,ULI,47,52,10,592.0,5920.0
2021092705001363,ULI,47,6,10,592.0,5920.0
2021092705001361,ULI,47,39,90,592.0,53280.0
2021092705001360,ULI,49,39,50,592.0,29600.0
2021092705001393,ULI,47,58,20,592.0,11840.0
2021092705001391,ULI,33,34,50,593.4,29670.0
2021092705001390,ULI,47,34,10,592.0,5920.0
2021092705001382,ULI,47,34,10,592.0,5920.0
2021092705001377,ULI,58,49,10,593.0,5930.0
2021092705001376,ULI,58,4,10,593.0,5930.0
2021092705001416,ULI,1,58,10,591.0,5910.0
2021092705001413,ULI,1,34,10,591.0,5910.0
2021092705001403,ULI,17,34,10,592.0,5920.0
2021092705001402,ULI,47,42,10,592.0,5920.0
2021092705001401,ULI,47,38,10,592.0,5920.0
2021092705001394,ULI,47,34,10,592.0,5920.0
2021092705001429,ULI,43,52,10,590.1,5901.0
2021092705001425,ULI,22,34,10,590.2,5902.0
2021092705001424,ULI,22,40,10,590.2,5902.0
2021092705001423,ULI,22,59,10,590.2,5902.0
2021092705001419,ULI,1,34,10,591.0,5910.0
2021092705001417,ULI,1,3,10,591.0,5910.0
2021092705001452,ULI,32,40,30,590.0,17700.0
2021092705001451,ULI,41,40,70,590.0,41300.0
2021092705001448,ULI,41,57,10,590.0,5900.0
2021092705001446,ULI,41,52,10,590.0,5900.0
2021092705001445,ULI,41,34,10,590.0,5900.0
2021092705001438,ULI,43,45,10,590.1,5901.0
2021092705001470,ULI,49,42,70,590.0,41300.0
2021092705001465,ULI,49,51,10,590.0,5900.0
2021092705001463,ULI,49,17,10,590.0,5900.0
2021092705001462,ULI,49,58,10,590.0,5900.0
2021092705001457,ULI,32,41,10,590.0,5900.0
2021092705001455,ULI,32,58,10,590.0,5900.0
2021092705001485,ULI,5,54,10,593.0,5930.0
2021092705001480,ULI,36,49,10,593.0,5930.0
2021092705001476,ULI,17,52,10,590.0,5900.0
2021092705001473,ULI,17,43,10,590.0,5900.0
2021092705001472,ULI,17,41,10,590.0,5900.0
2021092705001471,ULI,17,42,10,590.0,5900.0
2021092705001492,ULI,17,45,10,590.0,5900.0
2021092705001490,ULI,5,35,10,594.0,5940.0
2021092705001489,ULI,5,29,10,594.0,5940.0
2021092705001488,ULI,5,5,10,594.0,5940.0
2021092705001487,ULI,5,57,10,594.0,5940.0
2021092705001486,ULI,5,49,10,593.0,5930.0
2021092705001509,ULI,6,58,10,590.0,5900.0
2021092705001506,ULI,6,55,10,590.0,5900.0
2021092705001502,ULI,6,58,10,590.0,5900.0
2021092705001496,ULI,6,52,10,590.0,5900.0
2021092705001495,ULI,6,8,10,590.0,5900.0
2021092705001493,ULI,22,58,10,590.0,5900.0
2021092705001550,ULI,34,45,15,590.0,8850.0
2021092705001547,ULI,34,51,10,590.0,5900.0
2021092705001539,ULI,43,57,10,590.0,5900.0
2021092705001537,ULI,43,49,10,590.0,5900.0
2021092705001533,ULI,38,36,10,590.0,5900.0
2021092705001530,ULI,38,58,10,590.0,5900.0
2021092705001579,ULI,38,19,10,588.1,5881.0
2021092705001574,ULI,38,58,10,588.1,5881.0
2021092705001573,ULI,43,39,10,588.2,5882.0
2021092705001567,ULI,43,51,10,588.2,5882.0
2021092705001555,ULI,58,58,10,590.0,5900.0
2021092705001552,ULI,58,7,10,590.0,5900.0
2021092705001593,ULI,7,14,10,590.0,5900.0
2021092705001592,ULI,7,11,10,589.9,5899.0
2021092705001590,ULI,38,39,10,588.1,5881.0
2021092705001589,ULI,38,57,10,588.1,5881.0
2021092705001587,ULI,38,43,10,588.1,5881.0
2021092705001583,ULI,38,28,10,588.1,5881.0
2021092705001601,ULI,7,41,10,590.0,5900.0
2021092705001599,ULI,7,8,10,590.0,5900.0
2021092705001598,ULI,7,43,20,590.0,11800.0
2021092705001596,ULI,38,49,10,588.1,5881.0
2021092705001595,ULI,38,14,10,588.1,5881.0
2021092705001594,ULI,7,22,10,590.0,5900.0
2021092705001630,ULI,38,13,10,588.1,5881.0
2021092705001629,ULI,38,58,10,588.1,5881.0
2021092705001628,ULI,38,33,10,588.1,5881.0
2021092705001616,ULI,38,39,10,588.1,5881.0
2021092705001615,ULI,7,35,10,590.0,5900.0
2021092705001609,ULI,7,4,10,590.0,5900.0
2021092705001643,ULI,44,49,10,588.0,5880.0
2021092705001639,ULI,38,58,10,588.1,5881.0
2021092705001638,ULI,38,49,10,588.1,5881.0
2021092705001636,ULI,34,52,10,589.0,5890.0
2021092705001635,ULI,34,37,10,589.0,5890.0
2021092705001633,ULI,38,19,10,588.1,5881.0
2021092705001656,ULI,13,10,50,588.0,29400.0
2021092705001655,ULI,44,10,50,588.0,29400.0
2021092705001651,ULI,44,33,10,588.0,5880.0
2021092705001650,ULI,44,58,10,588.0,5880.0
2021092705001648,ULI,44,41,10,588.0,5880.0
2021092705001647,ULI,44,41,10,588.0,5880.0
2021092705001670,ULI,34,45,5,588.0,2940.0
2021092705001669,ULI,37,38,10,588.0,5880.0
2021092705001668,ULI,37,56,10,588.0,5880.0
2021092705001667,ULI,37,57,10,588.0,5880.0
2021092705001665,ULI,37,33,50,588.0,29400.0
2021092705001662,ULI,45,38,10,588.0,5880.0
2021092705001706,ULI,54,41,20,587.0,11740.0
2021092705001687,ULI,38,38,10,588.0,5880.0
2021092705001683,ULI,48,47,10,588.0,5880.0
2021092705001682,ULI,48,34,10,588.0,5880.0
2021092705001681,ULI,37,58,10,588.0,5880.0
2021092705001678,ULI,37,37,10,588.0,5880.0
2021092705001725,ULI,40,49,10,586.0,5860.0
2021092705001724,ULI,38,43,10,586.1,5861.0
2021092705001723,ULI,38,45,40,586.1,23444.0
2021092705001718,ULI,43,45,20,586.1,11722.0
2021092705001717,ULI,8,45,40,586.1,23444.0
2021092705001713,ULI,8,54,10,586.1,5861.0
2021092705001764,ULI,13,36,10,587.0,5870.0
2021092705001762,ULI,13,16,10,587.0,5870.0
2021092705001754,ULI,13,45,10,587.0,5870.0
2021092705001749,ULI,40,35,10,586.0,5860.0
2021092705001729,ULI,40,49,10,586.0,5860.0
2021092705001727,ULI,40,56,10,586.0,5860.0
2021092705001285,JBLB,58,16,10,4041.0,40410.0
2021092705001284,JBLB,51,42,100,4044.0,404400.0
2021092705000800,JBLB,5,45,10,4040.0,40400.0
2021092705000798,JBLB,21,32,10,4041.0,40410.0
2021092705000815,JBLB,5,58,10,4040.0,40400.0
2021092705000827,JBLB,21,49,10,4044.0,40440.0
2021092705000825,JBLB,5,56,10,4040.0,40400.0
2021092705000834,JBLB,21,35,10,4045.0,40450.0
2021092705000830,JBLB,57,34,10,4044.0,40440.0
2021092705000842,JBLB,59,59,10,4045.0,40450.0
2021092705000840,JBLB,33,43,20,4041.0,80820.0
2021092705000839,JBLB,6,43,10,4045.0,40450.0
2021092705000850,JBLB,33,56,10,4041.0,40410.0
2021092705000864,JBLB,33,21,10,4041.0,40410.0
2021092705000859,JBLB,33,58,10,4041.0,40410.0
2021092705000879,JBLB,58,37,10,4041.1,40411.0
2021092705000876,JBLB,21,44,10,4044.0,40440.0
2021092705000875,JBLB,3,49,10,4041.1,40411.0
2021092705000890,JBLB,33,16,10,4041.0,40410.0
2021092705000888,JBLB,21,49,10,4042.0,40420.0
2021092705000914,JBLB,49,56,10,4042.0,40420.0
2021092705000912,JBLB,59,55,10,4045.0,40450.0
2021092705000908,JBLB,49,57,10,4042.0,40420.0
2021092705000905,JBLB,33,58,10,4041.0,40410.0
2021092705000921,JBLB,59,35,10,4048.0,40480.0
2021092705000919,JBLB,3,43,10,4043.0,40430.0
2021092705000931,JBLB,3,56,10,4043.0,40430.0
2021092705000930,JBLB,3,21,10,4043.0,40430.0
2021092705000926,JBLB,11,45,10,4045.0,40450.0
2021092705000937,JBLB,3,34,10,4043.0,40430.0
2021092705000936,JBLB,49,56,10,4045.0,40450.0
2021092705000935,JBLB,49,58,10,4045.0,40450.0
2021092705000946,JBLB,3,53,10,4043.0,40430.0
2021092705000945,JBLB,49,6,10,4045.0,40450.0
2021092705000943,JBLB,49,58,10,4045.0,40450.0
2021092705000957,JBLB,21,44,10,4045.0,40450.0
2021092705000955,JBLB,46,56,10,4043.0,40430.0
2021092705000954,JBLB,3,4,10,4043.0,40430.0
2021092705000953,JBLB,33,58,10,4045.0,40450.0
2021092705000965,JBLB,33,56,10,4041.0,40410.0
2021092705000964,JBLB,55,44,10,4043.0,40430.0
2021092705000962,JBLB,58,56,10,4042.0,40420.0
2021092705000972,JBLB,55,49,10,4043.0,40430.0
2021092705000991,JBLB,44,39,10,4042.0,40420.0
2021092705000989,JBLB,38,38,20,4044.0,80880.0
2021092705000984,JBLB,54,38,10,4044.0,40440.0
2021092705001003,JBLB,33,56,10,4041.0,40410.0
2021092705001010,JBLB,39,58,10,4042.0,40420.0
2021092705001008,JBLB,39,56,10,4042.0,40420.0
2021092705001005,JBLB,35,3,10,4042.0,40420.0
2021092705001018,JBLB,36,41,10,4040.1,40401.0
2021092705001017,JBLB,38,41,10,4041.0,40410.0
2021092705001016,JBLB,39,41,30,4042.0,121260.0
2021092705001028,JBLB,35,13,10,4042.0,40420.0
2021092705001039,JBLB,28,58,10,4040.0,40400.0
2021092705001038,JBLB,28,44,10,4040.0,40400.0
2021092705001047,JBLB,57,22,10,4042.0,40420.0
2021092705001044,JBLB,28,48,10,4040.0,40400.0
2021092705001043,JBLB,7,25,10,4041.0,40410.0
2021092705001042,JBLB,28,36,10,4040.0,40400.0
2021092705001057,JBLB,57,49,10,4042.0,40420.0
2021092705001056,JBLB,57,16,10,4042.0,40420.0
2021092705001051,JBLB,57,38,10,4042.0,40420.0
2021092705001063,JBLB,38,38,10,4044.0,40440.0
2021092705001061,JBLB,6,38,10,4044.0,40440.0
2021092705001068,JBLB,52,48,10,4048.0,40480.0
2021092705001096,JBLB,28,47,10,4040.0,40400.0
2021092705001093,JBLB,6,47,10,4042.1,40421.0
2021092705001105,JBLB,28,47,10,4040.0,40400.0
2021092705001100,JBLB,28,47,10,4040.0,40400.0
2021092705001111,JBLB,28,58,10,4040.0,40400.0
2021092705001109,JBLB,28,47,10,4040.0,40400.0
2021092705001117,JBLB,28,38,10,4040.0,40400.0
2021092705001130,JBLB,14,42,10,4042.1,40421.0
2021092705001135,JBLB,41,58,10,4042.0,40420.0
2021092705001142,JBLB,43,11,10,4040.0,40400.0
2021092705001152,JBLB,32,25,40,4042.0,161680.0
2021092705001156,JBLB,58,40,50,4041.0,202050.0
2021092705001154,JBLB,58,35,10,4041.0,40410.0
2021092705001162,JBLB,58,38,10,4041.0,40410.0
2021092705001161,JBLB,58,58,10,4041.0,40410.0
2021092705001179,JBLB,21,14,10,4042.0,40420.0
2021092705001188,JBLB,21,58,10,4042.0,40420.0
2021092705001200,JBLB,21,43,10,4042.0,40420.0
2021092705001196,JBLB,32,58,10,4045.0,40450.0
2021092705001207,JBLB,21,43,10,4042.0,40420.0
2021092705001221,JBLB,21,8,10,4042.0,40420.0
2021092705001229,JBLB,58,16,95,4041.0,383895.0
2021092705001228,JBLB,49,16,20,4041.1,80822.0
2021092705001227,JBLB,56,16,10,4041.1,40411.0
2021092705001241,JBLB,58,8,10,4041.0,40410.0
2021092705001235,JBLB,58,11,10,4041.0,40410.0
2021092705001234,JBLB,58,8,10,4041.0,40410.0
2021092705001250,JBLB,58,36,10,4041.0,40410.0
2021092705001258,JBLB,58,58,10,4041.0,40410.0
2021092705001271,JBLB,58,11,10,4041.0,40410.0
2021092705001269,JBLB,58,56,10,4041.0,40410.0
2021092705001268,JBLB,58,8,10,4041.0,40410.0
2021092705001270,MKLB,10,21,10,1593.7,15937.0
2021092705001126,MKLB,10,45,10,1593.7,15937.0
2021092705001054,MKLB,10,11,10,1593.7,15937.0
2021092705001006,MKLB,41,47,1,1593.7,1593.7
2021092705000939,MKLB,10,17,10,1593.7,15937.0
2021092705000826,MKLB,10,42,10,1593.7,15937.0
2021092705000799,MKLB,1,22,10,1593.7,15937.0
2021092705001288,SLI,48,49,10,572.0,5720.0
2021092705001287,SLI,48,34,10,572.0,5720.0
2021092705001286,SLI,48,19,10,572.0,5720.0
2021092705001281,SLI,48,11,10,572.0,5720.0
2021092705000791,SLI,16,38,10,575.0,5750.0
2021092705000790,SLI,16,35,10,575.0,5750.0
2021092705000797,SLI,16,32,10,575.0,5750.0
2021092705000796,SLI,16,47,10,575.0,5750.0
2021092705000795,SLI,16,52,10,575.0,5750.0
2021092705000794,SLI,16,42,10,575.0,5750.0
2021092705000793,SLI,16,58,10,575.0,5750.0
2021092705000792,SLI,16,49,10,575.0,5750.0
2021092705000806,SLI,57,49,10,575.1,5751.0
2021092705000805,SLI,16,14,10,575.0,5750.0
2021092705000804,SLI,16,59,10,575.0,5750.0
2021092705000801,SLI,16,46,10,575.0,5750.0
2021092705000818,SLI,16,59,10,575.0,5750.0
2021092705000814,SLI,16,28,10,575.0,5750.0
2021092705000813,SLI,16,21,10,575.0,5750.0
2021092705000810,SLI,57,6,10,575.1,5751.0
2021092705000807,SLI,57,48,10,575.1,5751.0
2021092705000828,SLI,16,45,10,575.0,5750.0
2021092705000823,SLI,16,48,10,575.0,5750.0
2021092705000822,SLI,16,54,10,575.0,5750.0
2021092705000819,SLI,16,11,10,575.0,5750.0
2021092705000837,SLI,16,42,10,575.0,5750.0
2021092705000836,SLI,16,3,10,575.0,5750.0
2021092705000832,SLI,16,6,10,575.0,5750.0
2021092705000829,SLI,16,11,10,575.0,5750.0
2021092705000843,SLI,16,26,20,575.0,11500.0
2021092705000841,SLI,16,40,10,575.0,5750.0
2021092705000838,SLI,16,58,10,575.0,5750.0
2021092705000849,SLI,16,35,10,575.0,5750.0
2021092705000848,SLI,16,40,10,575.0,5750.0
2021092705000847,SLI,16,58,10,575.0,5750.0
2021092705000846,SLI,16,35,10,575.0,5750.0
2021092705000845,SLI,16,26,10,575.0,5750.0
2021092705000844,SLI,16,56,10,575.0,5750.0
2021092705000857,SLI,16,35,10,575.0,5750.0
2021092705000856,SLI,16,36,10,575.0,5750.0
2021092705000855,SLI,16,29,10,575.0,5750.0
2021092705000853,SLI,16,21,10,575.0,5750.0
2021092705000851,SLI,16,26,10,575.0,5750.0
2021092705000865,SLI,16,56,10,575.0,5750.0
2021092705000862,SLI,16,29,10,575.0,5750.0
2021092705000860,SLI,16,40,10,575.0,5750.0
2021092705000858,SLI,16,38,10,575.0,5750.0
2021092705000871,SLI,58,58,10,575.9,5759.0
2021092705000870,SLI,58,26,10,575.9,5759.0
2021092705000869,SLI,58,56,10,575.9,5759.0
2021092705000868,SLI,16,58,10,575.0,5750.0
2021092705000867,SLI,16,56,10,575.0,5750.0
2021092705000866,SLI,16,21,10,575.0,5750.0
2021092705000881,SLI,16,56,10,575.0,5750.0
2021092705000878,SLI,16,35,10,575.0,5750.0
2021092705000872,SLI,16,38,10,575.0,5750.0
2021092705000887,SLI,16,40,10,575.0,5750.0
2021092705000886,SLI,21,20,40,576.0,23040.0
2021092705000885,SLI,21,35,10,576.0,5760.0
2021092705000884,SLI,21,58,10,576.0,5760.0
2021092705000901,SLI,45,20,10,576.0,5760.0
2021092705000900,SLI,42,41,10,575.0,5750.0
2021092705000896,SLI,42,56,10,575.0,5750.0
2021092705000894,SLI,42,40,10,575.0,5750.0
2021092705000892,SLI,42,48,10,575.0,5750.0
2021092705000891,SLI,16,35,10,575.0,5750.0
2021092705000918,SLI,50,58,10,572.0,5720.0
2021092705000913,SLI,49,40,10,574.0,5740.0
2021092705000924,SLI,28,58,10,571.5,5715.0
2021092705000923,SLI,17,56,10,572.0,5720.0
2021092705000922,SLI,50,38,10,572.0,5720.0
2021092705000920,SLI,50,21,10,572.0,5720.0
2021092705000932,SLI,28,56,10,571.5,5715.0
2021092705000928,SLI,44,40,10,575.0,5750.0
2021092705000927,SLI,44,49,10,574.5,5745.0
2021092705000940,SLI,28,32,10,571.5,5715.0
2021092705000938,SLI,28,13,10,571.5,5715.0
2021092705000934,SLI,28,6,10,571.5,5715.0
2021092705000951,SLI,21,38,10,572.0,5720.0
2021092705000950,SLI,21,6,10,572.0,5720.0
2021092705000942,SLI,28,16,10,571.5,5715.0
2021092705000961,SLI,21,17,10,572.0,5720.0
2021092705000959,SLI,21,56,10,572.0,5720.0
2021092705000970,SLI,28,55,10,571.5,5715.0
2021092705000968,SLI,28,45,10,571.5,5715.0
2021092705000963,SLI,21,5,10,572.0,5720.0
2021092705000977,SLI,28,56,10,571.5,5715.0
2021092705000976,SLI,5,32,10,572.0,5720.0
2021092705000975,SLI,5,21,10,572.0,5720.0
2021092705000973,SLI,28,16,10,571.5,5715.0
2021092705000971,SLI,28,8,10,571.5,5715.0
2021092705000987,SLI,37,36,10,573.0,5730.0
2021092705000981,SLI,28,45,10,571.5,5715.0
2021092705000979,SLI,28,34,10,571.5,5715.0
2021092705001001,SLI,37,58,10,573.0,5730.0
2021092705000998,SLI,37,38,10,573.0,5730.0
2021092705000997,SLI,44,17,10,574.0,5740.0
2021092705000996,SLI,44,58,10,574.0,5740.0
2021092705000995,SLI,44,56,10,574.0,5740.0
2021092705001012,SLI,37,16,10,573.0,5730.0
2021092705001011,SLI,37,16,10,573.0,5730.0
2021092705001004,SLI,1,38,10,574.0,5740.0
2021092705001015,SLI,37,49,10,573.0,5730.0
2021092705001014,SLI,37,3,10,573.0,5730.0
2021092705001013,SLI,58,38,10,575.0,5750.0
2021092705001034,SLI,34,49,10,573.0,5730.0
2021092705001033,SLI,34,39,10,573.0,5730.0
2021092705001030,SLI,37,19,10,573.0,5730.0
2021092705001029,SLI,37,58,10,573.0,5730.0
2021092705001023,SLI,37,37,10,573.0,5730.0
2021092705001041,SLI,34,56,10,573.0,5730.0
2021092705001037,SLI,34,19,10,573.0,5730.0
2021092705001036,SLI,34,37,10,573.0,5730.0
2021092705001035,SLI,34,6,10,573.0,5730.0
2021092705001046,SLI,34,53,10,573.0,5730.0
2021092705001045,SLI,34,16,10,573.0,5730.0
2021092705001052,SLI,22,8,10,573.0,5730.0
2021092705001050,SLI,34,39,10,573.0,5730.0
2021092705001049,SLI,34,42,10,573.0,5730.0
2021092705001065,SLI,16,16,10,573.0,5730.0
2021092705001060,SLI,16,39,10,573.0,5730.0
2021092705001059,SLI,44,21,10,572.0,5720.0
2021092705001058,SLI,44,7,10,572.0,5720.0
2021092705001077,SLI,16,52,10,573.0,5730.0
2021092705001075,SLI,16,21,10,573.0,5730.0
2021092705001074,SLI,16,10,10,573.0,5730.0
2021092705001071,SLI,16,54,10,573.0,5730.0
2021092705001067,SLI,16,54,10,573.0,5730.0
2021092705001086,SLI,16,16,10,573.0,5730.0
2021092705001084,SLI,16,11,10,573.0,5730.0
2021092705001083,SLI,16,49,10,573.0,5730.0
2021092705001082,SLI,16,44,10,573.0,5730.0
2021092705001081,SLI,16,10,10,573.0,5730.0
2021092705001080,SLI,16,32,10,573.0,5730.0
2021092705001092,SLI,16,21,10,573.0,5730.0
2021092705001091,SLI,16,41,10,573.0,5730.0
2021092705001090,SLI,16,3,10,573.0,5730.0
2021092705001089,SLI,16,56,10,573.0,5730.0
2021092705001088,SLI,16,10,10,573.0,5730.0
2021092705001087,SLI,16,58,10,573.0,5730.0
2021092705001099,SLI,16,33,10,573.0,5730.0
2021092705001098,SLI,16,56,10,573.0,5730.0
2021092705001095,SLI,16,4,10,573.0,5730.0
2021092705001094,SLI,16,59,10,573.0,5730.0
2021092705001107,SLI,16,37,10,573.0,5730.0
2021092705001104,SLI,16,29,10,573.0,5730.0
2021092705001103,SLI,16,46,10,573.0,5730.0
2021092705001101,SLI,16,11,10,573.0,5730.0
2021092705001114,SLI,16,8,10,573.0,5730.0
2021092705001113,SLI,16,45,10,573.0,5730.0
2021092705001110,SLI,16,3,10,573.0,5730.0
2021092705001108,SLI,16,58,10,573.0,5730.0
2021092705001122,SLI,16,58,10,573.0,5730.0
2021092705001121,SLI,16,34,10,573.0,5730.0
2021092705001120,SLI,16,11,10,573.0,5730.0
2021092705001118,SLI,16,56,10,573.0,5730.0
2021092705001116,SLI,16,4,10,573.0,5730.0
2021092705001131,SLI,16,56,10,573.0,5730.0
2021092705001129,SLI,16,32,10,573.0,5730.0
2021092705001128,SLI,16,36,10,573.0,5730.0
2021092705001127,SLI,16,58,10,573.0,5730.0
2021092705001123,SLI,16,21,10,573.0,5730.0
2021092705001139,SLI,16,8,10,573.0,5730.0
2021092705001138,SLI,16,7,10,573.0,5730.0
2021092705001136,SLI,16,8,10,573.0,5730.0
2021092705001134,SLI,16,8,10,573.0,5730.0
2021092705001133,SLI,16,38,10,573.0,5730.0
2021092705001145,SLI,26,58,10,574.0,5740.0
2021092705001144,SLI,26,32,10,574.0,5740.0
2021092705001143,SLI,26,49,10,574.0,5740.0
2021092705001141,SLI,16,16,10,573.0,5730.0
2021092705001140,SLI,16,10,10,573.0,5730.0
2021092705001150,SLI,26,28,10,574.0,5740.0
2021092705001149,SLI,26,8,10,574.0,5740.0
2021092705001148,SLI,26,49,10,574.0,5740.0
2021092705001147,SLI,26,58,10,574.0,5740.0
2021092705001146,SLI,26,57,10,574.0,5740.0
2021092705001158,SLI,26,21,10,574.0,5740.0
2021092705001157,SLI,26,8,10,574.0,5740.0
2021092705001155,SLI,26,21,10,574.0,5740.0
2021092705001153,SLI,26,56,10,574.0,5740.0
2021092705001165,SLI,26,56,10,574.0,5740.0
2021092705001164,SLI,26,21,10,574.0,5740.0
2021092705001160,SLI,26,8,10,574.0,5740.0
2021092705001159,SLI,26,16,10,574.0,5740.0
