Transact. No.,Symbol,Buyer,Seller,Quantity,Rate,Amount
2021092605003159,JBLB,47,3,10,4120.0,41200.0
2021092605003157,JBLB,47,29,10,4115.0,41150.0
2021092605003156,JBLB,53,29,10,4116.0,41160.0
2021092605002663,JBLB,16,1,10,4135.0,41350.0
2021092605002676,JBLB,59,26,10,4131.1,41311.0
2021092605002700,JBLB,33,1,80,4132.0,330560.0
2021092605002708,JBLB,57,57,10,4131.1,41311.0
2021092605002707,JBLB,36,58,10,4131.2,41312.0
2021092605002705,JBLB,26,57,10,4132.0,41320.0
2021092605002718,JBLB,33,50,20,4131.0,82620.0
2021092605002713,JBLB,57,50,90,4131.1,371799.0
2021092605002725,JBLB,33,56,10,4131.0,41310.0
2021092605002723,JBLB,33,6,10,4131.0,41310.0
2021092605002719,JBLB,50,58,10,4132.0,41320.0
2021092605002734,JBLB,52,6,10,4131.1,41311.0
2021092605002730,JBLB,33,22,10,4131.0,41310.0
2021092605002727,JBLB,34,16,10,4131.1,41311.0
2021092605002740,JBLB,33,18,10,4131.0,41310.0
2021092605002738,JBLB,33,44,20,4131.0,82620.0
2021092605002737,JBLB,33,56,10,4131.0,41310.0
2021092605002735,JBLB,33,18,10,4131.0,41310.0
2021092605002748,JBLB,34,17,10,4131.0,41310.0
2021092605002745,JBLB,34,41,10,4131.0,41310.0
2021092605002744,JBLB,34,58,10,4131.0,41310.0
2021092605002743,JBLB,34,18,10,4131.0,41310.0
2021092605002755,JBLB,29,46,10,4130.2,41302.0
2021092605002752,JBLB,34,35,10,4131.0,41310.0
2021092605002750,JBLB,50,4,10,4131.1,41311.0
2021092605002763,JBLB,46,16,10,4134.0,41340.0
2021092605002759,JBLB,45,36,10,4131.0,41310.0
2021092605002757,JBLB,45,18,10,4131.0,41310.0
2021092605002768,JBLB,45,18,10,4131.0,41310.0
2021092605002815,JBLB,29,4,90,4130.2,371718.0
2021092605002814,JBLB,45,4,10,4131.0,41310.0
2021092605002831,JBLB,28,44,20,4130.0,82600.0
2021092605002826,JBLB,28,19,10,4130.0,41300.0
2021092605002825,JBLB,50,19,10,4131.0,41310.0
2021092605002823,JBLB,22,34,10,4130.1,41301.0
2021092605002819,JBLB,22,57,10,4131.0,41310.0
2021092605002839,JBLB,46,6,10,4131.0,41310.0
2021092605002837,JBLB,28,44,10,4130.0,41300.0
2021092605002836,JBLB,28,34,10,4130.0,41300.0
2021092605002845,JBLB,55,52,10,4130.0,41300.0
2021092605002844,JBLB,38,52,20,4130.0,82600.0
2021092605002843,JBLB,39,52,100,4130.0,413000.0
2021092605002842,JBLB,13,52,20,4130.0,82600.0
2021092605002841,JBLB,41,52,10,4130.0,41300.0
2021092605002840,JBLB,28,52,150,4130.0,619500.0
2021092605002854,JBLB,50,52,50,4130.0,206500.0
2021092605002850,JBLB,41,52,10,4130.0,41300.0
2021092605002849,JBLB,21,52,10,4130.0,41300.0
2021092605002846,JBLB,50,52,10,4130.0,41300.0
2021092605002866,JBLB,16,44,10,4125.0,41250.0
2021092605002865,JBLB,46,52,10,4130.0,41300.0
2021092605002864,JBLB,46,28,10,4129.0,41290.0
2021092605002883,JBLB,33,41,30,4125.0,123750.0
2021092605002878,JBLB,50,41,10,4129.0,41290.0
2021092605002877,JBLB,33,34,10,4125.0,41250.0
2021092605002876,JBLB,33,1,10,4125.0,41250.0
2021092605002889,JBLB,33,47,10,4121.0,41210.0
2021092605002887,JBLB,14,1,10,4125.0,41250.0
2021092605002884,JBLB,29,41,10,4125.0,41250.0
2021092605002896,JBLB,33,49,10,4121.0,41210.0
2021092605002893,JBLB,33,34,10,4121.0,41210.0
2021092605002909,JBLB,34,32,10,4120.0,41200.0
2021092605002903,JBLB,33,35,20,4121.0,82420.0
2021092605002919,JBLB,49,41,10,4120.0,41200.0
2021092605002911,JBLB,48,32,10,4120.0,41200.0
2021092605002910,JBLB,53,32,10,4120.0,41200.0
2021092605002925,JBLB,45,29,10,4120.5,41205.0
2021092605002923,JBLB,22,22,10,4121.0,41210.0
2021092605002944,JBLB,45,57,10,4120.5,41205.0
2021092605002928,JBLB,45,58,10,4120.5,41205.0
2021092605002963,JBLB,39,38,10,4117.0,41170.0
2021092605002952,JBLB,39,5,10,4117.0,41170.0
2021092605002984,JBLB,22,28,10,4117.1,41171.0
2021092605002981,JBLB,47,3,10,4120.0,41200.0
2021092605002979,JBLB,47,57,10,4120.0,41200.0
2021092605002990,JBLB,45,25,10,4118.0,41180.0
2021092605002986,JBLB,50,47,10,4120.0,41200.0
2021092605003019,JBLB,50,14,10,4119.0,41190.0
2021092605003015,JBLB,32,22,10,4120.0,41200.0
2021092605003013,JBLB,6,49,10,4121.0,41210.0
2021092605003021,JBLB,39,34,10,4117.0,41170.0
2021092605003041,JBLB,14,4,10,4116.0,41160.0
2021092605003039,JBLB,13,4,10,4116.0,41160.0
2021092605003038,JBLB,33,4,10,4117.0,41170.0
2021092605003037,JBLB,39,4,20,4117.0,82340.0
2021092605003036,JBLB,50,47,10,4119.0,41190.0
2021092605003059,JBLB,34,49,10,4116.0,41160.0
2021092605003058,JBLB,34,58,10,4116.0,41160.0
2021092605003057,JBLB,34,4,50,4116.0,205800.0
2021092605003065,JBLB,26,49,10,4117.0,41170.0
2021092605003061,JBLB,34,47,10,4116.0,41160.0
2021092605003060,JBLB,34,49,10,4116.0,41160.0
2021092605003075,JBLB,50,21,10,4116.0,41160.0
2021092605003067,JBLB,34,21,10,4116.0,41160.0
2021092605003088,JBLB,14,21,10,4116.0,41160.0
2021092605003087,JBLB,59,21,10,4116.0,41160.0
2021092605003084,JBLB,47,21,10,4116.0,41160.0
2021092605003093,JBLB,42,33,20,4116.0,82320.0
2021092605003090,JBLB,58,33,10,4116.0,41160.0
2021092605003089,JBLB,14,49,10,4116.0,41160.0
2021092605003102,JBLB,34,45,10,4116.0,41160.0
2021092605003101,JBLB,34,33,20,4116.0,82320.0
2021092605003107,JBLB,45,17,40,4116.0,164640.0
2021092605003106,JBLB,34,17,50,4116.0,205800.0
2021092605003104,JBLB,34,35,20,4116.0,82320.0
2021092605003115,JBLB,46,49,10,4117.0,41170.0
2021092605003114,JBLB,46,6,10,4117.0,41170.0
2021092605003120,JBLB,38,42,10,4116.0,41160.0
2021092605003119,JBLB,58,42,10,4116.0,41160.0
2021092605003118,JBLB,47,42,50,4116.0,205800.0
2021092605003117,JBLB,38,42,20,4117.0,82340.0
2021092605003116,JBLB,57,42,100,4117.0,411700.0
2021092605003123,JBLB,58,34,10,4120.0,41200.0
2021092605003141,JBLB,43,42,10,4114.0,41140.0
2021092605003140,JBLB,46,42,10,4115.0,41150.0
2021092605003139,JBLB,38,42,10,4116.0,41160.0
2021092605003138,JBLB,53,42,10,4120.0,41200.0
2021092605003147,JBLB,42,42,10,4110.0,41100.0
2021092605003146,JBLB,38,42,10,4110.0,41100.0
2021092605003145,JBLB,36,42,10,4110.0,41100.0
2021092605003144,JBLB,6,42,100,4110.0,411000.0
2021092605003143,JBLB,47,42,100,4111.0,411100.0
2021092605003142,JBLB,13,42,10,4113.0,41130.0
2021092605003151,JBLB,53,21,10,4116.0,41160.0
2021092605003149,JBLB,33,42,300,4110.0,1233000.0
2021092605003148,JBLB,7,42,20,4110.0,82200.0
2021092605002924,MKLB,33,6,10,1448.9,14489.0
2021092605002917,MKLB,33,6,10,1448.9,14489.0
2021092605003162,SLI,38,49,10,592.0,5920.0
2021092605003161,SLI,42,20,30,593.0,17790.0
2021092605003160,SLI,38,57,10,592.0,5920.0
2021092605002664,SLI,44,7,10,591.0,5910.0
2021092605002675,SLI,44,47,10,591.0,5910.0
2021092605002674,SLI,44,41,10,591.0,5910.0
2021092605002668,SLI,44,7,10,591.0,5910.0
2021092605002667,SLI,44,7,10,591.0,5910.0
2021092605002666,SLI,44,49,10,591.0,5910.0
2021092605002682,SLI,44,48,10,591.0,5910.0
2021092605002681,SLI,44,7,10,591.0,5910.0
2021092605002680,SLI,44,8,10,591.0,5910.0
2021092605002679,SLI,44,7,10,591.0,5910.0
2021092605002678,SLI,44,8,10,591.0,5910.0
2021092605002677,SLI,44,56,10,591.0,5910.0
2021092605002699,SLI,36,17,10,591.5,5915.0
2021092605002689,SLI,44,47,10,591.0,5910.0
2021092605002687,SLI,44,58,10,591.0,5910.0
2021092605002685,SLI,44,49,10,591.0,5910.0
2021092605002684,SLI,44,7,10,591.0,5910.0
2021092605002706,SLI,44,17,10,591.0,5910.0
2021092605002704,SLI,44,17,10,591.0,5910.0
2021092605002703,SLI,36,18,10,591.5,5915.0
2021092605002715,SLI,44,41,10,591.0,5910.0
2021092605002712,SLI,44,20,115,591.0,67965.0
2021092605002711,SLI,44,34,10,591.0,5910.0
2021092605002709,SLI,44,49,10,591.0,5910.0
2021092605002722,SLI,44,48,10,591.0,5910.0
2021092605002721,SLI,44,44,10,591.0,5910.0
2021092605002720,SLI,44,58,10,591.0,5910.0
2021092605002729,SLI,49,57,20,592.0,11840.0
2021092605002728,SLI,44,7,10,591.0,5910.0
2021092605002726,SLI,44,58,10,591.0,5910.0
2021092605002742,SLI,44,56,10,591.0,5910.0
2021092605002739,SLI,44,55,10,591.0,5910.0
2021092605002747,SLI,44,58,10,591.0,5910.0
2021092605002746,SLI,44,38,10,591.0,5910.0
2021092605002754,SLI,44,4,10,591.0,5910.0
2021092605002753,SLI,44,56,10,591.0,5910.0
2021092605002751,SLI,44,6,10,591.0,5910.0
2021092605002762,SLI,7,42,10,591.0,5910.0
2021092605002761,SLI,57,57,10,591.0,5910.0
2021092605002758,SLI,57,11,10,591.0,5910.0
2021092605002809,SLI,36,38,10,592.0,5920.0
2021092605002770,SLI,38,58,10,591.0,5910.0
2021092605002769,SLI,38,45,10,591.0,5910.0
2021092605002766,SLI,38,17,10,591.0,5910.0
2021092605002765,SLI,7,58,10,591.0,5910.0
2021092605002818,SLI,57,34,10,591.0,5910.0
2021092605002816,SLI,57,58,10,591.0,5910.0
2021092605002813,SLI,57,17,10,591.0,5910.0
2021092605002811,SLI,38,58,10,591.0,5910.0
2021092605002832,SLI,57,7,10,591.0,5910.0
2021092605002838,SLI,32,40,10,591.5,5915.0
2021092605002834,SLI,35,39,10,591.0,5910.0
2021092605002833,SLI,57,37,10,591.0,5910.0
2021092605002851,SLI,32,49,10,591.5,5915.0
2021092605002848,SLI,17,21,10,592.0,5920.0
2021092605002861,SLI,57,4,10,592.0,5920.0
2021092605002860,SLI,57,47,10,592.0,5920.0
2021092605002859,SLI,22,19,10,592.0,5920.0
2021092605002858,SLI,22,22,10,592.0,5920.0
2021092605002857,SLI,22,51,10,592.0,5920.0
2021092605002856,SLI,22,42,10,592.0,5920.0
2021092605002868,SLI,56,45,10,591.6,5916.0
2021092605002867,SLI,57,45,10,592.0,5920.0
2021092605002862,SLI,57,45,10,592.0,5920.0
2021092605002874,SLI,13,45,50,590.3,29515.0
2021092605002873,SLI,58,45,21,590.4,12398.4
2021092605002872,SLI,42,45,40,590.5,23620.0
2021092605002871,SLI,58,45,10,591.0,5910.0
2021092605002870,SLI,21,45,100,591.0,59100.0
2021092605002869,SLI,32,45,30,591.5,17745.0
2021092605002879,SLI,34,38,10,590.2,5902.0
2021092605002875,SLI,34,45,29,590.2,17115.8
2021092605002890,SLI,58,45,20,591.0,11820.0
2021092605002888,SLI,10,38,10,590.1,5901.0
2021092605002886,SLI,34,56,10,590.2,5902.0
2021092605002895,SLI,48,19,10,590.1,5901.0
2021092605002894,SLI,48,21,10,590.1,5901.0
2021092605002892,SLI,48,58,10,590.1,5901.0
2021092605002891,SLI,10,6,10,590.1,5901.0
2021092605002908,SLI,40,51,10,591.0,5910.0
2021092605002907,SLI,40,52,10,591.0,5910.0
2021092605002906,SLI,40,3,10,591.0,5910.0
2021092605002905,SLI,40,45,430,591.0,254130.0
2021092605002918,SLI,38,55,10,591.0,5910.0
2021092605002916,SLI,38,53,10,591.0,5910.0
2021092605002915,SLI,40,29,10,591.0,5910.0
2021092605002926,SLI,48,34,10,590.1,5901.0
2021092605002922,SLI,38,58,10,591.0,5910.0
2021092605002921,SLI,38,21,10,591.0,5910.0
2021092605002920,SLI,38,36,10,591.0,5910.0
2021092605002945,SLI,48,56,10,590.1,5901.0
2021092605002942,SLI,48,35,10,590.1,5901.0
2021092605002941,SLI,48,58,10,590.1,5901.0
2021092605002939,SLI,48,49,10,590.1,5901.0
2021092605002951,SLI,48,59,10,590.1,5901.0
2021092605002950,SLI,48,58,10,590.1,5901.0
2021092605002949,SLI,48,52,10,590.1,5901.0
2021092605002948,SLI,48,34,10,590.1,5901.0
2021092605002947,SLI,48,49,10,590.1,5901.0
2021092605002946,SLI,48,21,10,590.1,5901.0
2021092605002961,SLI,52,56,10,591.1,5911.0
2021092605002955,SLI,52,58,10,591.0,5910.0
2021092605002954,SLI,48,45,10,590.1,5901.0
2021092605002953,SLI,48,50,10,590.1,5901.0
2021092605002972,SLI,52,39,10,591.1,5911.0
2021092605002971,SLI,26,6,10,592.0,5920.0
2021092605002970,SLI,26,52,10,591.2,5912.0
2021092605002968,SLI,52,59,10,591.1,5911.0
2021092605002967,SLI,52,58,10,591.1,5911.0
2021092605002966,SLI,52,58,10,591.1,5911.0
2021092605002978,SLI,52,45,10,591.1,5911.0
2021092605002976,SLI,52,58,10,591.1,5911.0
2021092605002974,SLI,52,11,10,591.1,5911.0
2021092605002991,SLI,49,58,10,591.0,5910.0
2021092605002988,SLI,45,52,10,591.2,5912.0
2021092605002987,SLI,45,41,10,591.2,5912.0
2021092605002985,SLI,52,56,10,591.1,5911.0
2021092605003012,SLI,58,42,10,591.0,5910.0
2021092605003010,SLI,58,7,10,591.0,5910.0
2021092605003009,SLI,58,49,10,591.0,5910.0
2021092605003008,SLI,58,42,10,591.0,5910.0
2021092605003007,SLI,41,59,10,591.0,5910.0
2021092605003006,SLI,49,52,10,591.0,5910.0
2021092605003018,SLI,48,49,10,591.0,5910.0
2021092605003016,SLI,48,41,10,591.0,5910.0
2021092605003014,SLI,58,22,10,591.0,5910.0
2021092605003035,SLI,42,56,10,590.5,5905.0
2021092605003025,SLI,42,38,10,590.5,5905.0
2021092605003023,SLI,42,56,10,590.5,5905.0
2021092605003022,SLI,40,55,10,591.0,5910.0
2021092605003020,SLI,42,45,10,591.0,5910.0
2021092605003040,SLI,42,49,10,590.5,5905.0
2021092605003048,SLI,38,49,10,590.2,5902.0
2021092605003047,SLI,38,21,10,590.2,5902.0
2021092605003046,SLI,38,55,10,590.2,5902.0
2021092605003045,SLI,38,3,10,590.2,5902.0
2021092605003043,SLI,38,6,45,590.2,26559.0
2021092605003042,SLI,42,22,10,590.5,5905.0
2021092605003056,SLI,38,49,10,590.2,5902.0
2021092605003055,SLI,58,50,100,591.0,59100.0
2021092605003049,SLI,38,56,10,590.2,5902.0
2021092605003064,SLI,48,35,10,590.1,5901.0
2021092605003063,SLI,48,58,10,590.1,5901.0
2021092605003062,SLI,48,49,10,590.1,5901.0
2021092605003071,SLI,13,58,10,591.0,5910.0
2021092605003070,SLI,13,38,10,591.0,5910.0
2021092605003069,SLI,13,50,400,591.0,236400.0
2021092605003068,SLI,5,56,10,590.3,5903.0
2021092605003082,SLI,58,39,10,591.0,5910.0
2021092605003081,SLI,21,3,10,590.1,5901.0
2021092605003079,SLI,21,57,70,590.1,41307.0
2021092605003078,SLI,48,57,310,590.1,182931.0
2021092605003077,SLI,5,57,40,590.3,23612.0
2021092605003076,SLI,13,57,80,591.0,47280.0
2021092605003086,SLI,16,49,10,591.1,5911.0
2021092605003085,SLI,16,28,10,591.1,5911.0
2021092605003083,SLI,49,16,10,591.0,5910.0
2021092605003095,SLI,21,58,10,591.9,5919.0
2021092605003094,SLI,38,58,10,590.2,5902.0
2021092605003092,SLI,38,58,10,590.2,5902.0
2021092605003100,SLI,52,41,10,591.0,5910.0
2021092605003099,SLI,52,43,10,591.0,5910.0
2021092605003097,SLI,16,14,10,592.0,5920.0
2021092605003096,SLI,16,38,10,591.0,5910.0
2021092605003109,SLI,59,58,10,592.0,5920.0
2021092605003108,SLI,59,48,10,592.0,5920.0
2021092605003103,SLI,47,21,10,591.1,5911.0
2021092605003113,SLI,59,41,10,592.0,5920.0
2021092605003112,SLI,59,53,10,592.0,5920.0
2021092605003111,SLI,59,13,10,592.0,5920.0
2021092605003110,SLI,59,58,10,592.0,5920.0
2021092605003121,SLI,59,35,10,592.0,5920.0
2021092605003128,SLI,16,58,10,594.0,5940.0
2021092605003127,SLI,59,38,10,593.0,5930.0
2021092605003126,SLI,59,3,10,593.0,5930.0
2021092605003125,SLI,59,26,10,593.0,5930.0
2021092605003124,SLI,59,34,10,593.0,5930.0
2021092605003135,SLI,59,21,10,593.0,5930.0
2021092605003134,SLI,59,44,10,593.0,5930.0
2021092605003132,SLI,59,47,10,593.0,5930.0
2021092605003131,SLI,59,56,10,593.0,5930.0
2021092605003130,SLI,16,34,10,594.9,5949.0
2021092605003129,SLI,16,36,10,594.0,5940.0
2021092605003137,SLI,16,34,20,594.9,11898.0
2021092605003136,SLI,59,34,10,593.0,5930.0
2021092605003154,SLI,38,20,30,593.0,17790.0
2021092605003152,SLI,45,20,60,593.0,35580.0
2021092605003150,SLI,59,20,10,593.0,5930.0
2021092605003158,ULI,34,49,50,600.0,30000.0
2021092605003155,ULI,34,22,10,599.0,5990.0
2021092605003153,ULI,34,4,10,599.0,5990.0
2021092605003133,ULI,51,49,10,600.0,6000.0
2021092605003122,ULI,51,8,10,600.0,6000.0
2021092605003105,ULI,49,38,10,601.0,6010.0
2021092605002671,ULI,45,6,10,605.0,6050.0
2021092605002670,ULI,45,58,10,605.0,6050.0
2021092605002669,ULI,38,16,10,605.0,6050.0
2021092605002665,ULI,38,1,10,605.0,6050.0
2021092605002690,ULI,32,42,30,605.0,18150.0
2021092605002688,ULI,32,56,10,605.0,6050.0
2021092605002686,ULI,32,58,10,605.0,6050.0
2021092605002683,ULI,57,58,10,604.0,6040.0
2021092605002673,ULI,57,34,10,604.0,6040.0
2021092605002672,ULI,45,56,10,605.0,6050.0
2021092605002696,ULI,51,42,10,602.0,6020.0
2021092605002695,ULI,49,42,150,602.0,90300.0
2021092605002694,ULI,43,42,10,602.0,6020.0
2021092605002693,ULI,38,42,40,603.0,24120.0
2021092605002692,ULI,57,42,20,604.0,12080.0
2021092605002691,ULI,57,42,70,604.0,42280.0
2021092605002714,ULI,57,48,10,601.3,6013.0
2021092605002710,ULI,57,56,10,601.3,6013.0
2021092605002702,ULI,32,4,10,605.0,6050.0
2021092605002701,ULI,32,42,89,602.0,53578.0
2021092605002698,ULI,32,42,10,602.0,6020.0
2021092605002697,ULI,13,42,30,602.0,18060.0
2021092605002733,ULI,16,49,10,601.2,6012.0
2021092605002732,ULI,16,6,10,601.2,6012.0
2021092605002731,ULI,16,56,10,601.2,6012.0
2021092605002724,ULI,57,56,10,601.3,6013.0
2021092605002717,ULI,57,34,10,601.3,6013.0
2021092605002716,ULI,57,20,10,601.3,6013.0
2021092605002764,ULI,3,58,10,601.1,6011.0
2021092605002760,ULI,49,35,10,601.1,6011.0
2021092605002756,ULI,16,38,10,601.2,6012.0
2021092605002749,ULI,34,44,10,602.0,6020.0
2021092605002741,ULI,34,19,10,602.0,6020.0
2021092605002736,ULI,6,41,10,603.0,6030.0
2021092605002775,ULI,3,42,200,601.0,120200.0
2021092605002774,ULI,59,42,50,601.0,30050.0
2021092605002773,ULI,6,42,100,601.0,60100.0
2021092605002772,ULI,38,42,90,601.0,54090.0
2021092605002771,ULI,3,42,80,601.1,48088.0
2021092605002767,ULI,3,58,10,601.1,6011.0
2021092605002781,ULI,33,42,10,600.2,6002.0
2021092605002780,ULI,58,42,25,601.0,15025.0
2021092605002779,ULI,57,42,500,601.0,300500.0
2021092605002778,ULI,11,42,100,601.0,60100.0
2021092605002777,ULI,17,42,150,601.0,90150.0
2021092605002776,ULI,48,42,10,601.0,6010.0
2021092605002787,ULI,7,42,100,600.0,60000.0
2021092605002786,ULI,42,42,20,600.0,12000.0
2021092605002785,ULI,13,42,20,600.0,12000.0
2021092605002784,ULI,3,42,100,600.0,60000.0
2021092605002783,ULI,35,42,100,600.0,60000.0
2021092605002782,ULI,43,42,50,600.1,30005.0
2021092605002793,ULI,47,42,30,600.0,18000.0
2021092605002792,ULI,57,42,20,600.0,12000.0
2021092605002791,ULI,3,42,100,600.0,60000.0
2021092605002790,ULI,41,42,20,600.0,12000.0
2021092605002789,ULI,58,42,20,600.0,12000.0
2021092605002788,ULI,57,42,10,600.0,6000.0
2021092605002799,ULI,25,42,200,600.0,120000.0
2021092605002798,ULI,41,42,100,600.0,60000.0
2021092605002797,ULI,47,42,10,600.0,6000.0
2021092605002796,ULI,32,42,50,600.0,30000.0
2021092605002795,ULI,54,42,50,600.0,30000.0
2021092605002794,ULI,41,42,10,600.0,6000.0
2021092605002805,ULI,49,42,70,600.0,42000.0
2021092605002804,ULI,45,42,30,600.0,18000.0
2021092605002803,ULI,40,42,50,600.0,30000.0
2021092605002802,ULI,32,42,25,600.0,15000.0
2021092605002801,ULI,41,42,20,600.0,12000.0
2021092605002800,ULI,58,42,50,600.0,30000.0
2021092605002817,ULI,25,17,10,603.0,6030.0
2021092605002812,ULI,25,45,10,603.0,6030.0
2021092605002810,ULI,42,34,10,600.0,6000.0
2021092605002808,ULI,42,42,25,600.0,15000.0
2021092605002807,ULI,5,42,50,600.0,30000.0
2021092605002806,ULI,56,42,70,600.0,42000.0
2021092605002828,ULI,25,42,30,603.0,18090.0
2021092605002827,ULI,25,49,10,603.0,6030.0
2021092605002824,ULI,25,56,10,603.0,6030.0
2021092605002822,ULI,25,10,10,603.0,6030.0
2021092605002821,ULI,25,56,10,603.0,6030.0
2021092605002820,ULI,25,57,10,603.0,6030.0
2021092605002853,ULI,6,56,10,601.0,6010.0
2021092605002852,ULI,33,42,90,602.0,54180.0
2021092605002847,ULI,33,45,10,602.0,6020.0
2021092605002835,ULI,51,42,20,601.0,12020.0
2021092605002830,ULI,43,42,100,601.0,60100.0
2021092605002829,ULI,43,42,10,603.0,6030.0
2021092605002885,ULI,17,58,10,601.5,6015.0
2021092605002882,ULI,17,49,10,601.5,6015.0
2021092605002881,ULI,17,28,10,601.0,6010.0
2021092605002880,ULI,38,56,10,600.0,6000.0
2021092605002863,ULI,38,58,10,600.0,6000.0
2021092605002855,ULI,6,45,10,601.0,6010.0
2021092605002902,ULI,8,19,10,600.1,6001.0
2021092605002901,ULI,19,34,10,602.0,6020.0
2021092605002900,ULI,19,45,10,602.0,6020.0
2021092605002899,ULI,19,54,10,602.0,6020.0
2021092605002898,ULI,19,49,10,601.0,6010.0
2021092605002897,ULI,8,22,10,600.1,6001.0
2021092605002929,ULI,42,58,10,599.1,5991.0
2021092605002927,ULI,1,56,10,599.2,5992.0
2021092605002914,ULI,16,42,20,600.0,12000.0
2021092605002913,ULI,38,42,110,600.0,66000.0
2021092605002912,ULI,8,42,70,600.1,42007.0
2021092605002904,ULI,8,58,10,600.1,6001.0
2021092605002935,ULI,29,49,10,600.1,6001.0
2021092605002934,ULI,29,28,10,600.0,6000.0
2021092605002933,ULI,29,42,10,600.0,6000.0
2021092605002932,ULI,5,58,20,599.0,11980.0
2021092605002931,ULI,38,58,20,599.0,11980.0
2021092605002930,ULI,53,58,50,599.0,29950.0
2021092605002956,ULI,13,42,270,599.0,161730.0
2021092605002943,ULI,48,58,10,599.1,5991.0
2021092605002940,ULI,13,50,10,599.0,5990.0
2021092605002938,ULI,13,49,220,599.0,131780.0
2021092605002937,ULI,5,49,10,599.0,5990.0
2021092605002936,ULI,5,56,10,599.0,5990.0
2021092605002964,ULI,33,36,10,598.9,5989.0
2021092605002962,ULI,42,16,10,600.0,6000.0
2021092605002960,ULI,4,42,100,599.0,59900.0
2021092605002959,ULI,6,42,100,599.0,59900.0
2021092605002958,ULI,25,42,20,599.0,11980.0
2021092605002957,ULI,57,42,50,599.0,29950.0
2021092605002980,ULI,33,56,10,599.0,5990.0
2021092605002977,ULI,33,8,10,599.0,5990.0
2021092605002975,ULI,33,14,10,599.0,5990.0
2021092605002973,ULI,33,14,10,599.0,5990.0
2021092605002969,ULI,33,56,10,599.0,5990.0
2021092605002965,ULI,41,21,10,598.0,5980.0
2021092605002994,ULI,42,42,10,599.0,5990.0
2021092605002993,ULI,33,42,30,599.0,17970.0
2021092605002992,ULI,42,42,190,599.1,113829.0
2021092605002989,ULI,42,43,10,599.1,5991.0
2021092605002983,ULI,33,36,10,599.0,5990.0
2021092605002982,ULI,33,58,10,599.0,5990.0
2021092605003000,ULI,47,42,20,598.0,11960.0
2021092605002999,ULI,42,42,10,598.0,5980.0
2021092605002998,ULI,40,42,30,598.0,17940.0
2021092605002997,ULI,17,42,10,598.0,5980.0
2021092605002996,ULI,41,42,10,598.0,5980.0
2021092605002995,ULI,16,42,200,598.1,119620.0
2021092605003011,ULI,33,47,10,598.0,5980.0
2021092605003005,ULI,7,42,60,597.8,35868.0
2021092605003004,ULI,38,42,100,597.9,59790.0
2021092605003003,ULI,48,42,10,598.0,5980.0
2021092605003002,ULI,58,42,10,598.0,5980.0
2021092605003001,ULI,45,42,100,598.0,59800.0
2021092605003029,ULI,33,16,10,600.0,6000.0
2021092605003028,ULI,33,47,10,600.0,6000.0
2021092605003027,ULI,33,57,20,600.0,12000.0
2021092605003026,ULI,33,58,10,599.1,5991.0
2021092605003024,ULI,34,58,10,599.0,5990.0
2021092605003017,ULI,33,55,10,599.0,5990.0
2021092605003044,ULI,21,21,10,599.1,5991.0
2021092605003034,ULI,33,3,10,600.0,6000.0
2021092605003033,ULI,33,51,10,600.0,6000.0
2021092605003032,ULI,33,49,10,600.0,6000.0
2021092605003031,ULI,33,3,10,600.0,6000.0
2021092605003030,ULI,33,26,10,600.0,6000.0
2021092605003066,ULI,16,41,10,599.1,5991.0
2021092605003054,ULI,33,42,20,598.0,11960.0
2021092605003053,ULI,19,42,10,599.0,5990.0
2021092605003052,ULI,34,42,20,599.0,11980.0
2021092605003051,ULI,48,42,10,599.1,5991.0
2021092605003050,ULI,21,42,40,599.1,23964.0
2021092605003098,ULI,14,32,10,599.0,5990.0
2021092605003091,ULI,50,26,10,600.0,6000.0
2021092605003080,ULI,50,4,10,600.0,6000.0
2021092605003074,ULI,16,58,10,600.0,6000.0
2021092605003073,ULI,16,47,10,600.0,6000.0
2021092605003072,ULI,16,18,10,600.0,6000.0
2021092605002166,JBLB,21,47,10,4142.0,41420.0
2021092605002169,JBLB,22,57,10,4159.0,41590.0
2021092605002183,JBLB,59,39,10,4145.0,41450.0
2021092605002208,JBLB,19,57,10,4155.0,41550.0
2021092605002206,JBLB,19,11,10,4155.0,41550.0
2021092605002205,JBLB,21,58,10,4155.0,41550.0
2021092605002221,JBLB,45,22,10,4156.0,41560.0
2021092605002216,JBLB,8,17,10,4159.0,41590.0
2021092605002234,JBLB,21,35,10,4157.0,41570.0
2021092605002257,JBLB,38,41,10,4157.0,41570.0
2021092605002253,JBLB,19,41,10,4157.0,41570.0
2021092605002259,JBLB,59,59,10,4155.0,41550.0
2021092605002277,JBLB,21,26,10,4160.0,41600.0
2021092605002274,JBLB,59,57,10,4155.0,41550.0
2021092605002281,JBLB,38,55,10,4160.0,41600.0
2021092605002299,JBLB,34,14,10,4150.0,41500.0
2021092605002305,JBLB,34,58,10,4150.0,41500.0
2021092605002304,JBLB,34,43,10,4150.0,41500.0
2021092605002320,JBLB,49,21,10,4155.0,41550.0
2021092605002316,JBLB,49,41,10,4155.0,41550.0
2021092605002323,JBLB,49,39,10,4155.0,41550.0
2021092605002332,JBLB,49,32,10,4155.0,41550.0
2021092605002329,JBLB,49,20,10,4155.0,41550.0
2021092605002342,JBLB,38,49,10,4150.0,41500.0
2021092605002339,JBLB,38,26,30,4150.0,124500.0
2021092605002371,JBLB,38,45,10,4150.0,41500.0
2021092605002381,JBLB,1,38,10,4150.0,41500.0
2021092605002380,JBLB,43,8,20,4148.0,82960.0
2021092605002388,JBLB,1,21,10,4150.0,41500.0
2021092605002394,JBLB,1,10,10,4150.0,41500.0
2021092605002407,JBLB,46,29,10,4150.0,41500.0
2021092605002401,JBLB,1,29,10,4150.0,41500.0
2021092605002400,JBLB,1,43,10,4150.0,41500.0
2021092605002413,JBLB,38,41,10,4150.0,41500.0
2021092605002409,JBLB,21,29,10,4150.0,41500.0
2021092605002422,JBLB,17,20,10,4150.0,41500.0
2021092605002417,JBLB,43,28,10,4159.0,41590.0
2021092605002416,JBLB,17,45,29,4150.0,120350.0
2021092605002432,JBLB,17,36,30,4150.0,124500.0
2021092605002431,JBLB,49,36,20,4150.1,83002.0
2021092605002424,JBLB,17,59,10,4150.0,41500.0
2021092605002435,JBLB,21,58,5,4150.0,20750.0
2021092605002434,JBLB,42,55,10,4151.0,41510.0
2021092605002433,JBLB,17,50,20,4150.0,83000.0
2021092605002457,JBLB,49,8,10,4150.0,41500.0
2021092605002456,JBLB,49,54,10,4150.0,41500.0
2021092605002454,JBLB,34,16,10,4147.8,41478.0
2021092605002453,JBLB,34,28,10,4147.8,41478.0
2021092605002481,JBLB,42,34,10,4150.0,41500.0
2021092605002480,JBLB,42,56,35,4150.0,145250.0
2021092605002479,JBLB,42,38,10,4150.0,41500.0
2021092605002491,JBLB,42,29,10,4150.0,41500.0
2021092605002490,JBLB,42,5,10,4150.0,41500.0
2021092605002498,JBLB,41,17,20,4150.0,83000.0
2021092605002492,JBLB,42,17,25,4150.0,103750.0
2021092605002505,JBLB,41,32,10,4151.0,41510.0
2021092605002500,JBLB,41,21,10,4151.0,41510.0
2021092605002519,JBLB,53,6,10,4151.0,41510.0
2021092605002518,JBLB,41,14,10,4151.0,41510.0
2021092605002527,JBLB,48,8,10,4141.1,41411.0
2021092605002522,JBLB,11,6,10,4142.0,41420.0
2021092605002534,JBLB,48,39,10,4141.1,41411.0
2021092605002528,JBLB,56,41,10,4142.0,41420.0
2021092605002544,JBLB,11,41,10,4142.0,41420.0
2021092605002543,JBLB,6,58,10,4141.0,41410.0
2021092605002558,JBLB,55,51,10,4145.0,41450.0
2021092605002557,JBLB,55,45,10,4145.0,41450.0
2021092605002564,JBLB,21,13,10,4142.0,41420.0
2021092605002571,JBLB,56,17,10,4150.0,41500.0
2021092605002568,JBLB,21,38,10,4142.0,41420.0
2021092605002566,JBLB,21,58,10,4142.0,41420.0
2021092605002586,JBLB,32,6,10,4145.0,41450.0
2021092605002594,JBLB,49,52,10,4142.0,41420.0
2021092605002591,JBLB,49,49,10,4142.0,41420.0
2021092605002590,JBLB,49,52,10,4142.0,41420.0
2021092605002610,JBLB,44,58,10,4141.0,41410.0
2021092605002607,JBLB,36,52,10,4141.1,41411.0
2021092605002604,JBLB,36,58,10,4141.1,41411.0
2021092605002622,JBLB,43,42,10,4140.1,41401.0
2021092605002621,JBLB,44,42,20,4141.0,82820.0
2021092605002615,JBLB,44,45,10,4141.0,41410.0
2021092605002628,JBLB,57,42,10,4140.0,41400.0
2021092605002627,JBLB,38,42,10,4140.0,41400.0
2021092605002626,JBLB,26,42,56,4140.0,231840.0
2021092605002625,JBLB,58,42,21,4140.0,86940.0
2021092605002624,JBLB,33,42,50,4140.0,207000.0
2021092605002623,JBLB,14,42,30,4140.0,124200.0
2021092605002632,JBLB,19,42,10,4140.0,41400.0
2021092605002631,JBLB,39,42,50,4140.0,207000.0
2021092605002630,JBLB,33,42,10,4140.0,41400.0
2021092605002629,JBLB,38,42,50,4140.0,207000.0
2021092605002637,JBLB,43,42,10,4140.0,41400.0
2021092605002656,JBLB,45,1,10,4135.0,41350.0
2021092605002652,JBLB,45,32,40,4135.0,165400.0
2021092605002651,JBLB,41,32,10,4135.0,41350.0
2021092605002650,JBLB,48,32,50,4135.1,206755.0
2021092605002646,JBLB,14,45,10,4135.0,41350.0
2021092605002207,MKLB,33,11,10,1448.9,14489.0
2021092605002662,SLI,44,45,10,591.0,5910.0
2021092605002661,SLI,44,14,10,591.0,5910.0
2021092605002660,SLI,44,45,10,591.0,5910.0
2021092605002659,SLI,44,49,10,591.0,5910.0
2021092605002658,SLI,44,1,10,591.0,5910.0
2021092605002657,SLI,44,48,10,591.0,5910.0
2021092605002167,SLI,45,42,10,591.0,5910.0
2021092605002174,SLI,45,22,10,591.0,5910.0
2021092605002173,SLI,45,51,10,591.0,5910.0
2021092605002172,SLI,45,41,10,591.0,5910.0
2021092605002170,SLI,45,41,10,591.0,5910.0
2021092605002168,SLI,38,35,10,592.0,5920.0
2021092605002180,SLI,58,26,10,591.0,5910.0
2021092605002178,SLI,58,45,10,591.0,5910.0
2021092605002177,SLI,58,38,10,591.0,5910.0
2021092605002176,SLI,58,58,10,591.0,5910.0
2021092605002175,SLI,58,38,10,591.0,5910.0
2021092605002190,SLI,42,26,10,591.1,5911.0
2021092605002189,SLI,16,34,10,593.0,5930.0
2021092605002188,SLI,16,38,10,593.0,5930.0
2021092605002187,SLI,57,58,10,591.0,5910.0
2021092605002186,SLI,16,42,10,592.0,5920.0
2021092605002184,SLI,57,45,10,591.0,5910.0
2021092605002198,SLI,57,41,10,592.0,5920.0
2021092605002197,SLI,57,35,10,592.0,5920.0
2021092605002195,SLI,57,17,10,592.0,5920.0
2021092605002194,SLI,57,59,10,592.0,5920.0
2021092605002192,SLI,16,34,10,594.0,5940.0
2021092605002191,SLI,16,43,10,594.0,5940.0
2021092605002213,SLI,45,49,10,593.0,5930.0
2021092605002211,SLI,45,38,10,593.0,5930.0
2021092605002200,SLI,57,6,10,592.0,5920.0
2021092605002233,SLI,42,6,10,592.1,5921.0
2021092605002218,SLI,45,58,10,593.0,5930.0
2021092605002217,SLI,45,49,10,593.0,5930.0
2021092605002215,SLI,45,34,10,593.0,5930.0
2021092605002243,SLI,50,49,10,595.0,5950.0
2021092605002242,SLI,50,58,10,594.0,5940.0
2021092605002241,SLI,42,14,10,592.0,5920.0
2021092605002240,SLI,45,52,10,592.0,5920.0
2021092605002238,SLI,57,44,10,592.0,5920.0
2021092605002249,SLI,50,45,10,595.0,5950.0
2021092605002248,SLI,50,10,10,595.0,5950.0
2021092605002247,SLI,50,21,10,595.0,5950.0
2021092605002246,SLI,50,21,10,595.0,5950.0
2021092605002245,SLI,50,57,10,595.0,5950.0
2021092605002244,SLI,50,57,10,595.0,5950.0
2021092605002256,SLI,45,58,10,595.0,5950.0
2021092605002252,SLI,42,6,10,592.0,5920.0
2021092605002251,SLI,50,35,10,595.0,5950.0
2021092605002250,SLI,50,34,10,595.0,5950.0
2021092605002264,SLI,11,42,10,595.0,5950.0
2021092605002263,SLI,42,21,10,592.0,5920.0
2021092605002262,SLI,42,45,10,592.0,5920.0
2021092605002260,SLI,42,58,10,592.0,5920.0
2021092605002258,SLI,37,36,10,594.0,5940.0
2021092605002270,SLI,11,35,10,595.0,5950.0
2021092605002269,SLI,11,29,10,595.0,5950.0
2021092605002268,SLI,11,36,10,595.0,5950.0
2021092605002267,SLI,11,45,10,595.0,5950.0
2021092605002266,SLI,11,21,10,595.0,5950.0
2021092605002265,SLI,11,45,10,595.0,5950.0
2021092605002275,SLI,19,44,10,592.0,5920.0
2021092605002273,SLI,19,47,10,592.0,5920.0
2021092605002272,SLI,11,45,10,595.0,5950.0
2021092605002271,SLI,11,45,10,595.0,5950.0
2021092605002286,SLI,54,35,10,591.0,5910.0
2021092605002284,SLI,54,45,10,591.0,5910.0
2021092605002282,SLI,54,7,10,591.0,5910.0
2021092605002280,SLI,42,49,10,591.1,5911.0
2021092605002279,SLI,19,6,10,592.0,5920.0
2021092605002302,SLI,36,44,10,591.5,5915.0
2021092605002300,SLI,36,26,10,591.0,5910.0
2021092605002297,SLI,34,45,10,590.2,5902.0
2021092605002289,SLI,54,34,10,591.0,5910.0
2021092605002288,SLI,54,17,10,591.0,5910.0
2021092605002308,SLI,36,41,10,591.5,5915.0
2021092605002307,SLI,36,7,10,591.5,5915.0
2021092605002306,SLI,36,21,10,591.5,5915.0
2021092605002303,SLI,36,4,10,591.5,5915.0
2021092605002321,SLI,55,47,10,593.0,5930.0
2021092605002315,SLI,55,6,10,593.0,5930.0
2021092605002314,SLI,55,49,10,593.0,5930.0
2021092605002313,SLI,55,38,10,593.0,5930.0
2021092605002328,SLI,22,45,10,595.0,5950.0
2021092605002327,SLI,22,42,10,594.9,5949.0
2021092605002325,SLI,55,42,10,593.0,5930.0
2021092605002324,SLI,55,16,10,593.0,5930.0
2021092605002322,SLI,21,45,10,594.0,5940.0
2021092605002336,SLI,47,28,10,594.0,5940.0
2021092605002335,SLI,47,21,10,594.0,5940.0
2021092605002334,SLI,47,41,10,594.0,5940.0
2021092605002331,SLI,47,50,10,594.0,5940.0
2021092605002343,SLI,36,58,10,595.0,5950.0
2021092605002341,SLI,47,44,10,594.0,5940.0
2021092605002338,SLI,47,21,10,594.0,5940.0
2021092605002337,SLI,47,20,10,594.0,5940.0
2021092605002349,SLI,36,41,10,595.0,5950.0
2021092605002348,SLI,36,16,10,595.0,5950.0
2021092605002347,SLI,36,47,10,595.0,5950.0
2021092605002346,SLI,36,58,10,595.0,5950.0
2021092605002345,SLI,36,22,10,595.0,5950.0
2021092605002344,SLI,36,58,10,595.0,5950.0
2021092605002355,SLI,36,58,10,595.0,5950.0
2021092605002354,SLI,36,47,10,595.0,5950.0
2021092605002353,SLI,36,58,10,595.0,5950.0
2021092605002352,SLI,36,45,10,595.0,5950.0
2021092605002351,SLI,36,34,10,595.0,5950.0
2021092605002350,SLI,36,22,10,595.0,5950.0
2021092605002361,SLI,36,34,10,595.0,5950.0
2021092605002360,SLI,36,46,10,595.0,5950.0
2021092605002359,SLI,36,49,10,595.0,5950.0
2021092605002358,SLI,36,58,10,595.0,5950.0
2021092605002357,SLI,36,58,10,595.0,5950.0
2021092605002356,SLI,36,58,10,595.0,5950.0
2021092605002367,SLI,36,34,10,595.0,5950.0
2021092605002366,SLI,36,49,10,595.0,5950.0
2021092605002365,SLI,36,34,10,595.0,5950.0
2021092605002364,SLI,36,48,10,595.0,5950.0
2021092605002363,SLI,36,58,10,595.0,5950.0
2021092605002362,SLI,36,58,10,595.0,5950.0
2021092605002375,SLI,36,47,10,595.0,5950.0
2021092605002374,SLI,36,58,10,595.0,5950.0
2021092605002370,SLI,36,58,10,595.0,5950.0
2021092605002369,SLI,36,6,10,595.0,5950.0
2021092605002368,SLI,36,52,10,595.0,5950.0
2021092605002382,SLI,36,47,10,595.0,5950.0
2021092605002378,SLI,36,38,10,595.0,5950.0
2021092605002377,SLI,36,38,10,595.0,5950.0
2021092605002376,SLI,36,21,10,595.0,5950.0
2021092605002389,SLI,28,49,10,595.1,5951.0
2021092605002387,SLI,36,35,10,595.0,5950.0
2021092605002386,SLI,36,32,10,595.0,5950.0
2021092605002384,SLI,36,21,10,595.0,5950.0
2021092605002383,SLI,36,21,10,595.0,5950.0
2021092605002399,SLI,36,35,10,595.0,5950.0
2021092605002396,SLI,36,21,10,595.0,5950.0
2021092605002395,SLI,36,38,10,595.0,5950.0
2021092605002392,SLI,36,21,10,595.0,5950.0
2021092605002391,SLI,36,58,10,595.0,5950.0
2021092605002406,SLI,36,6,10,595.0,5950.0
2021092605002405,SLI,36,40,10,595.0,5950.0
2021092605002402,SLI,36,58,10,595.0,5950.0
2021092605002414,SLI,36,50,10,595.0,5950.0
2021092605002412,SLI,36,38,10,595.0,5950.0
2021092605002410,SLI,36,49,10,595.0,5950.0
2021092605002408,SLI,36,38,10,595.0,5950.0
2021092605002420,SLI,7,19,20,595.0,11900.0
2021092605002419,SLI,21,19,100,595.0,59500.0
2021092605002418,SLI,36,19,20,595.0,11900.0
2021092605002429,SLI,47,17,10,594.0,5940.0
2021092605002427,SLI,19,57,10,595.0,5950.0
2021092605002426,SLI,19,19,10,595.0,5950.0
2021092605002440,SLI,47,32,10,594.0,5940.0
2021092605002439,SLI,47,55,10,594.0,5940.0
2021092605002436,SLI,47,58,10,594.0,5940.0
2021092605002446,SLI,47,28,10,594.0,5940.0
2021092605002445,SLI,47,58,10,594.0,5940.0
2021092605002444,SLI,47,17,10,594.0,5940.0
2021092605002443,SLI,47,20,40,594.0,23760.0
2021092605002442,SLI,47,18,10,594.0,5940.0
2021092605002441,SLI,47,38,10,594.0,5940.0
2021092605002452,SLI,28,55,10,595.0,5950.0
2021092605002451,SLI,28,6,10,595.0,5950.0
2021092605002450,SLI,28,42,10,594.9,5949.0
2021092605002449,SLI,28,46,10,594.0,5940.0
2021092605002448,SLI,46,38,10,593.0,5930.0
2021092605002447,SLI,46,34,10,593.0,5930.0
2021092605002458,SLI,6,14,10,591.0,5910.0
2021092605002455,SLI,6,54,10,591.0,5910.0
2021092605002464,SLI,41,51,10,595.0,5950.0
2021092605002463,SLI,41,38,10,595.0,5950.0
2021092605002462,SLI,41,29,10,595.0,5950.0
2021092605002461,SLI,41,1,10,594.0,5940.0
2021092605002460,SLI,6,32,10,591.0,5910.0
2021092605002459,SLI,6,38,10,591.0,5910.0
2021092605002474,SLI,41,41,10,595.0,5950.0
2021092605002471,SLI,41,38,10,595.0,5950.0
2021092605002470,SLI,41,32,10,595.0,5950.0
2021092605002468,SLI,41,42,10,595.0,5950.0
2021092605002466,SLI,41,58,10,595.0,5950.0
2021092605002465,SLI,41,33,10,595.0,5950.0
2021092605002484,SLI,6,20,10,591.0,5910.0
2021092605002483,SLI,6,42,10,591.0,5910.0
2021092605002482,SLI,6,5,10,591.0,5910.0
2021092605002488,SLI,6,41,10,591.0,5910.0
2021092605002487,SLI,54,36,10,595.0,5950.0
2021092605002486,SLI,6,19,10,591.0,5910.0
2021092605002485,SLI,6,38,10,591.0,5910.0
2021092605002497,SLI,21,38,10,591.0,5910.0
2021092605002496,SLI,21,5,10,591.0,5910.0
2021092605002495,SLI,21,17,10,591.0,5910.0
2021092605002493,SLI,58,21,10,591.0,5910.0
2021092605002507,SLI,21,36,10,591.0,5910.0
2021092605002503,SLI,21,36,10,591.0,5910.0
2021092605002502,SLI,21,11,10,591.0,5910.0
2021092605002501,SLI,21,21,10,591.0,5910.0
2021092605002515,SLI,58,26,10,591.0,5910.0
2021092605002513,SLI,21,36,10,591.0,5910.0
2021092605002511,SLI,21,55,10,591.0,5910.0
2021092605002508,SLI,21,49,10,591.0,5910.0
2021092605002526,SLI,58,16,10,591.0,5910.0
2021092605002525,SLI,58,20,10,591.0,5910.0
2021092605002524,SLI,58,4,10,591.0,5910.0
2021092605002521,SLI,45,38,10,592.0,5920.0
2021092605002539,SLI,58,8,10,591.0,5910.0
2021092605002538,SLI,58,38,10,591.0,5910.0
2021092605002530,SLI,58,38,10,591.0,5910.0
2021092605002529,SLI,58,6,10,591.0,5910.0
2021092605002549,SLI,51,16,10,591.0,5910.0
2021092605002547,SLI,51,43,10,591.0,5910.0
2021092605002545,SLI,58,19,10,591.0,5910.0
2021092605002541,SLI,58,58,10,591.0,5910.0
2021092605002559,SLI,51,41,10,591.0,5910.0
2021092605002554,SLI,51,29,10,591.0,5910.0
2021092605002552,SLI,51,6,10,591.0,5910.0
2021092605002550,SLI,51,19,10,591.0,5910.0
2021092605002565,SLI,20,49,10,591.6,5916.0
2021092605002563,SLI,44,49,10,591.0,5910.0
2021092605002562,SLI,44,8,10,591.0,5910.0
2021092605002561,SLI,44,51,10,591.0,5910.0
2021092605002560,SLI,51,51,40,591.0,23640.0
2021092605002570,SLI,44,38,10,591.0,5910.0
2021092605002569,SLI,44,45,10,591.0,5910.0
2021092605002567,SLI,44,58,10,591.0,5910.0
2021092605002581,SLI,44,42,10,591.0,5910.0
2021092605002579,SLI,44,58,10,591.0,5910.0
2021092605002578,SLI,44,46,10,591.0,5910.0
2021092605002575,SLI,44,57,10,591.0,5910.0
2021092605002574,SLI,44,57,10,591.0,5910.0
2021092605002572,SLI,44,21,10,591.0,5910.0
2021092605002588,SLI,29,52,10,592.0,5920.0
2021092605002587,SLI,29,51,10,591.5,5915.0
2021092605002585,SLI,44,4,10,591.0,5910.0
2021092605002584,SLI,44,38,10,591.0,5910.0
2021092605002583,SLI,44,59,10,591.0,5910.0
2021092605002595,SLI,44,57,10,591.0,5910.0
2021092605002592,SLI,44,6,10,591.0,5910.0
2021092605002589,SLI,29,58,10,592.0,5920.0
2021092605002603,SLI,44,58,10,591.0,5910.0
2021092605002601,SLI,42,49,10,592.0,5920.0
2021092605002600,SLI,42,34,10,592.0,5920.0
2021092605002599,SLI,42,34,10,592.0,5920.0
2021092605002598,SLI,42,21,10,591.5,5915.0
2021092605002597,SLI,44,38,10,591.0,5910.0
2021092605002613,SLI,29,49,10,592.0,5920.0
2021092605002611,SLI,29,4,10,592.0,5920.0
2021092605002609,SLI,29,45,10,592.0,5920.0
2021092605002620,SLI,44,6,10,591.0,5910.0
2021092605002619,SLI,44,42,10,591.0,5910.0
2021092605002614,SLI,44,57,10,591.0,5910.0
2021092605002635,SLI,44,52,10,591.0,5910.0
2021092605002634,SLI,17,7,10,592.0,5920.0
2021092605002645,SLI,44,34,10,591.0,5910.0
2021092605002641,SLI,44,8,10,591.0,5910.0
2021092605002640,SLI,44,41,10,591.0,5910.0
2021092605002639,SLI,44,16,10,591.0,5910.0
2021092605002636,SLI,44,6,10,591.0,5910.0
2021092605002647,SLI,44,32,10,591.0,5910.0
2021092605002655,ULI,38,17,10,605.0,6050.0
2021092605002654,ULI,38,45,10,605.0,6050.0
2021092605002653,ULI,38,44,10,605.0,6050.0
2021092605002649,ULI,38,17,10,605.0,6050.0
2021092605002648,ULI,38,21,10,605.0,6050.0
2021092605002644,ULI,38,8,10,605.0,6050.0
2021092605002179,ULI,8,41,10,602.0,6020.0
2021092605002171,ULI,8,51,10,602.0,6020.0
2021092605002165,ULI,22,58,10,605.0,6050.0
2021092605002164,ULI,22,34,10,605.0,6050.0
2021092605002163,ULI,22,22,10,603.0,6030.0
2021092605002199,ULI,16,46,10,603.0,6030.0
2021092605002196,ULI,16,41,10,603.0,6030.0
2021092605002193,ULI,16,52,10,603.0,6030.0
2021092605002185,ULI,43,56,10,602.0,6020.0
2021092605002182,ULI,8,41,10,602.0,6020.0
2021092605002181,ULI,8,34,10,602.0,6020.0
2021092605002210,ULI,16,52,10,608.0,6080.0
2021092605002209,ULI,16,32,10,608.0,6080.0
2021092605002204,ULI,16,57,10,607.0,6070.0
2021092605002203,ULI,16,58,10,607.0,6070.0
2021092605002202,ULI,16,56,10,605.0,6050.0
2021092605002201,ULI,16,4,10,605.0,6050.0
2021092605002223,ULI,38,25,10,610.0,6100.0
2021092605002222,ULI,38,42,10,610.0,6100.0
2021092605002220,ULI,35,41,10,603.0,6030.0
2021092605002219,ULI,35,45,10,603.0,6030.0
2021092605002214,ULI,16,6,10,603.0,6030.0
2021092605002212,ULI,16,41,10,603.0,6030.0
2021092605002229,ULI,38,7,10,610.0,6100.0
2021092605002228,ULI,38,47,10,610.0,6100.0
2021092605002227,ULI,38,43,10,610.0,6100.0
2021092605002226,ULI,38,43,10,610.0,6100.0
2021092605002225,ULI,38,49,10,610.0,6100.0
2021092605002224,ULI,38,59,100,610.0,61000.0
2021092605002237,ULI,7,11,70,610.0,42700.0
2021092605002236,ULI,7,45,10,610.0,6100.0
2021092605002235,ULI,7,38,10,605.0,6050.0
2021092605002232,ULI,38,43,10,610.0,6100.0
2021092605002231,ULI,38,58,10,610.0,6100.0
2021092605002230,ULI,38,45,10,610.0,6100.0
2021092605002278,ULI,7,58,10,606.0,6060.0
2021092605002276,ULI,42,56,10,605.0,6050.0
2021092605002261,ULI,42,56,10,605.0,6050.0
2021092605002255,ULI,42,41,10,605.0,6050.0
2021092605002254,ULI,45,41,10,603.0,6030.0
2021092605002239,ULI,45,41,10,603.0,6030.0
2021092605002292,ULI,42,7,10,604.0,6040.0
2021092605002291,ULI,50,38,10,605.0,6050.0
2021092605002290,ULI,42,17,10,604.0,6040.0
2021092605002287,ULI,58,38,10,605.0,6050.0
2021092605002285,ULI,42,38,10,605.0,6050.0
2021092605002283,ULI,42,49,10,605.0,6050.0
2021092605002301,ULI,42,38,10,604.0,6040.0
2021092605002298,ULI,29,38,200,607.0,121400.0
2021092605002296,ULI,29,17,10,607.0,6070.0
2021092605002295,ULI,29,22,10,606.0,6060.0
2021092605002294,ULI,29,48,10,605.0,6050.0
2021092605002293,ULI,42,17,10,604.0,6040.0
2021092605002318,ULI,52,39,10,606.0,6060.0
2021092605002317,ULI,52,34,10,605.0,6050.0
2021092605002312,ULI,52,58,10,605.0,6050.0
2021092605002311,ULI,52,44,10,605.0,6050.0
2021092605002310,ULI,52,46,10,605.0,6050.0
2021092605002309,ULI,52,45,10,605.0,6050.0
2021092605002372,ULI,52,21,10,605.0,6050.0
2021092605002340,ULI,52,21,10,605.0,6050.0
2021092605002333,ULI,52,37,10,605.0,6050.0
2021092605002330,ULI,52,16,10,605.0,6050.0
2021092605002326,ULI,52,16,10,606.0,6060.0
2021092605002319,ULI,52,45,10,606.0,6060.0
2021092605002397,ULI,52,38,10,605.0,6050.0
2021092605002393,ULI,52,48,10,605.0,6050.0
2021092605002390,ULI,52,21,10,605.0,6050.0
2021092605002385,ULI,52,58,10,605.0,6050.0
2021092605002379,ULI,52,38,10,605.0,6050.0
2021092605002373,ULI,52,39,10,605.0,6050.0
2021092605002421,ULI,47,48,10,605.0,6050.0
2021092605002415,ULI,52,20,10,605.0,6050.0
2021092605002411,ULI,52,57,10,605.0,6050.0
2021092605002404,ULI,52,28,10,605.0,6050.0
2021092605002403,ULI,52,42,10,605.0,6050.0
2021092605002398,ULI,52,38,10,605.0,6050.0
2021092605002438,ULI,38,17,10,604.0,6040.0
2021092605002437,ULI,42,50,10,604.0,6040.0
2021092605002430,ULI,47,49,10,605.0,6050.0
2021092605002428,ULI,47,42,10,605.0,6050.0
2021092605002425,ULI,47,25,10,605.0,6050.0
2021092605002423,ULI,47,55,10,605.0,6050.0
2021092605002476,ULI,34,36,10,604.0,6040.0
2021092605002475,ULI,38,49,10,604.0,6040.0
2021092605002473,ULI,51,48,10,605.0,6050.0
2021092605002472,ULI,51,47,10,605.0,6050.0
2021092605002469,ULI,38,42,10,604.0,6040.0
2021092605002467,ULI,44,52,10,605.0,6050.0
2021092605002504,ULI,38,49,10,603.0,6030.0
2021092605002499,ULI,38,50,10,603.0,6030.0
2021092605002494,ULI,38,14,10,603.0,6030.0
2021092605002489,ULI,45,41,10,603.0,6030.0
2021092605002478,ULI,45,41,10,603.0,6030.0
2021092605002477,ULI,45,49,10,603.0,6030.0
2021092605002516,ULI,57,5,10,604.0,6040.0
2021092605002514,ULI,41,6,10,604.0,6040.0
2021092605002512,ULI,41,19,10,604.0,6040.0
2021092605002510,ULI,38,58,10,603.0,6030.0
2021092605002509,ULI,38,42,10,603.0,6030.0
2021092605002506,ULI,38,46,10,603.0,6030.0
2021092605002533,ULI,57,50,10,604.0,6040.0
2021092605002532,ULI,57,41,10,604.0,6040.0
2021092605002531,ULI,57,14,10,604.0,6040.0
2021092605002523,ULI,57,16,10,604.0,6040.0
2021092605002520,ULI,57,39,10,604.0,6040.0
2021092605002517,ULI,57,44,10,604.0,6040.0
2021092605002546,ULI,6,42,10,605.0,6050.0
2021092605002542,ULI,6,16,10,605.0,6050.0
2021092605002540,ULI,58,58,30,607.0,18210.0
2021092605002537,ULI,6,8,10,605.0,6050.0
2021092605002536,ULI,6,48,10,605.0,6050.0
2021092605002535,ULI,6,14,10,605.0,6050.0
2021092605002573,ULI,14,38,10,605.0,6050.0
2021092605002556,ULI,6,43,10,605.0,6050.0
2021092605002555,ULI,6,56,10,605.0,6050.0
2021092605002553,ULI,6,40,10,605.0,6050.0
2021092605002551,ULI,6,47,10,605.0,6050.0
2021092605002548,ULI,6,44,10,605.0,6050.0
2021092605002596,ULI,14,16,10,605.0,6050.0
2021092605002593,ULI,14,56,10,605.0,6050.0
2021092605002582,ULI,38,45,10,606.0,6060.0
2021092605002580,ULI,38,20,10,606.0,6060.0
2021092605002577,ULI,34,3,10,606.0,6060.0
2021092605002576,ULI,34,57,10,606.0,6060.0
2021092605002616,ULI,14,56,10,605.0,6050.0
2021092605002612,ULI,14,42,10,605.0,6050.0
2021092605002608,ULI,14,55,50,605.0,30250.0
2021092605002606,ULI,14,48,10,605.0,6050.0
2021092605002605,ULI,14,56,10,605.0,6050.0
2021092605002602,ULI,14,14,10,605.0,6050.0
2021092605002643,ULI,38,52,10,605.0,6050.0
2021092605002642,ULI,38,38,10,605.0,6050.0
2021092605002638,ULI,57,32,10,604.0,6040.0
2021092605002633,ULI,57,56,10,604.0,6040.0
2021092605002618,ULI,14,6,10,605.0,6050.0
2021092605002617,ULI,14,58,10,605.0,6050.0
2021092605001684,JBLB,33,57,10,4154.0,41540.0
2021092605001667,JBLB,45,58,10,4155.0,41550.0
2021092605001692,JBLB,33,16,10,4154.0,41540.0
2021092605001690,JBLB,33,57,10,4154.0,41540.0
2021092605001688,JBLB,33,43,20,4154.0,83080.0
2021092605001700,JBLB,1,6,10,4152.0,41520.0
2021092605001699,JBLB,16,39,10,4153.0,41530.0
2021092605001696,JBLB,16,39,10,4153.0,41530.0
2021092605001708,JBLB,49,21,10,4155.0,41550.0
2021092605001706,JBLB,49,1,10,4155.0,41550.0
2021092605001703,JBLB,49,50,10,4155.0,41550.0
2021092605001719,JBLB,49,21,10,4155.0,41550.0
2021092605001716,JBLB,21,49,10,4156.0,41560.0
2021092605001730,JBLB,8,58,20,4151.2,83024.0
2021092605001729,JBLB,33,58,20,4151.3,83026.0
2021092605001728,JBLB,54,58,10,4155.0,41550.0
2021092605001727,JBLB,49,26,10,4155.0,41550.0
2021092605001726,JBLB,35,19,10,4157.0,41570.0
2021092605001733,JBLB,33,58,15,4151.0,62265.0
2021092605001732,JBLB,56,58,10,4151.1,41511.0
2021092605001731,JBLB,58,58,30,4151.1,124533.0
2021092605001741,JBLB,22,36,10,4150.1,41501.0
2021092605001737,JBLB,36,10,10,4151.0,41510.0
2021092605001749,JBLB,14,55,10,4160.0,41600.0
2021092605001764,JBLB,14,6,10,4160.0,41600.0
2021092605001753,JBLB,14,52,10,4150.1,41501.0
2021092605001772,JBLB,35,51,10,4150.0,41500.0
2021092605001770,JBLB,21,34,10,4150.0,41500.0
2021092605001769,JBLB,21,38,10,4150.0,41500.0
2021092605001777,JBLB,6,51,45,4150.0,186750.0
2021092605001776,JBLB,28,51,10,4150.0,41500.0
2021092605001775,JBLB,38,51,50,4150.0,207500.0
2021092605001774,JBLB,49,51,10,4150.0,41500.0
2021092605001773,JBLB,13,51,10,4150.0,41500.0
2021092605001784,JBLB,41,21,10,4150.0,41500.0
2021092605001782,JBLB,6,32,10,4150.0,41500.0
2021092605001793,JBLB,38,41,10,4150.0,41500.0
2021092605001792,JBLB,38,7,10,4150.0,41500.0
2021092605001791,JBLB,38,8,10,4150.0,41500.0
2021092605001789,JBLB,7,1,10,4151.0,41510.0
2021092605001809,JBLB,6,45,10,4160.0,41600.0
2021092605001820,JBLB,38,45,10,4150.0,41500.0
2021092605001828,JBLB,6,10,10,4151.0,41510.0
2021092605001825,JBLB,6,57,10,4151.0,41510.0
2021092605001836,JBLB,55,41,10,4153.0,41530.0
2021092605001832,JBLB,59,34,10,4152.0,41520.0
2021092605001844,JBLB,55,43,10,4152.1,41521.0
2021092605001856,JBLB,58,47,10,4152.1,41521.0
2021092605001859,JBLB,47,58,10,4152.0,41520.0
2021092605001857,JBLB,49,52,10,4153.0,41530.0
2021092605001872,JBLB,39,38,10,4151.0,41510.0
2021092605001871,JBLB,6,38,30,4151.0,124530.0
2021092605001870,JBLB,32,38,10,4153.0,41530.0
2021092605001866,JBLB,14,16,20,4160.0,83200.0
2021092605001876,JBLB,22,38,20,4150.0,83000.0
2021092605001875,JBLB,47,38,10,4150.0,41500.0
2021092605001874,JBLB,39,38,10,4150.0,41500.0
2021092605001873,JBLB,38,38,10,4150.0,41500.0
2021092605001891,JBLB,14,7,10,4145.0,41450.0
2021092605001900,JBLB,26,58,10,4141.0,41410.0
2021092605001899,JBLB,55,55,10,4141.0,41410.0
2021092605001893,JBLB,13,45,10,4141.0,41410.0
2021092605001908,JBLB,52,16,10,4140.0,41400.0
2021092605001907,JBLB,58,16,10,4140.0,41400.0
2021092605001903,JBLB,57,16,10,4141.0,41410.0
2021092605001901,JBLB,26,16,10,4141.0,41410.0
2021092605001916,JBLB,58,59,10,4140.0,41400.0
2021092605001912,JBLB,58,16,10,4140.0,41400.0
2021092605001910,JBLB,7,16,20,4140.0,82800.0
2021092605001909,JBLB,14,16,10,4140.0,41400.0
2021092605001930,JBLB,26,58,10,4141.0,41410.0
2021092605001936,JBLB,58,10,10,4140.0,41400.0
2021092605001942,JBLB,6,21,10,4141.0,41410.0
2021092605001959,JBLB,14,21,10,4150.0,41500.0
2021092605001956,JBLB,58,38,116,4140.0,480240.0
2021092605001955,JBLB,6,38,40,4141.0,165640.0
2021092605001967,JBLB,59,49,10,4142.0,41420.0
2021092605001966,JBLB,59,35,10,4141.0,41410.0
2021092605001962,JBLB,14,58,10,4150.0,41500.0
2021092605001961,JBLB,14,4,10,4150.0,41500.0
2021092605001960,JBLB,14,52,10,4150.0,41500.0
2021092605002001,JBLB,57,38,10,4145.1,41451.0
2021092605002009,JBLB,57,51,10,4145.1,41451.0
2021092605002007,JBLB,57,17,10,4145.1,41451.0
2021092605002026,JBLB,59,16,10,4145.0,41450.0
2021092605002019,JBLB,59,36,20,4145.0,82900.0
2021092605002017,JBLB,4,40,10,4145.2,41452.0
2021092605002032,JBLB,59,57,10,4145.0,41450.0
2021092605002030,JBLB,59,16,10,4145.0,41450.0
2021092605002029,JBLB,59,45,10,4145.0,41450.0
2021092605002042,JBLB,14,43,10,4145.1,41451.0
2021092605002040,JBLB,59,38,10,4143.0,41430.0
2021092605002039,JBLB,38,6,10,4145.0,41450.0
2021092605002045,JBLB,6,38,10,4142.0,41420.0
2021092605002062,JBLB,43,34,10,4140.2,41402.0
2021092605002054,JBLB,25,16,10,4141.0,41410.0
2021092605002070,JBLB,49,56,10,4142.0,41420.0
2021092605002064,JBLB,25,34,10,4142.0,41420.0
2021092605002080,JBLB,50,58,10,4142.0,41420.0
2021092605002087,JBLB,59,38,10,4141.0,41410.0
2021092605002083,JBLB,58,25,10,4145.0,41450.0
2021092605002100,JBLB,5,49,10,4142.0,41420.0
2021092605002114,JBLB,16,49,10,4141.1,41411.0
2021092605002105,JBLB,59,29,10,4141.0,41410.0
2021092605002119,JBLB,49,46,10,4142.0,41420.0
2021092605002132,JBLB,59,48,10,4141.0,41410.0
2021092605002126,JBLB,59,45,10,4141.0,41410.0
2021092605002123,JBLB,59,51,10,4141.0,41410.0
2021092605002143,JBLB,5,57,10,4142.0,41420.0
2021092605002144,JBLB,59,38,10,4141.0,41410.0
2021092605001850,MKLB,33,45,10,1448.9,14489.0
2021092605001746,MKLB,33,38,10,1448.9,14489.0
2021092605002162,SLI,45,41,10,591.0,5910.0
2021092605002160,SLI,45,58,10,591.0,5910.0
2021092605002156,SLI,45,49,130,591.0,76830.0
2021092605002155,SLI,21,49,50,591.0,29550.0
2021092605002154,SLI,25,49,10,591.0,5910.0
2021092605002153,SLI,47,49,10,591.0,5910.0
2021092605001674,SLI,57,35,10,593.0,5930.0
2021092605001673,SLI,57,56,10,593.0,5930.0
2021092605001666,SLI,57,4,10,593.0,5930.0
2021092605001665,SLI,57,41,10,593.0,5930.0
2021092605001695,SLI,21,26,10,594.0,5940.0
2021092605001691,SLI,57,22,10,593.0,5930.0
2021092605001689,SLI,57,26,10,593.0,5930.0
2021092605001701,SLI,57,55,10,593.0,5930.0
2021092605001698,SLI,57,26,10,593.0,5930.0
2021092605001697,SLI,21,8,10,594.0,5940.0
2021092605001707,SLI,38,45,10,593.0,5930.0
2021092605001704,SLI,57,45,10,593.0,5930.0
2021092605001702,SLI,57,26,10,593.0,5930.0
2021092605001721,SLI,38,52,10,593.0,5930.0
2021092605001720,SLI,38,10,10,593.0,5930.0
2021092605001718,SLI,38,58,10,593.0,5930.0
2021092605001717,SLI,38,1,10,593.0,5930.0
2021092605001724,SLI,20,21,10,590.0,5900.0
2021092605001736,SLI,20,38,10,590.0,5900.0
2021092605001735,SLI,20,44,10,590.0,5900.0
2021092605001734,SLI,20,8,10,590.0,5900.0
2021092605001742,SLI,20,45,10,590.0,5900.0
2021092605001740,SLI,20,8,10,590.0,5900.0
2021092605001739,SLI,20,58,10,590.0,5900.0
2021092605001738,SLI,20,10,10,590.0,5900.0
2021092605001750,SLI,20,58,90,590.0,53100.0
2021092605001748,SLI,20,39,10,590.0,5900.0
2021092605001747,SLI,20,52,10,590.0,5900.0
2021092605001744,SLI,20,38,10,590.0,5900.0
2021092605001743,SLI,20,8,10,590.0,5900.0
2021092605001766,SLI,17,38,10,590.0,5900.0
2021092605001763,SLI,52,48,10,590.0,5900.0
2021092605001752,SLI,20,25,5,590.0,2950.0
2021092605001751,SLI,20,47,10,590.0,5900.0
2021092605001771,SLI,17,35,10,590.0,5900.0
2021092605001768,SLI,17,51,10,590.0,5900.0
2021092605001767,SLI,17,4,10,590.0,5900.0
2021092605001778,SLI,34,58,10,591.0,5910.0
2021092605001787,SLI,51,1,10,591.0,5910.0
2021092605001785,SLI,51,4,10,591.0,5910.0
2021092605001780,SLI,51,45,10,591.0,5910.0
2021092605001779,SLI,17,44,10,590.0,5900.0
2021092605001790,SLI,52,8,10,590.0,5900.0
2021092605001788,SLI,25,57,10,591.0,5910.0
2021092605001801,SLI,35,21,10,590.0,5900.0
2021092605001799,SLI,35,45,10,590.0,5900.0
2021092605001797,SLI,33,10,10,592.0,5920.0
2021092605001796,SLI,33,34,10,591.0,5910.0
2021092605001795,SLI,35,58,10,590.0,5900.0
2021092605001794,SLI,21,34,10,590.0,5900.0
2021092605001808,SLI,49,58,10,592.0,5920.0
2021092605001807,SLI,49,7,10,592.0,5920.0
2021092605001806,SLI,35,21,10,590.0,5900.0
2021092605001805,SLI,35,45,10,590.0,5900.0
2021092605001804,SLI,35,38,10,590.0,5900.0
2021092605001815,SLI,21,46,10,593.0,5930.0
2021092605001814,SLI,21,45,150,593.0,88950.0
2021092605001813,SLI,21,46,10,593.0,5930.0
2021092605001812,SLI,49,10,10,592.0,5920.0
2021092605001811,SLI,49,45,10,592.0,5920.0
2021092605001810,SLI,49,45,10,592.0,5920.0
2021092605001821,SLI,35,45,10,590.0,5900.0
2021092605001819,SLI,35,45,10,590.0,5900.0
2021092605001818,SLI,21,22,10,593.0,5930.0
2021092605001817,SLI,21,13,10,593.0,5930.0
2021092605001816,SLI,21,58,10,593.0,5930.0
2021092605001829,SLI,45,21,10,591.0,5910.0
2021092605001827,SLI,35,21,10,590.0,5900.0
2021092605001826,SLI,34,21,10,593.0,5930.0
2021092605001824,SLI,34,10,10,593.0,5930.0
2021092605001839,SLI,1,21,10,592.0,5920.0
2021092605001837,SLI,1,50,10,592.0,5920.0
2021092605001831,SLI,1,19,10,592.0,5920.0
2021092605001830,SLI,45,10,10,591.0,5910.0
2021092605001848,SLI,1,36,10,592.0,5920.0
2021092605001845,SLI,1,43,10,592.0,5920.0
2021092605001843,SLI,1,51,30,592.0,17760.0
2021092605001842,SLI,1,45,10,592.0,5920.0
2021092605001841,SLI,1,47,10,592.0,5920.0
2021092605001855,SLI,13,8,10,592.0,5920.0
2021092605001853,SLI,13,47,10,592.0,5920.0
2021092605001852,SLI,13,36,10,592.0,5920.0
2021092605001851,SLI,13,56,10,592.0,5920.0
2021092605001849,SLI,13,25,10,592.0,5920.0
2021092605001865,SLI,45,34,10,591.0,5910.0
2021092605001861,SLI,45,17,10,591.0,5910.0
2021092605001860,SLI,45,35,10,591.0,5910.0
2021092605001858,SLI,45,34,10,591.0,5910.0
2021092605001869,SLI,45,45,10,591.0,5910.0
2021092605001868,SLI,45,19,10,591.0,5910.0
2021092605001882,SLI,45,59,10,591.0,5910.0
2021092605001877,SLI,20,57,10,592.0,5920.0
2021092605001892,SLI,45,42,10,591.0,5910.0
2021092605001887,SLI,45,29,10,591.0,5910.0
2021092605001885,SLI,45,51,100,591.0,59100.0
2021092605001884,SLI,35,38,10,592.0,5920.0
2021092605001883,SLI,45,36,10,591.0,5910.0
2021092605001897,SLI,45,21,10,591.0,5910.0
2021092605001896,SLI,45,19,10,591.0,5910.0
2021092605001895,SLI,45,32,10,591.0,5910.0
2021092605001906,SLI,34,52,10,591.0,5910.0
2021092605001902,SLI,34,49,10,591.0,5910.0
2021092605001917,SLI,34,1,10,591.0,5910.0
2021092605001911,SLI,34,45,10,591.0,5910.0
2021092605001925,SLI,34,58,10,591.0,5910.0
2021092605001921,SLI,34,58,10,591.0,5910.0
2021092605001920,SLI,34,35,10,591.0,5910.0
2021092605001919,SLI,34,45,10,591.0,5910.0
2021092605001918,SLI,34,58,10,591.0,5910.0
2021092605001938,SLI,34,25,10,591.0,5910.0
2021092605001937,SLI,34,58,10,591.0,5910.0
2021092605001935,SLI,34,25,10,591.0,5910.0
2021092605001934,SLI,34,57,10,591.0,5910.0
2021092605001931,SLI,34,58,10,591.0,5910.0
2021092605001945,SLI,34,58,10,591.0,5910.0
2021092605001944,SLI,34,19,10,591.0,5910.0
2021092605001941,SLI,34,10,10,591.0,5910.0
2021092605001940,SLI,34,58,10,591.0,5910.0
2021092605001939,SLI,34,58,10,591.0,5910.0
2021092605001953,SLI,50,49,10,592.0,5920.0
2021092605001952,SLI,58,45,10,591.5,5915.0
2021092605001951,SLI,58,28,10,591.5,5915.0
2021092605001950,SLI,34,45,10,591.0,5910.0
2021092605001949,SLI,34,58,10,591.0,5910.0
2021092605001947,SLI,34,41,10,591.0,5910.0
2021092605001958,SLI,58,58,10,591.5,5915.0
2021092605001957,SLI,58,49,10,591.5,5915.0
2021092605001954,SLI,50,16,10,592.0,5920.0
2021092605001964,SLI,34,58,10,591.0,5910.0
2021092605001982,SLI,47,51,10,592.0,5920.0
2021092605001981,SLI,47,34,10,592.0,5920.0
2021092605001980,SLI,47,49,10,592.0,5920.0
2021092605001979,SLI,47,49,10,592.0,5920.0
2021092605001978,SLI,45,21,10,591.5,5915.0
2021092605001976,SLI,45,41,10,591.5,5915.0
2021092605001992,SLI,34,22,10,591.0,5910.0
2021092605001989,SLI,25,36,10,592.0,5920.0
2021092605001988,SLI,25,44,10,592.0,5920.0
2021092605001987,SLI,25,11,10,592.0,5920.0
2021092605001986,SLI,25,34,10,592.0,5920.0
2021092605001985,SLI,34,58,10,591.0,5910.0
2021092605002002,SLI,34,42,10,591.0,5910.0
2021092605001999,SLI,34,49,10,591.0,5910.0
2021092605001998,SLI,34,25,10,591.0,5910.0
2021092605001997,SLI,34,58,10,591.0,5910.0
2021092605001996,SLI,34,45,10,591.0,5910.0
2021092605002011,SLI,34,17,10,592.0,5920.0
2021092605002010,SLI,34,49,10,591.0,5910.0
2021092605002006,SLI,34,49,10,591.0,5910.0
2021092605002003,SLI,34,49,10,591.0,5910.0
2021092605002023,SLI,34,7,10,591.0,5910.0
2021092605002022,SLI,34,58,10,591.0,5910.0
2021092605002016,SLI,34,44,10,592.0,5920.0
2021092605002033,SLI,34,41,10,591.0,5910.0
2021092605002031,SLI,34,32,10,591.0,5910.0
2021092605002028,SLI,34,58,10,591.0,5910.0
2021092605002038,SLI,34,38,10,591.0,5910.0
2021092605002035,SLI,34,40,10,591.0,5910.0
2021092605002034,SLI,34,26,10,591.0,5910.0
2021092605002051,SLI,57,59,10,593.0,5930.0
2021092605002050,SLI,57,42,10,593.0,5930.0
2021092605002049,SLI,57,34,10,592.0,5920.0
2021092605002047,SLI,34,38,10,591.0,5910.0
2021092605002044,SLI,34,58,10,591.0,5910.0
2021092605002059,SLI,57,58,10,593.0,5930.0
2021092605002058,SLI,57,19,10,593.0,5930.0
2021092605002053,SLI,57,47,10,593.0,5930.0
2021092605002052,SLI,57,54,10,593.0,5930.0
2021092605002072,SLI,54,57,10,593.0,5930.0
2021092605002069,SLI,57,16,10,593.0,5930.0
2021092605002067,SLI,57,21,10,593.0,5930.0
2021092605002065,SLI,57,41,10,593.0,5930.0
2021092605002078,SLI,34,45,10,591.0,5910.0
2021092605002077,SLI,34,59,10,591.0,5910.0
2021092605002075,SLI,34,38,10,591.0,5910.0
2021092605002074,SLI,34,59,10,591.0,5910.0
2021092605002073,SLI,34,43,10,591.0,5910.0
2021092605002090,SLI,58,58,10,591.0,5910.0
2021092605002089,SLI,57,57,10,591.1,5911.0
2021092605002085,SLI,34,49,10,591.0,5910.0
2021092605002082,SLI,34,38,10,591.0,5910.0
2021092605002104,SLI,58,45,10,593.0,5930.0
2021092605002103,SLI,58,49,10,593.0,5930.0
2021092605002102,SLI,58,59,10,593.0,5930.0
2021092605002094,SLI,34,38,10,591.0,5910.0
2021092605002091,SLI,25,57,10,591.0,5910.0
2021092605002113,SLI,36,35,10,591.0,5910.0
2021092605002112,SLI,36,45,10,591.0,5910.0
2021092605002111,SLI,36,49,10,591.0,5910.0
2021092605002106,SLI,34,17,10,591.0,5910.0
2021092605002122,SLI,36,58,10,591.0,5910.0
2021092605002121,SLI,36,41,10,591.0,5910.0
2021092605002120,SLI,36,45,10,591.0,5910.0
2021092605002118,SLI,36,35,10,591.0,5910.0
2021092605002117,SLI,36,45,10,591.0,5910.0
2021092605002131,SLI,41,3,10,591.0,5910.0
2021092605002125,SLI,36,38,10,591.0,5910.0
2021092605002124,SLI,36,58,10,591.0,5910.0
2021092605002142,SLI,52,35,10,591.0,5910.0
2021092605002141,SLI,52,41,10,591.0,5910.0
2021092605002140,SLI,52,38,10,591.0,5910.0
2021092605002138,SLI,41,49,10,591.0,5910.0
2021092605002134,SLI,34,49,10,594.0,5940.0
2021092605002152,SLI,52,49,30,591.0,17730.0
2021092605002149,SLI,52,51,10,591.0,5910.0
2021092605002148,SLI,52,38,10,591.0,5910.0
2021092605002146,SLI,52,35,10,591.0,5910.0
2021092605002145,SLI,52,42,10,591.0,5910.0
2021092605002161,ULI,8,51,10,602.0,6020.0
2021092605002159,ULI,22,26,10,604.0,6040.0
2021092605002158,ULI,22,16,10,604.0,6040.0
2021092605002157,ULI,38,41,10,601.0,6010.0
2021092605002151,ULI,34,58,10,603.0,6030.0
2021092605002150,ULI,34,44,10,603.0,6030.0
2021092605001671,ULI,57,57,10,608.5,6085.0
2021092605001670,ULI,57,38,10,608.5,6085.0
2021092605001669,ULI,13,38,10,609.0,6090.0
2021092605001668,ULI,13,40,10,609.0,6090.0
2021092605001664,ULI,13,52,10,609.0,6090.0
2021092605001663,ULI,13,57,10,609.0,6090.0
2021092605001679,ULI,33,53,100,608.4,60840.0
2021092605001678,ULI,33,53,10,608.4,6084.0
2021092605001677,ULI,57,53,200,608.5,121700.0
2021092605001676,ULI,57,53,290,608.5,176465.0
2021092605001675,ULI,57,7,10,608.5,6085.0
2021092605001672,ULI,57,16,10,608.5,6085.0
2021092605001686,ULI,57,41,10,609.0,6090.0
2021092605001685,ULI,57,38,10,609.0,6090.0
2021092605001683,ULI,57,38,10,609.0,6090.0
2021092605001682,ULI,57,35,10,609.0,6090.0
2021092605001681,ULI,52,58,10,608.3,6083.0
2021092605001680,ULI,57,53,500,608.4,304200.0
2021092605001710,ULI,45,48,40,608.1,24324.0
2021092605001709,ULI,47,48,10,608.5,6085.0
2021092605001705,ULI,57,48,10,609.0,6090.0
2021092605001694,ULI,57,7,10,609.0,6090.0
2021092605001693,ULI,57,25,10,609.0,6090.0
2021092605001687,ULI,57,3,10,609.0,6090.0
2021092605001722,ULI,32,16,10,608.0,6080.0
2021092605001715,ULI,32,56,10,608.0,6080.0
2021092605001714,ULI,21,58,10,608.0,6080.0
2021092605001713,ULI,44,58,10,608.0,6080.0
2021092605001712,ULI,44,25,90,608.0,54720.0
2021092605001711,ULI,46,25,10,608.1,6081.0
2021092605001756,ULI,47,36,20,608.0,12160.0
2021092605001755,ULI,32,36,35,608.0,21280.0
2021092605001754,ULI,57,36,10,609.0,6090.0
2021092605001745,ULI,57,42,10,609.0,6090.0
2021092605001725,ULI,49,46,10,609.0,6090.0
2021092605001723,ULI,32,10,10,608.0,6080.0
2021092605001762,ULI,32,36,58,605.0,35090.0
2021092605001761,ULI,59,36,50,605.0,30250.0
2021092605001760,ULI,43,36,30,605.1,18153.0
2021092605001759,ULI,14,36,50,606.0,30300.0
2021092605001758,ULI,58,36,47,606.0,28482.0
2021092605001757,ULI,6,36,100,608.0,60800.0
2021092605001800,ULI,44,10,10,605.0,6050.0
2021092605001798,ULI,32,36,10,605.0,6050.0
2021092605001786,ULI,32,38,10,605.0,6050.0
2021092605001783,ULI,32,35,10,605.0,6050.0
2021092605001781,ULI,32,48,10,605.0,6050.0
2021092605001765,ULI,28,10,10,608.0,6080.0
2021092605001834,ULI,57,25,10,606.0,6060.0
2021092605001833,ULI,57,42,10,606.0,6060.0
2021092605001823,ULI,44,58,10,605.0,6050.0
2021092605001822,ULI,44,26,10,605.0,6050.0
2021092605001803,ULI,44,33,10,605.0,6050.0
2021092605001802,ULI,44,25,10,605.0,6050.0
2021092605001854,ULI,21,45,10,605.2,6052.0
2021092605001847,ULI,17,4,10,606.0,6060.0
2021092605001846,ULI,17,21,10,606.0,6060.0
2021092605001840,ULI,21,38,10,605.2,6052.0
2021092605001838,ULI,29,38,10,605.1,6051.0
2021092605001835,ULI,57,38,10,606.0,6060.0
2021092605001879,ULI,28,42,10,606.0,6060.0
2021092605001878,ULI,28,56,10,606.0,6060.0
2021092605001867,ULI,38,58,10,605.3,6053.0
2021092605001864,ULI,38,21,10,605.3,6053.0
2021092605001863,ULI,38,58,10,605.3,6053.0
2021092605001862,ULI,38,49,10,605.3,6053.0
2021092605001890,ULI,28,35,10,606.0,6060.0
2021092605001889,ULI,28,55,10,606.0,6060.0
2021092605001888,ULI,28,59,10,606.0,6060.0
2021092605001886,ULI,28,58,10,606.0,6060.0
2021092605001881,ULI,28,13,10,606.0,6060.0
2021092605001880,ULI,28,58,10,606.0,6060.0
2021092605001914,ULI,49,41,50,606.0,30300.0
2021092605001913,ULI,28,41,80,606.0,48480.0
2021092605001905,ULI,28,28,10,606.0,6060.0
2021092605001904,ULI,28,21,10,606.0,6060.0
2021092605001898,ULI,28,28,10,606.0,6060.0
2021092605001894,ULI,28,6,10,606.0,6060.0
2021092605001927,ULI,29,58,10,606.0,6060.0
2021092605001926,ULI,29,1,10,606.0,6060.0
2021092605001924,ULI,21,58,10,605.2,6052.0
2021092605001923,ULI,28,41,130,606.0,78780.0
2021092605001922,ULI,38,58,10,605.3,6053.0
2021092605001915,ULI,36,41,40,606.0,24240.0
2021092605001946,ULI,29,10,10,606.0,6060.0
2021092605001943,ULI,29,16,10,606.0,6060.0
2021092605001933,ULI,29,6,10,606.0,6060.0
2021092605001932,ULI,29,21,10,606.0,6060.0
2021092605001929,ULI,29,44,10,606.0,6060.0
2021092605001928,ULI,29,58,10,606.0,6060.0
2021092605001970,ULI,43,33,20,606.0,12120.0
2021092605001969,ULI,29,33,30,606.0,18180.0
2021092605001968,ULI,58,33,10,606.5,6065.0
2021092605001965,ULI,58,49,10,606.5,6065.0
2021092605001963,ULI,29,58,10,606.0,6060.0
2021092605001948,ULI,29,58,10,606.0,6060.0
2021092605001977,ULI,55,33,20,605.0,12100.0
2021092605001975,ULI,11,33,100,605.0,60500.0
2021092605001974,ULI,45,33,50,605.0,30250.0
2021092605001973,ULI,57,33,60,605.0,36300.0
2021092605001972,ULI,45,33,50,605.0,30250.0
2021092605001971,ULI,21,33,70,605.2,42364.0
2021092605001994,ULI,38,33,60,603.0,36180.0
2021092605001993,ULI,20,26,10,603.0,6030.0
2021092605001991,ULI,20,57,10,603.0,6030.0
2021092605001990,ULI,20,40,10,603.0,6030.0
2021092605001984,ULI,10,33,20,604.0,12080.0
2021092605001983,ULI,57,33,20,605.0,12100.0
2021092605002012,ULI,43,17,10,602.1,6021.0
2021092605002008,ULI,43,25,10,602.1,6021.0
2021092605002005,ULI,45,41,10,603.0,6030.0
2021092605002004,ULI,45,58,10,603.0,6030.0
2021092605002000,ULI,43,33,20,602.1,12042.0
2021092605001995,ULI,43,58,10,602.1,6021.0
2021092605002021,ULI,14,16,10,602.0,6020.0
2021092605002020,ULI,14,14,10,602.0,6020.0
2021092605002018,ULI,14,58,10,602.0,6020.0
2021092605002015,ULI,14,40,10,602.0,6020.0
2021092605002014,ULI,14,58,10,602.0,6020.0
2021092605002013,ULI,14,58,10,602.0,6020.0
2021092605002041,ULI,14,8,10,602.0,6020.0
2021092605002037,ULI,17,40,10,602.1,6021.0
2021092605002036,ULI,17,21,10,602.1,6021.0
2021092605002027,ULI,17,49,10,602.1,6021.0
2021092605002025,ULI,17,58,10,602.1,6021.0
2021092605002024,ULI,17,37,10,602.1,6021.0
2021092605002057,ULI,56,19,10,602.1,6021.0
2021092605002056,ULI,56,51,10,602.1,6021.0
2021092605002055,ULI,56,34,10,602.1,6021.0
2021092605002048,ULI,14,19,10,602.0,6020.0
2021092605002046,ULI,14,14,10,602.0,6020.0
2021092605002043,ULI,14,58,10,602.0,6020.0
2021092605002071,ULI,56,26,10,602.1,6021.0
2021092605002068,ULI,56,58,10,602.1,6021.0
2021092605002066,ULI,56,42,10,602.1,6021.0
2021092605002063,ULI,56,55,10,602.1,6021.0
2021092605002061,ULI,56,16,10,602.1,6021.0
2021092605002060,ULI,33,21,10,602.2,6022.0
2021092605002088,ULI,14,59,10,602.0,6020.0
2021092605002086,ULI,14,41,10,602.0,6020.0
2021092605002084,ULI,14,38,10,602.0,6020.0
2021092605002081,ULI,14,52,10,602.0,6020.0
2021092605002079,ULI,56,34,10,602.1,6021.0
2021092605002076,ULI,56,57,10,602.1,6021.0
2021092605002098,ULI,14,52,10,602.0,6020.0
2021092605002097,ULI,14,38,10,602.0,6020.0
2021092605002096,ULI,14,42,50,602.0,30100.0
2021092605002095,ULI,21,58,10,602.2,6022.0
2021092605002093,ULI,14,38,10,602.0,6020.0
2021092605002092,ULI,14,47,10,602.0,6020.0
2021092605002110,ULI,14,38,10,602.0,6020.0
2021092605002109,ULI,14,59,10,602.0,6020.0
2021092605002108,ULI,14,55,10,602.0,6020.0
2021092605002107,ULI,14,58,10,602.0,6020.0
2021092605002101,ULI,14,38,10,602.0,6020.0
2021092605002099,ULI,14,49,10,602.0,6020.0
2021092605002130,ULI,14,58,10,602.0,6020.0
2021092605002129,ULI,14,46,10,602.0,6020.0
2021092605002128,ULI,14,58,10,602.0,6020.0
2021092605002127,ULI,6,58,10,603.0,6030.0
2021092605002116,ULI,14,38,10,602.0,6020.0
2021092605002115,ULI,14,7,10,602.0,6020.0
2021092605002147,ULI,13,38,10,603.0,6030.0
2021092605002139,ULI,13,41,10,603.0,6030.0
2021092605002137,ULI,45,49,50,602.0,30100.0
2021092605002136,ULI,52,49,100,602.0,60200.0
2021092605002135,ULI,14,49,50,602.0,30100.0
2021092605002133,ULI,14,58,10,602.0,6020.0
2021092605001658,JBLB,49,32,10,4155.0,41550.0
2021092605001166,JBLB,58,44,10,4165.0,41650.0
2021092605001167,JBLB,33,38,10,4165.0,41650.0
2021092605001179,JBLB,50,58,10,4160.0,41600.0
2021092605001204,JBLB,26,58,10,4151.0,41510.0
2021092605001212,JBLB,45,55,10,4151.0,41510.0
2021092605001205,JBLB,26,45,10,4151.0,41510.0
2021092605001223,JBLB,41,38,10,4150.0,41500.0
2021092605001220,JBLB,42,8,10,4150.0,41500.0
2021092605001219,JBLB,55,21,10,4151.1,41511.0
2021092605001250,JBLB,22,58,10,4150.1,41501.0
2021092605001241,JBLB,59,34,10,4153.0,41530.0
2021092605001257,JBLB,21,21,10,4158.0,41580.0
2021092605001273,JBLB,22,41,10,4155.1,41551.0
2021092605001272,JBLB,13,36,10,4165.0,41650.0
2021092605001271,JBLB,41,41,10,4162.0,41620.0
2021092605001281,JBLB,36,34,10,4160.0,41600.0
2021092605001277,JBLB,26,21,10,4156.0,41560.0
2021092605001288,JBLB,26,57,10,4156.0,41560.0
2021092605001286,JBLB,26,45,10,4156.0,41560.0
2021092605001303,JBLB,51,34,10,4157.0,41570.0
2021092605001298,JBLB,22,38,10,4156.1,41561.0
2021092605001296,JBLB,57,29,10,4175.0,41750.0
2021092605001316,JBLB,47,17,10,4156.1,41561.0
2021092605001314,JBLB,47,59,10,4156.1,41561.0
2021092605001309,JBLB,47,58,10,4156.1,41561.0
2021092605001307,JBLB,47,59,10,4156.1,41561.0
2021092605001326,JBLB,43,43,10,4156.9,41569.0
2021092605001324,JBLB,26,6,10,4156.0,41560.0
2021092605001330,JBLB,26,49,10,4156.0,41560.0
2021092605001377,JBLB,40,34,10,4156.0,41560.0
2021092605001376,JBLB,38,34,10,4156.0,41560.0
2021092605001375,JBLB,26,34,40,4156.0,166240.0
2021092605001370,JBLB,26,48,10,4156.0,41560.0
2021092605001385,JBLB,33,34,28,4151.0,116228.0
2021092605001380,JBLB,34,34,20,4152.0,83040.0
2021092605001379,JBLB,45,34,22,4152.0,91344.0
2021092605001378,JBLB,21,34,20,4152.0,83040.0
2021092605001395,JBLB,59,14,10,4152.0,41520.0
2021092605001390,JBLB,47,33,20,4152.0,83040.0
2021092605001387,JBLB,43,43,10,4151.2,41512.0
2021092605001400,JBLB,51,34,10,4160.0,41600.0
2021092605001399,JBLB,51,47,10,4156.1,41561.0
2021092605001397,JBLB,21,47,10,4152.0,41520.0
2021092605001405,JBLB,54,36,10,4156.1,41561.0
2021092605001418,JBLB,21,45,10,4156.1,41561.0
2021092605001434,JBLB,47,4,10,4156.0,41560.0
2021092605001433,JBLB,47,6,10,4156.0,41560.0
2021092605001428,JBLB,28,45,10,4160.0,41600.0
2021092605001444,JBLB,32,6,10,4155.0,41550.0
2021092605001443,JBLB,28,6,20,4156.0,83120.0
2021092605001442,JBLB,47,6,20,4156.0,83120.0
2021092605001435,JBLB,47,26,10,4156.0,41560.0
2021092605001447,JBLB,58,6,20,4151.1,83022.0
2021092605001446,JBLB,14,6,20,4152.0,83040.0
2021092605001445,JBLB,21,6,10,4152.0,41520.0
2021092605001470,JBLB,16,6,10,4153.0,41530.0
2021092605001463,JBLB,36,59,10,4155.0,41550.0
2021092605001489,JBLB,25,42,10,4155.0,41550.0
2021092605001488,JBLB,21,6,10,4155.0,41550.0
2021092605001487,JBLB,21,42,10,4155.0,41550.0
2021092605001484,JBLB,16,42,10,4153.0,41530.0
2021092605001483,JBLB,16,6,10,4153.0,41530.0
2021092605001499,JBLB,1,49,10,4155.0,41550.0
2021092605001507,JBLB,36,54,10,4154.0,41540.0
2021092605001504,JBLB,36,4,10,4153.0,41530.0
2021092605001501,JBLB,16,49,10,4153.0,41530.0
2021092605001511,JBLB,36,57,10,4154.0,41540.0
2021092605001508,JBLB,43,58,10,4155.0,41550.0
2021092605001528,JBLB,13,48,10,4155.0,41550.0
2021092605001530,JBLB,36,45,10,4156.0,41560.0
2021092605001529,JBLB,36,49,10,4156.0,41560.0
2021092605001545,JBLB,52,14,10,4160.0,41600.0
2021092605001543,JBLB,38,47,10,4156.0,41560.0
2021092605001542,JBLB,38,49,10,4156.0,41560.0
2021092605001565,JBLB,14,35,10,4175.0,41750.0
2021092605001569,JBLB,39,38,10,4157.0,41570.0
2021092605001576,JBLB,38,47,10,4156.0,41560.0
2021092605001585,JBLB,38,50,10,4156.0,41560.0
2021092605001596,JBLB,6,47,10,4154.0,41540.0
2021092605001594,JBLB,38,34,10,4155.0,41550.0
2021092605001590,JBLB,54,38,10,4156.0,41560.0
2021092605001589,JBLB,38,38,10,4156.0,41560.0
2021092605001610,JBLB,47,38,10,4155.0,41550.0
2021092605001609,JBLB,6,49,10,4156.0,41560.0
2021092605001619,JBLB,26,58,10,4152.0,41520.0
2021092605001623,JBLB,26,38,10,4152.0,41520.0
2021092605001638,JBLB,8,16,10,4151.2,41512.0
2021092605001637,JBLB,8,58,10,4151.2,41512.0
2021092605001649,JBLB,8,38,10,4151.2,41512.0
2021092605001643,JBLB,45,32,10,4155.0,41550.0
2021092605001471,MKLB,33,42,10,1448.9,14489.0
2021092605001661,SLI,20,8,10,590.0,5900.0
2021092605001656,SLI,55,25,500,590.1,295050.0
2021092605001655,SLI,34,25,70,593.0,41510.0
2021092605001654,SLI,34,17,10,593.0,5930.0
2021092605001653,SLI,17,41,10,595.0,5950.0
2021092605001165,SLI,40,56,10,590.2,5902.0
2021092605001164,SLI,40,4,10,590.2,5902.0
2021092605001163,SLI,40,4,10,590.2,5902.0
2021092605001177,SLI,40,58,10,590.2,5902.0
2021092605001174,SLI,40,45,10,590.2,5902.0
2021092605001173,SLI,40,56,20,590.2,11804.0
2021092605001172,SLI,40,58,10,590.2,5902.0
2021092605001169,SLI,40,36,10,590.2,5902.0
2021092605001184,SLI,47,21,10,590.1,5901.0
2021092605001183,SLI,47,22,10,590.1,5901.0
2021092605001182,SLI,47,6,10,590.1,5901.0
2021092605001181,SLI,26,25,10,590.2,5902.0
2021092605001180,SLI,4,58,10,590.2,5902.0
2021092605001198,SLI,47,28,10,590.1,5901.0
2021092605001197,SLI,41,51,10,590.3,5903.0
2021092605001196,SLI,41,50,10,590.2,5902.0
2021092605001192,SLI,47,22,10,590.1,5901.0
2021092605001190,SLI,47,34,10,590.1,5901.0
2021092605001187,SLI,22,43,10,590.2,5902.0
2021092605001203,SLI,47,48,10,590.1,5901.0
2021092605001202,SLI,45,59,10,590.3,5903.0
2021092605001201,SLI,45,55,10,590.3,5903.0
2021092605001200,SLI,47,58,10,590.1,5901.0
2021092605001199,SLI,47,49,10,590.1,5901.0
2021092605001216,SLI,6,38,10,591.3,5913.0
2021092605001215,SLI,6,6,10,591.3,5913.0
2021092605001214,SLI,6,58,10,591.0,5910.0
2021092605001213,SLI,58,49,10,590.2,5902.0
2021092605001222,SLI,14,58,10,590.0,5900.0
2021092605001218,SLI,10,7,10,590.5,5905.0
2021092605001217,SLI,47,38,10,590.1,5901.0
2021092605001230,SLI,21,35,10,590.1,5901.0
2021092605001228,SLI,46,38,10,592.0,5920.0
2021092605001227,SLI,46,25,10,592.0,5920.0
2021092605001226,SLI,46,58,10,592.0,5920.0
2021092605001225,SLI,46,22,10,592.0,5920.0
2021092605001224,SLI,46,4,10,590.5,5905.0
2021092605001238,SLI,14,38,10,590.0,5900.0
2021092605001236,SLI,14,21,10,590.0,5900.0
2021092605001235,SLI,1,38,10,590.1,5901.0
2021092605001234,SLI,14,38,10,590.0,5900.0
2021092605001232,SLI,21,34,10,590.1,5901.0
2021092605001231,SLI,21,38,10,590.1,5901.0
2021092605001249,SLI,55,38,10,591.0,5910.0
2021092605001242,SLI,55,50,10,591.0,5910.0
2021092605001240,SLI,14,34,10,590.0,5900.0
2021092605001239,SLI,14,49,10,590.0,5900.0
2021092605001256,SLI,14,22,10,590.0,5900.0
2021092605001255,SLI,14,21,10,590.0,5900.0
2021092605001254,SLI,14,38,10,590.0,5900.0
2021092605001253,SLI,14,38,10,590.0,5900.0
2021092605001251,SLI,39,38,10,590.2,5902.0
2021092605001264,SLI,19,53,10,592.0,5920.0
2021092605001263,SLI,17,7,10,590.0,5900.0
2021092605001262,SLI,17,36,10,590.0,5900.0
2021092605001261,SLI,17,36,10,590.0,5900.0
2021092605001260,SLI,17,55,10,590.0,5900.0
2021092605001259,SLI,19,11,10,591.0,5910.0
2021092605001270,SLI,1,34,10,590.1,5901.0
2021092605001268,SLI,35,21,10,591.0,5910.0
2021092605001265,SLI,19,49,10,593.0,5930.0
2021092605001282,SLI,16,38,10,591.1,5911.0
2021092605001280,SLI,16,14,10,591.1,5911.0
2021092605001279,SLI,39,38,10,591.1,5911.0
2021092605001274,SLI,39,28,10,591.1,5911.0
2021092605001293,SLI,16,58,10,591.1,5911.0
2021092605001292,SLI,19,21,10,592.0,5920.0
2021092605001291,SLI,16,49,10,591.1,5911.0
2021092605001285,SLI,16,21,10,591.1,5911.0
2021092605001302,SLI,1,38,10,590.1,5901.0
2021092605001299,SLI,1,38,10,590.1,5901.0
2021092605001294,SLI,1,38,10,590.1,5901.0
2021092605001308,SLI,3,34,10,590.2,5902.0
2021092605001306,SLI,1,38,10,590.1,5901.0
2021092605001327,SLI,3,45,10,590.2,5902.0
2021092605001325,SLI,3,46,10,590.2,5902.0
2021092605001323,SLI,3,58,10,590.2,5902.0
2021092605001322,SLI,3,58,10,590.2,5902.0
2021092605001368,SLI,16,16,10,590.1,5901.0
2021092605001366,SLI,16,45,10,590.1,5901.0
2021092605001365,SLI,16,58,10,590.1,5901.0
2021092605001329,SLI,16,42,10,590.1,5901.0
2021092605001328,SLI,54,3,10,590.1,5901.0
2021092605001374,SLI,39,39,10,590.2,5902.0
2021092605001373,SLI,43,43,10,590.4,5904.0
2021092605001384,SLI,42,47,10,590.1,5901.0
2021092605001382,SLI,16,49,10,590.1,5901.0
2021092605001393,SLI,52,42,10,590.2,5902.0
2021092605001391,SLI,42,58,10,590.1,5901.0
2021092605001389,SLI,42,33,10,590.1,5901.0
2021092605001401,SLI,47,42,10,590.1,5901.0
2021092605001398,SLI,47,38,10,590.1,5901.0
2021092605001396,SLI,42,34,10,590.1,5901.0
2021092605001409,SLI,4,45,10,591.0,5910.0
2021092605001408,SLI,48,16,10,590.1,5901.0
2021092605001407,SLI,48,45,10,590.1,5901.0
2021092605001406,SLI,48,58,10,590.1,5901.0
2021092605001402,SLI,17,49,10,590.0,5900.0
2021092605001415,SLI,48,16,10,590.1,5901.0
2021092605001414,SLI,48,45,10,590.1,5901.0
2021092605001413,SLI,4,58,10,593.0,5930.0
2021092605001412,SLI,4,32,10,592.0,5920.0
2021092605001411,SLI,4,57,10,591.0,5910.0
2021092605001410,SLI,4,36,10,591.0,5910.0
2021092605001427,SLI,46,58,10,590.1,5901.0
2021092605001426,SLI,52,58,10,590.1,5901.0
2021092605001423,SLI,20,45,10,590.0,5900.0
2021092605001422,SLI,20,8,10,590.0,5900.0
2021092605001419,SLI,36,45,10,591.0,5910.0
2021092605001432,SLI,46,40,10,590.1,5901.0
2021092605001430,SLI,46,35,10,590.1,5901.0
2021092605001429,SLI,46,42,10,590.1,5901.0
2021092605001441,SLI,5,58,10,590.2,5902.0
2021092605001438,SLI,5,26,10,590.2,5902.0
2021092605001455,SLI,5,57,10,590.2,5902.0
2021092605001452,SLI,5,46,10,590.2,5902.0
2021092605001450,SLI,49,6,10,590.3,5903.0
2021092605001468,SLI,48,34,10,590.3,5903.0
2021092605001466,SLI,48,45,10,590.3,5903.0
2021092605001462,SLI,5,45,10,590.2,5902.0
2021092605001456,SLI,5,29,10,590.2,5902.0
2021092605001481,SLI,48,34,10,590.3,5903.0
2021092605001478,SLI,48,4,10,590.3,5903.0
2021092605001476,SLI,16,7,10,593.0,5930.0
2021092605001475,SLI,16,10,10,593.0,5930.0
2021092605001474,SLI,16,54,10,593.0,5930.0
2021092605001473,SLI,16,51,10,593.0,5930.0
2021092605001491,SLI,57,51,10,591.0,5910.0
2021092605001498,SLI,57,19,10,591.0,5910.0
2021092605001497,SLI,52,7,10,595.0,5950.0
2021092605001496,SLI,57,43,10,591.0,5910.0
2021092605001495,SLI,57,38,10,591.0,5910.0
2021092605001494,SLI,57,58,10,591.0,5910.0
2021092605001506,SLI,48,38,10,590.3,5903.0
2021092605001502,SLI,42,38,10,590.4,5904.0
2021092605001500,SLI,42,38,10,590.4,5904.0
2021092605001517,SLI,47,38,10,590.1,5901.0
2021092605001512,SLI,46,38,10,590.1,5901.0
2021092605001510,SLI,5,38,10,590.2,5902.0
2021092605001509,SLI,5,57,10,590.2,5902.0
2021092605001526,SLI,20,49,10,590.0,5900.0
2021092605001525,SLI,51,32,10,590.1,5901.0
2021092605001523,SLI,51,45,10,590.1,5901.0
2021092605001520,SLI,47,1,10,590.1,5901.0
2021092605001518,SLI,47,58,10,590.1,5901.0
2021092605001536,SLI,57,38,10,591.0,5910.0
2021092605001533,SLI,57,49,10,591.0,5910.0
2021092605001532,SLI,57,13,10,591.0,5910.0
2021092605001531,SLI,57,58,10,591.0,5910.0
2021092605001548,SLI,20,56,10,590.0,5900.0
2021092605001547,SLI,20,13,10,590.0,5900.0
2021092605001546,SLI,20,16,10,590.0,5900.0
2021092605001556,SLI,20,16,10,590.0,5900.0
2021092605001555,SLI,20,38,10,590.0,5900.0
2021092605001554,SLI,22,59,10,591.0,5910.0
2021092605001552,SLI,22,58,10,591.0,5910.0
2021092605001550,SLI,20,37,10,590.0,5900.0
2021092605001549,SLI,20,38,10,590.0,5900.0
2021092605001566,SLI,34,45,10,595.0,5950.0
2021092605001564,SLI,20,34,10,590.0,5900.0
2021092605001563,SLI,20,37,10,590.0,5900.0
2021092605001560,SLI,50,21,10,592.0,5920.0
2021092605001557,SLI,20,44,10,590.0,5900.0
2021092605001572,SLI,20,39,10,590.0,5900.0
2021092605001571,SLI,20,39,10,590.0,5900.0
2021092605001570,SLI,20,19,10,590.0,5900.0
2021092605001568,SLI,42,39,10,590.1,5901.0
2021092605001567,SLI,42,39,10,590.1,5901.0
2021092605001581,SLI,1,6,10,590.1,5901.0
2021092605001578,SLI,29,58,10,591.0,5910.0
2021092605001575,SLI,20,58,10,590.0,5900.0
2021092605001574,SLI,20,36,10,590.0,5900.0
2021092605001573,SLI,20,6,10,590.0,5900.0
2021092605001588,SLI,20,36,10,590.0,5900.0
2021092605001587,SLI,1,34,10,590.1,5901.0
2021092605001586,SLI,40,58,10,594.0,5940.0
2021092605001583,SLI,1,49,10,590.1,5901.0
2021092605001582,SLI,1,34,10,590.1,5901.0
2021092605001593,SLI,20,21,10,590.0,5900.0
2021092605001591,SLI,20,57,10,590.0,5900.0
2021092605001604,SLI,41,57,10,595.0,5950.0
2021092605001603,SLI,41,54,10,594.0,5940.0
2021092605001602,SLI,41,29,10,594.0,5940.0
2021092605001601,SLI,58,38,10,591.0,5910.0
2021092605001599,SLI,58,49,10,591.0,5910.0
2021092605001598,SLI,58,10,10,591.0,5910.0
2021092605001613,SLI,58,58,10,591.0,5910.0
2021092605001612,SLI,58,41,10,591.0,5910.0
2021092605001606,SLI,41,58,10,595.0,5950.0
2021092605001605,SLI,41,44,10,595.0,5950.0
2021092605001622,SLI,42,42,10,590.1,5901.0
2021092605001621,SLI,20,59,10,590.0,5900.0
2021092605001620,SLI,20,21,10,590.0,5900.0
2021092605001617,SLI,58,38,10,591.0,5910.0
2021092605001616,SLI,58,58,10,591.0,5910.0
2021092605001632,SLI,42,58,10,590.1,5901.0
2021092605001630,SLI,42,21,10,590.1,5901.0
2021092605001628,SLI,42,10,10,590.1,5901.0
2021092605001626,SLI,42,10,10,590.1,5901.0
2021092605001625,SLI,42,3,10,590.1,5901.0
2021092605001641,SLI,20,6,25,590.0,14750.0
2021092605001640,SLI,13,6,20,590.1,11802.0
2021092605001639,SLI,42,6,55,590.1,32455.5
2021092605001634,SLI,42,36,10,590.1,5901.0
2021092605001651,SLI,34,34,10,593.0,5930.0
2021092605001650,SLI,34,25,10,593.0,5930.0
2021092605001646,SLI,49,58,10,591.0,5910.0
2021092605001645,SLI,49,57,10,591.0,5910.0
2021092605001662,ULI,13,58,10,609.0,6090.0
2021092605001660,ULI,45,35,10,609.0,6090.0
2021092605001659,ULI,45,14,10,609.0,6090.0
2021092605001657,ULI,45,38,10,609.0,6090.0
2021092605001652,ULI,45,7,10,609.0,6090.0
2021092605001648,ULI,45,42,10,609.0,6090.0
2021092605001171,ULI,29,4,10,611.0,6110.0
2021092605001170,ULI,29,21,10,611.0,6110.0
2021092605001168,ULI,29,49,10,611.0,6110.0
2021092605001188,ULI,43,43,10,611.1,6111.0
2021092605001186,ULI,43,59,10,611.1,6111.0
2021092605001185,ULI,22,58,10,611.1,6111.0
2021092605001178,ULI,29,25,10,611.0,6110.0
2021092605001176,ULI,29,25,10,611.0,6110.0
2021092605001175,ULI,29,4,10,611.0,6110.0
2021092605001206,ULI,34,34,10,611.0,6110.0
2021092605001195,ULI,34,48,10,611.0,6110.0
2021092605001194,ULI,29,48,190,611.0,116090.0
2021092605001193,ULI,43,38,10,611.1,6111.0
2021092605001191,ULI,43,59,10,611.1,6111.0
2021092605001189,ULI,43,38,10,611.1,6111.0
2021092605001221,ULI,41,13,10,610.2,6102.0
2021092605001211,ULI,34,59,20,611.0,12220.0
2021092605001210,ULI,14,59,40,611.0,24440.0
2021092605001209,ULI,19,59,100,611.0,61100.0
2021092605001208,ULI,46,59,30,611.0,18330.0
2021092605001207,ULI,34,59,80,611.0,48880.0
2021092605001245,ULI,43,59,127,611.0,77597.0
2021092605001244,ULI,43,49,10,610.1,6101.0
2021092605001243,ULI,41,38,10,610.2,6102.0
2021092605001237,ULI,41,34,10,610.2,6102.0
2021092605001233,ULI,41,38,10,610.2,6102.0
2021092605001229,ULI,41,19,10,610.2,6102.0
2021092605001266,ULI,38,11,10,610.0,6100.0
2021092605001258,ULI,38,42,10,610.0,6100.0
2021092605001252,ULI,38,32,10,610.0,6100.0
2021092605001248,ULI,38,58,10,610.0,6100.0
2021092605001247,ULI,43,41,10,611.0,6110.0
2021092605001246,ULI,43,49,10,611.0,6110.0
2021092605001283,ULI,53,57,10,611.0,6110.0
2021092605001278,ULI,43,36,10,608.1,6081.0
2021092605001276,ULI,53,7,10,610.0,6100.0
2021092605001275,ULI,53,58,10,610.0,6100.0
2021092605001269,ULI,43,29,10,608.1,6081.0
2021092605001267,ULI,38,58,10,610.0,6100.0
2021092605001297,ULI,33,34,10,608.3,6083.0
2021092605001295,ULI,33,38,10,608.3,6083.0
2021092605001290,ULI,45,33,10,608.1,6081.0
2021092605001289,ULI,43,33,10,608.1,6081.0
2021092605001287,ULI,43,38,10,608.2,6082.0
2021092605001284,ULI,53,53,10,612.0,6120.0
2021092605001311,ULI,53,58,10,612.0,6120.0
2021092605001310,ULI,53,49,10,610.0,6100.0
2021092605001305,ULI,33,58,10,608.3,6083.0
2021092605001304,ULI,43,38,10,608.4,6084.0
2021092605001301,ULI,33,34,10,608.3,6083.0
2021092605001300,ULI,33,41,10,608.3,6083.0
2021092605001319,ULI,53,21,10,613.0,6130.0
2021092605001318,ULI,53,58,10,613.0,6130.0
2021092605001317,ULI,53,42,10,613.0,6130.0
2021092605001315,ULI,33,57,10,608.4,6084.0
2021092605001313,ULI,55,58,10,610.0,6100.0
2021092605001312,ULI,53,48,10,613.0,6130.0
2021092605001334,ULI,19,22,10,615.0,6150.0
2021092605001333,ULI,19,58,10,615.0,6150.0
2021092605001332,ULI,19,21,10,614.0,6140.0
2021092605001331,ULI,19,49,20,614.0,12280.0
2021092605001321,ULI,53,49,10,615.0,6150.0
2021092605001320,ULI,53,38,10,614.0,6140.0
2021092605001340,ULI,19,17,10,618.0,6180.0
2021092605001339,ULI,19,54,10,618.0,6180.0
2021092605001338,ULI,19,8,10,616.0,6160.0
2021092605001337,ULI,19,58,10,616.0,6160.0
2021092605001336,ULI,19,3,10,615.0,6150.0
2021092605001335,ULI,19,14,10,615.0,6150.0
2021092605001346,ULI,19,35,10,618.0,6180.0
2021092605001345,ULI,19,42,10,618.0,6180.0
2021092605001344,ULI,19,42,10,618.0,6180.0
2021092605001343,ULI,19,58,10,618.0,6180.0
2021092605001342,ULI,19,7,10,618.0,6180.0
2021092605001341,ULI,19,38,10,618.0,6180.0
2021092605001352,ULI,19,32,10,620.0,6200.0
2021092605001351,ULI,19,21,30,619.9,18597.0
2021092605001350,ULI,19,57,10,619.5,6195.0
2021092605001349,ULI,19,42,10,619.0,6190.0
2021092605001348,ULI,19,8,110,619.0,68090.0
2021092605001347,ULI,19,22,10,619.0,6190.0
2021092605001358,ULI,19,39,10,620.0,6200.0
2021092605001357,ULI,19,34,10,620.0,6200.0
2021092605001356,ULI,19,49,10,620.0,6200.0
2021092605001355,ULI,19,33,10,620.0,6200.0
2021092605001354,ULI,19,7,10,620.0,6200.0
2021092605001353,ULI,19,58,10,620.0,6200.0
2021092605001364,ULI,19,35,10,620.0,6200.0
2021092605001363,ULI,19,49,10,620.0,6200.0
2021092605001362,ULI,19,38,40,620.0,24800.0
2021092605001361,ULI,19,47,10,620.0,6200.0
2021092605001360,ULI,19,45,10,620.0,6200.0
2021092605001359,ULI,19,49,10,620.0,6200.0
2021092605001383,ULI,34,25,10,609.0,6090.0
2021092605001381,ULI,53,45,10,616.0,6160.0
2021092605001372,ULI,53,55,10,609.0,6090.0
2021092605001371,ULI,33,45,10,608.4,6084.0
2021092605001369,ULI,43,33,10,608.5,6085.0
2021092605001367,ULI,43,43,10,608.9,6089.0
2021092605001404,ULI,34,58,10,609.0,6090.0
2021092605001403,ULI,34,39,10,609.0,6090.0
2021092605001394,ULI,34,58,10,609.0,6090.0
2021092605001392,ULI,34,38,10,609.0,6090.0
2021092605001388,ULI,34,42,10,609.0,6090.0
2021092605001386,ULI,34,58,10,609.0,6090.0
2021092605001425,ULI,45,47,10,608.5,6085.0
2021092605001424,ULI,45,58,10,608.5,6085.0
2021092605001421,ULI,53,39,10,609.0,6090.0
2021092605001420,ULI,34,38,10,609.0,6090.0
2021092605001417,ULI,34,16,10,609.0,6090.0
2021092605001416,ULI,34,38,10,609.0,6090.0
2021092605001448,ULI,33,38,10,608.4,6084.0
2021092605001440,ULI,45,46,10,608.5,6085.0
2021092605001439,ULI,45,52,10,608.5,6085.0
2021092605001437,ULI,45,38,10,608.5,6085.0
2021092605001436,ULI,52,39,20,609.0,12180.0
2021092605001431,ULI,53,39,10,609.0,6090.0
2021092605001458,ULI,57,38,10,608.5,6085.0
2021092605001457,ULI,57,38,10,608.5,6085.0
2021092605001454,ULI,57,58,10,608.5,6085.0
2021092605001453,ULI,57,38,10,608.5,6085.0
2021092605001451,ULI,57,45,10,608.5,6085.0
2021092605001449,ULI,33,38,10,608.4,6084.0
2021092605001467,ULI,43,6,10,608.6,6086.0
2021092605001465,ULI,57,38,10,608.5,6085.0
2021092605001464,ULI,57,25,10,608.5,6085.0
2021092605001461,ULI,57,38,10,608.5,6085.0
2021092605001460,ULI,57,21,10,608.5,6085.0
2021092605001459,ULI,57,21,10,608.5,6085.0
2021092605001482,ULI,57,38,10,608.5,6085.0
2021092605001480,ULI,57,38,10,608.5,6085.0
2021092605001479,ULI,57,4,10,608.5,6085.0
2021092605001477,ULI,57,38,10,608.5,6085.0
2021092605001472,ULI,57,38,10,608.5,6085.0
2021092605001469,ULI,59,38,10,608.6,6086.0
2021092605001503,ULI,44,58,10,609.0,6090.0
2021092605001493,ULI,44,36,10,609.0,6090.0
2021092605001492,ULI,44,39,30,609.0,18270.0
2021092605001490,ULI,4,39,30,609.0,18270.0
2021092605001486,ULI,57,38,10,608.5,6085.0
2021092605001485,ULI,57,58,10,608.5,6085.0
2021092605001519,ULI,14,38,10,610.0,6100.0
2021092605001516,ULI,14,47,50,610.0,30500.0
2021092605001515,ULI,14,39,10,610.0,6100.0
2021092605001514,ULI,14,22,10,610.0,6100.0
2021092605001513,ULI,58,58,10,610.0,6100.0
2021092605001505,ULI,44,58,10,609.0,6090.0
2021092605001535,ULI,4,35,10,610.0,6100.0
2021092605001534,ULI,4,55,10,610.0,6100.0
2021092605001527,ULI,4,47,100,610.0,61000.0
2021092605001524,ULI,4,44,10,610.0,6100.0
2021092605001522,ULI,44,47,10,609.0,6090.0
2021092605001521,ULI,55,47,40,609.1,24364.0
2021092605001544,ULI,17,47,40,612.0,24480.0
2021092605001541,ULI,17,47,60,612.0,36720.0
2021092605001540,ULI,17,55,10,611.0,6110.0
2021092605001539,ULI,17,8,30,611.0,18330.0
2021092605001538,ULI,4,16,10,610.0,6100.0
2021092605001537,ULI,4,58,10,610.0,6100.0
2021092605001562,ULI,4,42,10,610.0,6100.0
2021092605001561,ULI,4,53,10,610.0,6100.0
2021092605001559,ULI,4,35,10,610.0,6100.0
2021092605001558,ULI,4,16,10,610.0,6100.0
2021092605001553,ULI,4,47,10,610.0,6100.0
2021092605001551,ULI,33,41,10,611.0,6110.0
2021092605001595,ULI,4,38,10,610.0,6100.0
2021092605001592,ULI,4,57,20,610.0,12200.0
2021092605001584,ULI,4,45,10,610.0,6100.0
2021092605001580,ULI,4,54,10,610.0,6100.0
2021092605001579,ULI,4,45,10,610.0,6100.0
2021092605001577,ULI,4,36,10,610.0,6100.0
2021092605001614,ULI,55,49,10,609.0,6090.0
2021092605001611,ULI,55,34,10,609.0,6090.0
2021092605001608,ULI,45,36,10,609.0,6090.0
2021092605001607,ULI,4,41,10,610.0,6100.0
2021092605001600,ULI,4,58,10,610.0,6100.0
2021092605001597,ULI,4,44,10,610.0,6100.0
2021092605001631,ULI,55,42,10,609.0,6090.0
2021092605001629,ULI,55,38,10,609.0,6090.0
2021092605001627,ULI,55,35,10,609.0,6090.0
2021092605001624,ULI,55,36,10,609.0,6090.0
2021092605001618,ULI,55,49,10,609.0,6090.0
2021092605001615,ULI,55,42,10,609.0,6090.0
2021092605001647,ULI,45,53,10,609.0,6090.0
2021092605001644,ULI,45,45,10,609.0,6090.0
2021092605001642,ULI,45,58,10,609.0,6090.0
2021092605001636,ULI,45,38,10,609.0,6090.0
2021092605001635,ULI,34,49,10,610.0,6100.0
2021092605001633,ULI,34,3,10,610.0,6100.0
2021092605001157,JBLB,55,21,10,4167.0,41670.0
2021092605001155,JBLB,55,17,10,4167.0,41670.0
2021092605000666,JBLB,7,16,10,4192.0,41920.0
2021092605000665,JBLB,52,54,20,4190.0,83800.0
2021092605000664,JBLB,54,7,10,4200.0,42000.0
2021092605000672,JBLB,18,51,10,4189.1,41891.0
2021092605000671,JBLB,49,51,10,4190.0,41900.0
2021092605000670,JBLB,48,51,10,4190.0,41900.0
2021092605000667,JBLB,48,58,10,4190.0,41900.0
2021092605000678,JBLB,33,45,20,4190.0,83800.0
2021092605000675,JBLB,54,51,10,4188.0,41880.0
2021092605000674,JBLB,16,51,20,4188.0,83760.0
2021092605000673,JBLB,36,51,10,4188.0,41880.0
2021092605000686,JBLB,33,58,10,4190.0,41900.0
2021092605000680,JBLB,33,58,10,4190.0,41900.0
2021092605000688,JBLB,33,58,10,4190.0,41900.0
2021092605000699,JBLB,37,47,10,4187.0,41870.0
2021092605000716,JBLB,28,53,10,4190.0,41900.0
2021092605000711,JBLB,47,58,10,4188.0,41880.0
2021092605000723,JBLB,47,7,10,4188.0,41880.0
2021092605000722,JBLB,28,39,10,4190.0,41900.0
2021092605000729,JBLB,57,6,10,4189.0,41890.0
2021092605000725,JBLB,57,39,10,4188.0,41880.0
2021092605000741,JBLB,21,25,10,4188.0,41880.0
2021092605000739,JBLB,4,47,10,4187.1,41871.0
2021092605000747,JBLB,22,35,10,4190.0,41900.0
2021092605000746,JBLB,22,58,10,4190.0,41900.0
2021092605000745,JBLB,59,58,10,4190.0,41900.0
2021092605000755,JBLB,25,49,5,4200.0,21000.0
2021092605000750,JBLB,22,33,10,4190.0,41900.0
2021092605000767,JBLB,21,57,10,4190.0,41900.0
2021092605000777,JBLB,42,49,10,4189.0,41890.0
2021092605000794,JBLB,49,49,10,4190.0,41900.0
2021092605000792,JBLB,49,42,10,4190.0,41900.0
2021092605000790,JBLB,6,58,10,4189.0,41890.0
2021092605000812,JBLB,48,49,10,4190.0,41900.0
2021092605000823,JBLB,39,29,10,4191.0,41910.0
2021092605000817,JBLB,39,21,10,4192.0,41920.0
2021092605000815,JBLB,54,58,10,4190.0,41900.0
2021092605000835,JBLB,3,47,10,4190.0,41900.0
2021092605000840,JBLB,22,18,10,4189.1,41891.0
2021092605000838,JBLB,39,59,10,4190.0,41900.0
2021092605000853,JBLB,37,58,10,4191.0,41910.0
2021092605000850,JBLB,37,21,10,4191.0,41910.0
2021092605000849,JBLB,37,21,10,4191.0,41910.0
2021092605000848,JBLB,37,58,10,4190.0,41900.0
2021092605000859,JBLB,16,59,10,4191.0,41910.0
2021092605000856,JBLB,21,21,10,4188.0,41880.0
2021092605000862,JBLB,55,56,10,4186.0,41860.0
2021092605000861,JBLB,21,47,10,4188.0,41880.0
2021092605000874,JBLB,29,21,10,4191.0,41910.0
2021092605000872,JBLB,17,45,10,4187.0,41870.0
2021092605000895,JBLB,45,22,10,4191.0,41910.0
2021092605000909,JBLB,28,57,10,4190.0,41900.0
2021092605000913,JBLB,35,47,10,4191.0,41910.0
2021092605000922,JBLB,35,21,10,4191.0,41910.0
2021092605000921,JBLB,35,8,10,4191.0,41910.0
2021092605000946,JBLB,45,47,10,4192.0,41920.0
2021092605000960,JBLB,35,29,20,4191.0,83820.0
2021092605000965,JBLB,53,34,10,4191.0,41910.0
2021092605000964,JBLB,32,46,10,4194.0,41940.0
2021092605000961,JBLB,53,29,10,4191.0,41910.0
2021092605000975,JBLB,32,35,10,4195.0,41950.0
2021092605000973,JBLB,54,49,10,4192.0,41920.0
2021092605000979,JBLB,53,57,10,4191.0,41910.0
2021092605000991,JBLB,33,41,10,4186.0,41860.0
2021092605000997,JBLB,33,21,10,4186.0,41860.0
2021092605001014,JBLB,33,16,80,4186.0,334880.0
2021092605001025,JBLB,33,51,50,4185.0,209250.0
2021092605001024,JBLB,7,51,30,4185.0,125550.0
2021092605001022,JBLB,7,48,70,4185.0,292950.0
2021092605001021,JBLB,17,48,20,4185.0,83700.0
2021092605001020,JBLB,55,48,10,4185.0,41850.0
2021092605001031,JBLB,6,51,100,4183.0,418300.0
2021092605001030,JBLB,7,51,20,4183.1,83662.0
2021092605001029,JBLB,50,51,10,4185.0,41850.0
2021092605001028,JBLB,43,51,10,4185.0,41850.0
2021092605001027,JBLB,42,51,20,4185.0,83700.0
2021092605001026,JBLB,38,51,10,4185.0,41850.0
2021092605001035,JBLB,35,11,10,4182.0,41820.0
2021092605001042,JBLB,40,51,25,4183.0,104575.0
2021092605001050,JBLB,49,58,10,4182.0,41820.0
2021092605001064,JBLB,49,34,10,4182.0,41820.0
2021092605001075,JBLB,38,17,10,4180.1,41801.0
2021092605001074,JBLB,33,17,20,4181.0,83620.0
2021092605001082,JBLB,53,21,10,4182.0,41820.0
2021092605001079,JBLB,14,17,10,4180.0,41800.0
2021092605001078,JBLB,17,17,10,4180.0,41800.0
2021092605001077,JBLB,59,17,15,4180.0,62700.0
2021092605001076,JBLB,53,17,35,4180.0,146300.0
2021092605001084,JBLB,53,51,10,4183.0,41830.0
2021092605001083,JBLB,53,58,10,4182.0,41820.0
2021092605001097,JBLB,22,58,10,4181.0,41810.0
2021092605001093,JBLB,14,41,10,4180.0,41800.0
2021092605001108,JBLB,58,41,10,4180.0,41800.0
2021092605001103,JBLB,14,49,10,4180.0,41800.0
2021092605001114,JBLB,10,51,40,4180.0,167200.0
2021092605001113,JBLB,13,51,10,4180.0,41800.0
2021092605001112,JBLB,45,51,10,4180.0,41800.0
2021092605001111,JBLB,44,51,10,4180.0,41800.0
2021092605001110,JBLB,58,51,10,4180.0,41800.0
2021092605001130,JBLB,57,49,10,4175.0,41750.0
2021092605001138,JBLB,33,6,10,4175.0,41750.0
2021092605001131,JBLB,33,47,10,4175.0,41750.0
2021092605001146,JBLB,33,17,80,4175.0,334000.0
2021092605001154,JBLB,22,17,10,4168.0,41680.0
2021092605001148,JBLB,55,47,10,4167.0,41670.0
2021092605000972,MKLB,33,41,10,1448.9,14489.0
2021092605001162,SLI,40,32,10,590.2,5902.0
2021092605001160,SLI,28,36,10,590.3,5903.0
2021092605001159,SLI,19,58,10,591.0,5910.0
2021092605001156,SLI,21,45,10,591.0,5910.0
2021092605000663,SLI,25,38,10,596.5,5965.0
2021092605000669,SLI,25,38,10,596.5,5965.0
2021092605000668,SLI,52,57,10,597.0,5970.0
2021092605000679,SLI,45,14,10,596.0,5960.0
2021092605000676,SLI,40,42,10,596.5,5965.0
2021092605000685,SLI,35,21,10,597.0,5970.0
2021092605000684,SLI,35,21,10,596.5,5965.0
2021092605000683,SLI,45,42,30,596.0,17880.0
2021092605000682,SLI,45,58,10,596.0,5960.0
2021092605000693,SLI,45,58,10,596.0,5960.0
2021092605000692,SLI,45,49,10,596.0,5960.0
2021092605000691,SLI,38,45,10,596.1,5961.0
2021092605000690,SLI,41,35,10,597.0,5970.0
2021092605000687,SLI,45,41,10,596.0,5960.0
2021092605000702,SLI,45,58,10,596.0,5960.0
2021092605000701,SLI,45,45,10,596.0,5960.0
2021092605000698,SLI,45,49,10,596.0,5960.0
2021092605000697,SLI,36,40,10,597.0,5970.0
2021092605000695,SLI,36,57,10,597.0,5970.0
2021092605000713,SLI,45,17,10,596.0,5960.0
2021092605000712,SLI,45,49,10,596.0,5960.0
2021092605000709,SLI,45,56,10,596.0,5960.0
2021092605000705,SLI,45,49,10,596.0,5960.0
2021092605000724,SLI,42,58,10,596.5,5965.0
2021092605000721,SLI,42,58,10,596.5,5965.0
2021092605000718,SLI,45,38,10,596.0,5960.0
2021092605000717,SLI,45,38,10,596.0,5960.0
2021092605000734,SLI,42,41,10,596.5,5965.0
2021092605000732,SLI,42,6,10,596.5,5965.0
2021092605000731,SLI,42,55,10,596.5,5965.0
2021092605000728,SLI,42,21,10,596.5,5965.0
2021092605000743,SLI,1,38,10,597.0,5970.0
2021092605000742,SLI,42,52,10,596.5,5965.0
2021092605000737,SLI,42,57,10,596.5,5965.0
2021092605000735,SLI,42,52,10,596.5,5965.0
2021092605000749,SLI,45,38,10,596.0,5960.0
2021092605000748,SLI,45,4,10,596.0,5960.0
2021092605000744,SLI,42,7,10,596.5,5965.0
2021092605000757,SLI,51,38,10,596.1,5961.0
2021092605000754,SLI,51,38,10,596.1,5961.0
2021092605000753,SLI,1,6,10,597.0,5970.0
2021092605000751,SLI,45,36,10,597.0,5970.0
2021092605000763,SLI,45,17,10,596.0,5960.0
2021092605000762,SLI,51,56,10,596.1,5961.0
2021092605000761,SLI,51,50,10,596.1,5961.0
2021092605000759,SLI,38,58,10,598.0,5980.0
2021092605000758,SLI,38,38,10,598.0,5980.0
2021092605000778,SLI,47,58,10,597.0,5970.0
2021092605000775,SLI,47,51,10,597.0,5970.0
2021092605000774,SLI,47,16,10,597.0,5970.0
2021092605000770,SLI,47,41,10,597.0,5970.0
2021092605000768,SLI,47,5,10,597.0,5970.0
2021092605000797,SLI,47,8,10,597.0,5970.0
2021092605000793,SLI,47,34,10,597.0,5970.0
2021092605000789,SLI,47,56,10,597.0,5970.0
2021092605000813,SLI,42,8,10,596.2,5962.0
2021092605000807,SLI,42,8,10,596.2,5962.0
2021092605000804,SLI,10,26,10,597.0,5970.0
2021092605000802,SLI,47,32,10,597.0,5970.0
2021092605000798,SLI,47,58,10,597.0,5970.0
2021092605000821,SLI,42,11,10,596.2,5962.0
2021092605000819,SLI,42,53,10,596.2,5962.0
2021092605000818,SLI,42,34,10,596.2,5962.0
2021092605000829,SLI,13,25,100,596.0,59600.0
2021092605000828,SLI,4,25,10,596.0,5960.0
2021092605000827,SLI,45,25,100,596.0,59600.0
2021092605000826,SLI,42,25,30,596.2,17886.0
2021092605000825,SLI,42,11,10,596.2,5962.0
2021092605000824,SLI,42,57,10,596.2,5962.0
2021092605000834,SLI,7,25,40,596.0,23840.0
2021092605000833,SLI,44,25,100,596.0,59600.0
2021092605000832,SLI,21,25,20,596.0,11920.0
2021092605000831,SLI,42,25,50,596.0,29800.0
2021092605000830,SLI,13,25,100,596.0,59600.0
2021092605000845,SLI,58,58,10,595.0,5950.0
2021092605000844,SLI,58,34,10,595.0,5950.0
2021092605000843,SLI,58,57,10,595.0,5950.0
2021092605000836,SLI,58,57,10,595.0,5950.0
2021092605000847,SLI,58,58,10,595.0,5950.0
2021092605000846,SLI,34,25,200,596.0,119200.0
2021092605000858,SLI,58,56,10,595.0,5950.0
2021092605000857,SLI,58,58,10,595.0,5950.0
2021092605000855,SLI,58,45,10,595.0,5950.0
2021092605000854,SLI,58,34,10,595.0,5950.0
2021092605000869,SLI,58,56,10,595.0,5950.0
2021092605000867,SLI,58,36,10,595.0,5950.0
2021092605000865,SLI,58,49,10,595.0,5950.0
2021092605000864,SLI,58,35,10,595.0,5950.0
2021092605000885,SLI,58,38,10,595.0,5950.0
2021092605000881,SLI,8,25,100,596.0,59600.0
2021092605000880,SLI,1,25,30,596.0,17880.0
2021092605000873,SLI,58,13,10,595.0,5950.0
2021092605000906,SLI,21,58,10,595.5,5955.0
2021092605000904,SLI,21,32,10,595.5,5955.0
2021092605000894,SLI,21,32,10,595.5,5955.0
2021092605000887,SLI,58,38,10,595.0,5950.0
2021092605000886,SLI,58,38,10,595.0,5950.0
2021092605000912,SLI,58,21,10,595.0,5950.0
2021092605000911,SLI,58,25,50,595.0,29750.0
2021092605000910,SLI,21,25,50,595.5,29775.0
2021092605000908,SLI,21,21,10,595.5,5955.0
2021092605000907,SLI,21,52,10,595.5,5955.0
2021092605000919,SLI,58,34,10,595.0,5950.0
2021092605000918,SLI,58,21,170,595.0,101150.0
2021092605000917,SLI,58,21,230,595.0,136850.0
2021092605000916,SLI,58,51,10,595.0,5950.0
2021092605000915,SLI,58,58,10,595.0,5950.0
2021092605000926,SLI,55,58,10,595.1,5951.0
2021092605000925,SLI,55,35,10,595.1,5951.0
2021092605000924,SLI,55,42,10,595.1,5951.0
2021092605000923,SLI,55,22,10,595.1,5951.0
2021092605000934,SLI,58,37,10,595.0,5950.0
2021092605000932,SLI,58,57,10,595.0,5950.0
2021092605000931,SLI,58,35,10,595.0,5950.0
2021092605000929,SLI,32,25,10,596.0,5960.0
2021092605000928,SLI,7,25,490,596.0,292040.0
2021092605000927,SLI,7,49,10,595.5,5955.0
2021092605000941,SLI,55,4,50,595.0,29750.0
2021092605000940,SLI,52,4,30,595.0,17850.0
2021092605000939,SLI,58,4,500,595.0,297500.0
2021092605000938,SLI,58,4,270,595.0,160650.0
2021092605000937,SLI,58,58,10,595.0,5950.0
2021092605000936,SLI,58,32,10,595.0,5950.0
2021092605000949,SLI,46,42,10,595.0,5950.0
2021092605000945,SLI,46,4,164,595.0,97580.0
2021092605000944,SLI,47,4,10,595.0,5950.0
2021092605000943,SLI,54,4,10,595.0,5950.0
2021092605000942,SLI,57,4,40,595.0,23800.0
2021092605000954,SLI,34,6,10,595.0,5950.0
2021092605000953,SLI,14,38,10,595.0,5950.0
2021092605000952,SLI,46,34,10,595.0,5950.0
2021092605000951,SLI,43,25,20,596.0,11920.0
2021092605000950,SLI,46,13,10,595.0,5950.0
2021092605000968,SLI,29,38,10,594.1,5941.0
2021092605000963,SLI,22,32,10,595.0,5950.0
2021092605000962,SLI,29,38,10,594.1,5941.0
2021092605000978,SLI,58,21,10,595.0,5950.0
2021092605000977,SLI,58,52,10,595.0,5950.0
2021092605000976,SLI,58,22,10,595.0,5950.0
2021092605000969,SLI,29,47,10,594.1,5941.0
2021092605000984,SLI,58,35,10,595.0,5950.0
2021092605000983,SLI,58,38,10,595.0,5950.0
2021092605000982,SLI,58,38,10,595.0,5950.0
2021092605000981,SLI,58,58,10,595.0,5950.0
2021092605000980,SLI,58,48,10,595.0,5950.0
2021092605000992,SLI,46,58,10,595.0,5950.0
2021092605000990,SLI,1,39,10,594.1,5941.0
2021092605000989,SLI,45,17,10,595.0,5950.0
2021092605000988,SLI,45,17,10,595.0,5950.0
2021092605000985,SLI,58,18,10,595.0,5950.0
2021092605001001,SLI,58,35,10,595.0,5950.0
2021092605001000,SLI,58,36,10,595.0,5950.0
2021092605000998,SLI,58,14,10,594.0,5940.0
2021092605000995,SLI,1,8,10,594.1,5941.0
2021092605000994,SLI,1,51,10,594.1,5941.0
2021092605001009,SLI,45,48,10,594.0,5940.0
2021092605001008,SLI,45,38,10,594.0,5940.0
2021092605001005,SLI,58,25,25,596.0,14900.0
2021092605001004,SLI,58,44,10,595.1,5951.0
2021092605001003,SLI,58,55,10,595.0,5950.0
2021092605001002,SLI,58,49,10,595.0,5950.0
2021092605001019,SLI,45,34,10,594.0,5940.0
2021092605001018,SLI,45,58,10,594.0,5940.0
2021092605001012,SLI,45,47,10,594.0,5940.0
2021092605001011,SLI,45,38,10,594.0,5940.0
2021092605001010,SLI,45,57,10,594.0,5940.0
2021092605001023,SLI,45,28,10,594.0,5940.0
2021092605001038,SLI,45,57,10,594.0,5940.0
2021092605001037,SLI,45,28,10,594.0,5940.0
2021092605001034,SLI,45,55,10,594.0,5940.0
2021092605001033,SLI,45,28,10,594.0,5940.0
2021092605001032,SLI,45,58,10,594.0,5940.0
2021092605001046,SLI,38,42,10,595.0,5950.0
2021092605001045,SLI,38,42,10,595.0,5950.0
2021092605001044,SLI,38,49,10,595.0,5950.0
