Transact. No.,Symbol,Buyer,Seller,Quantity,Rate,Amount
2021092305003447,JBLB,41,32,10,4265.0,42650.0
2021092305003446,JBLB,41,32,20,4265.0,85300.0
2021092305002975,JBLB,36,59,10,4285.0,42850.0
2021092305002982,JBLB,39,34,10,4290.0,42900.0
2021092305002981,JBLB,42,28,70,4300.0,301000.0
2021092305002980,JBLB,42,48,10,4299.0,42990.0
2021092305002979,JBLB,42,36,10,4299.0,42990.0
2021092305002978,JBLB,42,6,110,4298.0,472780.0
2021092305002989,JBLB,42,45,20,4276.0,85520.0
2021092305003007,JBLB,26,28,10,4300.0,43000.0
2021092305003006,JBLB,34,28,10,4300.0,43000.0
2021092305003002,JBLB,40,42,10,4297.0,42970.0
2021092305003023,JBLB,32,46,10,4295.0,42950.0
2021092305003020,JBLB,46,53,10,4297.0,42970.0
2021092305003019,JBLB,17,28,10,4300.0,43000.0
2021092305003035,JBLB,50,34,10,4290.0,42900.0
2021092305003033,JBLB,50,51,10,4290.0,42900.0
2021092305003027,JBLB,52,28,30,4300.0,129000.0
2021092305003048,JBLB,56,28,50,4276.0,213800.0
2021092305003047,JBLB,16,28,50,4276.0,213800.0
2021092305003046,JBLB,33,28,10,4278.0,42780.0
2021092305003051,JBLB,47,28,10,4276.0,42760.0
2021092305003064,JBLB,57,28,50,4270.1,213505.0
2021092305003063,JBLB,17,28,10,4271.0,42710.0
2021092305003062,JBLB,39,28,10,4271.0,42710.0
2021092305003061,JBLB,36,28,10,4272.0,42720.0
2021092305003069,JBLB,57,28,20,4270.0,85400.0
2021092305003067,JBLB,50,28,20,4270.0,85400.0
2021092305003066,JBLB,51,28,50,4270.0,213500.0
2021092305003065,JBLB,21,28,10,4270.0,42700.0
2021092305003074,JBLB,11,28,20,4270.0,85400.0
2021092305003073,JBLB,36,46,10,4265.0,42650.0
2021092305003090,JBLB,26,42,10,4265.0,42650.0
2021092305003089,JBLB,36,42,10,4265.0,42650.0
2021092305003088,JBLB,56,42,10,4270.0,42700.0
2021092305003087,JBLB,57,42,30,4270.2,128106.0
2021092305003094,JBLB,38,42,10,4265.0,42650.0
2021092305003091,JBLB,42,42,10,4265.0,42650.0
2021092305003102,JBLB,3,42,20,4265.0,85300.0
2021092305003112,JBLB,33,57,20,4260.0,85200.0
2021092305003109,JBLB,21,42,10,4265.0,42650.0
2021092305003118,JBLB,47,14,10,4253.2,42532.0
2021092305003117,JBLB,36,14,10,4254.0,42540.0
2021092305003116,JBLB,36,14,10,4255.0,42550.0
2021092305003113,JBLB,48,57,10,4260.0,42600.0
2021092305003124,JBLB,26,41,10,4251.0,42510.0
2021092305003120,JBLB,19,14,20,4251.0,85020.0
2021092305003119,JBLB,56,14,50,4251.1,212555.0
2021092305003138,JBLB,14,42,10,4250.0,42500.0
2021092305003137,JBLB,13,42,10,4250.0,42500.0
2021092305003136,JBLB,48,42,10,4250.0,42500.0
2021092305003135,JBLB,44,42,10,4250.0,42500.0
2021092305003134,JBLB,26,13,10,4251.0,42510.0
2021092305003146,JBLB,18,45,10,4265.0,42650.0
2021092305003139,JBLB,4,42,150,4248.3,637245.0
2021092305003154,JBLB,57,38,10,4245.0,42450.0
2021092305003153,JBLB,26,38,10,4245.0,42450.0
2021092305003152,JBLB,36,26,10,4244.5,42445.0
2021092305003151,JBLB,45,38,50,4245.0,212250.0
2021092305003150,JBLB,58,38,10,4245.0,42450.0
2021092305003149,JBLB,4,38,50,4248.3,212415.0
2021092305003160,JBLB,13,38,10,4240.0,42400.0
2021092305003159,JBLB,29,38,50,4242.0,212100.0
2021092305003158,JBLB,46,38,20,4243.0,84860.0
2021092305003157,JBLB,36,38,10,4244.0,42440.0
2021092305003156,JBLB,57,38,10,4245.0,42450.0
2021092305003165,JBLB,16,26,10,4246.0,42460.0
2021092305003169,JBLB,16,21,10,4246.0,42460.0
2021092305003198,JBLB,56,16,10,4260.0,42600.0
2021092305003195,JBLB,59,42,10,4260.0,42600.0
2021092305003205,JBLB,33,28,20,4245.0,84900.0
2021092305003204,JBLB,47,28,10,4245.0,42450.0
2021092305003203,JBLB,16,28,20,4246.0,84920.0
2021092305003202,JBLB,36,28,10,4247.0,42470.0
2021092305003214,JBLB,21,28,20,4241.0,84820.0
2021092305003207,JBLB,26,28,10,4241.0,42410.0
2021092305003206,JBLB,50,28,10,4245.0,42450.0
2021092305003228,JBLB,13,45,10,4240.0,42400.0
2021092305003237,JBLB,59,17,10,4238.6,42386.0
2021092305003230,JBLB,40,57,10,4240.0,42400.0
2021092305003246,JBLB,48,45,10,4240.0,42400.0
2021092305003243,JBLB,34,45,10,4239.0,42390.0
2021092305003241,JBLB,18,58,10,4240.0,42400.0
2021092305003251,JBLB,21,56,10,4239.0,42390.0
2021092305003247,JBLB,32,56,30,4239.0,127170.0
2021092305003266,JBLB,13,57,10,4240.0,42400.0
2021092305003265,JBLB,21,51,10,4240.0,42400.0
2021092305003264,JBLB,21,51,10,4240.0,42400.0
2021092305003263,JBLB,21,58,10,4239.0,42390.0
2021092305003290,JBLB,47,58,10,4240.1,42401.0
2021092305003289,JBLB,26,36,10,4241.0,42410.0
2021092305003282,JBLB,41,54,10,4240.0,42400.0
2021092305003306,JBLB,28,45,10,4242.0,42420.0
2021092305003302,JBLB,28,45,10,4242.0,42420.0
2021092305003300,JBLB,36,45,10,4241.0,42410.0
2021092305003309,JBLB,54,16,10,4245.0,42450.0
2021092305003308,JBLB,54,25,10,4245.0,42450.0
2021092305003316,JBLB,54,45,10,4246.0,42460.0
2021092305003324,JBLB,36,45,10,4246.0,42460.0
2021092305003332,JBLB,4,38,10,4250.0,42500.0
2021092305003327,JBLB,4,40,10,4250.0,42500.0
2021092305003359,JBLB,58,41,10,4250.0,42500.0
2021092305003358,JBLB,56,11,10,4255.0,42550.0
2021092305003357,JBLB,53,56,10,4246.0,42460.0
2021092305003356,JBLB,36,56,10,4247.0,42470.0
2021092305003355,JBLB,50,56,20,4247.0,84940.0
2021092305003354,JBLB,6,56,10,4250.0,42500.0
2021092305003367,JBLB,56,56,10,4289.0,42890.0
2021092305003366,JBLB,56,51,10,4289.0,42890.0
2021092305003365,JBLB,58,45,10,4250.0,42500.0
2021092305003364,JBLB,58,38,10,4250.0,42500.0
2021092305003363,JBLB,57,13,10,4255.0,42550.0
2021092305003369,JBLB,53,58,10,4251.0,42510.0
2021092305003377,JBLB,56,56,10,4289.0,42890.0
2021092305003389,JBLB,56,7,10,4290.0,42900.0
2021092305003388,JBLB,56,54,10,4288.0,42880.0
2021092305003386,JBLB,56,4,10,4270.0,42700.0
2021092305003391,JBLB,45,8,10,4270.0,42700.0
2021092305003390,JBLB,56,52,10,4290.0,42900.0
2021092305003407,JBLB,32,21,10,4270.0,42700.0
2021092305003402,JBLB,16,32,25,4290.0,107250.0
2021092305003413,JBLB,32,49,10,4270.0,42700.0
2021092305003427,JBLB,45,54,10,4270.0,42700.0
2021092305003426,JBLB,32,54,40,4270.0,170800.0
2021092305003425,JBLB,39,54,25,4290.0,107250.0
2021092305003421,JBLB,39,32,25,4290.0,107250.0
2021092305003444,JBLB,58,42,10,4265.0,42650.0
2021092305003443,JBLB,58,32,10,4265.0,42650.0
2021092305003440,JBLB,29,58,10,4265.0,42650.0
2021092305003459,SLI,57,49,10,612.0,6120.0
2021092305003456,SLI,57,42,10,612.0,6120.0
2021092305003455,SLI,58,38,10,614.0,6140.0
2021092305003452,SLI,57,58,10,612.0,6120.0
2021092305002976,SLI,50,20,10,612.0,6120.0
2021092305002962,SLI,50,58,10,612.0,6120.0
2021092305002961,SLI,16,45,10,614.0,6140.0
2021092305002977,SLI,16,3,10,613.0,6130.0
2021092305002991,SLI,55,45,10,614.0,6140.0
2021092305002988,SLI,44,47,10,613.0,6130.0
2021092305002986,SLI,44,58,10,613.0,6130.0
2021092305002985,SLI,44,7,10,613.0,6130.0
2021092305002984,SLI,44,16,10,613.0,6130.0
2021092305002997,SLI,55,41,10,615.0,6150.0
2021092305002996,SLI,55,6,10,615.0,6150.0
2021092305002995,SLI,55,42,10,615.0,6150.0
2021092305002994,SLI,55,56,30,615.0,18450.0
2021092305002993,SLI,55,17,10,615.0,6150.0
2021092305002992,SLI,55,17,10,615.0,6150.0
2021092305003001,SLI,44,32,10,613.0,6130.0
2021092305002999,SLI,44,56,10,613.0,6130.0
2021092305002998,SLI,55,58,10,615.0,6150.0
2021092305003015,SLI,48,58,10,613.1,6131.0
2021092305003014,SLI,42,7,10,614.5,6145.0
2021092305003013,SLI,44,19,10,613.0,6130.0
2021092305003012,SLI,44,58,10,613.0,6130.0
2021092305003011,SLI,44,21,10,613.0,6130.0
2021092305003010,SLI,38,58,10,614.0,6140.0
2021092305003025,SLI,58,58,10,613.5,6135.0
2021092305003024,SLI,48,59,10,613.1,6131.0
2021092305003017,SLI,48,47,10,613.1,6131.0
2021092305003034,SLI,58,21,10,613.5,6135.0
2021092305003032,SLI,58,6,10,613.5,6135.0
2021092305003030,SLI,58,58,10,613.5,6135.0
2021092305003041,SLI,48,16,10,613.1,6131.0
2021092305003040,SLI,58,58,10,614.0,6140.0
2021092305003039,SLI,58,16,10,614.0,6140.0
2021092305003038,SLI,58,33,10,614.0,6140.0
2021092305003037,SLI,58,58,10,614.0,6140.0
2021092305003036,SLI,58,41,10,613.5,6135.0
2021092305003049,SLI,38,16,10,614.5,6145.0
2021092305003044,SLI,44,21,10,613.0,6130.0
2021092305003042,SLI,7,58,10,613.5,6135.0
2021092305003056,SLI,50,38,10,613.0,6130.0
2021092305003055,SLI,38,58,10,614.5,6145.0
2021092305003054,SLI,38,35,10,614.5,6145.0
2021092305003052,SLI,38,38,10,614.5,6145.0
2021092305003050,SLI,38,45,10,614.5,6145.0
2021092305003060,SLI,35,35,10,613.0,6130.0
2021092305003058,SLI,50,38,10,613.0,6130.0
2021092305003070,SLI,35,6,10,613.0,6130.0
2021092305003068,SLI,35,33,10,613.0,6130.0
2021092305003078,SLI,49,34,70,613.0,42910.0
2021092305003077,SLI,35,34,10,613.0,6130.0
2021092305003076,SLI,57,34,70,613.1,42917.0
2021092305003071,SLI,35,35,10,613.0,6130.0
2021092305003084,SLI,44,51,50,615.0,30750.0
2021092305003083,SLI,44,49,10,615.0,6150.0
2021092305003082,SLI,44,58,10,615.0,6150.0
2021092305003081,SLI,44,8,10,615.0,6150.0
2021092305003080,SLI,44,8,10,615.0,6150.0
2021092305003079,SLI,44,57,10,614.5,6145.0
2021092305003086,SLI,57,6,10,614.5,6145.0
2021092305003085,SLI,49,38,10,613.0,6130.0
2021092305003096,SLI,49,34,10,613.0,6130.0
2021092305003095,SLI,49,57,10,613.0,6130.0
2021092305003093,SLI,49,38,10,613.0,6130.0
2021092305003092,SLI,49,21,10,613.0,6130.0
2021092305003105,SLI,50,51,30,615.0,18450.0
2021092305003100,SLI,53,41,10,614.0,6140.0
2021092305003099,SLI,53,34,10,614.0,6140.0
2021092305003098,SLI,33,51,20,615.0,12300.0
2021092305003097,SLI,33,45,10,614.0,6140.0
2021092305003111,SLI,53,39,10,614.0,6140.0
2021092305003108,SLI,53,58,10,614.0,6140.0
2021092305003107,SLI,53,32,10,614.0,6140.0
2021092305003106,SLI,53,58,10,614.0,6140.0
2021092305003115,SLI,53,20,75,614.0,46050.0
2021092305003114,SLI,53,32,10,614.0,6140.0
2021092305003125,SLI,53,58,10,614.0,6140.0
2021092305003123,SLI,53,32,10,614.0,6140.0
2021092305003122,SLI,53,58,10,614.0,6140.0
2021092305003132,SLI,21,38,10,615.0,6150.0
2021092305003131,SLI,21,49,10,614.5,6145.0
2021092305003130,SLI,53,32,10,614.0,6140.0
2021092305003129,SLI,53,49,10,614.0,6140.0
2021092305003127,SLI,53,58,10,614.0,6140.0
2021092305003126,SLI,53,41,10,614.0,6140.0
2021092305003133,SLI,53,49,10,614.0,6140.0
2021092305003145,SLI,50,58,10,614.0,6140.0
2021092305003144,SLI,42,22,10,615.0,6150.0
2021092305003143,SLI,53,34,10,614.0,6140.0
2021092305003140,SLI,53,48,10,614.0,6140.0
2021092305003155,SLI,46,32,10,613.2,6132.0
2021092305003167,SLI,19,54,10,614.0,6140.0
2021092305003166,SLI,45,50,10,614.0,6140.0
2021092305003163,SLI,45,4,10,614.0,6140.0
2021092305003162,SLI,45,45,10,614.0,6140.0
2021092305003161,SLI,46,5,10,613.2,6132.0
2021092305003174,SLI,53,57,10,615.0,6150.0
2021092305003173,SLI,53,42,10,615.0,6150.0
2021092305003172,SLI,53,14,10,615.0,6150.0
2021092305003171,SLI,53,58,10,614.0,6140.0
2021092305003170,SLI,53,54,10,614.0,6140.0
2021092305003186,SLI,58,26,10,614.0,6140.0
2021092305003185,SLI,57,45,10,614.0,6140.0
2021092305003184,SLI,57,58,10,614.0,6140.0
2021092305003181,SLI,57,45,10,614.0,6140.0
2021092305003180,SLI,57,45,10,614.0,6140.0
2021092305003176,SLI,57,58,10,614.0,6140.0
2021092305003192,SLI,34,34,10,615.0,6150.0
2021092305003191,SLI,34,21,10,615.0,6150.0
2021092305003190,SLI,58,26,10,614.0,6140.0
2021092305003189,SLI,58,56,10,614.0,6140.0
2021092305003188,SLI,58,42,10,614.0,6140.0
2021092305003187,SLI,58,35,10,614.0,6140.0
2021092305003197,SLI,58,26,10,614.0,6140.0
2021092305003196,SLI,58,25,10,614.0,6140.0
2021092305003194,SLI,34,57,10,615.0,6150.0
2021092305003193,SLI,34,42,10,615.0,6150.0
2021092305003201,SLI,49,38,10,615.0,6150.0
2021092305003199,SLI,58,40,10,614.0,6140.0
2021092305003215,SLI,58,1,10,614.0,6140.0
2021092305003213,SLI,58,26,10,614.0,6140.0
2021092305003209,SLI,49,45,10,615.0,6150.0
2021092305003221,SLI,49,7,10,616.0,6160.0
2021092305003220,SLI,49,45,10,616.0,6160.0
2021092305003219,SLI,49,22,30,616.0,18480.0
2021092305003218,SLI,49,45,10,616.0,6160.0
2021092305003217,SLI,49,16,10,615.0,6150.0
2021092305003216,SLI,42,45,10,614.0,6140.0
2021092305003229,SLI,57,45,10,614.0,6140.0
2021092305003226,SLI,57,49,10,614.0,6140.0
2021092305003225,SLI,57,38,10,614.0,6140.0
2021092305003223,SLI,57,26,10,614.0,6140.0
2021092305003222,SLI,49,56,10,616.0,6160.0
2021092305003236,SLI,58,55,10,614.1,6141.0
2021092305003233,SLI,58,47,10,614.0,6140.0
2021092305003232,SLI,26,56,10,616.0,6160.0
2021092305003231,SLI,57,10,10,614.0,6140.0
2021092305003245,SLI,48,45,10,614.0,6140.0
2021092305003244,SLI,58,34,10,614.1,6141.0
2021092305003239,SLI,58,45,10,614.1,6141.0
2021092305003253,SLI,55,37,10,614.1,6141.0
2021092305003252,SLI,55,45,10,614.1,6141.0
2021092305003250,SLI,55,55,10,614.1,6141.0
2021092305003248,SLI,58,48,10,613.3,6133.0
2021092305003259,SLI,47,34,10,614.0,6140.0
2021092305003258,SLI,47,17,10,614.0,6140.0
2021092305003257,SLI,47,57,10,614.0,6140.0
2021092305003256,SLI,47,42,10,614.0,6140.0
2021092305003255,SLI,55,45,10,614.1,6141.0
2021092305003254,SLI,55,42,10,614.1,6141.0
2021092305003267,SLI,58,29,90,613.3,55197.0
2021092305003262,SLI,47,38,10,614.0,6140.0
2021092305003274,SLI,45,32,10,616.0,6160.0
2021092305003273,SLI,45,55,10,615.0,6150.0
2021092305003272,SLI,45,45,10,614.1,6141.0
2021092305003271,SLI,54,58,10,613.1,6131.0
2021092305003270,SLI,57,53,10,614.1,6141.0
2021092305003268,SLI,54,29,140,613.1,85834.0
2021092305003280,SLI,45,21,10,618.0,6180.0
2021092305003279,SLI,45,49,10,618.0,6180.0
2021092305003278,SLI,45,45,10,618.0,6180.0
2021092305003277,SLI,45,58,10,618.0,6180.0
2021092305003276,SLI,45,40,10,617.0,6170.0
2021092305003275,SLI,45,58,10,616.0,6160.0
2021092305003292,SLI,54,41,10,613.1,6131.0
2021092305003283,SLI,54,58,10,613.1,6131.0
2021092305003281,SLI,45,21,10,619.0,6190.0
2021092305003299,SLI,54,13,10,613.1,6131.0
2021092305003298,SLI,34,45,10,619.0,6190.0
2021092305003297,SLI,34,35,10,619.0,6190.0
2021092305003296,SLI,34,6,10,619.0,6190.0
2021092305003295,SLI,34,52,10,619.0,6190.0
2021092305003294,SLI,34,45,10,615.0,6150.0
2021092305003305,SLI,57,50,10,615.0,6150.0
2021092305003303,SLI,54,19,10,613.1,6131.0
2021092305003301,SLI,54,41,10,613.1,6131.0
2021092305003313,SLI,57,28,10,615.0,6150.0
2021092305003312,SLI,57,51,10,615.0,6150.0
2021092305003311,SLI,57,45,10,615.0,6150.0
2021092305003310,SLI,57,14,10,615.0,6150.0
2021092305003320,SLI,13,45,10,613.1,6131.0
2021092305003319,SLI,13,14,10,613.1,6131.0
2021092305003317,SLI,13,45,10,613.1,6131.0
2021092305003315,SLI,13,43,10,613.1,6131.0
2021092305003314,SLI,49,14,10,613.0,6130.0
2021092305003326,SLI,34,49,10,613.0,6130.0
2021092305003325,SLI,34,36,10,613.0,6130.0
2021092305003323,SLI,49,45,10,613.0,6130.0
2021092305003322,SLI,49,14,10,613.0,6130.0
2021092305003321,SLI,13,35,10,613.1,6131.0
2021092305003333,SLI,57,29,12,614.0,7368.0
2021092305003330,SLI,34,38,10,613.0,6130.0
2021092305003329,SLI,45,29,40,614.0,24560.0
2021092305003328,SLI,45,16,10,613.1,6131.0
2021092305003339,SLI,54,42,50,613.0,30650.0
2021092305003338,SLI,34,42,170,613.0,104210.0
2021092305003337,SLI,38,42,10,613.1,6131.0
2021092305003336,SLI,57,42,23,614.0,14122.0
2021092305003335,SLI,57,13,10,614.0,6140.0
2021092305003334,SLI,57,52,10,614.0,6140.0
2021092305003345,SLI,51,42,30,611.0,18330.0
2021092305003344,SLI,22,42,10,611.0,6110.0
2021092305003343,SLI,45,42,500,612.0,306000.0
2021092305003342,SLI,42,42,40,612.0,24480.0
2021092305003341,SLI,52,42,50,612.1,30605.0
2021092305003340,SLI,35,42,500,613.0,306500.0
2021092305003368,SLI,19,58,10,613.0,6130.0
2021092305003374,SLI,45,38,10,615.0,6150.0
2021092305003373,SLI,45,45,10,615.0,6150.0
2021092305003372,SLI,45,45,10,615.0,6150.0
2021092305003371,SLI,45,35,10,614.0,6140.0
2021092305003370,SLI,45,52,10,614.0,6140.0
2021092305003383,SLI,25,49,10,613.0,6130.0
2021092305003381,SLI,45,45,10,611.0,6110.0
2021092305003379,SLI,19,26,10,613.0,6130.0
2021092305003378,SLI,19,58,10,613.0,6130.0
2021092305003376,SLI,19,49,10,613.0,6130.0
2021092305003387,SLI,58,58,10,611.8,6118.0
2021092305003385,SLI,45,47,10,611.0,6110.0
2021092305003384,SLI,25,34,10,614.0,6140.0
2021092305003397,SLI,54,38,10,611.1,6111.0
2021092305003395,SLI,54,1,10,611.1,6111.0
2021092305003394,SLI,54,38,10,611.1,6111.0
2021092305003392,SLI,58,45,10,611.8,6118.0
2021092305003405,SLI,38,45,10,612.0,6120.0
2021092305003404,SLI,54,42,10,611.1,6111.0
2021092305003401,SLI,38,10,10,611.8,6118.0
2021092305003399,SLI,38,45,10,611.8,6118.0
2021092305003412,SLI,38,47,10,613.0,6130.0
2021092305003411,SLI,38,17,10,613.0,6130.0
2021092305003410,SLI,38,58,10,613.0,6130.0
2021092305003409,SLI,38,45,10,613.0,6130.0
2021092305003408,SLI,38,58,10,613.0,6130.0
2021092305003429,SLI,38,35,10,613.0,6130.0
2021092305003428,SLI,58,58,10,614.0,6140.0
2021092305003436,SLI,42,1,10,612.0,6120.0
2021092305003435,SLI,42,47,10,613.0,6130.0
2021092305003434,SLI,42,50,10,612.0,6120.0
2021092305003432,SLI,38,16,10,613.0,6130.0
2021092305003431,SLI,38,54,10,613.0,6130.0
2021092305003430,SLI,38,7,10,613.0,6130.0
2021092305003445,SLI,57,45,10,612.0,6120.0
2021092305003442,SLI,42,45,10,612.0,6120.0
2021092305003439,SLI,58,58,10,613.0,6130.0
2021092305003460,ULI,33,16,10,626.0,6260.0
2021092305003458,ULI,33,45,10,626.0,6260.0
2021092305003457,ULI,33,58,10,626.0,6260.0
2021092305003454,ULI,33,43,10,626.0,6260.0
2021092305003453,ULI,54,35,10,627.0,6270.0
2021092305003451,ULI,33,35,262,626.0,164012.0
2021092305002966,ULI,36,54,10,625.0,6250.0
2021092305002965,ULI,36,52,10,623.0,6230.0
2021092305002964,ULI,36,58,10,622.0,6220.0
2021092305002963,ULI,50,7,10,621.0,6210.0
2021092305002972,ULI,36,58,10,630.0,6300.0
2021092305002971,ULI,36,4,10,630.0,6300.0
2021092305002970,ULI,36,57,10,630.0,6300.0
2021092305002969,ULI,36,21,10,630.0,6300.0
2021092305002968,ULI,36,42,10,629.5,6295.0
2021092305002967,ULI,36,51,10,629.0,6290.0
2021092305003000,ULI,55,17,10,621.1,6211.0
2021092305002990,ULI,55,49,10,621.1,6211.0
2021092305002987,ULI,55,42,10,621.1,6211.0
2021092305002983,ULI,50,44,10,621.0,6210.0
2021092305002974,ULI,50,38,10,621.0,6210.0
2021092305002973,ULI,36,58,10,630.0,6300.0
2021092305003016,ULI,58,7,10,621.5,6215.0
2021092305003009,ULI,55,44,10,621.1,6211.0
2021092305003008,ULI,43,8,10,623.0,6230.0
2021092305003005,ULI,55,11,10,621.1,6211.0
2021092305003004,ULI,55,44,10,621.1,6211.0
2021092305003003,ULI,55,21,10,621.1,6211.0
2021092305003029,ULI,17,21,10,630.0,6300.0
2021092305003028,ULI,17,42,10,630.0,6300.0
2021092305003026,ULI,41,5,10,622.0,6220.0
2021092305003022,ULI,58,38,10,621.5,6215.0
2021092305003021,ULI,58,7,10,621.5,6215.0
2021092305003018,ULI,58,59,10,630.0,6300.0
2021092305003059,ULI,13,10,100,623.0,62300.0
2021092305003057,ULI,13,32,10,623.0,6230.0
2021092305003053,ULI,14,59,10,622.1,6221.0
2021092305003045,ULI,14,47,10,622.1,6221.0
2021092305003043,ULI,14,16,10,622.1,6221.0
2021092305003031,ULI,41,6,10,622.0,6220.0
2021092305003110,ULI,13,16,10,623.0,6230.0
2021092305003104,ULI,13,41,10,623.0,6230.0
2021092305003103,ULI,13,32,10,623.0,6230.0
2021092305003101,ULI,13,35,10,623.0,6230.0
2021092305003075,ULI,13,57,10,623.0,6230.0
2021092305003072,ULI,13,56,10,623.0,6230.0
2021092305003148,ULI,46,20,10,624.0,6240.0
2021092305003147,ULI,46,51,10,624.0,6240.0
2021092305003142,ULI,46,48,10,624.0,6240.0
2021092305003141,ULI,46,32,10,624.0,6240.0
2021092305003128,ULI,49,8,10,623.1,6231.0
2021092305003121,ULI,49,58,10,623.1,6231.0
2021092305003179,ULI,22,58,5,624.0,3120.0
2021092305003178,ULI,22,49,10,624.0,6240.0
2021092305003177,ULI,22,34,10,624.0,6240.0
2021092305003175,ULI,42,58,15,624.0,9360.0
2021092305003168,ULI,49,5,10,623.1,6231.0
2021092305003164,ULI,46,52,10,624.0,6240.0
2021092305003211,ULI,29,58,10,625.0,6250.0
2021092305003210,ULI,29,38,10,624.9,6249.0
2021092305003208,ULI,42,16,10,624.0,6240.0
2021092305003200,ULI,42,32,10,624.0,6240.0
2021092305003183,ULI,42,57,10,624.0,6240.0
2021092305003182,ULI,42,48,10,624.0,6240.0
2021092305003238,ULI,21,44,10,624.0,6240.0
2021092305003235,ULI,49,47,10,623.1,6231.0
2021092305003234,ULI,49,10,10,623.1,6231.0
2021092305003227,ULI,42,22,10,624.0,6240.0
2021092305003224,ULI,5,58,10,625.0,6250.0
2021092305003212,ULI,29,38,10,625.0,6250.0
2021092305003269,ULI,58,50,100,623.0,62300.0
2021092305003261,ULI,32,56,10,623.0,6230.0
2021092305003260,ULI,32,1,10,623.0,6230.0
2021092305003249,ULI,13,55,10,623.0,6230.0
2021092305003242,ULI,13,25,10,623.0,6230.0
2021092305003240,ULI,13,54,10,623.0,6230.0
2021092305003291,ULI,58,45,10,624.0,6240.0
2021092305003288,ULI,34,4,10,625.0,6250.0
2021092305003287,ULI,34,58,10,625.0,6250.0
2021092305003286,ULI,34,42,10,624.0,6240.0
2021092305003285,ULI,34,36,10,624.0,6240.0
2021092305003284,ULI,34,55,10,623.9,6239.0
2021092305003346,ULI,5,38,10,623.1,6231.0
2021092305003331,ULI,25,40,10,623.0,6230.0
2021092305003318,ULI,58,35,10,624.0,6240.0
2021092305003307,ULI,58,34,10,624.0,6240.0
2021092305003304,ULI,58,45,10,624.0,6240.0
2021092305003293,ULI,58,54,10,624.0,6240.0
2021092305003352,ULI,49,49,10,625.0,6250.0
2021092305003351,ULI,49,58,10,625.0,6250.0
2021092305003350,ULI,49,36,10,625.0,6250.0
2021092305003349,ULI,49,7,10,625.0,6250.0
2021092305003348,ULI,49,19,10,625.0,6250.0
2021092305003347,ULI,5,14,10,623.1,6231.0
2021092305003380,ULI,57,38,10,623.0,6230.0
2021092305003375,ULI,25,38,10,623.0,6230.0
2021092305003362,ULI,5,58,10,623.1,6231.0
2021092305003361,ULI,5,1,10,623.1,6231.0
2021092305003360,ULI,5,38,10,623.1,6231.0
2021092305003353,ULI,49,14,28,625.0,17500.0
2021092305003403,ULI,51,1,10,624.0,6240.0
2021092305003400,ULI,51,57,10,624.0,6240.0
2021092305003398,ULI,51,1,10,624.0,6240.0
2021092305003396,ULI,51,1,10,624.0,6240.0
2021092305003393,ULI,51,52,10,624.0,6240.0
2021092305003382,ULI,57,52,10,623.0,6230.0
2021092305003418,ULI,33,14,22,625.0,13750.0
2021092305003417,ULI,33,34,10,625.0,6250.0
2021092305003416,ULI,33,57,10,625.0,6250.0
2021092305003415,ULI,33,49,10,624.0,6240.0
2021092305003414,ULI,57,36,10,623.0,6230.0
2021092305003406,ULI,51,41,50,624.0,31200.0
2021092305003433,ULI,33,58,10,626.0,6260.0
2021092305003424,ULI,33,1,10,626.0,6260.0
2021092305003423,ULI,33,38,10,626.0,6260.0
2021092305003422,ULI,33,35,10,626.0,6260.0
2021092305003420,ULI,33,34,110,626.0,68860.0
2021092305003419,ULI,33,29,10,626.0,6260.0
2021092305003450,ULI,33,35,238,626.0,148988.0
2021092305003449,ULI,33,11,10,626.0,6260.0
2021092305003448,ULI,33,26,10,626.0,6260.0
2021092305003441,ULI,33,16,10,626.0,6260.0
2021092305003438,ULI,33,54,10,626.0,6260.0
2021092305003437,ULI,33,58,10,626.0,6260.0
2021092305002956,JBLB,52,58,10,4290.0,42900.0
2021092305002952,JBLB,38,6,10,4298.0,42980.0
2021092305002466,JBLB,7,14,10,4323.0,43230.0
2021092305002479,JBLB,4,38,20,4321.0,86420.0
2021092305002478,JBLB,39,33,40,4322.0,172880.0
2021092305002477,JBLB,39,28,10,4322.0,43220.0
2021092305002488,JBLB,25,33,10,4320.0,43200.0
2021092305002487,JBLB,42,33,10,4320.0,43200.0
2021092305002486,JBLB,4,33,20,4321.0,86420.0
2021092305002495,JBLB,36,58,10,4313.0,43130.0
2021092305002503,JBLB,28,37,90,4312.0,388080.0
2021092305002502,JBLB,36,37,10,4312.1,43121.0
2021092305002517,JBLB,28,58,10,4312.0,43120.0
2021092305002515,JBLB,8,45,10,4315.0,43150.0
2021092305002530,JBLB,36,28,10,4303.0,43030.0
2021092305002529,JBLB,25,28,10,4310.0,43100.0
2021092305002528,JBLB,34,28,20,4310.0,86200.0
2021092305002527,JBLB,55,28,100,4310.0,431000.0
2021092305002526,JBLB,26,28,10,4310.0,43100.0
2021092305002525,JBLB,36,28,10,4310.5,43105.0
2021092305002536,JBLB,46,28,20,4300.0,86000.0
2021092305002535,JBLB,8,28,100,4300.0,430000.0
2021092305002534,JBLB,49,28,20,4300.0,86000.0
2021092305002533,JBLB,16,28,10,4301.0,43010.0
2021092305002532,JBLB,41,28,50,4301.0,215050.0
2021092305002531,JBLB,21,28,50,4302.2,215110.0
2021092305002542,JBLB,50,28,10,4300.0,43000.0
2021092305002541,JBLB,58,28,10,4300.0,43000.0
2021092305002540,JBLB,48,28,10,4300.0,43000.0
2021092305002539,JBLB,45,28,70,4300.0,301000.0
2021092305002538,JBLB,38,28,10,4300.0,43000.0
2021092305002537,JBLB,33,28,50,4300.0,215000.0
2021092305002547,JBLB,36,28,10,4300.0,43000.0
2021092305002546,JBLB,45,28,10,4300.0,43000.0
2021092305002545,JBLB,6,28,20,4300.0,86000.0
2021092305002544,JBLB,47,28,15,4300.0,64500.0
2021092305002543,JBLB,13,28,20,4300.0,86000.0
2021092305002564,JBLB,56,34,10,4295.0,42950.0
2021092305002579,JBLB,26,28,20,4300.0,86000.0
2021092305002584,JBLB,45,45,10,4290.0,42900.0
2021092305002582,JBLB,56,33,90,4295.0,386550.0
2021092305002592,JBLB,33,41,10,4295.0,42950.0
2021092305002594,JBLB,36,19,10,4287.0,42870.0
2021092305002601,JBLB,26,58,10,4287.0,42870.0
2021092305002611,JBLB,26,46,10,4287.0,42870.0
2021092305002626,JBLB,36,21,10,4281.0,42810.0
2021092305002623,JBLB,29,38,10,4283.0,42830.0
2021092305002621,JBLB,58,11,10,4286.9,42869.0
2021092305002630,JBLB,36,21,10,4280.5,42805.0
2021092305002638,JBLB,33,21,10,4280.0,42800.0
2021092305002646,JBLB,25,38,10,4280.0,42800.0
2021092305002645,JBLB,14,21,10,4280.0,42800.0
2021092305002654,JBLB,21,33,10,4299.0,42990.0
2021092305002653,JBLB,26,42,10,4280.0,42800.0
2021092305002663,JBLB,29,36,10,4279.0,42790.0
2021092305002683,JBLB,17,47,10,4279.0,42790.0
2021092305002689,JBLB,54,45,10,4280.0,42800.0
2021092305002688,JBLB,54,38,10,4280.0,42800.0
2021092305002728,JBLB,43,47,10,4280.0,42800.0
2021092305002731,JBLB,17,42,10,4279.0,42790.0
2021092305002754,JBLB,6,33,70,4299.0,300930.0
2021092305002776,JBLB,36,42,10,4276.0,42760.0
2021092305002788,JBLB,22,36,10,4276.0,42760.0
2021092305002787,JBLB,22,52,10,4276.0,42760.0
2021092305002808,JBLB,22,59,50,4276.0,213800.0
2021092305002807,JBLB,55,59,50,4290.5,214525.0
2021092305002816,JBLB,6,28,50,4271.9,213595.0
2021092305002815,JBLB,37,28,15,4272.0,64080.0
2021092305002814,JBLB,36,28,10,4273.0,42730.0
2021092305002813,JBLB,6,28,30,4275.0,128250.0
2021092305002810,JBLB,58,59,20,4275.0,85500.0
2021092305002809,JBLB,7,59,30,4275.0,128250.0
2021092305002817,JBLB,8,28,10,4271.9,42719.0
2021092305002829,JBLB,6,28,10,4271.9,42719.0
2021092305002828,JBLB,8,28,50,4271.9,213595.0
2021092305002843,JBLB,13,57,10,4270.0,42700.0
2021092305002854,JBLB,41,28,20,4271.9,85438.0
2021092305002852,JBLB,45,28,10,4270.0,42700.0
2021092305002870,JBLB,39,49,10,4290.0,42900.0
2021092305002869,JBLB,39,58,10,4290.0,42900.0
2021092305002868,JBLB,39,45,10,4275.0,42750.0
2021092305002872,JBLB,39,28,60,4300.0,258000.0
2021092305002871,JBLB,39,56,10,4299.0,42990.0
2021092305002879,JBLB,11,45,10,4275.0,42750.0
2021092305002889,JBLB,53,28,15,4300.0,64500.0
2021092305002888,JBLB,53,50,10,4299.0,42990.0
2021092305002886,JBLB,59,6,10,4277.0,42770.0
2021092305002885,JBLB,59,42,10,4277.0,42770.0
2021092305002890,JBLB,45,37,10,4278.0,42780.0
2021092305002908,JBLB,45,55,10,4281.0,42810.0
2021092305002917,JBLB,45,37,20,4281.0,85620.0
2021092305002916,JBLB,16,37,10,4282.0,42820.0
2021092305002921,JBLB,33,55,10,4282.0,42820.0
2021092305002920,JBLB,39,37,40,4271.0,170840.0
2021092305002919,JBLB,36,37,10,4279.0,42790.0
2021092305002918,JBLB,36,37,10,4280.0,42800.0
2021092305002931,JBLB,33,39,10,4282.0,42820.0
2021092305002938,JBLB,6,58,10,4290.0,42900.0
2021092305002933,JBLB,33,55,10,4282.0,42820.0
2021092305002949,JBLB,36,13,10,4283.0,42830.0
2021092305002942,JBLB,49,16,10,4290.0,42900.0
2021092305002559,MKLB,57,19,10,1317.2,13172.0
2021092305002960,SLI,16,52,10,614.0,6140.0
2021092305002959,SLI,16,54,10,614.0,6140.0
2021092305002957,SLI,50,38,10,612.0,6120.0
2021092305002955,SLI,50,4,10,612.0,6120.0
2021092305002462,SLI,14,58,10,615.0,6150.0
2021092305002461,SLI,14,38,10,615.0,6150.0
2021092305002472,SLI,14,44,10,615.0,6150.0
2021092305002471,SLI,14,34,10,615.0,6150.0
2021092305002470,SLI,49,57,10,616.0,6160.0
2021092305002464,SLI,14,16,10,615.0,6150.0
2021092305002463,SLI,14,7,10,615.0,6150.0
2021092305002483,SLI,14,45,10,615.0,6150.0
2021092305002476,SLI,45,16,10,615.1,6151.0
2021092305002473,SLI,14,36,10,615.0,6150.0
2021092305002491,SLI,14,47,10,615.0,6150.0
2021092305002490,SLI,14,7,10,615.0,6150.0
2021092305002484,SLI,14,34,10,615.0,6150.0
2021092305002501,SLI,14,45,10,615.0,6150.0
2021092305002500,SLI,14,38,10,615.0,6150.0
2021092305002499,SLI,14,7,10,615.0,6150.0
2021092305002498,SLI,14,16,10,615.0,6150.0
2021092305002496,SLI,14,34,10,615.0,6150.0
2021092305002507,SLI,14,44,10,615.0,6150.0
2021092305002506,SLI,14,57,10,615.0,6150.0
2021092305002505,SLI,14,49,10,615.0,6150.0
2021092305002504,SLI,14,58,10,615.0,6150.0
2021092305002518,SLI,14,7,10,615.0,6150.0
2021092305002512,SLI,14,8,10,615.0,6150.0
2021092305002511,SLI,14,46,10,615.0,6150.0
2021092305002508,SLI,14,47,10,615.0,6150.0
2021092305002524,SLI,57,35,10,615.0,6150.0
2021092305002523,SLI,57,47,10,615.0,6150.0
2021092305002522,SLI,39,58,10,616.0,6160.0
2021092305002521,SLI,39,21,10,616.0,6160.0
2021092305002520,SLI,39,34,10,616.0,6160.0
2021092305002519,SLI,39,33,10,616.0,6160.0
2021092305002548,SLI,57,47,10,615.0,6150.0
2021092305002560,SLI,45,44,10,615.0,6150.0
2021092305002558,SLI,45,34,10,615.0,6150.0
2021092305002557,SLI,45,56,10,615.0,6150.0
2021092305002556,SLI,45,58,10,615.0,6150.0
2021092305002554,SLI,45,16,10,615.0,6150.0
2021092305002552,SLI,57,47,10,615.0,6150.0
2021092305002566,SLI,45,49,10,615.0,6150.0
2021092305002565,SLI,45,47,10,615.0,6150.0
2021092305002563,SLI,45,49,10,615.0,6150.0
2021092305002562,SLI,45,28,10,615.0,6150.0
2021092305002561,SLI,45,21,10,615.0,6150.0
2021092305002573,SLI,38,49,10,615.0,6150.0
2021092305002571,SLI,38,46,10,615.0,6150.0
2021092305002570,SLI,38,47,10,615.0,6150.0
2021092305002569,SLI,38,42,10,615.0,6150.0
2021092305002568,SLI,38,47,10,615.0,6150.0
2021092305002567,SLI,38,28,10,615.0,6150.0
2021092305002580,SLI,38,47,10,615.0,6150.0
2021092305002578,SLI,38,10,10,615.0,6150.0
2021092305002577,SLI,38,47,10,615.0,6150.0
2021092305002576,SLI,38,29,10,615.0,6150.0
2021092305002575,SLI,38,47,10,615.0,6150.0
2021092305002586,SLI,42,47,10,615.5,6155.0
2021092305002585,SLI,54,47,10,615.0,6150.0
2021092305002583,SLI,59,47,10,615.0,6150.0
2021092305002581,SLI,49,58,10,615.0,6150.0
2021092305002591,SLI,13,46,10,615.0,6150.0
2021092305002590,SLI,13,16,60,615.0,36900.0
2021092305002589,SLI,28,16,10,615.0,6150.0
2021092305002588,SLI,54,16,30,615.0,18450.0
2021092305002587,SLI,54,47,10,615.0,6150.0
2021092305002599,SLI,44,42,10,616.0,6160.0
2021092305002598,SLI,44,5,10,616.0,6160.0
2021092305002597,SLI,44,16,10,616.0,6160.0
2021092305002596,SLI,44,49,10,616.0,6160.0
2021092305002595,SLI,44,47,10,616.0,6160.0
2021092305002607,SLI,44,36,10,616.0,6160.0
2021092305002606,SLI,44,58,10,616.0,6160.0
2021092305002605,SLI,44,48,10,616.0,6160.0
2021092305002602,SLI,44,58,10,616.0,6160.0
2021092305002600,SLI,44,47,10,616.0,6160.0
2021092305002613,SLI,13,52,10,615.0,6150.0
2021092305002612,SLI,13,58,10,615.0,6150.0
2021092305002610,SLI,13,58,10,615.0,6150.0
2021092305002609,SLI,42,47,10,615.1,6151.0
2021092305002608,SLI,57,29,10,616.0,6160.0
2021092305002620,SLI,35,3,10,615.0,6150.0
2021092305002619,SLI,35,49,10,615.0,6150.0
2021092305002618,SLI,57,36,10,615.0,6150.0
2021092305002616,SLI,56,47,10,615.0,6150.0
2021092305002615,SLI,56,16,10,615.0,6150.0
2021092305002614,SLI,56,58,10,615.0,6150.0
2021092305002625,SLI,35,34,10,615.0,6150.0
2021092305002624,SLI,35,3,10,615.0,6150.0
2021092305002622,SLI,35,38,10,615.0,6150.0
2021092305002635,SLI,35,1,110,615.0,67650.0
2021092305002634,SLI,35,29,10,615.0,6150.0
2021092305002633,SLI,35,3,10,615.0,6150.0
2021092305002629,SLI,35,3,10,615.0,6150.0
2021092305002628,SLI,35,51,10,615.0,6150.0
2021092305002641,SLI,13,29,10,615.0,6150.0
2021092305002640,SLI,13,47,10,615.0,6150.0
2021092305002639,SLI,13,41,10,615.0,6150.0
2021092305002637,SLI,13,1,60,615.0,36900.0
2021092305002636,SLI,57,1,30,615.0,18450.0
2021092305002650,SLI,45,47,10,615.0,6150.0
2021092305002649,SLI,45,26,10,615.0,6150.0
2021092305002644,SLI,58,49,10,615.0,6150.0
2021092305002643,SLI,13,35,10,615.0,6150.0
2021092305002659,SLI,45,47,10,615.0,6150.0
2021092305002658,SLI,45,58,10,615.0,6150.0
2021092305002656,SLI,45,33,10,615.0,6150.0
2021092305002651,SLI,45,36,10,615.0,6150.0
2021092305002669,SLI,45,5,10,615.0,6150.0
2021092305002667,SLI,45,26,10,615.0,6150.0
2021092305002666,SLI,45,47,10,615.0,6150.0
2021092305002665,SLI,45,47,10,615.0,6150.0
2021092305002664,SLI,45,56,10,615.0,6150.0
2021092305002677,SLI,45,47,10,615.0,6150.0
2021092305002674,SLI,45,58,10,615.0,6150.0
2021092305002673,SLI,45,52,10,615.0,6150.0
2021092305002672,SLI,45,47,10,615.0,6150.0
2021092305002671,SLI,45,41,10,615.0,6150.0
2021092305002670,SLI,45,47,10,615.0,6150.0
2021092305002684,SLI,45,14,10,615.0,6150.0
2021092305002682,SLI,45,41,10,615.0,6150.0
2021092305002680,SLI,45,3,10,615.0,6150.0
2021092305002679,SLI,45,50,10,615.0,6150.0
2021092305002678,SLI,45,59,10,615.0,6150.0
2021092305002709,SLI,45,13,10,615.0,6150.0
2021092305002702,SLI,45,29,10,615.0,6150.0
2021092305002687,SLI,45,47,10,615.0,6150.0
2021092305002685,SLI,45,17,10,615.0,6150.0
2021092305002729,SLI,43,45,10,615.1,6151.0
2021092305002727,SLI,43,6,10,615.1,6151.0
2021092305002723,SLI,45,58,10,615.0,6150.0
2021092305002719,SLI,45,6,10,615.0,6150.0
2021092305002716,SLI,45,34,10,615.0,6150.0
2021092305002750,SLI,43,54,10,615.1,6151.0
2021092305002749,SLI,43,34,10,615.1,6151.0
2021092305002734,SLI,43,39,10,615.1,6151.0
2021092305002733,SLI,43,36,10,615.1,6151.0
2021092305002732,SLI,43,34,10,615.1,6151.0
2021092305002759,SLI,42,39,10,615.3,6153.0
2021092305002757,SLI,42,29,10,615.3,6153.0
2021092305002755,SLI,43,39,10,615.1,6151.0
2021092305002752,SLI,43,42,10,615.1,6151.0
2021092305002751,SLI,43,39,10,615.1,6151.0
2021092305002767,SLI,42,39,10,615.3,6153.0
2021092305002765,SLI,42,57,10,615.3,6153.0
2021092305002764,SLI,42,16,10,615.3,6153.0
2021092305002763,SLI,7,54,10,616.0,6160.0
2021092305002762,SLI,7,25,10,616.0,6160.0
2021092305002761,SLI,42,39,10,615.3,6153.0
2021092305002775,SLI,42,39,10,615.3,6153.0
2021092305002773,SLI,42,53,10,615.3,6153.0
2021092305002772,SLI,42,39,10,615.3,6153.0
2021092305002771,SLI,42,38,10,615.5,6155.0
2021092305002769,SLI,42,45,10,615.5,6155.0
2021092305002768,SLI,42,58,10,615.3,6153.0
2021092305002784,SLI,45,38,10,615.0,6150.0
2021092305002783,SLI,45,38,10,615.0,6150.0
2021092305002782,SLI,45,39,10,615.0,6150.0
2021092305002779,SLI,55,39,10,615.2,6152.0
2021092305002777,SLI,45,39,10,615.0,6150.0
2021092305002790,SLI,45,50,10,615.0,6150.0
2021092305002789,SLI,45,34,10,615.0,6150.0
2021092305002786,SLI,45,56,10,615.0,6150.0
2021092305002785,SLI,45,39,10,615.0,6150.0
2021092305002796,SLI,41,13,200,615.0,123000.0
2021092305002795,SLI,35,13,30,615.0,18450.0
2021092305002794,SLI,45,13,70,615.0,43050.0
2021092305002793,SLI,21,13,15,615.0,9225.0
2021092305002792,SLI,45,13,30,615.0,18450.0
2021092305002791,SLI,45,13,80,615.0,49200.0
2021092305002802,SLI,45,13,30,615.0,18450.0
2021092305002801,SLI,17,13,20,615.0,12300.0
2021092305002800,SLI,11,13,10,615.0,6150.0
2021092305002799,SLI,21,13,50,615.0,30750.0
2021092305002798,SLI,49,13,10,615.0,6150.0
2021092305002797,SLI,13,13,50,615.0,30750.0
2021092305002806,SLI,13,13,65,614.0,39910.0
2021092305002805,SLI,6,13,200,614.1,122820.0
2021092305002804,SLI,16,13,100,614.5,61450.0
2021092305002803,SLI,58,13,40,615.0,24600.0
2021092305002822,SLI,39,47,20,614.0,12280.0
2021092305002821,SLI,44,47,10,614.0,6140.0
2021092305002820,SLI,38,47,10,614.0,6140.0
2021092305002819,SLI,13,47,125,614.0,76750.0
2021092305002818,SLI,13,56,10,614.0,6140.0
2021092305002827,SLI,54,47,10,614.0,6140.0
2021092305002825,SLI,28,47,50,614.0,30700.0
2021092305002824,SLI,26,47,30,614.0,18420.0
2021092305002823,SLI,46,47,10,614.0,6140.0
2021092305002836,SLI,21,22,10,613.0,6130.0
2021092305002835,SLI,44,22,25,613.5,15337.5
2021092305002834,SLI,44,57,10,613.5,6135.0
2021092305002832,SLI,44,47,15,613.5,9202.5
2021092305002831,SLI,17,47,20,613.5,12270.0
2021092305002830,SLI,33,47,10,613.5,6135.0
2021092305002841,SLI,28,22,35,613.0,21455.0
2021092305002840,SLI,38,22,10,613.0,6130.0
2021092305002839,SLI,51,22,10,613.0,6130.0
2021092305002838,SLI,13,22,200,613.0,122600.0
2021092305002837,SLI,33,22,10,613.0,6130.0
2021092305002849,SLI,46,47,14,612.0,8568.0
2021092305002848,SLI,26,47,50,612.0,30600.0
2021092305002847,SLI,58,47,25,612.5,15312.5
2021092305002846,SLI,25,47,10,613.0,6130.0
2021092305002845,SLI,28,47,55,613.0,33715.0
2021092305002844,SLI,28,35,10,613.0,6130.0
2021092305002856,SLI,54,47,34,612.0,20808.0
2021092305002855,SLI,54,48,10,612.0,6120.0
2021092305002853,SLI,54,5,10,612.0,6120.0
2021092305002850,SLI,54,47,146,612.0,89352.0
2021092305002863,SLI,25,44,10,610.0,6100.0
2021092305002861,SLI,21,47,10,610.0,6100.0
2021092305002860,SLI,21,47,40,610.0,24400.0
2021092305002859,SLI,36,47,100,610.0,61000.0
2021092305002858,SLI,26,47,100,610.0,61000.0
2021092305002857,SLI,40,47,10,610.8,6108.0
2021092305002866,SLI,25,53,10,610.0,6100.0
2021092305002865,SLI,25,35,10,612.0,6120.0
2021092305002864,SLI,25,1,10,612.0,6120.0
2021092305002876,SLI,25,39,10,610.0,6100.0
2021092305002875,SLI,47,25,10,613.0,6130.0
2021092305002874,SLI,47,35,10,613.0,6130.0
2021092305002873,SLI,25,53,10,610.0,6100.0
2021092305002882,SLI,49,58,10,610.0,6100.0
2021092305002881,SLI,49,45,10,610.0,6100.0
2021092305002880,SLI,49,29,10,610.0,6100.0
2021092305002878,SLI,49,53,10,610.0,6100.0
2021092305002877,SLI,25,58,10,610.0,6100.0
2021092305002887,SLI,50,52,10,610.0,6100.0
2021092305002883,SLI,50,38,10,610.0,6100.0
2021092305002901,SLI,5,28,10,610.0,6100.0
2021092305002899,SLI,5,4,10,610.0,6100.0
2021092305002895,SLI,28,58,10,610.0,6100.0
2021092305002893,SLI,28,26,10,610.0,6100.0
2021092305002891,SLI,32,58,10,610.0,6100.0
2021092305002909,SLI,5,58,10,610.0,6100.0
2021092305002905,SLI,5,58,10,610.0,6100.0
2021092305002904,SLI,5,38,10,610.0,6100.0
2021092305002903,SLI,5,45,10,610.0,6100.0
2021092305002902,SLI,5,1,10,610.0,6100.0
2021092305002915,SLI,57,58,10,610.1,6101.0
2021092305002912,SLI,57,58,10,610.1,6101.0
2021092305002911,SLI,5,57,10,610.0,6100.0
2021092305002910,SLI,5,10,10,610.0,6100.0
2021092305002923,SLI,35,36,10,610.2,6102.0
2021092305002922,SLI,57,58,10,610.1,6101.0
2021092305002928,SLI,45,58,10,611.0,6110.0
2021092305002927,SLI,45,51,10,611.0,6110.0
2021092305002926,SLI,45,38,10,611.0,6110.0
2021092305002925,SLI,45,4,10,611.0,6110.0
2021092305002924,SLI,45,35,10,611.0,6110.0
2021092305002940,SLI,50,57,10,612.0,6120.0
2021092305002939,SLI,50,33,10,612.0,6120.0
2021092305002937,SLI,50,35,10,612.0,6120.0
2021092305002934,SLI,45,38,10,611.0,6110.0
2021092305002951,SLI,50,58,10,612.0,6120.0
2021092305002948,SLI,50,22,10,612.0,6120.0
2021092305002943,SLI,50,21,10,612.0,6120.0
2021092305002941,SLI,50,29,10,612.0,6120.0
2021092305002958,ULI,50,1,10,621.0,6210.0
2021092305002954,ULI,50,58,10,621.0,6210.0
2021092305002953,ULI,50,45,10,621.0,6210.0
2021092305002950,ULI,19,7,10,621.1,6211.0
2021092305002947,ULI,19,52,50,621.1,31055.0
2021092305002946,ULI,8,52,10,621.8,6218.0
2021092305002474,ULI,42,59,10,625.0,6250.0
2021092305002469,ULI,42,52,10,625.0,6250.0
2021092305002468,ULI,42,59,50,625.0,31250.0
2021092305002467,ULI,42,21,10,625.0,6250.0
2021092305002465,ULI,42,21,10,625.0,6250.0
2021092305002489,ULI,41,34,10,625.0,6250.0
2021092305002485,ULI,41,34,10,625.0,6250.0
2021092305002482,ULI,6,51,10,626.0,6260.0
2021092305002481,ULI,6,3,10,626.0,6260.0
2021092305002480,ULI,41,44,10,625.0,6250.0
2021092305002475,ULI,41,59,90,625.0,56250.0
2021092305002510,ULI,41,44,10,625.0,6250.0
2021092305002509,ULI,41,55,10,625.0,6250.0
2021092305002497,ULI,41,58,10,625.0,6250.0
2021092305002494,ULI,41,29,10,625.0,6250.0
2021092305002493,ULI,6,58,10,627.0,6270.0
2021092305002492,ULI,6,47,10,627.0,6270.0
2021092305002551,ULI,6,35,10,627.0,6270.0
2021092305002550,ULI,39,46,10,625.0,6250.0
2021092305002549,ULI,39,34,10,625.0,6250.0
2021092305002516,ULI,56,58,10,625.0,6250.0
2021092305002514,ULI,56,34,20,625.0,12500.0
2021092305002513,ULI,41,34,80,625.0,50000.0
2021092305002603,ULI,3,51,10,627.5,6275.0
2021092305002593,ULI,42,34,10,625.1,6251.0
2021092305002574,ULI,4,49,10,625.0,6250.0
2021092305002572,ULI,4,22,10,625.0,6250.0
2021092305002555,ULI,4,42,10,625.0,6250.0
2021092305002553,ULI,46,29,10,625.0,6250.0
2021092305002642,ULI,57,41,10,625.0,6250.0
2021092305002632,ULI,57,34,10,625.0,6250.0
2021092305002631,ULI,57,16,10,625.0,6250.0
2021092305002627,ULI,4,29,10,625.0,6250.0
2021092305002617,ULI,4,34,10,625.0,6250.0
2021092305002604,ULI,3,45,10,627.5,6275.0
2021092305002660,ULI,57,33,10,625.0,6250.0
2021092305002657,ULI,57,16,10,625.0,6250.0
2021092305002655,ULI,57,59,10,625.0,6250.0
2021092305002652,ULI,57,4,10,625.0,6250.0
2021092305002648,ULI,57,4,10,625.0,6250.0
2021092305002647,ULI,57,5,10,625.0,6250.0
2021092305002681,ULI,5,17,10,625.0,6250.0
2021092305002676,ULI,5,16,10,625.0,6250.0
2021092305002675,ULI,5,21,10,625.0,6250.0
2021092305002668,ULI,5,42,10,625.0,6250.0
2021092305002662,ULI,5,8,10,625.0,6250.0
2021092305002661,ULI,5,7,10,625.0,6250.0
2021092305002694,ULI,34,58,100,624.2,62420.0
2021092305002693,ULI,22,58,39,625.0,24375.0
2021092305002692,ULI,55,58,10,625.0,6250.0
2021092305002691,ULI,5,58,20,625.0,12500.0
2021092305002690,ULI,5,41,10,625.0,6250.0
2021092305002686,ULI,5,26,10,625.0,6250.0
2021092305002700,ULI,13,58,20,624.0,12480.0
2021092305002699,ULI,36,58,20,624.0,12480.0
2021092305002698,ULI,33,58,100,624.0,62400.0
2021092305002697,ULI,48,58,10,624.0,6240.0
2021092305002696,ULI,41,58,30,624.0,18720.0
2021092305002695,ULI,25,58,100,624.1,62410.0
2021092305002707,ULI,28,3,35,622.0,21770.0
2021092305002706,ULI,44,3,200,622.0,124400.0
2021092305002705,ULI,6,3,55,622.0,34210.0
2021092305002704,ULI,46,3,10,622.1,6221.0
2021092305002703,ULI,42,39,10,623.9,6239.0
2021092305002701,ULI,25,58,200,624.0,124800.0
2021092305002714,ULI,41,39,10,621.0,6210.0
2021092305002713,ULI,49,10,30,622.0,18660.0
2021092305002712,ULI,45,10,200,622.0,124400.0
2021092305002711,ULI,44,10,10,622.0,6220.0
2021092305002710,ULI,28,10,55,622.0,34210.0
2021092305002708,ULI,28,39,10,622.0,6220.0
2021092305002722,ULI,59,39,10,622.0,6220.0
2021092305002721,ULI,59,20,10,622.0,6220.0
2021092305002720,ULI,59,46,10,622.0,6220.0
2021092305002718,ULI,59,10,150,622.0,93300.0
2021092305002717,ULI,41,39,10,621.0,6210.0
2021092305002715,ULI,41,1,10,621.0,6210.0
2021092305002736,ULI,48,58,80,621.0,49680.0
2021092305002735,ULI,48,42,10,621.0,6210.0
2021092305002730,ULI,41,10,55,621.0,34155.0
2021092305002726,ULI,41,46,10,621.0,6210.0
2021092305002725,ULI,59,58,10,622.0,6220.0
2021092305002724,ULI,59,39,10,622.0,6220.0
2021092305002742,ULI,43,58,20,620.4,12408.0
2021092305002741,ULI,40,58,10,620.8,6208.0
2021092305002740,ULI,38,58,50,621.0,31050.0
2021092305002739,ULI,19,58,10,621.0,6210.0
2021092305002738,ULI,6,58,10,621.0,6210.0
2021092305002737,ULI,6,58,10,621.0,6210.0
2021092305002748,ULI,56,58,80,620.0,49600.0
2021092305002747,ULI,14,58,10,620.0,6200.0
2021092305002746,ULI,38,58,10,620.0,6200.0
2021092305002745,ULI,34,58,50,620.0,31000.0
2021092305002744,ULI,21,58,20,620.4,12408.0
2021092305002743,ULI,58,58,16,620.4,9926.4
2021092305002770,ULI,56,16,10,620.0,6200.0
2021092305002766,ULI,56,58,10,620.0,6200.0
2021092305002760,ULI,56,13,10,620.0,6200.0
2021092305002758,ULI,56,46,10,620.0,6200.0
2021092305002756,ULI,56,34,10,620.0,6200.0
2021092305002753,ULI,56,36,10,620.0,6200.0
2021092305002812,ULI,50,25,10,621.0,6210.0
2021092305002811,ULI,50,21,10,621.0,6210.0
2021092305002781,ULI,56,46,10,620.0,6200.0
2021092305002780,ULI,56,38,10,620.0,6200.0
2021092305002778,ULI,56,38,10,620.0,6200.0
2021092305002774,ULI,56,52,10,620.0,6200.0
2021092305002867,ULI,50,44,10,621.0,6210.0
2021092305002862,ULI,50,38,10,621.0,6210.0
2021092305002851,ULI,50,34,10,621.0,6210.0
2021092305002842,ULI,36,29,10,621.1,6211.0
2021092305002833,ULI,36,42,10,621.1,6211.0
2021092305002826,ULI,36,45,10,621.1,6211.0
2021092305002898,ULI,6,22,10,622.0,6220.0
2021092305002897,ULI,6,45,10,622.0,6220.0
2021092305002896,ULI,6,32,10,622.0,6220.0
2021092305002894,ULI,19,39,10,621.1,6211.0
2021092305002892,ULI,50,39,10,621.0,6210.0
2021092305002884,ULI,50,45,10,621.0,6210.0
2021092305002929,ULI,8,1,10,622.0,6220.0
2021092305002914,ULI,19,10,10,621.1,6211.0
2021092305002913,ULI,19,36,10,621.1,6211.0
2021092305002907,ULI,35,52,10,622.0,6220.0
2021092305002906,ULI,6,39,10,622.0,6220.0
2021092305002900,ULI,6,45,10,622.0,6220.0
2021092305002945,ULI,8,49,10,621.8,6218.0
2021092305002944,ULI,42,41,10,621.7,6217.0
2021092305002936,ULI,8,48,10,623.0,6230.0
2021092305002935,ULI,8,38,10,623.0,6230.0
2021092305002932,ULI,19,58,10,621.1,6211.0
2021092305002930,ULI,8,33,10,622.0,6220.0
2021092305002455,JBLB,7,52,10,4323.0,43230.0
2021092305001978,JBLB,33,7,10,4340.0,43400.0
2021092305001977,JBLB,33,58,10,4340.0,43400.0
2021092305001985,JBLB,49,44,10,4335.1,43351.0
2021092305002020,JBLB,26,21,10,4340.0,43400.0
2021092305002071,JBLB,40,38,10,4340.0,43400.0
2021092305002105,JBLB,41,10,10,4335.0,43350.0
2021092305002102,JBLB,49,1,10,4335.1,43351.0
2021092305002115,JBLB,58,52,10,4335.2,43352.0
2021092305002138,JBLB,41,26,10,4335.0,43350.0
2021092305002147,JBLB,54,21,10,4335.3,43353.0
2021092305002144,JBLB,13,20,10,4335.0,43350.0
2021092305002154,JBLB,19,52,10,4335.0,43350.0
2021092305002148,JBLB,13,35,10,4335.0,43350.0
2021092305002164,JBLB,8,34,10,4351.0,43510.0
2021092305002159,JBLB,17,26,10,4330.0,43300.0
2021092305002172,JBLB,8,21,5,4351.0,21755.0
2021092305002171,JBLB,8,44,10,4351.0,43510.0
2021092305002196,JBLB,41,33,50,4351.0,217550.0
2021092305002212,JBLB,1,40,10,4330.0,43300.0
2021092305002216,JBLB,14,59,10,4340.0,43400.0
2021092305002227,JBLB,1,33,40,4330.0,173200.0
2021092305002238,JBLB,19,25,10,4329.0,43290.0
2021092305002247,JBLB,32,36,10,4325.0,43250.0
2021092305002243,JBLB,52,45,10,4325.0,43250.0
2021092305002240,JBLB,52,57,10,4325.0,43250.0
2021092305002262,JBLB,45,58,10,4330.0,43300.0
2021092305002261,JBLB,45,40,10,4325.0,43250.0
2021092305002260,JBLB,59,33,50,4324.0,216200.0
2021092305002264,JBLB,7,38,10,4325.0,43250.0
2021092305002292,JBLB,40,50,10,4330.0,43300.0
2021092305002318,JBLB,34,43,10,4322.0,43220.0
2021092305002344,JBLB,26,43,10,4322.0,43220.0
2021092305002350,JBLB,7,34,10,4322.0,43220.0
2021092305002348,JBLB,7,35,10,4322.0,43220.0
2021092305002355,JBLB,26,28,10,4321.0,43210.0
2021092305002364,JBLB,49,35,20,4322.0,86440.0
2021092305002361,JBLB,26,16,10,4321.0,43210.0
2021092305002378,JBLB,26,45,10,4321.0,43210.0
2021092305002386,JBLB,4,26,10,4321.0,43210.0
2021092305002381,JBLB,49,26,10,4322.0,43220.0
2021092305002397,JBLB,43,19,10,4329.0,43290.0
2021092305002396,JBLB,58,32,10,4329.0,43290.0
2021092305002409,JBLB,21,35,10,4330.0,43300.0
2021092305002417,JBLB,53,45,10,4330.0,43300.0
2021092305002434,JBLB,14,59,10,4324.0,43240.0
2021092305002441,JBLB,33,56,10,4329.0,43290.0
2021092305002303,MKLB,57,17,10,1317.2,13172.0
2021092305002135,MKLB,48,58,9,1316.3,11846.7
2021092305002070,MKLB,48,58,1,1316.4,1316.4
2021092305002458,SLI,14,45,10,615.0,6150.0
2021092305002457,SLI,14,45,10,615.0,6150.0
2021092305002456,SLI,14,45,10,615.0,6150.0
2021092305002453,SLI,14,45,10,615.0,6150.0
2021092305002452,SLI,14,59,10,615.0,6150.0
2021092305001968,SLI,57,58,10,619.0,6190.0
2021092305001967,SLI,57,58,10,619.0,6190.0
2021092305001966,SLI,57,38,10,619.0,6190.0
2021092305001964,SLI,57,38,10,619.0,6190.0
2021092305001961,SLI,57,38,10,619.0,6190.0
2021092305001976,SLI,19,38,10,619.0,6190.0
2021092305001974,SLI,19,58,10,619.0,6190.0
2021092305001973,SLI,19,16,10,619.0,6190.0
2021092305001972,SLI,19,38,10,619.0,6190.0
2021092305001971,SLI,19,4,10,619.0,6190.0
2021092305001970,SLI,57,38,10,619.0,6190.0
2021092305001982,SLI,19,58,10,619.0,6190.0
2021092305001981,SLI,19,14,10,619.0,6190.0
2021092305001980,SLI,19,38,10,619.0,6190.0
2021092305001979,SLI,38,26,10,619.2,6192.0
2021092305001997,SLI,29,38,10,618.1,6181.0
2021092305001996,SLI,29,38,10,618.1,6181.0
2021092305001994,SLI,29,38,10,618.1,6181.0
2021092305001986,SLI,19,38,10,619.0,6190.0
2021092305001984,SLI,19,56,10,619.0,6190.0
2021092305002005,SLI,29,38,10,618.1,6181.0
2021092305002003,SLI,29,38,10,618.1,6181.0
2021092305002002,SLI,43,58,10,620.0,6200.0
2021092305002001,SLI,43,58,10,620.0,6200.0
2021092305002000,SLI,43,25,10,619.0,6190.0
2021092305001998,SLI,29,38,10,618.1,6181.0
2021092305002017,SLI,1,38,10,618.1,6181.0
2021092305002015,SLI,29,38,10,618.1,6181.0
2021092305002013,SLI,57,49,10,620.0,6200.0
2021092305002012,SLI,57,45,10,620.0,6200.0
2021092305002010,SLI,29,38,10,618.1,6181.0
2021092305002007,SLI,29,38,10,618.1,6181.0
2021092305002028,SLI,1,38,10,618.1,6181.0
2021092305002024,SLI,1,38,10,618.1,6181.0
2021092305002022,SLI,1,38,10,618.1,6181.0
2021092305002021,SLI,1,38,10,618.1,6181.0
2021092305002018,SLI,1,38,10,618.1,6181.0
2021092305002040,SLI,22,4,50,618.0,30900.0
2021092305002039,SLI,1,4,10,618.1,6181.0
2021092305002037,SLI,1,38,10,618.1,6181.0
2021092305002036,SLI,51,21,10,619.0,6190.0
2021092305002034,SLI,1,38,10,618.1,6181.0
2021092305002031,SLI,1,58,10,618.1,6181.0
2021092305002046,SLI,42,4,30,618.0,18540.0
2021092305002045,SLI,58,4,50,618.0,30900.0
2021092305002044,SLI,29,4,50,618.0,30900.0
2021092305002043,SLI,41,4,20,618.0,12360.0
2021092305002042,SLI,58,4,15,618.0,9270.0
2021092305002041,SLI,21,4,150,618.0,92700.0
2021092305002052,SLI,49,4,50,618.0,30900.0
2021092305002051,SLI,26,4,40,618.0,24720.0
2021092305002050,SLI,14,4,50,618.0,30900.0
2021092305002049,SLI,34,4,20,618.0,12360.0
2021092305002048,SLI,32,4,80,618.0,49440.0
2021092305002047,SLI,1,4,50,618.0,30900.0
2021092305002066,SLI,28,38,10,617.5,6175.0
2021092305002065,SLI,28,38,10,617.5,6175.0
2021092305002064,SLI,28,38,10,617.5,6175.0
2021092305002059,SLI,13,38,10,618.0,6180.0
2021092305002054,SLI,13,38,10,618.0,6180.0
2021092305002053,SLI,13,4,175,618.0,108150.0
2021092305002074,SLI,28,57,10,617.5,6175.0
2021092305002072,SLI,28,38,10,617.5,6175.0
2021092305002069,SLI,28,59,10,617.5,6175.0
2021092305002068,SLI,28,38,10,617.5,6175.0
2021092305002067,SLI,28,38,10,617.5,6175.0
2021092305002084,SLI,28,34,10,617.5,6175.0
2021092305002082,SLI,28,6,10,617.5,6175.0
2021092305002081,SLI,28,38,10,617.5,6175.0
2021092305002080,SLI,11,21,10,618.0,6180.0
2021092305002079,SLI,11,32,10,618.0,6180.0
2021092305002078,SLI,28,38,10,617.5,6175.0
2021092305002091,SLI,11,49,10,620.0,6200.0
2021092305002090,SLI,11,58,10,619.0,6190.0
2021092305002089,SLI,11,58,10,619.0,6190.0
2021092305002088,SLI,11,49,10,618.0,6180.0
2021092305002086,SLI,28,58,10,617.5,6175.0
2021092305002085,SLI,28,38,10,617.5,6175.0
2021092305002097,SLI,28,38,10,617.5,6175.0
2021092305002096,SLI,11,55,10,620.0,6200.0
2021092305002095,SLI,11,58,10,620.0,6200.0
2021092305002094,SLI,11,53,10,620.0,6200.0
2021092305002093,SLI,11,38,10,620.0,6200.0
2021092305002092,SLI,11,7,10,620.0,6200.0
2021092305002108,SLI,28,6,10,617.5,6175.0
2021092305002107,SLI,28,38,10,617.5,6175.0
2021092305002106,SLI,28,38,10,617.5,6175.0
2021092305002099,SLI,19,38,10,618.0,6180.0
2021092305002118,SLI,28,38,10,617.5,6175.0
2021092305002113,SLI,28,38,10,617.5,6175.0
2021092305002112,SLI,28,38,10,617.5,6175.0
2021092305002111,SLI,28,58,10,617.5,6175.0
2021092305002110,SLI,28,38,10,617.5,6175.0
2021092305002126,SLI,47,21,10,618.0,6180.0
2021092305002125,SLI,28,38,10,617.5,6175.0
2021092305002124,SLI,28,38,10,617.5,6175.0
2021092305002123,SLI,28,38,10,617.5,6175.0
2021092305002120,SLI,28,38,10,617.5,6175.0
2021092305002119,SLI,28,7,10,617.5,6175.0
2021092305002140,SLI,8,38,10,617.3,6173.0
2021092305002139,SLI,1,58,10,617.5,6175.0
2021092305002134,SLI,8,38,10,617.3,6173.0
2021092305002133,SLI,28,38,10,617.5,6175.0
2021092305002130,SLI,28,38,10,617.5,6175.0
2021092305002146,SLI,8,58,10,617.3,6173.0
2021092305002145,SLI,8,49,10,617.3,6173.0
2021092305002143,SLI,8,38,10,617.3,6173.0
2021092305002142,SLI,58,32,10,617.5,6175.0
2021092305002155,SLI,34,58,10,619.0,6190.0
2021092305002153,SLI,34,38,10,619.0,6190.0
2021092305002152,SLI,34,49,10,619.0,6190.0
2021092305002149,SLI,34,58,10,617.5,6175.0
2021092305002167,SLI,1,25,10,617.1,6171.0
2021092305002166,SLI,8,44,10,617.3,6173.0
2021092305002163,SLI,49,25,10,618.0,6180.0
2021092305002161,SLI,34,38,10,619.0,6190.0
2021092305002176,SLI,1,4,10,617.1,6171.0
2021092305002175,SLI,1,49,10,617.1,6171.0
2021092305002174,SLI,1,7,10,617.1,6171.0
2021092305002169,SLI,1,58,10,617.1,6171.0
2021092305002183,SLI,1,49,10,617.1,6171.0
2021092305002181,SLI,1,38,10,617.1,6171.0
2021092305002180,SLI,45,21,10,618.0,6180.0
2021092305002179,SLI,45,8,10,618.0,6180.0
2021092305002178,SLI,1,44,10,617.1,6171.0
2021092305002177,SLI,1,38,10,617.1,6171.0
2021092305002191,SLI,35,49,10,617.0,6170.0
2021092305002190,SLI,58,35,10,617.0,6170.0
2021092305002189,SLI,58,52,10,617.0,6170.0
2021092305002188,SLI,58,49,10,617.0,6170.0
2021092305002186,SLI,49,17,10,617.0,6170.0
2021092305002185,SLI,1,35,10,617.1,6171.0
2021092305002199,SLI,35,57,10,617.0,6170.0
2021092305002198,SLI,35,49,10,617.0,6170.0
2021092305002197,SLI,35,43,10,617.0,6170.0
2021092305002193,SLI,6,48,10,617.1,6171.0
2021092305002192,SLI,35,58,10,617.0,6170.0
2021092305002208,SLI,49,28,10,617.0,6170.0
2021092305002207,SLI,35,58,10,617.0,6170.0
2021092305002206,SLI,35,43,10,617.0,6170.0
2021092305002205,SLI,35,49,10,617.0,6170.0
2021092305002201,SLI,35,8,10,617.0,6170.0
2021092305002200,SLI,35,56,10,617.0,6170.0
2021092305002215,SLI,49,3,10,617.0,6170.0
2021092305002214,SLI,49,41,10,617.0,6170.0
2021092305002213,SLI,49,34,10,617.0,6170.0
2021092305002211,SLI,49,58,10,617.0,6170.0
2021092305002209,SLI,49,38,10,617.0,6170.0
2021092305002223,SLI,49,50,10,618.0,6180.0
2021092305002221,SLI,49,40,10,618.0,6180.0
2021092305002220,SLI,49,58,10,618.0,6180.0
2021092305002218,SLI,49,58,10,618.0,6180.0
2021092305002217,SLI,49,21,10,618.0,6180.0
2021092305002231,SLI,49,21,10,617.0,6170.0
2021092305002230,SLI,43,21,10,619.0,6190.0
2021092305002229,SLI,43,10,10,618.0,6180.0
2021092305002226,SLI,49,45,10,617.0,6170.0
2021092305002225,SLI,49,18,10,618.0,6180.0
2021092305002237,SLI,49,38,10,617.0,6170.0
2021092305002236,SLI,49,38,10,617.0,6170.0
2021092305002235,SLI,49,40,10,617.0,6170.0
2021092305002233,SLI,38,38,10,618.0,6180.0
2021092305002232,SLI,49,46,10,617.0,6170.0
2021092305002249,SLI,49,58,10,617.0,6170.0
2021092305002248,SLI,49,47,10,617.0,6170.0
2021092305002239,SLI,49,58,10,617.0,6170.0
2021092305002256,SLI,49,58,10,617.0,6170.0
2021092305002254,SLI,49,4,10,617.0,6170.0
2021092305002253,SLI,22,49,10,618.0,6180.0
2021092305002252,SLI,22,45,10,618.0,6180.0
2021092305002251,SLI,49,38,10,617.0,6170.0
2021092305002250,SLI,49,55,10,617.0,6170.0
2021092305002259,SLI,49,42,10,617.0,6170.0
2021092305002258,SLI,49,59,10,617.0,6170.0
2021092305002257,SLI,49,52,10,617.0,6170.0
2021092305002269,SLI,49,58,10,617.0,6170.0
2021092305002267,SLI,49,38,10,617.0,6170.0
2021092305002266,SLI,43,44,10,617.2,6172.0
2021092305002265,SLI,43,58,10,617.2,6172.0
2021092305002263,SLI,49,35,10,617.0,6170.0
2021092305002277,SLI,7,56,10,618.0,6180.0
2021092305002276,SLI,7,26,10,618.0,6180.0
2021092305002273,SLI,49,58,10,617.0,6170.0
2021092305002272,SLI,49,1,10,617.0,6170.0
2021092305002271,SLI,49,3,10,617.0,6170.0
2021092305002270,SLI,49,38,10,617.0,6170.0
2021092305002285,SLI,16,58,10,619.0,6190.0
2021092305002283,SLI,22,58,10,618.0,6180.0
2021092305002282,SLI,22,58,10,618.0,6180.0
2021092305002280,SLI,7,56,10,618.0,6180.0
2021092305002279,SLI,7,38,10,618.0,6180.0
2021092305002278,SLI,7,58,10,618.0,6180.0
2021092305002291,SLI,58,49,10,618.0,6180.0
2021092305002290,SLI,58,58,10,618.0,6180.0
2021092305002289,SLI,22,57,10,618.0,6180.0
2021092305002287,SLI,22,32,10,618.0,6180.0
2021092305002286,SLI,16,22,10,619.0,6190.0
2021092305002300,SLI,49,44,10,617.0,6170.0
2021092305002299,SLI,49,58,10,617.0,6170.0
2021092305002298,SLI,49,44,10,617.0,6170.0
2021092305002295,SLI,49,44,10,617.0,6170.0
2021092305002294,SLI,58,49,10,618.0,6180.0
2021092305002293,SLI,58,44,10,618.0,6180.0
2021092305002308,SLI,49,39,10,617.0,6170.0
2021092305002307,SLI,49,43,10,617.0,6170.0
2021092305002306,SLI,49,58,10,617.0,6170.0
2021092305002305,SLI,49,49,10,617.0,6170.0
2021092305002304,SLI,49,45,10,617.0,6170.0
2021092305002302,SLI,49,49,10,617.0,6170.0
2021092305002315,SLI,42,38,10,617.0,6170.0
2021092305002314,SLI,42,19,10,617.0,6170.0
2021092305002313,SLI,42,1,10,617.0,6170.0
2021092305002312,SLI,42,39,10,617.0,6170.0
2021092305002311,SLI,16,58,10,617.0,6170.0
2021092305002310,SLI,49,49,10,617.0,6170.0
2021092305002322,SLI,35,41,10,617.0,6170.0
2021092305002321,SLI,35,49,10,617.0,6170.0
2021092305002320,SLI,35,1,10,617.0,6170.0
2021092305002319,SLI,35,39,10,617.0,6170.0
2021092305002316,SLI,42,49,10,617.0,6170.0
2021092305002328,SLI,17,49,10,617.0,6170.0
2021092305002327,SLI,17,57,10,617.0,6170.0
2021092305002326,SLI,17,1,10,617.0,6170.0
2021092305002325,SLI,17,58,10,617.0,6170.0
2021092305002324,SLI,17,39,10,617.0,6170.0
2021092305002323,SLI,35,43,10,617.0,6170.0
2021092305002333,SLI,17,21,10,617.0,6170.0
2021092305002332,SLI,17,58,10,617.0,6170.0
2021092305002331,SLI,17,39,10,617.0,6170.0
2021092305002330,SLI,38,38,10,617.1,6171.0
2021092305002329,SLI,17,39,10,617.0,6170.0
2021092305002351,SLI,13,52,10,616.0,6160.0
2021092305002349,SLI,45,49,10,616.0,6160.0
2021092305002347,SLI,45,6,10,616.0,6160.0
2021092305002345,SLI,17,39,10,617.0,6170.0
2021092305002360,SLI,13,22,10,616.0,6160.0
2021092305002359,SLI,13,39,10,616.0,6160.0
2021092305002357,SLI,13,58,10,616.0,6160.0
2021092305002354,SLI,13,39,10,616.0,6160.0
2021092305002353,SLI,13,7,10,616.0,6160.0
2021092305002366,SLI,25,22,10,615.1,6151.0
2021092305002365,SLI,25,22,10,615.1,6151.0
2021092305002363,SLI,13,45,10,616.0,6160.0
2021092305002362,SLI,13,39,10,616.0,6160.0
2021092305002377,SLI,22,34,10,616.0,6160.0
2021092305002372,SLI,58,7,10,615.0,6150.0
2021092305002370,SLI,58,22,10,615.0,6150.0
2021092305002368,SLI,58,1,10,615.0,6150.0
2021092305002367,SLI,58,58,10,615.0,6150.0
2021092305002385,SLI,58,55,10,615.0,6150.0
2021092305002383,SLI,22,36,10,616.0,6160.0
2021092305002382,SLI,22,45,10,616.0,6160.0
2021092305002380,SLI,22,7,10,616.0,6160.0
2021092305002394,SLI,53,7,10,615.0,6150.0
2021092305002392,SLI,53,43,10,615.0,6150.0
2021092305002391,SLI,53,21,10,615.0,6150.0
2021092305002390,SLI,53,7,10,615.0,6150.0
2021092305002389,SLI,19,56,10,615.5,6155.0
2021092305002387,SLI,58,7,10,615.0,6150.0
2021092305002400,SLI,53,29,10,615.0,6150.0
2021092305002399,SLI,53,29,10,615.0,6150.0
2021092305002398,SLI,53,7,10,615.0,6150.0
2021092305002395,SLI,53,28,10,615.0,6150.0
2021092305002406,SLI,14,44,10,615.0,6150.0
2021092305002405,SLI,14,6,10,615.0,6150.0
2021092305002404,SLI,14,26,10,615.0,6150.0
2021092305002403,SLI,14,7,10,615.0,6150.0
2021092305002402,SLI,53,29,10,615.0,6150.0
2021092305002401,SLI,53,7,10,615.0,6150.0
2021092305002412,SLI,57,58,10,615.1,6151.0
2021092305002411,SLI,14,47,10,615.0,6150.0
2021092305002410,SLI,14,7,10,615.0,6150.0
2021092305002408,SLI,14,58,10,615.0,6150.0
2021092305002407,SLI,14,7,10,615.0,6150.0
2021092305002418,SLI,14,46,10,615.0,6150.0
2021092305002416,SLI,14,7,10,615.0,6150.0
2021092305002415,SLI,57,21,10,615.1,6151.0
2021092305002414,SLI,57,7,10,615.1,6151.0
2021092305002413,SLI,57,7,10,615.1,6151.0
2021092305002428,SLI,14,7,10,615.0,6150.0
2021092305002426,SLI,14,58,10,615.0,6150.0
2021092305002425,SLI,14,7,10,615.0,6150.0
2021092305002424,SLI,14,7,10,615.0,6150.0
2021092305002421,SLI,14,25,10,615.0,6150.0
2021092305002420,SLI,14,7,10,615.0,6150.0
2021092305002437,SLI,19,44,10,615.1,6151.0
2021092305002435,SLI,19,49,10,615.1,6151.0
2021092305002433,SLI,19,44,10,615.1,6151.0
2021092305002432,SLI,19,59,10,615.1,6151.0
2021092305002431,SLI,19,53,10,615.1,6151.0
2021092305002443,SLI,35,43,10,616.0,6160.0
2021092305002442,SLI,35,47,10,616.0,6160.0
2021092305002440,SLI,19,59,10,615.1,6151.0
2021092305002439,SLI,19,45,10,615.1,6151.0
2021092305002438,SLI,19,47,10,615.1,6151.0
2021092305002451,SLI,14,38,10,615.0,6150.0
2021092305002450,SLI,14,6,10,615.0,6150.0
2021092305002449,SLI,14,58,10,615.0,6150.0
2021092305002448,SLI,14,22,10,615.0,6150.0
2021092305002445,SLI,14,45,10,615.0,6150.0
2021092305002444,SLI,19,44,10,615.1,6151.0
2021092305002460,ULI,49,45,10,626.0,6260.0
2021092305002459,ULI,32,59,50,627.0,31350.0
2021092305002454,ULI,32,44,10,627.0,6270.0
2021092305002447,ULI,32,38,10,627.0,6270.0
2021092305002446,ULI,32,19,10,627.0,6270.0
2021092305002436,ULI,32,34,10,627.0,6270.0
2021092305001983,ULI,13,38,10,630.0,6300.0
2021092305001975,ULI,13,38,10,630.0,6300.0
2021092305001969,ULI,13,38,10,630.0,6300.0
2021092305001965,ULI,13,38,10,630.0,6300.0
2021092305001963,ULI,13,38,10,630.0,6300.0
2021092305001962,ULI,13,38,10,630.0,6300.0
2021092305001992,ULI,17,41,10,632.0,6320.0
2021092305001991,ULI,17,49,10,631.1,6311.0
2021092305001990,ULI,17,42,10,631.0,6310.0
2021092305001989,ULI,17,46,10,631.0,6310.0
2021092305001988,ULI,17,37,10,631.0,6310.0
2021092305001987,ULI,13,38,10,630.0,6300.0
2021092305002008,ULI,32,38,10,630.0,6300.0
2021092305002006,ULI,32,49,10,630.0,6300.0
2021092305002004,ULI,32,38,10,630.0,6300.0
2021092305001999,ULI,32,38,10,630.0,6300.0
2021092305001995,ULI,32,38,10,630.0,6300.0
2021092305001993,ULI,32,38,10,630.0,6300.0
2021092305002023,ULI,32,38,10,630.0,6300.0
2021092305002019,ULI,32,38,10,630.0,6300.0
2021092305002016,ULI,32,38,10,630.0,6300.0
2021092305002014,ULI,32,38,10,630.0,6300.0
2021092305002011,ULI,32,38,10,630.0,6300.0
2021092305002009,ULI,32,38,10,630.0,6300.0
2021092305002032,ULI,28,38,10,630.0,6300.0
2021092305002030,ULI,38,3,10,630.0,6300.0
2021092305002029,ULI,43,38,10,632.0,6320.0
2021092305002027,ULI,43,21,10,632.0,6320.0
2021092305002026,ULI,43,14,10,632.0,6320.0
2021092305002025,ULI,32,38,10,630.0,6300.0
2021092305002057,ULI,21,38,10,629.0,6290.0
2021092305002056,ULI,18,38,10,629.3,6293.0
2021092305002055,ULI,28,38,10,630.0,6300.0
2021092305002038,ULI,28,38,10,630.0,6300.0
2021092305002035,ULI,28,38,10,630.0,6300.0
2021092305002033,ULI,28,38,10,630.0,6300.0
2021092305002073,ULI,33,38,10,628.1,6281.0
2021092305002063,ULI,57,38,10,629.0,6290.0
2021092305002062,ULI,57,38,10,629.0,6290.0
2021092305002061,ULI,57,38,10,629.0,6290.0
2021092305002060,ULI,57,58,10,629.0,6290.0
2021092305002058,ULI,57,38,10,629.0,6290.0
2021092305002098,ULI,48,38,10,628.0,6280.0
2021092305002087,ULI,48,52,10,628.0,6280.0
2021092305002083,ULI,48,38,10,628.0,6280.0
2021092305002077,ULI,41,51,20,628.0,12560.0
2021092305002076,ULI,39,51,20,628.0,12560.0
2021092305002075,ULI,29,51,20,628.0,12560.0
2021092305002114,ULI,22,50,10,626.0,6260.0
2021092305002109,ULI,47,38,10,628.0,6280.0
2021092305002104,ULI,19,38,10,628.0,6280.0
2021092305002103,ULI,19,38,10,628.0,6280.0
2021092305002101,ULI,48,47,10,628.0,6280.0
2021092305002100,ULI,48,38,10,628.0,6280.0
2021092305002128,ULI,4,56,10,630.0,6300.0
2021092305002127,ULI,4,14,40,628.0,25120.0
2021092305002122,ULI,14,38,10,626.0,6260.0
2021092305002121,ULI,14,38,10,626.0,6260.0
2021092305002117,ULI,14,38,10,626.0,6260.0
2021092305002116,ULI,22,38,10,626.0,6260.0
2021092305002141,ULI,4,38,10,630.0,6300.0
2021092305002137,ULI,4,38,10,630.0,6300.0
2021092305002136,ULI,4,16,10,630.0,6300.0
2021092305002132,ULI,4,49,10,630.0,6300.0
2021092305002131,ULI,4,38,10,630.0,6300.0
2021092305002129,ULI,4,38,10,630.0,6300.0
2021092305002160,ULI,4,21,10,630.0,6300.0
2021092305002158,ULI,4,38,10,630.0,6300.0
2021092305002157,ULI,4,52,10,630.0,6300.0
2021092305002156,ULI,4,20,10,630.0,6300.0
2021092305002151,ULI,4,49,10,630.0,6300.0
2021092305002150,ULI,4,19,10,630.0,6300.0
2021092305002182,ULI,48,44,10,630.0,6300.0
2021092305002173,ULI,48,38,10,630.0,6300.0
2021092305002170,ULI,7,40,10,630.0,6300.0
2021092305002168,ULI,4,47,10,630.0,6300.0
2021092305002165,ULI,4,58,10,630.0,6300.0
2021092305002162,ULI,4,21,10,630.0,6300.0
2021092305002203,ULI,51,40,10,628.0,6280.0
2021092305002202,ULI,51,43,10,628.0,6280.0
2021092305002195,ULI,51,43,10,628.0,6280.0
2021092305002194,ULI,51,34,10,628.0,6280.0
2021092305002187,ULI,51,38,10,630.1,6301.0
2021092305002184,ULI,51,36,10,630.1,6301.0
2021092305002228,ULI,51,34,10,628.0,6280.0
2021092305002224,ULI,43,26,10,630.0,6300.0
2021092305002222,ULI,43,58,10,630.0,6300.0
2021092305002219,ULI,51,57,10,628.0,6280.0
2021092305002210,ULI,51,47,10,628.0,6280.0
2021092305002204,ULI,51,28,10,628.0,6280.0
2021092305002246,ULI,40,55,10,627.0,6270.0
2021092305002245,ULI,40,14,10,627.0,6270.0
2021092305002244,ULI,40,38,10,627.0,6270.0
2021092305002242,ULI,40,40,10,627.0,6270.0
2021092305002241,ULI,40,28,10,627.0,6270.0
2021092305002234,ULI,45,10,20,628.0,12560.0
2021092305002284,ULI,34,49,10,627.0,6270.0
2021092305002281,ULI,34,49,10,627.0,6270.0
2021092305002275,ULI,34,44,10,627.0,6270.0
2021092305002274,ULI,34,57,10,627.0,6270.0
2021092305002268,ULI,22,29,10,627.0,6270.0
2021092305002255,ULI,1,35,10,628.0,6280.0
2021092305002317,ULI,25,25,10,626.2,6262.0
2021092305002309,ULI,25,49,10,626.2,6262.0
2021092305002301,ULI,14,47,40,626.0,25040.0
2021092305002297,ULI,14,47,70,626.0,43820.0
2021092305002296,ULI,46,47,10,626.1,6261.0
2021092305002288,ULI,34,39,10,627.0,6270.0
2021092305002339,ULI,43,42,20,625.0,12500.0
2021092305002338,ULI,46,42,10,625.1,6251.0
2021092305002337,ULI,33,42,10,625.1,6251.0
2021092305002336,ULI,22,42,50,626.0,31300.0
2021092305002335,ULI,14,42,130,626.0,81380.0
2021092305002334,ULI,25,42,80,626.2,50096.0
2021092305002352,ULI,49,56,10,626.0,6260.0
2021092305002346,ULI,48,34,10,626.0,6260.0
2021092305002343,ULI,42,42,10,625.0,6250.0
2021092305002342,ULI,59,42,50,625.0,31250.0
2021092305002341,ULI,33,42,10,625.0,6250.0
2021092305002340,ULI,51,42,130,625.0,81250.0
2021092305002374,ULI,32,16,10,626.9,6269.0
2021092305002373,ULI,49,58,10,626.0,6260.0
2021092305002371,ULI,49,14,10,626.0,6260.0
2021092305002369,ULI,49,25,10,626.0,6260.0
2021092305002358,ULI,49,52,10,626.0,6260.0
2021092305002356,ULI,49,36,10,626.0,6260.0
2021092305002393,ULI,32,45,10,627.0,6270.0
2021092305002388,ULI,32,43,10,627.0,6270.0
2021092305002384,ULI,32,38,10,627.0,6270.0
2021092305002379,ULI,32,38,10,627.0,6270.0
2021092305002376,ULI,32,21,10,627.0,6270.0
2021092305002375,ULI,32,58,10,627.0,6270.0
2021092305002430,ULI,17,58,10,628.0,6280.0
2021092305002429,ULI,17,5,20,627.9,12558.0
2021092305002427,ULI,32,44,10,627.0,6270.0
2021092305002423,ULI,32,17,10,627.0,6270.0
2021092305002422,ULI,32,8,10,627.0,6270.0
2021092305002419,ULI,32,44,10,627.0,6270.0
2021092305001465,JBLB,49,49,10,4358.0,43580.0
2021092305001475,JBLB,48,26,10,4355.0,43550.0
2021092305001468,JBLB,6,42,10,4355.0,43550.0
2021092305001484,JBLB,26,6,10,4352.0,43520.0
2021092305001501,JBLB,16,10,10,4351.0,43510.0
2021092305001500,JBLB,16,41,10,4351.0,43510.0
2021092305001491,JBLB,26,33,30,4352.0,130560.0
2021092305001506,JBLB,42,16,"1,660",4360.0,7237600.0
2021092305001505,JBLB,42,21,10,4359.0,43590.0
2021092305001504,JBLB,42,45,10,4359.0,43590.0
2021092305001503,JBLB,42,42,10,4355.0,43550.0
2021092305001502,JBLB,42,41,10,4355.0,43550.0
2021092305001513,JBLB,54,38,10,4354.0,43540.0
2021092305001530,JBLB,16,28,10,4351.0,43510.0
2021092305001516,JBLB,16,47,10,4351.0,43510.0
2021092305001541,JBLB,53,21,10,4366.0,43660.0
2021092305001540,JBLB,53,16,35,4360.0,152600.0
2021092305001548,JBLB,51,35,30,4380.0,131400.0
2021092305001545,JBLB,53,58,10,4370.0,43700.0
2021092305001544,JBLB,53,18,20,4370.0,87400.0
2021092305001543,JBLB,53,58,10,4370.0,43700.0
2021092305001542,JBLB,53,38,10,4366.0,43660.0
2021092305001550,JBLB,51,22,10,4380.0,43800.0
2021092305001549,JBLB,51,29,10,4380.0,43800.0
2021092305001566,JBLB,28,4,10,4385.0,43850.0
2021092305001563,JBLB,21,26,10,4384.0,43840.0
2021092305001576,JBLB,28,7,10,4385.0,43850.0
2021092305001575,JBLB,21,36,10,4389.0,43890.0
2021092305001572,JBLB,28,47,10,4385.0,43850.0
2021092305001567,JBLB,28,14,50,4385.0,219250.0
2021092305001587,JBLB,45,36,10,4400.0,44000.0
2021092305001586,JBLB,45,5,10,4395.0,43950.0
2021092305001584,JBLB,51,49,10,4390.0,43900.0
2021092305001578,JBLB,51,11,10,4390.0,43900.0
2021092305001577,JBLB,51,53,100,4390.0,439000.0
2021092305001603,JBLB,28,52,10,4385.0,43850.0
2021092305001598,JBLB,28,6,10,4385.0,43850.0
2021092305001609,JBLB,42,22,10,4385.0,43850.0
2021092305001608,JBLB,42,21,10,4385.0,43850.0
2021092305001606,JBLB,42,51,10,4385.0,43850.0
2021092305001615,JBLB,41,34,10,4389.0,43890.0
2021092305001636,JBLB,54,34,10,4390.0,43900.0
2021092305001652,JBLB,42,38,10,4390.0,43900.0
2021092305001661,JBLB,19,41,10,4386.0,43860.0
2021092305001660,JBLB,19,58,10,4386.0,43860.0
2021092305001673,JBLB,42,42,10,4385.0,43850.0
2021092305001666,JBLB,19,56,10,4386.0,43860.0
2021092305001685,JBLB,37,38,10,4374.0,43740.0
2021092305001680,JBLB,42,6,10,4385.0,43850.0
2021092305001740,JBLB,37,44,10,4374.0,43740.0
2021092305001793,JBLB,21,14,10,4372.0,43720.0
2021092305001814,JBLB,21,57,10,4372.0,43720.0
2021092305001815,JBLB,42,57,10,4372.0,43720.0
2021092305001828,JBLB,58,38,110,4351.1,478621.0
2021092305001827,JBLB,22,38,40,4351.6,174064.0
2021092305001826,JBLB,37,38,20,4367.0,87340.0
2021092305001825,JBLB,54,38,50,4371.0,218550.0
2021092305001824,JBLB,42,38,10,4372.0,43720.0
2021092305001837,JBLB,34,38,70,4350.0,304500.0
2021092305001836,JBLB,39,38,20,4350.0,87000.0
2021092305001835,JBLB,26,38,20,4351.0,87020.0
2021092305001834,JBLB,16,38,60,4351.0,261060.0
2021092305001843,JBLB,4,38,15,4350.0,65250.0
2021092305001842,JBLB,17,38,10,4350.0,43500.0
2021092305001841,JBLB,48,38,13,4350.0,56550.0
2021092305001840,JBLB,59,38,10,4350.0,43500.0
2021092305001839,JBLB,29,38,20,4350.0,87000.0
2021092305001838,JBLB,44,38,20,4350.0,87000.0
2021092305001849,JBLB,29,38,50,4350.0,217500.0
2021092305001848,JBLB,41,38,30,4350.0,130500.0
2021092305001847,JBLB,39,38,50,4350.0,217500.0
2021092305001846,JBLB,35,38,10,4350.0,43500.0
2021092305001845,JBLB,38,38,40,4350.0,174000.0
2021092305001844,JBLB,40,38,10,4350.0,43500.0
2021092305001851,JBLB,45,38,32,4350.0,139200.0
2021092305001850,JBLB,17,38,20,4350.0,87000.0
2021092305001860,JBLB,41,38,20,4351.1,87022.0
2021092305001893,JBLB,58,4,10,4340.0,43400.0
2021092305001935,MKLB,48,58,9,1316.9,11852.1
2021092305001865,MKLB,48,58,1,1316.7,1316.7
2021092305001607,MKLB,48,58,9,1316.8,11851.2
2021092305001555,MKLB,48,58,1,1316.9,1316.9
2021092305001957,SLI,57,38,10,619.0,6190.0
2021092305001955,SLI,57,21,10,619.0,6190.0
2021092305001953,SLI,57,38,10,619.0,6190.0
2021092305001952,SLI,57,58,10,619.0,6190.0
2021092305001951,SLI,57,38,10,619.0,6190.0
2021092305001949,SLI,57,52,10,619.0,6190.0
2021092305001461,SLI,49,59,10,619.0,6190.0
2021092305001474,SLI,32,56,10,619.0,6190.0
2021092305001473,SLI,32,49,10,619.0,6190.0
2021092305001467,SLI,32,44,10,619.0,6190.0
2021092305001466,SLI,32,52,10,619.0,6190.0
2021092305001482,SLI,54,46,10,620.0,6200.0
2021092305001481,SLI,54,41,10,620.0,6200.0
2021092305001480,SLI,54,7,10,620.0,6200.0
2021092305001479,SLI,54,41,10,620.0,6200.0
2021092305001478,SLI,54,58,10,620.0,6200.0
2021092305001477,SLI,54,48,15,620.0,9300.0
2021092305001490,SLI,42,16,10,619.0,6190.0
2021092305001487,SLI,42,47,10,619.0,6190.0
2021092305001486,SLI,42,52,10,619.0,6190.0
2021092305001485,SLI,32,48,10,619.0,6190.0
2021092305001483,SLI,54,45,10,620.0,6200.0
2021092305001499,SLI,42,35,10,619.0,6190.0
2021092305001494,SLI,54,58,10,620.0,6200.0
2021092305001492,SLI,42,6,10,619.0,6190.0
2021092305001507,SLI,26,58,10,619.0,6190.0
2021092305001514,SLI,6,48,20,620.0,12400.0
2021092305001512,SLI,26,48,10,619.0,6190.0
2021092305001511,SLI,44,48,100,620.0,62000.0
2021092305001510,SLI,7,42,10,620.0,6200.0
2021092305001508,SLI,26,58,10,619.0,6190.0
2021092305001527,SLI,26,49,10,619.0,6190.0
2021092305001526,SLI,26,14,10,619.0,6190.0
2021092305001517,SLI,42,48,10,620.0,6200.0
2021092305001515,SLI,26,38,10,619.0,6190.0
2021092305001537,SLI,29,58,10,619.0,6190.0
2021092305001535,SLI,29,42,10,619.0,6190.0
2021092305001533,SLI,29,36,10,619.0,6190.0
2021092305001531,SLI,29,43,10,619.0,6190.0
2021092305001546,SLI,52,21,10,619.1,6191.0
2021092305001556,SLI,1,28,10,619.2,6192.0
2021092305001554,SLI,52,36,20,619.1,12382.0
2021092305001553,SLI,52,48,70,619.1,43337.0
2021092305001552,SLI,52,11,10,619.1,6191.0
2021092305001565,SLI,1,50,10,620.0,6200.0
2021092305001564,SLI,1,38,10,620.0,6200.0
2021092305001560,SLI,1,21,10,619.2,6192.0
2021092305001559,SLI,1,47,10,619.2,6192.0
2021092305001573,SLI,52,58,10,619.1,6191.0
2021092305001570,SLI,52,22,10,619.1,6191.0
2021092305001580,SLI,52,14,10,619.1,6191.0
2021092305001594,SLI,10,34,10,620.0,6200.0
2021092305001593,SLI,43,47,10,619.2,6192.0
2021092305001592,SLI,43,57,10,619.2,6192.0
2021092305001591,SLI,52,52,10,620.0,6200.0
2021092305001590,SLI,52,26,10,620.0,6200.0
2021092305001589,SLI,52,41,10,620.0,6200.0
2021092305001602,SLI,25,38,10,620.0,6200.0
2021092305001601,SLI,43,8,10,619.2,6192.0
2021092305001597,SLI,43,17,10,619.2,6192.0
2021092305001595,SLI,10,34,10,620.0,6200.0
2021092305001610,SLI,25,58,10,620.0,6200.0
2021092305001605,SLI,25,49,10,620.0,6200.0
2021092305001604,SLI,25,21,10,620.0,6200.0
2021092305001620,SLI,6,20,10,621.0,6210.0
2021092305001619,SLI,6,59,10,621.0,6210.0
2021092305001618,SLI,6,7,10,621.0,6210.0
2021092305001613,SLI,25,34,10,620.0,6200.0
2021092305001612,SLI,25,21,10,620.0,6200.0
2021092305001628,SLI,25,58,10,620.0,6200.0
2021092305001627,SLI,25,38,10,620.0,6200.0
2021092305001626,SLI,25,38,10,620.0,6200.0
2021092305001625,SLI,25,13,10,620.0,6200.0
2021092305001623,SLI,25,38,10,620.0,6200.0
2021092305001622,SLI,25,33,10,620.0,6200.0
2021092305001635,SLI,25,38,10,620.0,6200.0
2021092305001634,SLI,25,38,10,620.0,6200.0
2021092305001633,SLI,25,46,10,620.0,6200.0
2021092305001632,SLI,25,38,10,620.0,6200.0
2021092305001631,SLI,25,33,10,620.0,6200.0
2021092305001630,SLI,25,38,10,620.0,6200.0
2021092305001645,SLI,43,38,10,619.2,6192.0
2021092305001641,SLI,33,38,10,620.0,6200.0
2021092305001640,SLI,33,58,10,620.0,6200.0
2021092305001639,SLI,25,51,10,620.0,6200.0
2021092305001638,SLI,25,21,10,620.0,6200.0
2021092305001653,SLI,43,38,10,619.2,6192.0
2021092305001651,SLI,43,38,10,619.2,6192.0
2021092305001650,SLI,43,38,10,619.2,6192.0
2021092305001648,SLI,43,38,10,619.2,6192.0
2021092305001646,SLI,43,38,10,619.2,6192.0
2021092305001659,SLI,52,1,10,619.1,6191.0
2021092305001658,SLI,52,26,10,619.1,6191.0
2021092305001657,SLI,22,48,10,619.2,6192.0
2021092305001656,SLI,22,58,10,619.2,6192.0
2021092305001655,SLI,52,45,10,619.1,6191.0
2021092305001654,SLI,52,38,10,619.1,6191.0
2021092305001665,SLI,19,58,10,620.0,6200.0
2021092305001664,SLI,52,52,10,619.1,6191.0
2021092305001663,SLI,17,38,10,620.0,6200.0
2021092305001662,SLI,17,58,10,620.0,6200.0
2021092305001678,SLI,25,58,10,619.2,6192.0
2021092305001676,SLI,1,26,10,619.1,6191.0
2021092305001668,SLI,52,21,10,619.1,6191.0
2021092305001667,SLI,19,58,10,620.0,6200.0
2021092305001689,SLI,4,34,10,620.0,6200.0
2021092305001687,SLI,25,58,10,619.2,6192.0
2021092305001686,SLI,25,26,10,619.2,6192.0
2021092305001684,SLI,25,38,10,619.2,6192.0
2021092305001697,SLI,25,57,10,621.0,6210.0
2021092305001694,SLI,25,38,10,619.2,6192.0
2021092305001693,SLI,4,58,10,620.0,6200.0
2021092305001692,SLI,4,22,10,620.0,6200.0
2021092305001691,SLI,4,38,10,620.0,6200.0
2021092305001690,SLI,4,34,10,620.0,6200.0
2021092305001705,SLI,25,58,10,619.2,6192.0
2021092305001703,SLI,25,38,10,619.2,6192.0
2021092305001702,SLI,25,4,10,619.2,6192.0
2021092305001700,SLI,25,38,10,619.2,6192.0
2021092305001699,SLI,25,33,10,619.2,6192.0
2021092305001698,SLI,43,58,10,620.0,6200.0
2021092305001713,SLI,59,13,10,620.0,6200.0
2021092305001712,SLI,59,38,10,620.0,6200.0
2021092305001710,SLI,25,36,10,619.2,6192.0
2021092305001709,SLI,25,38,10,619.2,6192.0
2021092305001708,SLI,25,42,10,619.2,6192.0
2021092305001706,SLI,25,38,10,619.2,6192.0
2021092305001723,SLI,59,38,10,620.0,6200.0
2021092305001722,SLI,59,54,10,620.0,6200.0
2021092305001721,SLI,59,38,10,620.0,6200.0
2021092305001718,SLI,59,38,10,620.0,6200.0
2021092305001716,SLI,59,38,10,620.0,6200.0
2021092305001715,SLI,59,58,10,620.0,6200.0
2021092305001733,SLI,1,38,10,619.1,6191.0
2021092305001731,SLI,51,38,10,619.2,6192.0
2021092305001728,SLI,51,38,10,619.2,6192.0
2021092305001727,SLI,25,38,10,619.2,6192.0
2021092305001726,SLI,59,58,10,620.0,6200.0
2021092305001724,SLI,59,21,10,620.0,6200.0
2021092305001743,SLI,1,52,10,619.1,6191.0
2021092305001741,SLI,1,38,10,619.1,6191.0
2021092305001738,SLI,1,38,10,619.1,6191.0
2021092305001735,SLI,1,38,10,619.1,6191.0
2021092305001734,SLI,1,38,10,619.1,6191.0
2021092305001749,SLI,50,4,20,619.0,12380.0
2021092305001748,SLI,58,4,30,619.0,18570.0
2021092305001747,SLI,42,4,20,619.0,12380.0
2021092305001746,SLI,49,4,10,619.0,6190.0
2021092305001745,SLI,29,4,50,619.0,30950.0
2021092305001744,SLI,29,38,10,619.0,6190.0
2021092305001756,SLI,39,58,10,618.1,6181.0
2021092305001755,SLI,21,4,100,619.0,61900.0
2021092305001754,SLI,39,38,10,618.1,6181.0
2021092305001752,SLI,25,38,10,618.1,6181.0
2021092305001751,SLI,14,4,10,619.0,6190.0
2021092305001750,SLI,11,4,40,619.0,24760.0
2021092305001766,SLI,39,59,10,618.1,6181.0
2021092305001764,SLI,39,38,10,618.1,6181.0
2021092305001762,SLI,39,58,10,618.1,6181.0
2021092305001761,SLI,39,38,10,618.1,6181.0
2021092305001760,SLI,39,38,10,618.1,6181.0
2021092305001758,SLI,39,38,10,618.1,6181.0
2021092305001777,SLI,34,38,10,618.1,6181.0
2021092305001776,SLI,34,58,10,618.1,6181.0
2021092305001772,SLI,34,38,10,618.1,6181.0
2021092305001771,SLI,17,4,30,619.0,18570.0
2021092305001770,SLI,39,38,10,618.1,6181.0
2021092305001768,SLI,39,6,10,618.1,6181.0
2021092305001785,SLI,34,38,10,618.1,6181.0
2021092305001784,SLI,34,58,10,618.1,6181.0
2021092305001783,SLI,34,58,10,618.1,6181.0
2021092305001781,SLI,34,58,10,618.1,6181.0
2021092305001780,SLI,34,38,10,618.1,6181.0
2021092305001778,SLI,34,38,10,618.1,6181.0
2021092305001795,SLI,34,38,10,618.1,6181.0
2021092305001791,SLI,34,38,10,618.1,6181.0
2021092305001789,SLI,34,19,10,618.1,6181.0
2021092305001788,SLI,34,38,10,618.1,6181.0
2021092305001787,SLI,34,38,10,618.1,6181.0
2021092305001803,SLI,22,38,10,618.0,6180.0
2021092305001801,SLI,34,58,10,618.1,6181.0
2021092305001800,SLI,34,38,10,618.1,6181.0
2021092305001799,SLI,34,46,10,618.1,6181.0
2021092305001798,SLI,34,38,10,618.1,6181.0
2021092305001796,SLI,34,26,10,618.1,6181.0
2021092305001812,SLI,22,58,10,618.0,6180.0
2021092305001811,SLI,22,58,10,618.0,6180.0
2021092305001810,SLI,22,38,10,618.0,6180.0
2021092305001809,SLI,25,42,190,618.2,117458.0
2021092305001808,SLI,25,29,10,618.1,6181.0
2021092305001821,SLI,57,58,10,619.0,6190.0
2021092305001820,SLI,57,52,10,619.0,6190.0
2021092305001819,SLI,57,4,190,619.0,117610.0
2021092305001818,SLI,57,42,20,618.2,12364.0
2021092305001817,SLI,22,38,10,618.0,6180.0
2021092305001822,SLI,57,38,10,619.0,6190.0
2021092305001832,SLI,57,38,10,619.0,6190.0
2021092305001830,SLI,57,38,10,619.0,6190.0
2021092305001856,SLI,57,58,10,619.0,6190.0
2021092305001854,SLI,57,43,10,619.0,6190.0
2021092305001853,SLI,57,58,10,619.0,6190.0
2021092305001852,SLI,57,38,10,619.0,6190.0
2021092305001862,SLI,57,38,10,619.0,6190.0
2021092305001861,SLI,57,14,10,619.0,6190.0
2021092305001859,SLI,57,38,10,619.0,6190.0
2021092305001858,SLI,57,43,10,619.0,6190.0
2021092305001857,SLI,57,38,10,619.0,6190.0
2021092305001869,SLI,57,38,10,619.0,6190.0
2021092305001868,SLI,57,38,10,619.0,6190.0
2021092305001867,SLI,57,58,10,619.0,6190.0
2021092305001866,SLI,57,38,10,619.0,6190.0
2021092305001864,SLI,57,35,10,619.0,6190.0
2021092305001863,SLI,57,58,10,619.0,6190.0
2021092305001887,SLI,57,58,10,619.0,6190.0
2021092305001886,SLI,57,38,10,619.0,6190.0
2021092305001883,SLI,57,38,10,619.0,6190.0
2021092305001882,SLI,57,38,10,619.0,6190.0
2021092305001879,SLI,57,38,10,619.0,6190.0
2021092305001872,SLI,57,38,10,619.0,6190.0
2021092305001895,SLI,57,38,10,619.0,6190.0
2021092305001892,SLI,57,8,10,619.0,6190.0
2021092305001891,SLI,57,38,10,619.0,6190.0
2021092305001890,SLI,57,38,10,619.0,6190.0
2021092305001889,SLI,57,7,10,619.0,6190.0
2021092305001905,SLI,57,38,10,619.0,6190.0
2021092305001902,SLI,57,38,10,619.0,6190.0
2021092305001900,SLI,57,38,10,619.0,6190.0
2021092305001899,SLI,57,58,10,619.0,6190.0
2021092305001898,SLI,57,38,10,619.0,6190.0
2021092305001896,SLI,57,14,10,619.0,6190.0
2021092305001913,SLI,57,38,10,619.0,6190.0
2021092305001912,SLI,57,45,10,619.0,6190.0
2021092305001911,SLI,57,38,10,619.0,6190.0
2021092305001910,SLI,57,38,10,619.0,6190.0
2021092305001909,SLI,57,38,10,619.0,6190.0
2021092305001906,SLI,57,38,10,619.0,6190.0
2021092305001922,SLI,57,38,10,619.0,6190.0
2021092305001921,SLI,57,38,10,619.0,6190.0
2021092305001919,SLI,57,57,10,619.0,6190.0
2021092305001918,SLI,57,38,10,619.0,6190.0
2021092305001916,SLI,57,58,10,619.0,6190.0
2021092305001914,SLI,57,14,10,619.0,6190.0
2021092305001932,SLI,57,58,10,619.0,6190.0
2021092305001931,SLI,57,52,10,619.0,6190.0
2021092305001929,SLI,57,38,10,619.0,6190.0
2021092305001928,SLI,57,43,10,619.0,6190.0
2021092305001925,SLI,57,58,10,619.0,6190.0
2021092305001923,SLI,57,38,10,619.0,6190.0
2021092305001941,SLI,57,38,10,619.0,6190.0
2021092305001940,SLI,57,44,10,619.0,6190.0
2021092305001939,SLI,57,58,10,619.0,6190.0
2021092305001938,SLI,57,43,10,619.0,6190.0
2021092305001937,SLI,57,38,10,619.0,6190.0
2021092305001933,SLI,57,38,10,619.0,6190.0
2021092305001948,SLI,57,49,10,619.0,6190.0
2021092305001947,SLI,57,58,10,619.0,6190.0
2021092305001946,SLI,57,38,10,619.0,6190.0
2021092305001945,SLI,57,38,10,619.0,6190.0
2021092305001944,SLI,57,29,10,619.0,6190.0
2021092305001943,SLI,57,38,10,619.0,6190.0
2021092305001960,ULI,13,57,10,630.0,6300.0
2021092305001959,ULI,13,32,10,630.0,6300.0
2021092305001958,ULI,13,38,10,630.0,6300.0
2021092305001956,ULI,41,38,10,630.0,6300.0
2021092305001954,ULI,41,38,10,630.0,6300.0
2021092305001950,ULI,41,38,10,630.0,6300.0
2021092305001463,ULI,26,52,10,632.2,6322.0
2021092305001462,ULI,26,10,10,632.2,6322.0
2021092305001476,ULI,21,44,10,632.0,6320.0
2021092305001472,ULI,40,4,50,632.2,31610.0
2021092305001471,ULI,26,4,30,632.2,18966.0
2021092305001470,ULI,42,34,10,633.0,6330.0
2021092305001469,ULI,26,26,10,632.2,6322.0
2021092305001464,ULI,26,58,10,632.2,6322.0
2021092305001497,ULI,42,47,20,632.0,12640.0
2021092305001496,ULI,1,47,20,632.0,12640.0
2021092305001495,ULI,1,48,10,632.0,6320.0
2021092305001493,ULI,1,34,10,632.0,6320.0
2021092305001489,ULI,1,49,10,632.0,6320.0
2021092305001488,ULI,21,58,10,632.0,6320.0
2021092305001521,ULI,41,34,10,632.0,6320.0
2021092305001520,ULI,14,4,25,632.2,15805.0
2021092305001519,ULI,41,29,10,632.0,6320.0
2021092305001518,ULI,41,58,10,632.0,6320.0
2021092305001509,ULI,41,58,10,632.0,6320.0
2021092305001498,ULI,41,47,10,632.0,6320.0
2021092305001529,ULI,53,38,10,632.0,6320.0
2021092305001528,ULI,53,55,10,632.0,6320.0
2021092305001525,ULI,53,38,10,632.0,6320.0
2021092305001524,ULI,53,34,20,632.0,12640.0
2021092305001523,ULI,43,34,10,632.0,6320.0
2021092305001522,ULI,38,34,10,632.0,6320.0
2021092305001547,ULI,17,21,10,631.0,6310.0
2021092305001539,ULI,17,43,10,631.0,6310.0
2021092305001538,ULI,17,55,10,631.0,6310.0
2021092305001536,ULI,17,38,10,631.0,6310.0
2021092305001534,ULI,53,40,40,632.0,25280.0
2021092305001532,ULI,53,38,10,632.0,6320.0
2021092305001568,ULI,56,58,10,631.0,6310.0
2021092305001562,ULI,56,38,40,631.0,25240.0
2021092305001561,ULI,56,47,10,631.0,6310.0
2021092305001558,ULI,54,26,30,632.0,18960.0
2021092305001557,ULI,54,40,10,632.0,6320.0
2021092305001551,ULI,56,52,10,631.0,6310.0
2021092305001582,ULI,14,46,10,632.0,6320.0
2021092305001581,ULI,14,46,10,632.0,6320.0
2021092305001579,ULI,56,38,10,631.0,6310.0
2021092305001574,ULI,56,38,10,631.0,6310.0
2021092305001571,ULI,56,38,10,631.0,6310.0
2021092305001569,ULI,56,59,10,631.0,6310.0
2021092305001600,ULI,56,8,10,631.0,6310.0
2021092305001599,ULI,56,38,10,631.0,6310.0
2021092305001596,ULI,56,35,10,631.0,6310.0
2021092305001588,ULI,56,42,10,631.0,6310.0
2021092305001585,ULI,56,14,10,631.0,6310.0
2021092305001583,ULI,14,58,5,632.0,3160.0
2021092305001624,ULI,45,50,10,631.1,6311.0
2021092305001621,ULI,45,47,10,631.1,6311.0
2021092305001617,ULI,45,59,10,631.1,6311.0
2021092305001616,ULI,45,38,10,631.1,6311.0
2021092305001614,ULI,45,38,10,631.1,6311.0
2021092305001611,ULI,56,38,10,631.0,6310.0
2021092305001647,ULI,45,26,10,631.1,6311.0
2021092305001644,ULI,45,38,10,631.1,6311.0
2021092305001643,ULI,45,59,10,631.1,6311.0
2021092305001642,ULI,45,43,10,631.1,6311.0
2021092305001637,ULI,45,38,10,631.1,6311.0
2021092305001629,ULI,45,38,10,631.1,6311.0
2021092305001674,ULI,52,38,10,632.0,6320.0
2021092305001672,ULI,58,58,10,632.0,6320.0
2021092305001671,ULI,58,46,10,632.0,6320.0
2021092305001670,ULI,58,26,10,632.0,6320.0
2021092305001669,ULI,58,38,10,632.0,6320.0
2021092305001649,ULI,45,38,10,631.1,6311.0
2021092305001683,ULI,19,38,10,631.2,6312.0
2021092305001682,ULI,19,38,10,631.2,6312.0
2021092305001681,ULI,19,38,10,631.2,6312.0
2021092305001679,ULI,19,38,10,631.2,6312.0
2021092305001677,ULI,19,14,10,631.2,6312.0
2021092305001675,ULI,52,49,10,632.0,6320.0
2021092305001707,ULI,45,38,10,631.1,6311.0
2021092305001704,ULI,45,38,10,631.1,6311.0
2021092305001701,ULI,45,38,10,631.1,6311.0
2021092305001696,ULI,19,38,10,631.2,6312.0
2021092305001695,ULI,58,18,10,632.0,6320.0
2021092305001688,ULI,19,38,10,631.2,6312.0
2021092305001725,ULI,45,38,10,631.1,6311.0
2021092305001720,ULI,45,36,10,631.1,6311.0
2021092305001719,ULI,45,38,10,631.1,6311.0
2021092305001717,ULI,45,38,10,631.1,6311.0
2021092305001714,ULI,45,38,10,631.1,6311.0
2021092305001711,ULI,45,38,10,631.1,6311.0
2021092305001739,ULI,56,38,10,631.0,6310.0
2021092305001737,ULI,51,38,10,631.1,6311.0
2021092305001736,ULI,45,38,10,631.1,6311.0
2021092305001732,ULI,45,38,10,631.1,6311.0
2021092305001730,ULI,45,38,10,631.1,6311.0
2021092305001729,ULI,45,26,10,631.1,6311.0
2021092305001765,ULI,16,38,10,631.0,6310.0
2021092305001763,ULI,16,38,10,631.0,6310.0
2021092305001759,ULI,16,38,10,631.0,6310.0
2021092305001757,ULI,16,38,10,631.0,6310.0
2021092305001753,ULI,56,38,10,631.0,6310.0
2021092305001742,ULI,56,38,10,631.0,6310.0
2021092305001779,ULI,16,38,10,631.0,6310.0
2021092305001775,ULI,44,21,10,631.1,6311.0
2021092305001774,ULI,44,38,10,631.1,6311.0
2021092305001773,ULI,44,38,10,631.1,6311.0
2021092305001769,ULI,44,38,10,631.1,6311.0
2021092305001767,ULI,44,5,10,631.1,6311.0
2021092305001797,ULI,16,38,10,631.0,6310.0
2021092305001794,ULI,16,58,10,631.0,6310.0
2021092305001792,ULI,16,38,10,631.0,6310.0
2021092305001790,ULI,16,38,10,631.0,6310.0
2021092305001786,ULI,16,38,10,631.0,6310.0
2021092305001782,ULI,16,38,10,631.0,6310.0
2021092305001813,ULI,16,38,10,631.0,6310.0
2021092305001807,ULI,16,56,10,631.0,6310.0
2021092305001806,ULI,16,43,10,631.0,6310.0
2021092305001805,ULI,16,38,10,631.0,6310.0
2021092305001804,ULI,16,38,10,631.0,6310.0
2021092305001802,ULI,16,38,10,631.0,6310.0
2021092305001855,ULI,44,38,10,630.1,6301.0
2021092305001833,ULI,44,38,10,630.1,6301.0
2021092305001831,ULI,19,38,10,631.0,6310.0
2021092305001829,ULI,16,38,10,631.0,6310.0
2021092305001823,ULI,16,43,10,631.0,6310.0
2021092305001816,ULI,16,38,10,631.0,6310.0
2021092305001876,ULI,19,36,30,630.0,18900.0
2021092305001875,ULI,19,38,10,630.0,6300.0
2021092305001874,ULI,19,58,10,630.0,6300.0
2021092305001873,ULI,44,16,10,630.1,6301.0
2021092305001871,ULI,44,38,10,630.1,6301.0
2021092305001870,ULI,44,38,10,630.1,6301.0
2021092305001885,ULI,36,16,10,630.0,6300.0
2021092305001884,ULI,39,38,10,630.0,6300.0
2021092305001881,ULI,39,38,10,630.0,6300.0
2021092305001880,ULI,45,38,10,630.0,6300.0
2021092305001878,ULI,45,36,30,630.0,18900.0
2021092305001877,ULI,32,36,50,630.0,31500.0
2021092305001904,ULI,48,38,10,630.0,6300.0
2021092305001903,ULI,48,52,10,630.0,6300.0
2021092305001901,ULI,48,38,10,630.0,6300.0
2021092305001897,ULI,48,38,10,630.0,6300.0
2021092305001894,ULI,48,38,10,630.0,6300.0
2021092305001888,ULI,36,38,10,630.0,6300.0
2021092305001924,ULI,41,38,10,631.0,6310.0
2021092305001920,ULI,48,38,10,630.0,6300.0
2021092305001917,ULI,48,58,10,630.0,6300.0
2021092305001915,ULI,48,38,10,630.0,6300.0
2021092305001908,ULI,48,38,10,630.0,6300.0
2021092305001907,ULI,48,38,10,630.0,6300.0
2021092305001942,ULI,41,38,10,630.0,6300.0
2021092305001936,ULI,41,38,10,630.0,6300.0
2021092305001934,ULI,41,38,10,631.0,6310.0
2021092305001930,ULI,41,38,10,631.0,6310.0
2021092305001927,ULI,41,46,10,631.0,6310.0
2021092305001926,ULI,41,38,10,631.0,6310.0
2021092305001460,JBLB,56,49,9,4359.0,39231.0
2021092305001459,JBLB,56,35,10,4359.0,43590.0
2021092305000969,JBLB,49,1,10,4373.0,43730.0
2021092305000980,JBLB,58,58,10,4379.0,43790.0
2021092305000993,JBLB,42,6,10,4372.0,43720.0
2021092305001002,JBLB,19,47,10,4372.0,43720.0
2021092305001001,JBLB,42,47,20,4372.0,87440.0
2021092305001000,JBLB,42,47,10,4372.0,43720.0
2021092305001012,JBLB,17,11,10,4371.0,43710.0
2021092305001010,JBLB,49,26,10,4371.0,43710.0
2021092305001021,JBLB,33,11,10,4371.0,43710.0
2021092305001020,JBLB,57,45,10,4370.0,43700.0
2021092305001031,JBLB,42,46,10,4370.0,43700.0
2021092305001027,JBLB,42,36,10,4369.0,43690.0
2021092305001026,JBLB,57,11,10,4370.0,43700.0
2021092305001040,JBLB,42,32,10,4369.0,43690.0
2021092305001037,JBLB,58,45,10,4370.0,43700.0
2021092305001045,JBLB,42,29,10,4369.0,43690.0
2021092305001055,JBLB,42,14,40,4369.0,174760.0
2021092305001054,JBLB,49,14,10,4370.0,43700.0
2021092305001053,JBLB,42,45,10,4369.0,43690.0
2021092305001050,JBLB,42,17,10,4369.0,43690.0
2021092305001062,JBLB,57,14,10,4368.0,43680.0
2021092305001061,JBLB,42,14,10,4368.0,43680.0
2021092305001060,JBLB,48,14,20,4368.0,87360.0
2021092305001059,JBLB,42,14,10,4369.0,43690.0
2021092305001065,JBLB,56,53,10,4380.0,43800.0
2021092305001079,JBLB,50,34,10,4380.0,43800.0
2021092305001076,JBLB,50,5,10,4380.0,43800.0
2021092305001073,JBLB,42,45,10,4380.0,43800.0
2021092305001090,JBLB,7,8,40,4385.0,175400.0
2021092305001089,JBLB,50,44,10,4380.0,43800.0
2021092305001085,JBLB,50,45,10,4380.0,43800.0
2021092305001098,JBLB,50,45,10,4380.0,43800.0
2021092305001094,JBLB,7,38,10,4385.0,43850.0
2021092305001110,JBLB,50,45,10,4380.0,43800.0
2021092305001114,JBLB,17,49,10,4385.0,43850.0
2021092305001113,JBLB,17,13,10,4385.0,43850.0
2021092305001112,JBLB,17,53,10,4382.0,43820.0
2021092305001127,JBLB,17,51,10,4381.0,43810.0
2021092305001151,JBLB,50,58,10,4380.0,43800.0
2021092305001154,JBLB,50,6,10,4380.0,43800.0
2021092305001168,JBLB,21,52,10,4380.0,43800.0
2021092305001167,JBLB,6,39,10,4380.0,43800.0
2021092305001163,JBLB,50,42,10,4380.0,43800.0
2021092305001162,JBLB,50,49,10,4380.0,43800.0
2021092305001176,JBLB,8,42,10,4380.0,43800.0
2021092305001171,JBLB,54,6,10,4381.0,43810.0
2021092305001170,JBLB,57,53,10,4380.0,43800.0
2021092305001185,JBLB,22,45,10,4370.0,43700.0
2021092305001189,JBLB,41,8,10,4370.0,43700.0
2021092305001222,JBLB,8,17,10,4370.0,43700.0
2021092305001221,JBLB,26,38,10,4367.0,43670.0
2021092305001240,JBLB,49,52,10,4370.0,43700.0
2021092305001246,JBLB,56,58,10,4371.0,43710.0
2021092305001262,JBLB,56,45,10,4371.0,43710.0
2021092305001272,JBLB,56,32,10,4371.0,43710.0
2021092305001284,JBLB,22,41,10,4380.0,43800.0
2021092305001283,JBLB,22,21,10,4379.0,43790.0
2021092305001280,JBLB,56,16,60,4371.0,262260.0
2021092305001278,JBLB,56,38,10,4371.0,43710.0
2021092305001285,JBLB,43,36,10,4370.0,43700.0
2021092305001292,JBLB,54,4,10,4366.1,43661.0
2021092305001310,JBLB,57,13,10,4367.0,43670.0
2021092305001304,JBLB,54,52,10,4366.1,43661.0
2021092305001326,JBLB,54,54,10,4366.1,43661.0
2021092305001335,JBLB,39,16,10,4366.0,43660.0
2021092305001331,JBLB,39,50,10,4366.0,43660.0
2021092305001342,JBLB,39,34,10,4366.0,43660.0
2021092305001339,JBLB,49,58,10,4366.1,43661.0
2021092305001361,JBLB,39,59,10,4366.0,43660.0
2021092305001368,JBLB,39,59,10,4366.0,43660.0
2021092305001366,JBLB,39,54,10,4366.0,43660.0
2021092305001363,JBLB,8,58,10,4367.0,43670.0
2021092305001362,JBLB,39,54,10,4366.0,43660.0
2021092305001376,JBLB,56,7,10,4367.0,43670.0
2021092305001370,JBLB,39,45,10,4366.0,43660.0
2021092305001369,JBLB,39,54,10,4366.0,43660.0
2021092305001384,JBLB,56,32,10,4363.0,43630.0
2021092305001381,JBLB,33,49,10,4366.0,43660.0
2021092305001379,JBLB,39,38,10,4366.0,43660.0
2021092305001393,JBLB,56,46,10,4363.0,43630.0
2021092305001389,JBLB,56,49,10,4363.0,43630.0
2021092305001397,JBLB,56,46,10,4363.0,43630.0
2021092305001405,JBLB,56,6,10,4363.0,43630.0
2021092305001417,JBLB,48,28,10,4362.0,43620.0
2021092305001416,JBLB,48,38,10,4362.0,43620.0
2021092305001413,JBLB,48,21,10,4362.0,43620.0
2021092305001420,JBLB,48,21,10,4362.0,43620.0
2021092305001430,JBLB,47,16,110,4360.0,479600.0
2021092305001429,JBLB,42,16,25,4360.0,109000.0
2021092305001428,JBLB,58,16,20,4360.0,87200.0
2021092305001427,JBLB,54,16,80,4361.0,348880.0
2021092305001426,JBLB,57,16,20,4362.0,87240.0
2021092305001425,JBLB,48,16,40,4362.0,174480.0
2021092305001431,JBLB,43,16,10,4360.0,43600.0
2021092305001451,JBLB,56,58,10,4359.0,43590.0
2021092305001447,JBLB,56,51,10,4359.0,43590.0
2021092305001100,MKLB,57,36,10,1317.2,13172.0
2021092305001087,MKLB,14,38,10,1296.1,12961.0
2021092305001457,SLI,45,48,30,620.0,18600.0
2021092305001456,SLI,13,21,10,619.0,6190.0
2021092305001455,SLI,13,1,10,619.0,6190.0
2021092305001453,SLI,13,38,10,619.0,6190.0
2021092305000964,SLI,45,48,10,620.3,6203.0
2021092305000963,SLI,18,41,10,622.0,6220.0
2021092305000962,SLI,18,19,10,622.0,6220.0
2021092305000961,SLI,18,28,20,621.0,12420.0
2021092305000977,SLI,34,39,10,624.0,6240.0
2021092305000976,SLI,34,14,10,624.0,6240.0
2021092305000975,SLI,45,32,10,620.3,6203.0
2021092305000974,SLI,45,1,10,620.3,6203.0
2021092305000971,SLI,57,58,10,623.0,6230.0
2021092305000970,SLI,57,38,10,623.0,6230.0
2021092305000983,SLI,34,52,10,624.0,6240.0
2021092305000982,SLI,34,43,10,624.0,6240.0
2021092305000981,SLI,34,34,10,624.0,6240.0
2021092305000979,SLI,34,57,10,624.0,6240.0
2021092305000978,SLI,34,22,10,624.0,6240.0
2021092305000994,SLI,34,17,10,624.0,6240.0
2021092305000990,SLI,54,45,10,625.0,6250.0
2021092305000989,SLI,54,45,10,625.0,6250.0
2021092305000988,SLI,54,38,10,625.0,6250.0
2021092305000987,SLI,34,58,10,624.0,6240.0
2021092305001003,SLI,14,58,10,624.0,6240.0
2021092305000998,SLI,51,49,10,621.0,6210.0
2021092305000995,SLI,34,49,10,624.0,6240.0
2021092305001011,SLI,51,35,10,621.0,6210.0
2021092305001009,SLI,51,10,10,621.0,6210.0
2021092305001008,SLI,51,57,40,621.0,24840.0
2021092305001004,SLI,54,38,10,622.0,6220.0
2021092305001019,SLI,47,45,10,620.4,6204.0
2021092305001018,SLI,51,57,10,621.0,6210.0
2021092305001017,SLI,51,36,10,621.0,6210.0
2021092305001013,SLI,51,42,10,621.0,6210.0
2021092305001032,SLI,22,51,10,621.0,6210.0
2021092305001030,SLI,6,32,10,620.5,6205.0
2021092305001028,SLI,32,45,10,621.0,6210.0
2021092305001036,SLI,22,57,10,622.0,6220.0
2021092305001035,SLI,22,57,10,621.0,6210.0
2021092305001034,SLI,22,58,10,621.0,6210.0
2021092305001033,SLI,22,38,10,621.0,6210.0
2021092305001048,SLI,55,58,20,622.0,12440.0
2021092305001047,SLI,55,51,10,621.0,6210.0
2021092305001044,SLI,6,58,10,620.5,6205.0
2021092305001043,SLI,6,56,10,620.5,6205.0
2021092305001041,SLI,6,38,10,620.5,6205.0
2021092305001052,SLI,44,6,10,620.6,6206.0
2021092305001051,SLI,44,42,10,620.6,6206.0
2021092305001058,SLI,6,47,10,622.0,6220.0
2021092305001057,SLI,6,58,50,622.0,31100.0
2021092305001069,SLI,6,14,10,622.0,6220.0
2021092305001067,SLI,6,55,10,622.0,6220.0
2021092305001066,SLI,6,35,10,622.0,6220.0
2021092305001064,SLI,6,6,10,622.0,6220.0
2021092305001063,SLI,6,45,10,622.0,6220.0
2021092305001078,SLI,6,57,10,622.0,6220.0
2021092305001072,SLI,6,58,10,622.0,6220.0
2021092305001070,SLI,6,38,10,622.0,6220.0
2021092305001091,SLI,6,58,10,622.0,6220.0
2021092305001088,SLI,58,57,20,623.0,12460.0
2021092305001082,SLI,6,32,10,622.0,6220.0
2021092305001096,SLI,6,49,10,622.0,6220.0
2021092305001095,SLI,6,21,10,622.0,6220.0
2021092305001093,SLI,6,35,10,622.0,6220.0
2021092305001092,SLI,6,6,10,622.0,6220.0
2021092305001107,SLI,47,49,10,621.0,6210.0
2021092305001106,SLI,47,49,10,621.0,6210.0
2021092305001102,SLI,35,43,100,622.0,62200.0
2021092305001101,SLI,6,43,250,622.0,155500.0
2021092305001099,SLI,6,49,10,622.0,6220.0
2021092305001118,SLI,36,43,10,622.0,6220.0
2021092305001116,SLI,47,38,10,621.0,6210.0
2021092305001115,SLI,47,42,10,621.0,6210.0
2021092305001128,SLI,26,58,10,622.0,6220.0
2021092305001126,SLI,26,58,10,622.0,6220.0
2021092305001125,SLI,51,42,10,622.0,6220.0
2021092305001124,SLI,47,35,10,621.1,6211.0
2021092305001119,SLI,47,6,10,621.0,6210.0
2021092305001134,SLI,59,26,10,624.0,6240.0
2021092305001133,SLI,57,56,10,623.0,6230.0
2021092305001132,SLI,35,54,10,623.9,6239.0
2021092305001131,SLI,35,22,10,623.0,6230.0
2021092305001130,SLI,35,16,10,623.0,6230.0
2021092305001129,SLI,35,57,10,623.0,6230.0
2021092305001140,SLI,59,47,10,625.0,6250.0
2021092305001139,SLI,59,47,10,625.0,6250.0
2021092305001138,SLI,59,47,10,625.0,6250.0
2021092305001137,SLI,59,47,10,625.0,6250.0
2021092305001136,SLI,59,4,10,624.0,6240.0
2021092305001135,SLI,59,21,10,624.0,6240.0
2021092305001146,SLI,59,56,60,625.0,37500.0
2021092305001145,SLI,59,57,10,625.0,6250.0
2021092305001144,SLI,59,54,10,625.0,6250.0
2021092305001143,SLI,59,46,10,625.0,6250.0
2021092305001142,SLI,59,49,10,625.0,6250.0
2021092305001141,SLI,59,57,10,625.0,6250.0
2021092305001152,SLI,51,52,10,625.0,6250.0
2021092305001150,SLI,59,41,10,625.0,6250.0
2021092305001149,SLI,59,6,10,625.0,6250.0
2021092305001148,SLI,59,39,10,625.0,6250.0
2021092305001147,SLI,59,58,10,625.0,6250.0
2021092305001160,SLI,57,34,10,623.0,6230.0
2021092305001158,SLI,51,6,10,625.0,6250.0
2021092305001157,SLI,51,4,10,625.0,6250.0
2021092305001156,SLI,51,35,10,625.0,6250.0
2021092305001155,SLI,51,56,10,625.0,6250.0
2021092305001169,SLI,57,25,10,623.0,6230.0
2021092305001165,SLI,57,39,10,623.0,6230.0
2021092305001175,SLI,33,21,10,623.0,6230.0
2021092305001173,SLI,6,58,10,626.0,6260.0
2021092305001172,SLI,6,35,10,626.0,6260.0
2021092305001184,SLI,58,10,10,623.0,6230.0
2021092305001183,SLI,20,38,10,623.0,6230.0
2021092305001181,SLI,20,39,10,623.0,6230.0
2021092305001180,SLI,48,38,10,623.0,6230.0
2021092305001178,SLI,33,45,10,623.0,6230.0
2021092305001192,SLI,59,57,10,625.0,6250.0
2021092305001191,SLI,59,36,10,625.0,6250.0
2021092305001190,SLI,58,38,10,623.0,6230.0
2021092305001187,SLI,58,38,10,623.0,6230.0
2021092305001186,SLI,58,19,10,623.0,6230.0
2021092305001198,SLI,59,35,10,627.0,6270.0
2021092305001197,SLI,59,45,10,627.0,6270.0
2021092305001196,SLI,59,50,10,627.0,6270.0
2021092305001195,SLI,59,50,10,627.0,6270.0
2021092305001194,SLI,59,45,10,627.0,6270.0
2021092305001193,SLI,59,52,10,626.0,6260.0
2021092305001204,SLI,59,40,10,628.0,6280.0
2021092305001203,SLI,59,40,10,628.0,6280.0
2021092305001202,SLI,59,39,10,628.0,6280.0
2021092305001201,SLI,59,17,10,627.9,6279.0
2021092305001200,SLI,59,50,10,627.9,6279.0
2021092305001199,SLI,59,58,10,627.5,6275.0
2021092305001210,SLI,59,39,10,628.0,6280.0
2021092305001209,SLI,59,36,10,628.0,6280.0
2021092305001208,SLI,59,39,10,628.0,6280.0
2021092305001207,SLI,59,39,10,628.0,6280.0
2021092305001206,SLI,59,39,10,628.0,6280.0
2021092305001205,SLI,59,39,10,628.0,6280.0
2021092305001216,SLI,59,34,10,628.0,6280.0
2021092305001215,SLI,59,39,10,628.0,6280.0
2021092305001214,SLI,59,39,10,628.0,6280.0
2021092305001213,SLI,59,39,10,628.0,6280.0
2021092305001212,SLI,59,39,10,628.0,6280.0
2021092305001211,SLI,59,39,10,628.0,6280.0
2021092305001220,SLI,59,58,10,628.0,6280.0
2021092305001219,SLI,59,39,10,628.0,6280.0
2021092305001218,SLI,59,49,10,628.0,6280.0
2021092305001217,SLI,59,39,10,628.0,6280.0
2021092305001234,SLI,47,32,10,621.1,6211.0
2021092305001232,SLI,47,38,10,621.1,6211.0
2021092305001229,SLI,47,19,10,621.1,6211.0
2021092305001228,SLI,47,38,10,621.1,6211.0
2021092305001225,SLI,22,19,10,622.0,6220.0
2021092305001223,SLI,26,4,10,622.0,6220.0
2021092305001244,SLI,47,8,10,621.0,6210.0
2021092305001243,SLI,47,38,10,621.1,6211.0
2021092305001242,SLI,47,35,10,621.1,6211.0
2021092305001237,SLI,47,44,10,621.1,6211.0
2021092305001236,SLI,47,38,10,621.1,6211.0
2021092305001251,SLI,26,47,10,621.0,6210.0
2021092305001250,SLI,47,56,10,621.0,6210.0
2021092305001249,SLI,47,56,10,621.0,6210.0
2021092305001247,SLI,47,58,10,621.0,6210.0
2021092305001245,SLI,47,56,10,621.0,6210.0
2021092305001257,SLI,26,57,10,621.0,6210.0
2021092305001256,SLI,45,58,10,622.0,6220.0
2021092305001255,SLI,45,49,10,622.0,6220.0
2021092305001254,SLI,45,56,10,622.0,6220.0
2021092305001253,SLI,45,58,10,621.1,6211.0
2021092305001252,SLI,26,38,10,621.0,6210.0
2021092305001264,SLI,25,43,70,621.0,43470.0
2021092305001263,SLI,25,57,10,621.0,6210.0
2021092305001261,SLI,26,49,10,621.0,6210.0
2021092305001259,SLI,26,21,10,621.0,6210.0
2021092305001258,SLI,26,57,40,621.0,24840.0
2021092305001274,SLI,45,26,10,620.3,6203.0
2021092305001270,SLI,44,26,10,620.6,6206.0
2021092305001267,SLI,44,43,150,620.6,93090.0
2021092305001266,SLI,44,43,480,620.6,297888.0
2021092305001265,SLI,52,43,150,620.7,93105.0
2021092305001279,SLI,45,6,10,620.3,6203.0
2021092305001277,SLI,42,58,10,621.0,6210.0
2021092305001291,SLI,53,47,10,621.0,6210.0
2021092305001290,SLI,53,45,10,621.0,6210.0
2021092305001289,SLI,53,58,10,621.0,6210.0
2021092305001287,SLI,53,54,10,621.0,6210.0
2021092305001286,SLI,53,6,10,621.0,6210.0
2021092305001303,SLI,53,58,10,621.0,6210.0
2021092305001301,SLI,53,57,10,621.0,6210.0
2021092305001295,SLI,53,49,10,621.0,6210.0
2021092305001294,SLI,53,45,10,621.0,6210.0
2021092305001293,SLI,53,45,10,621.0,6210.0
