Transact. No.,Symbol,Buyer,Seller,Quantity,Rate,Amount
2021092805003480,JBLB,14,19,10,3940.0,39400.0
2021092805003479,JBLB,39,19,10,3941.0,39410.0
2021092805003013,JBLB,28,55,10,3950.0,39500.0
2021092805003011,JBLB,56,21,10,3949.0,39490.0
2021092805003007,JBLB,36,55,10,3950.0,39500.0
2021092805003006,JBLB,36,32,10,3950.0,39500.0
2021092805003005,JBLB,56,43,10,3949.0,39490.0
2021092805003015,JBLB,10,41,10,3949.0,39490.0
2021092805003029,JBLB,1,45,10,3947.0,39470.0
2021092805003046,JBLB,41,36,10,3945.0,39450.0
2021092805003045,JBLB,45,36,100,3945.0,394500.0
2021092805003044,JBLB,47,36,100,3945.0,394500.0
2021092805003043,JBLB,43,36,50,3945.1,197255.0
2021092805003048,JBLB,59,36,10,3945.0,39450.0
2021092805003047,JBLB,38,36,50,3945.0,197250.0
2021092805003076,JBLB,7,47,10,3940.1,39401.0
2021092805003074,JBLB,7,32,20,3940.1,78802.0
2021092805003070,JBLB,34,49,10,3940.1,39401.0
2021092805003091,JBLB,36,8,10,3941.0,39410.0
2021092805003090,JBLB,47,21,10,3940.0,39400.0
2021092805003088,JBLB,41,48,10,3940.0,39400.0
2021092805003083,JBLB,41,38,10,3940.0,39400.0
2021092805003081,JBLB,41,52,10,3940.0,39400.0
2021092805003099,JBLB,32,55,10,3945.0,39450.0
2021092805003097,JBLB,47,58,10,3940.0,39400.0
2021092805003111,JBLB,3,55,20,3950.0,79000.0
2021092805003110,JBLB,3,8,10,3949.0,39490.0
2021092805003106,JBLB,47,52,10,3940.0,39400.0
2021092805003117,JBLB,3,42,10,3950.0,39500.0
2021092805003116,JBLB,3,50,10,3950.0,39500.0
2021092805003115,JBLB,3,39,10,3950.0,39500.0
2021092805003114,JBLB,3,20,10,3950.0,39500.0
2021092805003113,JBLB,3,19,10,3950.0,39500.0
2021092805003112,JBLB,3,3,10,3950.0,39500.0
2021092805003120,JBLB,3,7,10,3950.0,39500.0
2021092805003118,JBLB,3,42,10,3950.0,39500.0
2021092805003130,JBLB,47,52,10,3940.0,39400.0
2021092805003138,JBLB,47,52,10,3940.0,39400.0
2021092805003137,JBLB,10,35,10,3951.0,39510.0
2021092805003136,JBLB,47,21,10,3940.0,39400.0
2021092805003153,JBLB,58,58,10,3942.0,39420.0
2021092805003152,JBLB,58,38,10,3950.0,39500.0
2021092805003145,JBLB,47,36,10,3940.0,39400.0
2021092805003157,JBLB,59,19,10,3950.0,39500.0
2021092805003154,JBLB,59,14,10,3950.0,39500.0
2021092805003167,JBLB,42,38,10,3950.1,39501.0
2021092805003166,JBLB,42,45,10,3950.0,39500.0
2021092805003165,JBLB,42,32,50,3943.0,197150.0
2021092805003172,JBLB,42,42,10,3950.1,39501.0
2021092805003171,JBLB,42,47,10,3950.1,39501.0
2021092805003170,JBLB,42,38,10,3950.1,39501.0
2021092805003188,JBLB,57,45,10,3945.0,39450.0
2021092805003187,JBLB,25,45,10,3950.0,39500.0
2021092805003186,JBLB,25,42,10,3950.0,39500.0
2021092805003184,JBLB,57,45,20,3943.0,78860.0
2021092805003181,JBLB,57,25,10,3943.0,39430.0
2021092805003202,JBLB,57,34,10,3943.0,39430.0
2021092805003210,JBLB,1,6,10,3943.0,39430.0
2021092805003209,JBLB,1,54,10,3943.0,39430.0
2021092805003206,JBLB,1,35,10,3943.0,39430.0
2021092805003203,JBLB,45,45,10,3944.0,39440.0
2021092805003214,JBLB,42,45,20,3944.0,78880.0
2021092805003212,JBLB,1,25,10,3943.0,39430.0
2021092805003232,JBLB,7,25,10,3943.0,39430.0
2021092805003231,JBLB,1,54,10,3943.0,39430.0
2021092805003227,JBLB,57,45,10,3944.0,39440.0
2021092805003241,JBLB,7,36,10,3943.0,39430.0
2021092805003247,JBLB,44,45,10,3944.0,39440.0
2021092805003246,JBLB,8,58,10,3940.1,39401.0
2021092805003287,JBLB,47,59,10,3940.0,39400.0
2021092805003285,JBLB,47,42,10,3940.0,39400.0
2021092805003278,JBLB,8,38,10,3940.1,39401.0
2021092805003277,JBLB,36,46,10,3940.2,39402.0
2021092805003294,JBLB,57,57,20,3940.0,78800.0
2021092805003293,JBLB,49,57,30,3940.0,118200.0
2021092805003292,JBLB,47,57,10,3940.0,39400.0
2021092805003319,JBLB,57,49,10,3940.0,39400.0
2021092805003332,JBLB,46,34,10,3940.0,39400.0
2021092805003330,JBLB,6,22,10,3940.0,39400.0
2021092805003329,JBLB,59,51,10,3943.0,39430.0
2021092805003328,JBLB,59,58,10,3943.0,39430.0
2021092805003324,JBLB,4,21,10,3940.0,39400.0
2021092805003345,JBLB,1,58,10,3940.0,39400.0
2021092805003342,JBLB,1,3,40,3940.0,157600.0
2021092805003341,JBLB,46,3,40,3940.0,157600.0
2021092805003339,JBLB,53,53,20,3943.0,78860.0
2021092805003356,JBLB,50,51,30,3940.0,118200.0
2021092805003355,JBLB,48,51,10,3943.0,39430.0
2021092805003353,JBLB,48,51,10,3943.0,39430.0
2021092805003351,JBLB,59,58,10,3943.0,39430.0
2021092805003349,JBLB,59,4,10,3943.0,39430.0
2021092805003346,JBLB,59,53,10,3943.0,39430.0
2021092805003359,JBLB,59,38,10,3940.0,39400.0
2021092805003358,JBLB,59,29,10,3940.0,39400.0
2021092805003357,JBLB,50,51,10,3940.0,39400.0
2021092805003372,JBLB,59,45,10,3940.0,39400.0
2021092805003371,JBLB,59,45,10,3940.0,39400.0
2021092805003367,JBLB,59,6,10,3940.0,39400.0
2021092805003365,JBLB,59,56,10,3940.0,39400.0
2021092805003376,JBLB,46,45,10,3943.0,39430.0
2021092805003373,JBLB,59,51,10,3940.0,39400.0
2021092805003395,JBLB,41,28,10,3940.0,39400.0
2021092805003394,JBLB,57,28,50,3940.0,197000.0
2021092805003393,JBLB,47,28,10,3940.0,39400.0
2021092805003392,JBLB,59,28,20,3940.0,78800.0
2021092805003391,JBLB,59,43,10,3940.0,39400.0
2021092805003404,JBLB,7,28,10,3940.0,39400.0
2021092805003415,JBLB,42,14,10,3940.0,39400.0
2021092805003414,JBLB,42,10,10,3940.0,39400.0
2021092805003412,JBLB,59,20,10,3940.0,39400.0
2021092805003411,JBLB,59,43,10,3940.0,39400.0
2021092805003435,JBLB,7,21,10,3940.0,39400.0
2021092805003433,JBLB,21,21,10,3940.0,39400.0
2021092805003432,JBLB,21,32,10,3940.0,39400.0
2021092805003431,JBLB,10,58,10,3940.0,39400.0
2021092805003430,JBLB,44,58,10,3940.0,39400.0
2021092805003429,JBLB,58,58,10,3940.0,39400.0
2021092805003441,JBLB,28,56,10,3940.0,39400.0
2021092805003436,JBLB,28,21,10,3940.0,39400.0
2021092805003445,JBLB,57,45,10,3941.0,39410.0
2021092805003444,JBLB,26,59,10,3941.0,39410.0
2021092805003450,JBLB,32,32,10,3940.0,39400.0
2021092805003449,JBLB,57,32,10,3941.0,39410.0
2021092805003469,JBLB,10,45,10,3942.0,39420.0
2021092805003474,JBLB,26,58,10,3942.0,39420.0
2021092805003473,JBLB,26,43,10,3940.0,39400.0
2021092805003481,MKLB,35,6,299,1753.0,524147.0
2021092805003472,MKLB,35,6,10,1753.0,17530.0
2021092805003468,MKLB,35,4,10,1753.0,17530.0
2021092805003413,MKLB,35,16,10,1753.0,17530.0
2021092805003409,MKLB,35,58,10,1753.0,17530.0
2021092805003396,MKLB,35,29,10,1753.0,17530.0
2021092805003003,MKLB,42,52,10,1753.0,17530.0
2021092805003082,MKLB,16,53,10,1753.0,17530.0
2021092805003080,MKLB,41,8,10,1753.0,17530.0
2021092805003073,MKLB,42,21,10,1753.0,17530.0
2021092805003054,MKLB,42,32,10,1753.0,17530.0
2021092805003051,MKLB,42,52,10,1753.0,17530.0
2021092805003012,MKLB,42,21,10,1753.0,17530.0
2021092805003174,MKLB,16,58,10,1753.0,17530.0
2021092805003169,MKLB,16,58,10,1753.0,17530.0
2021092805003162,MKLB,16,32,10,1753.0,17530.0
2021092805003143,MKLB,16,20,10,1753.0,17530.0
2021092805003122,MKLB,16,54,10,1753.0,17530.0
2021092805003100,MKLB,16,38,10,1753.0,17530.0
2021092805003234,MKLB,35,28,10,1753.0,17530.0
2021092805003215,MKLB,7,57,10,1753.0,17530.0
2021092805003183,MKLB,49,28,10,1753.0,17530.0
2021092805003179,MKLB,16,38,10,1753.0,17530.0
2021092805003178,MKLB,16,19,10,1753.0,17530.0
2021092805003176,MKLB,16,36,10,1753.0,17530.0
2021092805003288,MKLB,35,7,10,1753.0,17530.0
2021092805003279,MKLB,35,39,10,1753.0,17530.0
2021092805003275,MKLB,35,58,10,1753.0,17530.0
2021092805003253,MKLB,35,34,10,1753.0,17530.0
2021092805003252,MKLB,35,58,10,1753.0,17530.0
2021092805003245,MKLB,35,45,10,1753.0,17530.0
2021092805003333,MKLB,35,56,10,1753.0,17530.0
2021092805003321,MKLB,35,34,10,1753.0,17530.0
2021092805003318,MKLB,35,35,10,1753.0,17530.0
2021092805003317,MKLB,35,26,10,1753.0,17530.0
2021092805003295,MKLB,35,17,10,1753.0,17530.0
2021092805003291,MKLB,35,13,10,1753.0,17530.0
2021092805003388,MKLB,35,28,10,1753.0,17530.0
2021092805003377,MKLB,35,38,10,1753.0,17530.0
2021092805003363,MKLB,35,35,10,1753.0,17530.0
2021092805003362,MKLB,35,6,10,1753.0,17530.0
2021092805003350,MKLB,35,29,10,1753.0,17530.0
2021092805003338,MKLB,35,3,10,1753.0,17530.0
2021092805003485,SLI,49,22,10,535.0,5350.0
2021092805003484,SLI,49,21,10,535.0,5350.0
2021092805003483,SLI,49,38,10,535.0,5350.0
2021092805003482,SLI,49,28,13,535.0,6955.0
2021092805003004,SLI,6,6,10,536.1,5361.0
2021092805003002,SLI,6,11,10,536.1,5361.0
2021092805003001,SLI,6,21,10,536.1,5361.0
2021092805002994,SLI,6,21,10,536.1,5361.0
2021092805002992,SLI,6,21,10,536.1,5361.0
2021092805003009,SLI,6,4,10,536.1,5361.0
2021092805003019,SLI,26,10,10,535.5,5355.0
2021092805003018,SLI,32,10,20,536.0,10720.0
2021092805003017,SLI,38,10,20,536.0,10720.0
2021092805003016,SLI,55,10,100,536.0,53600.0
2021092805003014,SLI,6,49,10,536.1,5361.0
2021092805003025,SLI,13,10,90,535.0,48150.0
2021092805003024,SLI,28,10,30,535.0,16050.0
2021092805003023,SLI,59,10,100,535.0,53500.0
2021092805003022,SLI,44,10,500,535.0,267500.0
2021092805003021,SLI,51,10,20,535.0,10700.0
2021092805003020,SLI,16,10,110,535.1,58861.0
2021092805003034,SLI,17,10,90,535.2,48168.0
2021092805003033,SLI,17,25,10,535.2,5352.0
2021092805003032,SLI,32,38,10,535.0,5350.0
2021092805003027,SLI,41,49,10,536.1,5361.0
2021092805003026,SLI,13,38,10,535.0,5350.0
2021092805003040,SLI,59,10,50,535.0,26750.0
2021092805003039,SLI,26,10,10,535.0,5350.0
2021092805003038,SLI,3,10,40,535.0,21400.0
2021092805003037,SLI,29,10,30,535.0,16050.0
2021092805003036,SLI,38,10,20,535.0,10700.0
2021092805003035,SLI,32,10,40,535.0,21400.0
2021092805003042,SLI,55,49,10,535.0,5350.0
2021092805003041,SLI,55,10,60,535.0,32100.0
2021092805003055,SLI,38,57,10,536.0,5360.0
2021092805003053,SLI,38,57,10,536.0,5360.0
2021092805003052,SLI,38,11,10,536.0,5360.0
2021092805003049,SLI,38,21,10,535.2,5352.0
2021092805003069,SLI,38,49,10,536.0,5360.0
2021092805003068,SLI,38,34,30,536.0,16080.0
2021092805003067,SLI,38,49,10,536.0,5360.0
2021092805003065,SLI,17,47,10,537.0,5370.0
2021092805003064,SLI,17,45,10,536.1,5361.0
2021092805003057,SLI,38,41,10,536.0,5360.0
2021092805003078,SLI,55,56,10,535.0,5350.0
2021092805003077,SLI,22,14,10,536.0,5360.0
2021092805003075,SLI,55,58,10,535.0,5350.0
2021092805003085,SLI,55,18,10,535.0,5350.0
2021092805003101,SLI,55,52,10,535.0,5350.0
2021092805003098,SLI,55,49,10,535.0,5350.0
2021092805003093,SLI,55,58,10,535.0,5350.0
2021092805003092,SLI,55,58,10,535.0,5350.0
2021092805003109,SLI,55,1,10,535.0,5350.0
2021092805003108,SLI,55,35,10,535.0,5350.0
2021092805003107,SLI,55,4,10,535.0,5350.0
2021092805003127,SLI,56,21,10,535.0,5350.0
2021092805003126,SLI,55,4,10,535.0,5350.0
2021092805003121,SLI,55,7,10,535.0,5350.0
2021092805003119,SLI,55,58,10,535.0,5350.0
2021092805003134,SLI,28,52,10,535.0,5350.0
2021092805003133,SLI,49,58,10,537.0,5370.0
2021092805003132,SLI,49,53,10,537.0,5370.0
2021092805003131,SLI,49,36,490,537.0,263130.0
2021092805003128,SLI,28,6,10,535.0,5350.0
2021092805003144,SLI,28,1,10,535.0,5350.0
2021092805003141,SLI,28,36,10,535.0,5350.0
2021092805003135,SLI,28,49,10,535.0,5350.0
2021092805003149,SLI,44,43,10,537.0,5370.0
2021092805003147,SLI,44,13,10,537.0,5370.0
2021092805003146,SLI,44,28,10,536.0,5360.0
2021092805003159,SLI,11,58,10,539.0,5390.0
2021092805003158,SLI,11,36,10,539.0,5390.0
2021092805003156,SLI,44,45,10,537.0,5370.0
2021092805003155,SLI,44,14,10,537.0,5370.0
2021092805003164,SLI,11,48,10,539.0,5390.0
2021092805003161,SLI,11,58,10,539.0,5390.0
2021092805003160,SLI,11,36,10,539.0,5390.0
2021092805003177,SLI,45,3,10,536.0,5360.0
2021092805003175,SLI,45,58,10,536.0,5360.0
2021092805003168,SLI,45,58,10,536.0,5360.0
2021092805003189,SLI,45,58,10,536.1,5361.0
2021092805003201,SLI,45,14,10,536.0,5360.0
2021092805003196,SLI,45,21,10,536.0,5360.0
2021092805003194,SLI,45,13,10,536.0,5360.0
2021092805003191,SLI,45,14,40,536.0,21440.0
2021092805003190,SLI,45,14,10,536.1,5361.0
2021092805003205,SLI,45,35,10,536.0,5360.0
2021092805003204,SLI,45,3,10,536.0,5360.0
2021092805003220,SLI,50,38,50,535.0,26750.0
2021092805003219,SLI,28,38,50,535.0,26750.0
2021092805003218,SLI,45,38,70,536.0,37520.0
2021092805003211,SLI,45,20,10,536.0,5360.0
2021092805003226,SLI,22,38,60,535.0,32100.0
2021092805003225,SLI,47,38,50,535.0,26750.0
2021092805003224,SLI,21,38,20,535.0,10700.0
2021092805003223,SLI,50,38,10,535.0,5350.0
2021092805003222,SLI,4,38,10,535.0,5350.0
2021092805003221,SLI,17,38,40,535.0,21400.0
2021092805003237,SLI,22,36,10,535.0,5350.0
2021092805003235,SLI,22,54,10,535.0,5350.0
2021092805003233,SLI,22,58,10,535.0,5350.0
2021092805003243,SLI,22,14,10,535.0,5350.0
2021092805003242,SLI,43,49,10,535.1,5351.0
2021092805003240,SLI,43,57,10,535.1,5351.0
2021092805003239,SLI,22,25,10,535.0,5350.0
2021092805003238,SLI,22,8,10,535.0,5350.0
2021092805003254,SLI,22,58,10,535.0,5350.0
2021092805003250,SLI,22,36,10,535.0,5350.0
2021092805003249,SLI,22,3,10,535.0,5350.0
2021092805003244,SLI,22,4,10,535.0,5350.0
2021092805003262,SLI,34,38,10,538.0,5380.0
2021092805003261,SLI,34,46,10,537.0,5370.0
2021092805003260,SLI,34,58,10,537.0,5370.0
2021092805003259,SLI,34,48,10,537.0,5370.0
2021092805003258,SLI,34,49,10,536.0,5360.0
2021092805003257,SLI,34,34,10,535.1,5351.0
2021092805003268,SLI,34,44,10,540.0,5400.0
2021092805003267,SLI,34,22,10,540.0,5400.0
2021092805003266,SLI,34,38,10,540.0,5400.0
2021092805003265,SLI,34,58,10,540.0,5400.0
2021092805003264,SLI,34,57,10,540.0,5400.0
2021092805003263,SLI,34,21,10,538.0,5380.0
2021092805003276,SLI,34,44,10,540.0,5400.0
2021092805003274,SLI,34,14,10,540.0,5400.0
2021092805003272,SLI,34,35,10,540.0,5400.0
2021092805003271,SLI,34,58,10,540.0,5400.0
2021092805003270,SLI,34,56,10,540.0,5400.0
2021092805003269,SLI,34,22,10,540.0,5400.0
2021092805003283,SLI,34,42,10,540.0,5400.0
2021092805003280,SLI,34,38,10,540.0,5400.0
2021092805003297,SLI,19,58,10,540.0,5400.0
2021092805003296,SLI,19,48,10,540.0,5400.0
2021092805003289,SLI,22,6,10,535.0,5350.0
2021092805003303,SLI,19,58,10,545.0,5450.0
2021092805003302,SLI,19,41,10,541.0,5410.0
2021092805003301,SLI,19,14,"1,000",541.0,541000.0
2021092805003300,SLI,19,43,10,541.0,5410.0
2021092805003299,SLI,19,7,80,540.9,43272.0
2021092805003298,SLI,19,34,200,540.0,108000.0
2021092805003309,SLI,22,58,10,535.0,5350.0
2021092805003308,SLI,19,6,550,545.0,299750.0
2021092805003307,SLI,19,5,10,545.0,5450.0
2021092805003306,SLI,19,41,10,545.0,5450.0
2021092805003305,SLI,19,47,90,545.0,49050.0
2021092805003304,SLI,19,6,10,545.0,5450.0
2021092805003322,SLI,22,28,20,535.0,10700.0
2021092805003316,SLI,22,20,10,535.0,5350.0
2021092805003314,SLI,50,7,10,540.0,5400.0
2021092805003313,SLI,22,41,10,535.0,5350.0
2021092805003311,SLI,22,17,10,535.0,5350.0
2021092805003323,SLI,22,43,10,535.0,5350.0
2021092805003344,SLI,7,51,10,536.0,5360.0
2021092805003343,SLI,3,38,10,535.1,5351.0
2021092805003364,SLI,38,49,10,538.0,5380.0
2021092805003361,SLI,55,58,10,540.0,5400.0
2021092805003360,SLI,55,54,10,540.0,5400.0
2021092805003368,SLI,57,56,15,540.0,8100.0
2021092805003366,SLI,38,21,10,538.0,5380.0
2021092805003380,SLI,38,1,30,538.0,16140.0
2021092805003379,SLI,50,1,20,540.0,10800.0
2021092805003378,SLI,50,1,20,540.0,10800.0
2021092805003375,SLI,46,49,10,544.0,5440.0
2021092805003390,SLI,38,58,10,538.0,5380.0
2021092805003387,SLI,55,42,20,537.0,10740.0
2021092805003386,SLI,55,35,10,537.0,5370.0
2021092805003385,SLI,34,58,70,538.0,37660.0
2021092805003384,SLI,58,58,20,538.0,10760.0
2021092805003381,SLI,58,1,30,538.0,16140.0
2021092805003397,SLI,38,58,50,538.0,26900.0
2021092805003407,SLI,55,20,10,537.0,5370.0
2021092805003406,SLI,55,38,10,537.0,5370.0
2021092805003402,SLI,55,58,10,537.0,5370.0
2021092805003400,SLI,55,20,10,537.0,5370.0
2021092805003398,SLI,55,52,30,537.0,16110.0
2021092805003416,SLI,7,52,10,536.0,5360.0
2021092805003408,SLI,7,58,10,536.0,5360.0
2021092805003440,SLI,58,58,18,538.0,9684.0
2021092805003439,SLI,58,38,10,537.0,5370.0
2021092805003438,SLI,58,48,10,537.0,5370.0
2021092805003437,SLI,58,14,10,537.0,5370.0
2021092805003448,SLI,51,6,50,538.0,26900.0
2021092805003447,SLI,51,45,10,538.0,5380.0
2021092805003443,SLI,7,22,10,536.0,5360.0
2021092805003442,SLI,7,36,10,536.0,5360.0
2021092805003456,SLI,22,28,10,535.0,5350.0
2021092805003455,SLI,45,28,200,536.0,107200.0
2021092805003454,SLI,51,28,230,538.0,123740.0
2021092805003452,SLI,51,16,10,538.0,5380.0
2021092805003462,SLI,17,28,100,535.0,53500.0
2021092805003461,SLI,20,28,20,535.0,10700.0
2021092805003460,SLI,44,28,25,535.0,13375.0
2021092805003459,SLI,50,28,10,535.0,5350.0
2021092805003458,SLI,53,28,50,535.0,26750.0
2021092805003457,SLI,16,28,185,535.0,98975.0
2021092805003471,SLI,42,28,10,535.0,5350.0
2021092805003466,SLI,43,28,10,535.0,5350.0
2021092805003465,SLI,21,28,50,535.0,26750.0
2021092805003464,SLI,38,28,30,535.0,16050.0
2021092805003463,SLI,56,28,37,535.0,19795.0
2021092805003478,SLI,20,28,20,535.0,10700.0
2021092805003477,SLI,17,58,10,534.0,5340.0
2021092805003476,SLI,38,59,10,534.2,5342.0
2021092805003475,SLI,38,21,10,534.2,5342.0
2021092805003491,ULI,57,45,30,559.0,16770.0
2021092805003490,ULI,14,45,50,559.0,27950.0
2021092805003489,ULI,53,45,89,559.0,49751.0
2021092805003488,ULI,49,45,10,560.0,5600.0
2021092805003487,ULI,49,26,10,560.0,5600.0
2021092805003486,ULI,49,58,10,560.0,5600.0
2021092805002995,ULI,13,46,10,560.1,5601.0
2021092805002993,ULI,45,48,10,560.0,5600.0
2021092805003008,ULI,55,38,10,562.0,5620.0
2021092805003000,ULI,13,38,10,563.0,5630.0
2021092805002999,ULI,13,22,10,563.0,5630.0
2021092805002998,ULI,13,51,10,563.0,5630.0
2021092805002997,ULI,13,41,10,562.0,5620.0
2021092805002996,ULI,13,49,10,562.0,5620.0
2021092805003056,ULI,55,48,10,560.9,5609.0
2021092805003050,ULI,45,17,10,560.0,5600.0
2021092805003031,ULI,45,56,10,560.0,5600.0
2021092805003030,ULI,45,58,10,560.0,5600.0
2021092805003028,ULI,45,58,10,560.0,5600.0
2021092805003010,ULI,55,48,10,562.0,5620.0
2021092805003063,ULI,38,3,10,561.0,5610.0
2021092805003062,ULI,38,6,10,561.0,5610.0
2021092805003061,ULI,38,36,10,561.0,5610.0
2021092805003060,ULI,13,58,10,560.0,5600.0
2021092805003059,ULI,13,1,10,560.0,5600.0
2021092805003058,ULI,45,42,10,560.0,5600.0
2021092805003086,ULI,43,53,40,562.0,22480.0
2021092805003084,ULI,43,58,10,562.0,5620.0
2021092805003079,ULI,38,38,10,561.0,5610.0
2021092805003072,ULI,21,47,10,562.0,5620.0
2021092805003071,ULI,21,59,10,562.0,5620.0
2021092805003066,ULI,38,1,10,561.0,5610.0
2021092805003102,ULI,51,44,10,563.0,5630.0
2021092805003096,ULI,38,10,10,562.0,5620.0
2021092805003095,ULI,38,56,10,562.0,5620.0
2021092805003094,ULI,38,38,10,562.0,5620.0
2021092805003089,ULI,20,54,10,562.0,5620.0
2021092805003087,ULI,20,53,10,562.0,5620.0
2021092805003125,ULI,51,43,10,563.0,5630.0
2021092805003124,ULI,51,52,10,563.0,5630.0
2021092805003123,ULI,51,49,10,563.0,5630.0
2021092805003105,ULI,51,49,10,563.0,5630.0
2021092805003104,ULI,51,36,10,563.0,5630.0
2021092805003103,ULI,51,22,10,563.0,5630.0
2021092805003150,ULI,38,3,10,562.0,5620.0
2021092805003148,ULI,38,57,10,562.0,5620.0
2021092805003142,ULI,38,52,10,562.0,5620.0
2021092805003140,ULI,51,53,10,563.0,5630.0
2021092805003139,ULI,51,38,10,563.0,5630.0
2021092805003129,ULI,51,55,10,563.0,5630.0
2021092805003185,ULI,38,3,10,562.0,5620.0
2021092805003182,ULI,38,25,10,562.0,5620.0
2021092805003180,ULI,38,42,10,562.0,5620.0
2021092805003173,ULI,42,17,10,563.0,5630.0
2021092805003163,ULI,55,53,20,563.0,11260.0
2021092805003151,ULI,38,38,10,562.0,5620.0
2021092805003199,ULI,38,38,10,562.0,5620.0
2021092805003198,ULI,38,58,10,562.0,5620.0
2021092805003197,ULI,38,58,10,562.0,5620.0
2021092805003195,ULI,38,57,10,562.0,5620.0
2021092805003193,ULI,38,53,200,562.0,112400.0
2021092805003192,ULI,38,38,10,562.0,5620.0
2021092805003217,ULI,38,53,300,562.0,168600.0
2021092805003216,ULI,38,25,10,562.0,5620.0
2021092805003213,ULI,38,54,10,562.0,5620.0
2021092805003208,ULI,38,21,15,562.0,8430.0
2021092805003207,ULI,38,14,10,562.0,5620.0
2021092805003200,ULI,38,13,10,562.0,5620.0
2021092805003251,ULI,49,45,10,561.0,5610.0
2021092805003248,ULI,57,25,10,561.0,5610.0
2021092805003236,ULI,38,25,10,562.0,5620.0
2021092805003230,ULI,38,14,10,562.0,5620.0
2021092805003229,ULI,38,55,10,562.0,5620.0
2021092805003228,ULI,38,45,10,562.0,5620.0
2021092805003284,ULI,38,38,10,560.2,5602.0
2021092805003282,ULI,7,52,10,561.0,5610.0
2021092805003281,ULI,38,38,10,560.2,5602.0
2021092805003273,ULI,29,58,10,561.1,5611.0
2021092805003256,ULI,55,19,10,562.0,5620.0
2021092805003255,ULI,55,29,10,562.0,5620.0
2021092805003320,ULI,26,48,10,560.0,5600.0
2021092805003315,ULI,26,40,10,560.0,5600.0
2021092805003312,ULI,13,26,10,560.0,5600.0
2021092805003310,ULI,14,17,10,561.0,5610.0
2021092805003290,ULI,13,32,10,560.0,5600.0
2021092805003286,ULI,13,3,10,560.0,5600.0
2021092805003335,ULI,45,43,10,560.0,5600.0
2021092805003334,ULI,19,43,64,560.0,35840.0
2021092805003331,ULI,19,13,10,560.0,5600.0
2021092805003327,ULI,19,58,10,560.0,5600.0
2021092805003326,ULI,19,42,16,560.0,8960.0
2021092805003325,ULI,28,42,10,560.0,5600.0
2021092805003352,ULI,20,16,10,560.0,5600.0
2021092805003348,ULI,21,28,10,561.0,5610.0
2021092805003347,ULI,21,28,10,560.5,5605.0
2021092805003340,ULI,20,21,10,560.0,5600.0
2021092805003337,ULI,20,43,601,560.0,336560.0
2021092805003336,ULI,6,43,50,560.0,28000.0
2021092805003383,ULI,57,41,10,560.1,5601.0
2021092805003382,ULI,55,35,10,560.2,5602.0
2021092805003374,ULI,57,21,10,560.1,5601.0
2021092805003370,ULI,57,36,10,560.1,5601.0
2021092805003369,ULI,57,35,90,560.1,50409.0
2021092805003354,ULI,55,29,10,560.5,5605.0
2021092805003410,ULI,57,58,10,560.1,5601.0
2021092805003405,ULI,57,29,10,560.1,5601.0
2021092805003403,ULI,57,5,10,560.1,5601.0
2021092805003401,ULI,57,29,10,560.1,5601.0
2021092805003399,ULI,57,14,10,560.1,5601.0
2021092805003389,ULI,57,44,10,560.1,5601.0
2021092805003422,ULI,35,1,20,560.0,11200.0
2021092805003421,ULI,52,1,10,560.0,5600.0
2021092805003420,ULI,20,1,359,560.0,201040.0
2021092805003419,ULI,14,1,400,560.1,224040.0
2021092805003418,ULI,57,1,320,560.1,179232.0
2021092805003417,ULI,7,1,100,560.2,56020.0
2021092805003428,ULI,53,1,51,559.0,28509.0
2021092805003427,ULI,14,1,50,559.0,27950.0
2021092805003426,ULI,40,1,50,559.0,27950.0
2021092805003425,ULI,43,1,30,559.1,16773.0
2021092805003424,ULI,22,1,10,559.9,5599.0
2021092805003423,ULI,22,1,100,560.0,56000.0
2021092805003470,ULI,53,1,10,559.0,5590.0
2021092805003467,ULI,48,46,10,560.0,5600.0
2021092805003453,ULI,53,14,10,559.0,5590.0
2021092805003451,ULI,53,49,10,559.0,5590.0
2021092805003446,ULI,53,58,320,559.0,178880.0
2021092805003434,ULI,58,49,100,560.0,56000.0
2021092805002990,JBLB,41,32,10,3950.0,39500.0
2021092805002989,JBLB,6,32,10,3950.0,39500.0
2021092805002986,JBLB,6,45,10,3950.0,39500.0
2021092805002985,JBLB,56,45,10,3950.0,39500.0
2021092805002493,JBLB,56,34,10,3950.0,39500.0
2021092805002506,JBLB,26,21,10,3950.0,39500.0
2021092805002505,JBLB,56,54,20,3950.0,79000.0
2021092805002504,JBLB,56,49,10,3950.0,39500.0
2021092805002502,JBLB,56,58,10,3950.0,39500.0
2021092805002501,JBLB,7,4,10,3950.1,39501.0
2021092805002509,JBLB,29,49,10,3950.1,39501.0
2021092805002536,JBLB,58,39,10,3950.0,39500.0
2021092805002526,JBLB,19,53,10,3950.1,39501.0
2021092805002547,JBLB,44,48,10,3950.1,39501.0
2021092805002545,JBLB,54,46,10,3950.0,39500.0
2021092805002537,JBLB,58,57,10,3950.0,39500.0
2021092805002555,JBLB,35,58,10,3950.1,39501.0
2021092805002552,JBLB,57,52,10,3950.0,39500.0
2021092805002549,JBLB,54,51,10,3950.0,39500.0
2021092805002548,JBLB,44,54,10,3950.1,39501.0
2021092805002565,JBLB,35,4,10,3950.1,39501.0
2021092805002573,JBLB,6,45,10,3950.0,39500.0
2021092805002569,JBLB,44,37,10,3950.1,39501.0
2021092805002585,JBLB,39,21,10,3955.0,39550.0
2021092805002584,JBLB,39,49,10,3954.0,39540.0
2021092805002582,JBLB,59,47,10,3950.0,39500.0
2021092805002581,JBLB,6,47,10,3950.0,39500.0
2021092805002595,JBLB,39,4,10,3955.0,39550.0
2021092805002592,JBLB,59,42,10,3950.0,39500.0
2021092805002589,JBLB,59,42,10,3950.0,39500.0
2021092805002586,JBLB,59,45,10,3950.0,39500.0
2021092805002600,JBLB,39,7,10,3955.0,39550.0
2021092805002599,JBLB,39,7,10,3955.0,39550.0
2021092805002598,JBLB,39,7,10,3955.0,39550.0
2021092805002597,JBLB,39,57,10,3955.0,39550.0
2021092805002596,JBLB,39,57,10,3955.0,39550.0
2021092805002624,JBLB,36,42,10,3955.0,39550.0
2021092805002641,JBLB,59,34,10,3951.0,39510.0
2021092805002665,JBLB,59,44,10,3951.0,39510.0
2021092805002668,JBLB,59,48,10,3951.0,39510.0
2021092805002689,JBLB,51,57,10,3952.0,39520.0
2021092805002709,JBLB,16,26,10,3952.0,39520.0
2021092805002708,JBLB,16,53,10,3952.0,39520.0
2021092805002702,JBLB,38,17,10,3950.3,39503.0
2021092805002720,JBLB,38,7,10,3950.3,39503.0
2021092805002730,JBLB,35,59,20,3950.1,79002.0
2021092805002729,JBLB,39,59,10,3950.2,39502.0
2021092805002728,JBLB,50,59,10,3950.2,39502.0
2021092805002726,JBLB,14,21,10,3951.0,39510.0
2021092805002724,JBLB,51,8,10,3950.2,39502.0
2021092805002736,JBLB,43,59,10,3950.0,39500.0
2021092805002735,JBLB,41,59,10,3950.0,39500.0
2021092805002734,JBLB,58,59,10,3950.0,39500.0
2021092805002733,JBLB,6,59,10,3950.0,39500.0
2021092805002732,JBLB,59,59,10,3950.0,39500.0
2021092805002731,JBLB,34,59,10,3950.1,39501.0
2021092805002750,JBLB,10,41,90,3950.5,355545.0
2021092805002777,JBLB,48,54,10,3950.6,39506.0
2021092805002772,JBLB,48,41,10,3950.6,39506.0
2021092805002769,JBLB,48,16,20,3950.6,79012.0
2021092805002784,JBLB,10,44,10,3950.5,39505.0
2021092805002782,JBLB,48,1,10,3950.6,39506.0
2021092805002779,JBLB,47,41,10,3960.0,39600.0
2021092805002778,JBLB,47,42,10,3960.0,39600.0
2021092805002791,JBLB,16,41,10,3960.0,39600.0
2021092805002788,JBLB,16,4,10,3955.0,39550.0
2021092805002787,JBLB,10,14,10,3950.5,39505.0
2021092805002800,JBLB,48,58,15,3951.0,59265.0
2021092805002799,JBLB,48,58,15,3953.0,59295.0
2021092805002797,JBLB,48,57,10,3953.0,39530.0
2021092805002794,JBLB,48,35,10,3951.0,39510.0
2021092805002802,JBLB,10,21,10,3950.5,39505.0
2021092805002801,JBLB,10,58,20,3950.5,79010.0
2021092805002815,JBLB,13,34,10,3950.1,39501.0
2021092805002813,JBLB,10,49,10,3950.5,39505.0
2021092805002829,JBLB,40,36,10,3950.1,39501.0
2021092805002826,JBLB,40,6,10,3950.1,39501.0
2021092805002821,JBLB,40,11,10,3950.1,39501.0
2021092805002850,JBLB,40,47,10,3950.1,39501.0
2021092805002849,JBLB,21,50,10,3955.0,39550.0
2021092805002847,JBLB,40,6,10,3950.1,39501.0
2021092805002844,JBLB,40,34,50,3950.1,197505.0
2021092805002857,JBLB,4,39,10,3950.0,39500.0
2021092805002855,JBLB,45,10,10,3950.0,39500.0
2021092805002867,JBLB,38,36,10,3950.0,39500.0
2021092805002862,JBLB,38,38,10,3950.0,39500.0
2021092805002871,JBLB,38,14,20,3950.0,79000.0
2021092805002887,JBLB,47,34,40,3951.0,158040.0
2021092805002886,JBLB,47,42,10,3951.0,39510.0
2021092805002891,JBLB,6,33,10,3950.0,39500.0
2021092805002890,JBLB,6,34,10,3950.0,39500.0
2021092805002889,JBLB,45,34,20,3950.0,79000.0
2021092805002888,JBLB,38,34,10,3950.0,39500.0
2021092805002902,JBLB,45,21,50,3950.0,197500.0
2021092805002900,JBLB,45,45,10,3950.0,39500.0
2021092805002899,JBLB,41,45,10,3950.0,39500.0
2021092805002896,JBLB,35,58,10,3950.0,39500.0
2021092805002895,JBLB,11,58,10,3950.0,39500.0
2021092805002909,JBLB,33,35,10,3950.0,39500.0
2021092805002907,JBLB,33,43,10,3950.0,39500.0
2021092805002905,JBLB,33,14,10,3950.0,39500.0
2021092805002904,JBLB,33,34,10,3950.0,39500.0
2021092805002918,JBLB,16,16,15,3950.0,59250.0
2021092805002916,JBLB,16,41,10,3950.0,39500.0
2021092805002915,JBLB,33,33,10,3950.0,39500.0
2021092805002928,JBLB,16,57,25,3950.0,98750.0
2021092805002924,JBLB,3,38,10,3950.0,39500.0
2021092805002923,JBLB,3,36,10,3950.0,39500.0
2021092805002938,JBLB,16,38,10,3950.0,39500.0
2021092805002936,JBLB,16,28,15,3950.0,59250.0
2021092805002935,JBLB,32,57,10,3951.0,39510.0
2021092805002934,JBLB,32,39,10,3951.0,39510.0
2021092805002930,JBLB,32,49,10,3951.0,39510.0
2021092805002929,JBLB,16,32,10,3950.0,39500.0
2021092805002943,JBLB,16,36,10,3950.0,39500.0
2021092805002942,JBLB,16,28,15,3950.0,59250.0
2021092805002941,JBLB,22,57,10,3951.0,39510.0
2021092805002950,JBLB,59,52,10,3953.0,39530.0
2021092805002961,JBLB,16,43,10,3950.0,39500.0
2021092805002960,JBLB,16,16,5,3950.0,19750.0
2021092805002959,JBLB,16,26,10,3950.0,39500.0
2021092805002967,JBLB,55,57,10,3951.0,39510.0
2021092805002977,JBLB,16,57,5,3950.0,19750.0
2021092805002976,JBLB,16,38,10,3950.0,39500.0
2021092805002981,MKLB,42,38,10,1753.0,17530.0
2021092805002972,MKLB,42,16,10,1753.0,17530.0
2021092805002956,MKLB,42,35,10,1753.0,17530.0
2021092805002949,MKLB,42,38,10,1753.0,17530.0
2021092805002937,MKLB,42,45,10,1753.0,17530.0
2021092805002932,MKLB,42,56,10,1753.0,17530.0
2021092805002571,MKLB,32,38,10,1753.0,17530.0
2021092805002564,MKLB,32,37,10,1753.0,17530.0
2021092805002546,MKLB,32,32,10,1753.0,17530.0
2021092805002496,MKLB,32,57,10,1753.0,17530.0
2021092805002616,MKLB,17,51,10,1753.0,17530.0
2021092805002611,MKLB,38,38,10,1753.0,17530.0
2021092805002607,MKLB,32,38,10,1753.0,17530.0
2021092805002593,MKLB,32,7,10,1753.0,17530.0
2021092805002583,MKLB,32,8,10,1753.0,17530.0
2021092805002579,MKLB,32,56,10,1753.0,17530.0
2021092805002671,MKLB,49,57,10,1753.0,17530.0
2021092805002656,MKLB,49,28,10,1753.0,17530.0
2021092805002625,MKLB,49,3,10,1753.0,17530.0
2021092805002623,MKLB,49,44,10,1753.0,17530.0
2021092805002622,MKLB,22,38,10,1753.0,17530.0
2021092805002618,MKLB,44,3,10,1753.0,17530.0
2021092805002697,MKLB,49,17,10,1753.0,17530.0
2021092805002696,MKLB,49,49,10,1753.0,17530.0
2021092805002683,MKLB,49,58,10,1753.0,17530.0
2021092805002678,MKLB,49,57,10,1753.0,17530.0
2021092805002677,MKLB,49,21,10,1753.0,17530.0
2021092805002673,MKLB,49,38,10,1753.0,17530.0
2021092805002775,MKLB,10,14,10,1753.0,17530.0
2021092805002774,MKLB,10,42,10,1753.0,17530.0
2021092805002765,MKLB,10,56,10,1753.0,17530.0
2021092805002752,MKLB,42,42,10,1753.0,17530.0
2021092805002727,MKLB,34,57,10,1753.0,17530.0
2021092805002711,MKLB,34,51,10,1753.0,17530.0
2021092805002831,MKLB,10,35,10,1753.0,17530.0
2021092805002824,MKLB,10,58,10,1753.0,17530.0
2021092805002823,MKLB,10,22,10,1753.0,17530.0
2021092805002811,MKLB,10,41,10,1753.0,17530.0
2021092805002780,MKLB,10,6,10,1753.0,17530.0
2021092805002776,MKLB,10,21,10,1753.0,17530.0
2021092805002874,MKLB,42,56,10,1753.0,17530.0
2021092805002865,MKLB,42,56,10,1753.0,17530.0
2021092805002863,MKLB,42,49,10,1753.0,17530.0
2021092805002848,MKLB,14,44,10,1753.0,17530.0
2021092805002845,MKLB,14,57,10,1753.0,17530.0
2021092805002833,MKLB,10,16,10,1753.0,17530.0
2021092805002917,MKLB,42,21,10,1753.0,17530.0
2021092805002908,MKLB,42,49,10,1753.0,17530.0
2021092805002906,MKLB,42,45,10,1753.0,17530.0
2021092805002901,MKLB,42,58,10,1753.0,17530.0
2021092805002897,MKLB,42,35,10,1753.0,17530.0
2021092805002880,MKLB,42,45,10,1753.0,17530.0
2021092805002988,SLI,6,21,10,536.1,5361.0
2021092805002984,SLI,6,21,10,536.1,5361.0
2021092805002500,SLI,55,41,10,539.1,5391.0
2021092805002498,SLI,55,52,10,539.1,5391.0
2021092805002494,SLI,22,21,10,540.0,5400.0
2021092805002492,SLI,49,3,10,540.0,5400.0
2021092805002503,SLI,55,34,10,539.1,5391.0
2021092805002513,SLI,55,41,10,539.1,5391.0
2021092805002511,SLI,55,58,10,539.1,5391.0
2021092805002510,SLI,55,38,10,539.1,5391.0
2021092805002508,SLI,55,37,10,539.1,5391.0
2021092805002507,SLI,55,39,10,539.1,5391.0
2021092805002522,SLI,55,41,10,539.1,5391.0
2021092805002521,SLI,55,35,10,539.1,5391.0
2021092805002518,SLI,55,34,10,539.1,5391.0
2021092805002517,SLI,49,3,10,540.0,5400.0
2021092805002516,SLI,49,51,10,540.0,5400.0
2021092805002515,SLI,49,28,10,540.0,5400.0
2021092805002534,SLI,55,42,10,539.1,5391.0
2021092805002531,SLI,55,39,10,539.1,5391.0
2021092805002525,SLI,55,49,10,539.1,5391.0
2021092805002523,SLI,55,54,10,539.1,5391.0
2021092805002544,SLI,55,38,10,539.1,5391.0
2021092805002541,SLI,55,42,10,539.1,5391.0
2021092805002540,SLI,55,38,10,539.1,5391.0
2021092805002556,SLI,55,49,10,539.1,5391.0
2021092805002553,SLI,55,58,10,539.1,5391.0
2021092805002563,SLI,55,58,10,539.1,5391.0
2021092805002560,SLI,55,43,10,539.1,5391.0
2021092805002559,SLI,55,28,10,539.1,5391.0
2021092805002558,SLI,55,52,10,539.1,5391.0
2021092805002557,SLI,55,52,10,539.1,5391.0
2021092805002575,SLI,6,38,10,539.0,5390.0
2021092805002572,SLI,49,58,10,539.0,5390.0
2021092805002570,SLI,38,42,10,539.0,5390.0
2021092805002568,SLI,45,59,10,539.0,5390.0
2021092805002580,SLI,35,47,10,539.0,5390.0
2021092805002577,SLI,35,21,10,539.0,5390.0
2021092805002588,SLI,35,42,10,539.0,5390.0
2021092805002587,SLI,35,8,10,539.0,5390.0
2021092805002601,SLI,35,48,10,539.0,5390.0
2021092805002610,SLI,34,47,10,540.0,5400.0
2021092805002609,SLI,34,49,10,540.0,5400.0
2021092805002606,SLI,34,49,10,540.0,5400.0
2021092805002605,SLI,34,3,10,540.0,5400.0
2021092805002604,SLI,34,57,10,540.0,5400.0
2021092805002602,SLI,22,52,10,539.0,5390.0
2021092805002626,SLI,32,38,10,539.0,5390.0
2021092805002621,SLI,32,28,10,539.0,5390.0
2021092805002620,SLI,32,47,10,539.0,5390.0
2021092805002619,SLI,58,3,10,539.0,5390.0
2021092805002614,SLI,22,47,10,539.0,5390.0
2021092805002634,SLI,17,29,10,542.0,5420.0
2021092805002633,SLI,17,42,10,542.0,5420.0
2021092805002632,SLI,17,35,10,542.0,5420.0
2021092805002631,SLI,17,35,10,541.0,5410.0
2021092805002630,SLI,17,58,10,541.0,5410.0
2021092805002629,SLI,32,58,10,539.0,5390.0
2021092805002640,SLI,46,58,10,541.0,5410.0
2021092805002639,SLI,46,3,10,541.0,5410.0
2021092805002638,SLI,32,48,10,539.0,5390.0
2021092805002637,SLI,17,57,30,545.0,16350.0
2021092805002636,SLI,17,46,10,545.0,5450.0
2021092805002635,SLI,17,58,10,545.0,5450.0
2021092805002646,SLI,34,58,10,545.0,5450.0
2021092805002645,SLI,34,57,20,545.0,10900.0
2021092805002644,SLI,34,47,10,541.0,5410.0
2021092805002643,SLI,34,58,10,540.0,5400.0
2021092805002642,SLI,29,3,10,539.0,5390.0
2021092805002652,SLI,34,6,10,545.0,5450.0
2021092805002651,SLI,34,29,10,545.0,5450.0
2021092805002650,SLI,34,4,10,545.0,5450.0
2021092805002649,SLI,34,58,10,545.0,5450.0
2021092805002648,SLI,34,25,50,545.0,27250.0
2021092805002647,SLI,34,58,10,545.0,5450.0
2021092805002663,SLI,29,47,10,539.0,5390.0
2021092805002661,SLI,46,3,10,540.0,5400.0
2021092805002659,SLI,29,59,10,539.0,5390.0
2021092805002658,SLI,29,47,10,539.0,5390.0
2021092805002654,SLI,29,35,10,539.0,5390.0
2021092805002679,SLI,57,38,10,540.0,5400.0
2021092805002676,SLI,57,38,10,540.0,5400.0
2021092805002675,SLI,57,52,10,540.0,5400.0
2021092805002667,SLI,29,49,10,539.0,5390.0
2021092805002666,SLI,29,47,10,539.0,5390.0
2021092805002701,SLI,38,42,10,540.0,5400.0
2021092805002695,SLI,38,58,10,540.0,5400.0
2021092805002693,SLI,46,21,10,541.0,5410.0
2021092805002685,SLI,57,59,10,540.0,5400.0
2021092805002682,SLI,57,57,10,540.0,5400.0
2021092805002712,SLI,21,58,10,540.0,5400.0
2021092805002707,SLI,21,50,10,540.0,5400.0
2021092805002705,SLI,21,50,10,540.0,5400.0
2021092805002719,SLI,14,33,10,540.1,5401.0
2021092805002718,SLI,46,58,10,541.0,5410.0
2021092805002717,SLI,46,39,10,541.0,5410.0
2021092805002714,SLI,21,58,10,540.0,5400.0
2021092805002713,SLI,21,38,10,540.0,5400.0
2021092805002725,SLI,14,38,10,540.1,5401.0
2021092805002744,SLI,17,49,10,540.0,5400.0
2021092805002743,SLI,14,36,40,540.1,21604.0
2021092805002740,SLI,14,34,10,540.1,5401.0
2021092805002739,SLI,14,58,10,540.1,5401.0
2021092805002738,SLI,14,58,10,540.1,5401.0
2021092805002737,SLI,14,58,10,540.1,5401.0
2021092805002749,SLI,53,36,10,540.0,5400.0
2021092805002748,SLI,17,36,60,540.0,32400.0
2021092805002747,SLI,17,47,10,540.0,5400.0
2021092805002746,SLI,17,58,10,540.0,5400.0
2021092805002745,SLI,17,47,10,540.0,5400.0
2021092805002767,SLI,47,36,10,538.1,5381.0
2021092805002763,SLI,21,36,10,539.0,5390.0
2021092805002762,SLI,57,36,40,539.0,21560.0
2021092805002761,SLI,39,36,10,539.0,5390.0
2021092805002760,SLI,1,36,10,539.0,5390.0
2021092805002759,SLI,29,36,30,539.0,16170.0
2021092805002771,SLI,32,3,10,539.0,5390.0
2021092805002770,SLI,32,36,50,538.1,26905.0
2021092805002768,SLI,32,36,50,538.1,26905.0
2021092805002785,SLI,32,14,10,539.0,5390.0
2021092805002781,SLI,32,36,10,539.0,5390.0
2021092805002790,SLI,6,34,10,538.0,5380.0
2021092805002789,SLI,32,54,10,539.0,5390.0
2021092805002786,SLI,32,21,10,539.0,5390.0
2021092805002795,SLI,6,45,10,538.0,5380.0
2021092805002792,SLI,6,33,10,538.0,5380.0
2021092805002810,SLI,6,8,10,538.0,5380.0
2021092805002809,SLI,6,21,10,538.0,5380.0
2021092805002805,SLI,6,38,10,538.0,5380.0
2021092805002803,SLI,6,33,30,538.0,16140.0
2021092805002818,SLI,46,14,10,540.0,5400.0
2021092805002817,SLI,46,50,10,540.0,5400.0
2021092805002816,SLI,46,58,10,539.0,5390.0
2021092805002814,SLI,46,25,10,539.0,5390.0
2021092805002822,SLI,45,19,10,538.1,5381.0
2021092805002820,SLI,46,49,10,540.0,5400.0
2021092805002819,SLI,46,49,10,540.0,5400.0
2021092805002841,SLI,53,28,10,538.0,5380.0
2021092805002840,SLI,6,55,10,538.0,5380.0
2021092805002838,SLI,46,6,10,538.1,5381.0
2021092805002834,SLI,45,42,10,538.1,5381.0
2021092805002832,SLI,45,51,10,538.1,5381.0
2021092805002830,SLI,45,57,10,538.1,5381.0
2021092805002843,SLI,46,58,10,539.0,5390.0
2021092805002842,SLI,46,44,10,539.0,5390.0
2021092805002859,SLI,58,34,20,538.0,10760.0
2021092805002858,SLI,53,34,10,538.0,5380.0
2021092805002856,SLI,53,44,10,538.0,5380.0
2021092805002854,SLI,25,47,10,539.0,5390.0
2021092805002868,SLI,50,46,10,537.0,5370.0
2021092805002864,SLI,44,17,10,538.0,5380.0
2021092805002861,SLI,14,34,10,538.0,5380.0
2021092805002860,SLI,29,34,10,538.0,5380.0
2021092805002877,SLI,22,38,10,537.0,5370.0
2021092805002876,SLI,45,21,10,537.0,5370.0
2021092805002875,SLI,38,38,10,538.0,5380.0
2021092805002872,SLI,50,22,10,537.0,5370.0
2021092805002870,SLI,50,38,10,537.0,5370.0
2021092805002885,SLI,42,58,10,537.0,5370.0
2021092805002884,SLI,7,44,10,537.0,5370.0
2021092805002882,SLI,7,41,10,537.0,5370.0
2021092805002879,SLI,19,56,10,537.0,5370.0
2021092805002894,SLI,38,44,10,538.0,5380.0
2021092805002892,SLI,49,34,10,538.0,5380.0
2021092805002903,SLI,42,32,10,537.0,5370.0
2021092805002911,SLI,42,49,10,537.0,5370.0
2021092805002910,SLI,42,17,10,537.0,5370.0
2021092805002920,SLI,49,34,10,538.0,5380.0
2021092805002919,SLI,49,11,10,538.0,5380.0
2021092805002914,SLI,6,58,10,537.0,5370.0
2021092805002927,SLI,6,54,10,537.0,5370.0
2021092805002922,SLI,38,54,10,538.0,5380.0
2021092805002921,SLI,38,58,10,538.0,5380.0
2021092805002946,SLI,39,35,10,539.0,5390.0
2021092805002945,SLI,39,35,10,538.0,5380.0
2021092805002944,SLI,39,58,10,537.0,5370.0
2021092805002953,SLI,6,21,10,536.1,5361.0
2021092805002952,SLI,49,13,10,536.3,5363.0
2021092805002951,SLI,6,38,10,536.1,5361.0
2021092805002948,SLI,39,22,10,539.0,5390.0
2021092805002947,SLI,39,44,10,539.0,5390.0
2021092805002965,SLI,6,29,10,536.1,5361.0
2021092805002958,SLI,6,49,10,536.1,5361.0
2021092805002957,SLI,6,49,10,536.1,5361.0
2021092805002975,SLI,6,21,10,536.1,5361.0
2021092805002973,SLI,6,21,10,536.1,5361.0
2021092805002971,SLI,3,11,10,538.1,5381.0
2021092805002970,SLI,42,21,10,538.0,5380.0
2021092805002968,SLI,42,22,10,537.0,5370.0
2021092805002983,SLI,6,21,10,536.1,5361.0
2021092805002982,SLI,6,21,10,536.1,5361.0
2021092805002979,SLI,6,21,10,536.1,5361.0
2021092805002978,SLI,6,58,10,536.1,5361.0
2021092805002991,ULI,3,33,10,560.1,5601.0
2021092805002987,ULI,21,47,50,561.9,28095.0
2021092805002980,ULI,3,29,10,560.1,5601.0
2021092805002974,ULI,51,13,10,560.2,5602.0
2021092805002969,ULI,51,58,10,560.2,5602.0
2021092805002966,ULI,51,22,10,560.2,5602.0
2021092805002514,ULI,51,37,10,561.0,5610.0
2021092805002512,ULI,51,38,10,561.0,5610.0
2021092805002499,ULI,51,21,10,561.0,5610.0
2021092805002497,ULI,29,19,10,560.0,5600.0
2021092805002495,ULI,58,35,10,560.0,5600.0
2021092805002529,ULI,45,45,10,564.0,5640.0
2021092805002528,ULI,45,34,10,564.0,5640.0
2021092805002527,ULI,45,47,10,564.0,5640.0
2021092805002524,ULI,51,36,10,561.0,5610.0
2021092805002520,ULI,51,26,10,561.0,5610.0
2021092805002519,ULI,51,49,10,561.0,5610.0
2021092805002539,ULI,57,34,100,564.0,56400.0
2021092805002538,ULI,45,49,10,561.0,5610.0
2021092805002535,ULI,51,36,10,561.0,5610.0
2021092805002533,ULI,51,21,10,561.0,5610.0
2021092805002532,ULI,51,36,10,561.0,5610.0
2021092805002530,ULI,51,54,10,561.0,5610.0
2021092805002561,ULI,45,28,10,560.2,5602.0
2021092805002554,ULI,45,59,10,560.2,5602.0
2021092805002551,ULI,45,58,10,560.2,5602.0
2021092805002550,ULI,45,35,10,560.2,5602.0
2021092805002543,ULI,8,40,10,560.1,5601.0
2021092805002542,ULI,43,35,10,560.1,5601.0
2021092805002578,ULI,45,28,10,560.2,5602.0
2021092805002576,ULI,45,38,10,560.2,5602.0
2021092805002574,ULI,45,21,10,560.2,5602.0
2021092805002567,ULI,45,58,10,560.2,5602.0
2021092805002566,ULI,45,16,10,560.2,5602.0
2021092805002562,ULI,45,57,10,560.2,5602.0
2021092805002612,ULI,8,36,10,560.1,5601.0
2021092805002608,ULI,37,47,10,560.2,5602.0
2021092805002603,ULI,37,34,30,560.2,16806.0
2021092805002594,ULI,43,41,10,560.2,5602.0
2021092805002591,ULI,45,55,40,562.0,22480.0
2021092805002590,ULI,45,21,10,560.2,5602.0
2021092805002653,ULI,8,40,10,560.1,5601.0
2021092805002628,ULI,8,38,10,560.1,5601.0
2021092805002627,ULI,8,41,10,560.1,5601.0
2021092805002617,ULI,8,29,10,560.1,5601.0
2021092805002615,ULI,8,25,10,560.1,5601.0
2021092805002613,ULI,8,58,10,560.1,5601.0
2021092805002669,ULI,43,10,10,560.1,5601.0
2021092805002664,ULI,43,29,10,560.1,5601.0
2021092805002662,ULI,43,59,10,560.1,5601.0
2021092805002660,ULI,43,28,10,560.1,5601.0
2021092805002657,ULI,8,49,10,560.1,5601.0
2021092805002655,ULI,8,52,10,560.1,5601.0
2021092805002684,ULI,43,58,10,560.1,5601.0
2021092805002681,ULI,43,38,10,560.1,5601.0
2021092805002680,ULI,43,38,10,560.1,5601.0
2021092805002674,ULI,43,49,10,560.1,5601.0
2021092805002672,ULI,43,28,10,560.1,5601.0
2021092805002670,ULI,43,58,10,560.1,5601.0
2021092805002692,ULI,29,53,10,560.0,5600.0
2021092805002691,ULI,29,42,10,560.0,5600.0
2021092805002690,ULI,29,55,10,560.0,5600.0
2021092805002688,ULI,43,34,80,560.1,44808.0
2021092805002687,ULI,43,41,10,560.1,5601.0
2021092805002686,ULI,43,53,10,560.1,5601.0
2021092805002704,ULI,29,17,10,560.0,5600.0
2021092805002703,ULI,29,36,30,560.0,16800.0
2021092805002700,ULI,29,29,10,560.0,5600.0
2021092805002699,ULI,29,21,10,560.0,5600.0
2021092805002698,ULI,29,38,10,560.0,5600.0
2021092805002694,ULI,29,28,10,560.0,5600.0
2021092805002722,ULI,17,34,10,560.1,5601.0
2021092805002721,ULI,58,34,10,560.1,5601.0
2021092805002716,ULI,29,41,10,560.0,5600.0
2021092805002715,ULI,29,38,10,560.0,5600.0
2021092805002710,ULI,29,41,10,560.0,5600.0
2021092805002706,ULI,29,7,10,560.0,5600.0
2021092805002754,ULI,29,59,160,560.0,89600.0
2021092805002753,ULI,29,47,10,560.0,5600.0
2021092805002751,ULI,29,58,10,560.0,5600.0
2021092805002742,ULI,48,47,10,561.0,5610.0
2021092805002741,ULI,29,25,10,560.0,5600.0
2021092805002723,ULI,17,55,10,562.0,5620.0
2021092805002766,ULI,55,58,10,560.0,5600.0
2021092805002764,ULI,48,1,10,561.0,5610.0
2021092805002758,ULI,55,59,120,560.0,67200.0
2021092805002757,ULI,59,59,20,560.0,11200.0
2021092805002756,ULI,29,59,50,560.0,28000.0
2021092805002755,ULI,51,59,50,560.0,28000.0
2021092805002804,ULI,17,39,10,561.0,5610.0
2021092805002798,ULI,17,41,10,561.0,5610.0
2021092805002796,ULI,17,6,10,561.0,5610.0
2021092805002793,ULI,17,33,10,561.0,5610.0
2021092805002783,ULI,55,57,10,560.0,5600.0
2021092805002773,ULI,55,42,10,560.0,5600.0
2021092805002827,ULI,55,49,10,560.0,5600.0
2021092805002825,ULI,55,58,10,560.0,5600.0
2021092805002812,ULI,55,19,10,560.0,5600.0
2021092805002808,ULI,17,19,10,561.0,5610.0
2021092805002807,ULI,44,53,10,562.0,5620.0
2021092805002806,ULI,44,49,10,562.0,5620.0
2021092805002846,ULI,3,36,10,560.1,5601.0
2021092805002839,ULI,45,41,10,560.0,5600.0
2021092805002837,ULI,45,39,10,560.0,5600.0
2021092805002836,ULI,45,51,20,560.0,11200.0
2021092805002835,ULI,55,38,10,560.0,5600.0
2021092805002828,ULI,55,38,10,560.0,5600.0
2021092805002873,ULI,21,58,10,561.0,5610.0
2021092805002869,ULI,3,57,10,560.1,5601.0
2021092805002866,ULI,3,17,10,560.1,5601.0
2021092805002853,ULI,3,28,10,560.1,5601.0
2021092805002852,ULI,3,47,10,560.1,5601.0
2021092805002851,ULI,3,33,10,560.1,5601.0
2021092805002912,ULI,45,35,10,560.2,5602.0
2021092805002898,ULI,21,14,10,561.0,5610.0
2021092805002893,ULI,55,48,10,561.0,5610.0
2021092805002883,ULI,3,39,10,560.1,5601.0
2021092805002881,ULI,3,34,10,560.1,5601.0
2021092805002878,ULI,3,38,10,560.1,5601.0
2021092805002939,ULI,58,13,10,560.3,5603.0
2021092805002933,ULI,51,41,10,560.2,5602.0
2021092805002931,ULI,51,50,20,560.2,11204.0
2021092805002926,ULI,38,50,180,561.0,100980.0
2021092805002925,ULI,38,41,10,561.0,5610.0
2021092805002913,ULI,38,41,10,561.0,5610.0
2021092805002964,ULI,51,45,10,560.2,5602.0
2021092805002963,ULI,21,46,10,560.3,5603.0
2021092805002962,ULI,51,45,10,560.2,5602.0
2021092805002955,ULI,51,36,10,560.2,5602.0
2021092805002954,ULI,51,6,10,560.2,5602.0
2021092805002940,ULI,58,41,10,560.3,5603.0
2021092805002491,JBLB,22,21,10,3950.0,39500.0
2021092805002485,JBLB,34,42,5,3950.0,19750.0
2021092805002484,JBLB,34,39,10,3950.0,39500.0
2021092805001998,JBLB,28,45,10,3953.0,39530.0
2021092805001992,JBLB,17,4,40,3955.0,158200.0
2021092805002003,JBLB,56,57,10,3955.0,39550.0
2021092805002026,JBLB,41,57,10,3952.0,39520.0
2021092805002019,JBLB,41,57,10,3952.0,39520.0
2021092805002037,JBLB,56,42,10,3951.0,39510.0
2021092805002036,JBLB,13,42,10,3951.0,39510.0
2021092805002035,JBLB,59,42,10,3952.0,39520.0
2021092805002046,JBLB,17,44,20,3955.0,79100.0
2021092805002045,JBLB,49,34,100,3950.3,395030.0
2021092805002038,JBLB,21,42,10,3950.2,39502.0
2021092805002052,JBLB,34,52,10,3955.0,39550.0
2021092805002050,JBLB,34,47,10,3955.0,39550.0
2021092805002053,JBLB,34,38,10,3955.0,39550.0
2021092805002070,JBLB,10,25,10,3952.0,39520.0
2021092805002069,JBLB,57,8,10,3951.0,39510.0
2021092805002077,JBLB,7,42,20,3951.0,79020.0
2021092805002075,JBLB,7,49,10,3951.0,39510.0
2021092805002072,JBLB,57,42,10,3951.0,39510.0
2021092805002071,JBLB,57,48,10,3955.0,39550.0
2021092805002086,JBLB,58,17,10,3951.0,39510.0
2021092805002085,JBLB,7,57,10,3951.0,39510.0
2021092805002083,JBLB,7,38,10,3951.0,39510.0
2021092805002096,JBLB,22,8,10,3951.0,39510.0
2021092805002092,JBLB,58,45,10,3951.0,39510.0
2021092805002108,JBLB,22,49,10,3951.0,39510.0
2021092805002098,JBLB,35,47,10,3960.0,39600.0
2021092805002126,JBLB,10,40,40,3951.0,158040.0
2021092805002119,JBLB,10,34,10,3951.0,39510.0
2021092805002118,JBLB,59,50,10,3951.1,39511.0
2021092805002140,JBLB,46,44,10,3951.1,39511.0
2021092805002139,JBLB,46,44,10,3951.1,39511.0
2021092805002134,JBLB,46,11,10,3951.1,39511.0
2021092805002133,JBLB,7,45,10,3952.0,39520.0
2021092805002130,JBLB,46,50,10,3951.1,39511.0
2021092805002144,JBLB,46,8,10,3951.1,39511.0
2021092805002142,JBLB,56,44,10,3952.0,39520.0
2021092805002141,JBLB,56,33,10,3952.0,39520.0
2021092805002169,JBLB,10,44,10,3952.0,39520.0
2021092805002166,JBLB,10,44,10,3952.0,39520.0
2021092805002165,JBLB,46,10,15,3951.6,59274.0
2021092805002162,JBLB,46,52,20,3951.6,79032.0
2021092805002157,JBLB,46,44,10,3951.6,39516.0
2021092805002171,JBLB,10,44,10,3952.0,39520.0
2021092805002195,JBLB,10,21,10,3952.0,39520.0
2021092805002194,JBLB,46,21,10,3952.1,39521.0
2021092805002201,JBLB,10,35,10,3952.0,39520.0
2021092805002219,JBLB,17,49,10,3966.0,39660.0
2021092805002228,JBLB,56,58,10,3954.0,39540.0
2021092805002227,JBLB,56,25,10,3953.0,39530.0
2021092805002223,JBLB,44,59,10,3953.0,39530.0
2021092805002234,JBLB,56,49,10,3954.0,39540.0
2021092805002233,JBLB,56,49,10,3954.0,39540.0
2021092805002241,JBLB,56,43,30,3954.0,118620.0
2021092805002253,JBLB,10,6,10,3955.0,39550.0
2021092805002252,JBLB,10,48,20,3955.0,79100.0
2021092805002265,JBLB,10,28,10,3955.0,39550.0
2021092805002289,JBLB,33,57,10,3960.0,39600.0
2021092805002288,JBLB,33,4,10,3960.0,39600.0
2021092805002301,JBLB,10,53,10,3955.0,39550.0
2021092805002296,JBLB,10,59,10,3955.0,39550.0
2021092805002295,JBLB,10,58,10,3955.0,39550.0
2021092805002318,JBLB,10,18,10,3955.0,39550.0
2021092805002315,JBLB,25,44,10,3960.0,39600.0
2021092805002330,JBLB,10,28,10,3955.0,39550.0
2021092805002328,JBLB,10,35,10,3955.0,39550.0
2021092805002338,JBLB,10,59,10,3955.0,39550.0
2021092805002336,JBLB,10,47,10,3955.0,39550.0
2021092805002332,JBLB,10,1,10,3955.0,39550.0
2021092805002347,JBLB,10,6,10,3955.0,39550.0
2021092805002345,JBLB,10,38,10,3955.0,39550.0
2021092805002342,JBLB,43,6,10,3960.0,39600.0
2021092805002341,JBLB,43,21,10,3956.0,39560.0
2021092805002357,JBLB,56,6,10,3954.0,39540.0
2021092805002352,JBLB,56,54,10,3954.0,39540.0
2021092805002377,JBLB,52,34,10,3955.0,39550.0
2021092805002389,JBLB,36,59,10,3952.1,39521.0
2021092805002383,JBLB,21,46,10,3955.0,39550.0
2021092805002382,JBLB,56,11,10,3954.0,39540.0
2021092805002413,JBLB,51,59,10,3952.0,39520.0
2021092805002407,JBLB,49,54,10,3952.1,39521.0
2021092805002416,JBLB,10,43,10,3952.0,39520.0
2021092805002425,JBLB,10,58,30,3952.0,118560.0
2021092805002436,JBLB,36,59,10,3951.0,39510.0
2021092805002435,JBLB,56,59,20,3951.0,79020.0
2021092805002434,JBLB,28,59,10,3951.1,39511.0
2021092805002433,JBLB,29,59,10,3951.1,39511.0
2021092805002432,JBLB,59,59,10,3952.0,39520.0
2021092805002431,JBLB,10,59,60,3952.0,237120.0
2021092805002441,JBLB,33,59,15,3950.1,59251.5
2021092805002440,JBLB,41,59,20,3950.1,79002.0
2021092805002439,JBLB,16,59,10,3950.1,39501.0
2021092805002438,JBLB,45,59,15,3951.0,59265.0
2021092805002437,JBLB,35,59,30,3951.0,118530.0
2021092805002444,JBLB,33,4,5,3950.0,19750.0
2021092805002458,JBLB,33,51,10,3950.1,39501.0
2021092805002453,JBLB,33,44,10,3950.1,39501.0
2021092805002480,JBLB,13,3,10,3950.1,39501.0
2021092805002474,JBLB,33,58,10,3950.1,39501.0
2021092805002483,MKLB,32,58,10,1753.0,17530.0
2021092805002449,MKLB,32,41,10,1753.0,17530.0
2021092805002443,MKLB,32,22,10,1753.0,17530.0
2021092805002417,MKLB,32,7,10,1753.0,17530.0
2021092805002410,MKLB,32,54,10,1753.0,17530.0
2021092805002402,MKLB,32,56,10,1753.0,17530.0
2021092805002012,MKLB,32,48,10,1753.0,17530.0
2021092805001999,MKLB,32,48,10,1753.0,17530.0
2021092805001997,MKLB,32,48,10,1753.0,17530.0
2021092805001994,MKLB,32,6,10,1753.0,17530.0
2021092805001993,MKLB,32,48,10,1753.0,17530.0
2021092805002033,MKLB,32,38,10,1753.0,17530.0
2021092805002028,MKLB,32,29,10,1753.0,17530.0
2021092805002022,MKLB,32,48,10,1753.0,17530.0
2021092805002020,MKLB,32,29,10,1753.0,17530.0
2021092805002017,MKLB,32,48,10,1753.0,17530.0
2021092805002015,MKLB,32,29,10,1753.0,17530.0
2021092805002076,MKLB,32,39,10,1753.0,17530.0
2021092805002066,MKLB,32,39,10,1753.0,17530.0
2021092805002063,MKLB,32,39,10,1753.0,17530.0
2021092805002044,MKLB,32,38,10,1753.0,17530.0
2021092805002041,MKLB,32,1,10,1753.0,17530.0
2021092805002039,MKLB,32,38,10,1753.0,17530.0
2021092805002102,MKLB,32,52,10,1753.0,17530.0
2021092805002099,MKLB,32,1,10,1753.0,17530.0
2021092805002093,MKLB,32,8,10,1753.0,17530.0
2021092805002081,MKLB,32,46,10,1753.0,17530.0
2021092805002080,MKLB,32,49,10,1753.0,17530.0
2021092805002079,MKLB,32,1,10,1753.0,17530.0
2021092805002145,MKLB,32,36,10,1753.0,17530.0
2021092805002131,MKLB,32,6,10,1753.0,17530.0
2021092805002125,MKLB,32,6,10,1753.0,17530.0
2021092805002117,MKLB,32,35,10,1753.0,17530.0
2021092805002106,MKLB,32,39,10,1753.0,17530.0
2021092805002104,MKLB,32,56,10,1753.0,17530.0
2021092805002183,MKLB,32,49,10,1753.0,17530.0
2021092805002168,MKLB,32,21,10,1753.0,17530.0
2021092805002164,MKLB,32,21,10,1753.0,17530.0
2021092805002161,MKLB,32,25,10,1753.0,17530.0
2021092805002159,MKLB,32,45,10,1753.0,17530.0
2021092805002152,MKLB,32,49,10,1753.0,17530.0
2021092805002203,MKLB,32,21,10,1753.0,17530.0
2021092805002202,MKLB,32,56,10,1753.0,17530.0
2021092805002192,MKLB,32,56,10,1753.0,17530.0
2021092805002191,MKLB,32,56,10,1753.0,17530.0
2021092805002189,MKLB,32,45,10,1753.0,17530.0
2021092805002184,MKLB,32,38,10,1753.0,17530.0
2021092805002274,MKLB,32,42,10,1753.0,17530.0
2021092805002271,MKLB,32,49,10,1753.0,17530.0
2021092805002268,MKLB,32,38,10,1753.0,17530.0
2021092805002267,MKLB,32,13,10,1753.0,17530.0
2021092805002247,MKLB,32,49,10,1753.0,17530.0
2021092805002242,MKLB,32,56,10,1753.0,17530.0
2021092805002343,MKLB,32,34,10,1753.0,17530.0
2021092805002312,MKLB,32,5,10,1753.0,17530.0
2021092805002307,MKLB,32,4,10,1753.0,17530.0
2021092805002287,MKLB,32,36,10,1753.0,17530.0
2021092805002280,MKLB,32,40,10,1753.0,17530.0
2021092805002275,MKLB,32,56,10,1753.0,17530.0
2021092805002399,MKLB,32,57,10,1753.0,17530.0
2021092805002373,MKLB,32,47,10,1753.0,17530.0
2021092805002372,MKLB,32,18,10,1753.0,17530.0
2021092805002368,MKLB,32,58,10,1753.0,17530.0
2021092805002365,MKLB,32,49,10,1753.0,17530.0
2021092805002350,MKLB,32,44,10,1753.0,17530.0
2021092805002489,SLI,55,56,10,539.1,5391.0
2021092805002486,SLI,45,58,10,539.2,5392.0
2021092805002481,SLI,45,56,10,539.2,5392.0
2021092805002002,SLI,14,43,10,545.1,5451.0
2021092805002001,SLI,35,57,10,545.0,5450.0
2021092805002000,SLI,35,46,10,545.0,5450.0
2021092805001995,SLI,49,34,10,546.0,5460.0
2021092805002008,SLI,51,41,50,545.0,27250.0
2021092805002007,SLI,37,41,200,545.0,109000.0
2021092805002006,SLI,20,41,20,545.0,10900.0
2021092805002005,SLI,55,41,100,545.0,54500.0
2021092805002004,SLI,35,55,10,545.0,5450.0
2021092805002018,SLI,25,8,10,545.0,5450.0
2021092805002014,SLI,59,52,10,545.0,5450.0
2021092805002013,SLI,59,58,10,545.0,5450.0
2021092805002011,SLI,59,41,30,545.0,16350.0
2021092805002010,SLI,48,41,200,545.0,109000.0
2021092805002009,SLI,57,41,30,545.0,16350.0
2021092805002025,SLI,5,8,10,545.0,5450.0
2021092805002024,SLI,5,35,10,545.0,5450.0
2021092805002023,SLI,5,55,10,545.0,5450.0
2021092805002021,SLI,25,38,10,545.0,5450.0
2021092805002031,SLI,32,44,20,545.0,10900.0
2021092805002030,SLI,5,44,10,545.0,5450.0
2021092805002027,SLI,5,46,10,545.0,5450.0
2021092805002043,SLI,8,38,10,544.0,5440.0
2021092805002042,SLI,8,57,10,544.0,5440.0
2021092805002040,SLI,50,35,10,544.9,5449.0
2021092805002051,SLI,56,44,10,544.0,5440.0
2021092805002049,SLI,59,46,10,544.0,5440.0
2021092805002048,SLI,5,44,30,544.0,16320.0
2021092805002047,SLI,8,44,30,544.0,16320.0
2021092805002061,SLI,38,44,10,542.0,5420.0
2021092805002060,SLI,38,44,50,542.0,27100.0
2021092805002057,SLI,25,44,20,543.0,10860.0
2021092805002056,SLI,6,44,190,543.0,103170.0
2021092805002055,SLI,14,44,100,543.0,54300.0
2021092805002068,SLI,28,50,10,542.0,5420.0
2021092805002067,SLI,28,38,10,542.0,5420.0
2021092805002064,SLI,28,57,10,542.0,5420.0
2021092805002062,SLI,28,44,390,542.0,211380.0
2021092805002078,SLI,28,46,10,542.0,5420.0
2021092805002074,SLI,28,39,10,542.0,5420.0
2021092805002090,SLI,28,28,10,542.0,5420.0
2021092805002089,SLI,28,17,10,542.0,5420.0
2021092805002084,SLI,49,28,10,543.0,5430.0
2021092805002097,SLI,28,49,10,542.0,5420.0
2021092805002095,SLI,28,42,10,542.0,5420.0
2021092805002094,SLI,28,8,10,542.0,5420.0
2021092805002091,SLI,28,46,10,542.0,5420.0
2021092805002107,SLI,32,46,10,542.0,5420.0
2021092805002105,SLI,14,42,10,542.0,5420.0
2021092805002103,SLI,57,6,10,542.0,5420.0
2021092805002100,SLI,49,45,10,542.0,5420.0
2021092805002114,SLI,25,58,14,541.0,7574.0
2021092805002113,SLI,42,58,22,542.0,11924.0
2021092805002112,SLI,32,58,10,542.0,5420.0
2021092805002111,SLI,49,49,10,544.0,5440.0
2021092805002110,SLI,49,32,10,544.0,5440.0
2021092805002109,SLI,49,4,10,544.0,5440.0
2021092805002124,SLI,58,45,10,541.0,5410.0
2021092805002116,SLI,58,58,24,541.0,12984.0
2021092805002115,SLI,14,58,30,541.0,16230.0
2021092805002132,SLI,58,34,10,541.0,5410.0
2021092805002155,SLI,36,58,10,542.0,5420.0
2021092805002154,SLI,36,1,10,542.0,5420.0
2021092805002149,SLI,38,34,10,542.0,5420.0
2021092805002163,SLI,49,21,10,542.0,5420.0
2021092805002181,SLI,38,34,10,542.0,5420.0
2021092805002180,SLI,38,22,10,542.0,5420.0
2021092805002177,SLI,56,44,10,541.0,5410.0
2021092805002175,SLI,56,6,10,541.0,5410.0
2021092805002173,SLI,43,41,10,541.0,5410.0
2021092805002199,SLI,56,45,10,541.0,5410.0
2021092805002196,SLI,56,51,10,541.0,5410.0
2021092805002193,SLI,7,46,10,541.5,5415.0
2021092805002187,SLI,38,48,10,542.0,5420.0
2021092805002212,SLI,52,25,10,540.0,5400.0
2021092805002211,SLI,21,38,10,540.0,5400.0
2021092805002209,SLI,21,21,10,540.0,5400.0
2021092805002205,SLI,1,8,10,543.0,5430.0
2021092805002204,SLI,1,43,10,542.0,5420.0
2021092805002220,SLI,52,58,10,540.0,5400.0
2021092805002218,SLI,52,4,10,540.0,5400.0
2021092805002217,SLI,52,49,10,540.0,5400.0
2021092805002215,SLI,52,42,10,540.0,5400.0
2021092805002213,SLI,52,28,10,540.0,5400.0
2021092805002225,SLI,52,49,10,540.0,5400.0
2021092805002224,SLI,52,34,10,540.0,5400.0
2021092805002221,SLI,52,7,10,540.0,5400.0
2021092805002236,SLI,52,44,10,540.0,5400.0
2021092805002232,SLI,52,8,10,540.0,5400.0
2021092805002231,SLI,49,17,10,541.0,5410.0
2021092805002230,SLI,49,14,10,541.0,5410.0
2021092805002248,SLI,52,54,10,540.0,5400.0
2021092805002246,SLI,52,44,10,540.0,5400.0
2021092805002244,SLI,52,44,100,540.0,54000.0
2021092805002240,SLI,52,8,10,540.0,5400.0
2021092805002239,SLI,52,44,10,540.0,5400.0
2021092805002262,SLI,11,58,10,544.0,5440.0
2021092805002261,SLI,11,20,10,544.0,5440.0
2021092805002260,SLI,13,44,10,540.0,5400.0
2021092805002255,SLI,13,44,10,540.0,5400.0
2021092805002279,SLI,34,55,10,540.0,5400.0
2021092805002270,SLI,34,28,10,540.0,5400.0
2021092805002269,SLI,34,44,10,540.0,5400.0
2021092805002266,SLI,13,26,10,540.0,5400.0
2021092805002264,SLI,13,44,10,540.0,5400.0
2021092805002293,SLI,42,6,10,540.0,5400.0
2021092805002290,SLI,42,44,10,540.0,5400.0
2021092805002286,SLI,34,44,10,540.0,5400.0
2021092805002285,SLI,34,28,10,540.0,5400.0
2021092805002302,SLI,42,11,10,540.0,5400.0
2021092805002299,SLI,42,58,10,540.0,5400.0
2021092805002297,SLI,42,56,10,540.0,5400.0
2021092805002314,SLI,22,38,10,540.0,5400.0
2021092805002313,SLI,22,44,10,540.0,5400.0
2021092805002310,SLI,22,34,10,540.0,5400.0
2021092805002308,SLI,22,44,10,540.0,5400.0
2021092805002304,SLI,22,39,10,540.0,5400.0
2021092805002303,SLI,21,44,10,540.0,5400.0
2021092805002321,SLI,1,52,10,544.0,5440.0
2021092805002320,SLI,1,44,10,544.0,5440.0
2021092805002319,SLI,1,39,10,544.0,5440.0
2021092805002317,SLI,22,56,10,540.0,5400.0
2021092805002327,SLI,41,42,10,544.0,5440.0
2021092805002326,SLI,41,44,10,544.0,5440.0
2021092805002324,SLI,1,57,10,544.0,5440.0
2021092805002323,SLI,1,44,10,544.0,5440.0
2021092805002334,SLI,45,40,10,542.0,5420.0
2021092805002333,SLI,57,45,10,544.0,5440.0
2021092805002331,SLI,41,49,10,544.0,5440.0
2021092805002344,SLI,22,44,10,540.0,5400.0
2021092805002339,SLI,45,44,10,542.0,5420.0
2021092805002356,SLI,53,58,10,540.0,5400.0
2021092805002351,SLI,22,42,10,540.0,5400.0
2021092805002349,SLI,22,44,10,540.0,5400.0
2021092805002348,SLI,22,41,10,540.0,5400.0
2021092805002371,SLI,45,11,10,542.0,5420.0
2021092805002370,SLI,45,35,10,542.0,5420.0
2021092805002369,SLI,45,36,40,542.0,21680.0
2021092805002366,SLI,45,11,10,542.0,5420.0
2021092805002359,SLI,45,56,10,542.0,5420.0
2021092805002358,SLI,19,8,10,540.0,5400.0
2021092805002381,SLI,26,28,10,542.0,5420.0
2021092805002379,SLI,26,3,10,542.0,5420.0
2021092805002378,SLI,26,49,10,542.0,5420.0
2021092805002376,SLI,19,38,10,540.0,5400.0
2021092805002374,SLI,45,49,10,542.0,5420.0
2021092805002388,SLI,45,21,10,540.1,5401.0
2021092805002386,SLI,45,11,10,540.1,5401.0
2021092805002385,SLI,19,45,10,540.0,5400.0
2021092805002397,SLI,42,28,10,540.0,5400.0
2021092805002396,SLI,57,28,30,540.0,16200.0
2021092805002395,SLI,36,28,10,540.0,5400.0
2021092805002394,SLI,36,26,10,540.0,5400.0
2021092805002392,SLI,19,11,10,540.0,5400.0
2021092805002391,SLI,19,54,10,540.0,5400.0
2021092805002406,SLI,55,47,152,540.0,82080.0
2021092805002405,SLI,21,47,40,540.0,21600.0
2021092805002404,SLI,7,47,10,540.5,5405.0
2021092805002403,SLI,7,16,10,540.5,5405.0
2021092805002401,SLI,49,58,10,540.0,5400.0
2021092805002398,SLI,49,11,10,540.0,5400.0
2021092805002412,SLI,55,57,10,540.0,5400.0
2021092805002411,SLI,55,14,10,540.0,5400.0
2021092805002409,SLI,55,8,10,540.0,5400.0
2021092805002408,SLI,55,35,10,540.0,5400.0
2021092805002424,SLI,57,6,10,541.0,5410.0
2021092805002423,SLI,57,7,10,540.0,5400.0
2021092805002422,SLI,57,34,10,540.0,5400.0
2021092805002415,SLI,10,49,10,540.0,5400.0
2021092805002414,SLI,10,54,10,540.0,5400.0
2021092805002430,SLI,25,52,10,544.0,5440.0
2021092805002429,SLI,25,58,10,541.0,5410.0
2021092805002428,SLI,25,34,10,541.0,5410.0
2021092805002427,SLI,25,45,10,541.0,5410.0
2021092805002426,SLI,25,32,10,540.0,5400.0
2021092805002442,SLI,48,19,10,539.2,5392.0
2021092805002451,SLI,48,45,10,539.2,5392.0
2021092805002450,SLI,48,8,10,539.2,5392.0
2021092805002448,SLI,48,14,30,539.2,16176.0
2021092805002447,SLI,48,6,10,539.2,5392.0
2021092805002446,SLI,49,38,10,540.0,5400.0
2021092805002459,SLI,55,44,10,539.1,5391.0
2021092805002455,SLI,34,36,10,539.2,5392.0
2021092805002454,SLI,34,38,10,539.2,5392.0
2021092805002452,SLI,34,34,10,539.2,5392.0
2021092805002478,SLI,55,21,10,539.1,5391.0
2021092805002472,SLI,55,8,10,539.1,5391.0
2021092805002466,SLI,55,34,10,539.1,5391.0
2021092805002461,SLI,49,49,10,540.0,5400.0
2021092805002490,ULI,21,58,20,561.7,11234.0
2021092805002488,ULI,21,14,10,561.0,5610.0
2021092805002487,ULI,21,58,10,561.0,5610.0
2021092805002482,ULI,18,41,10,560.0,5600.0
2021092805002479,ULI,32,8,10,560.0,5600.0
2021092805002477,ULI,32,47,10,560.0,5600.0
2021092805002029,ULI,13,57,10,563.0,5630.0
2021092805002016,ULI,34,6,10,562.0,5620.0
2021092805001996,ULI,43,44,10,562.2,5622.0
2021092805002065,ULI,13,58,10,563.0,5630.0
2021092805002059,ULI,13,34,20,565.0,11300.0
2021092805002058,ULI,13,35,30,564.0,16920.0
2021092805002054,ULI,13,10,10,563.0,5630.0
2021092805002034,ULI,13,46,10,563.0,5630.0
2021092805002032,ULI,13,46,10,563.0,5630.0
2021092805002120,ULI,22,39,10,562.0,5620.0
2021092805002101,ULI,21,5,10,562.0,5620.0
2021092805002088,ULI,11,58,10,564.0,5640.0
2021092805002087,ULI,11,25,10,563.0,5630.0
2021092805002082,ULI,21,46,10,562.0,5620.0
2021092805002073,ULI,16,58,10,564.0,5640.0
2021092805002129,ULI,52,34,30,562.0,16860.0
2021092805002128,ULI,34,34,20,562.0,11240.0
2021092805002127,ULI,22,51,10,562.0,5620.0
2021092805002123,ULI,22,41,10,562.0,5620.0
2021092805002122,ULI,22,45,10,562.0,5620.0
2021092805002121,ULI,22,49,10,562.0,5620.0
2021092805002146,ULI,43,47,10,561.1,5611.0
2021092805002143,ULI,53,44,10,561.6,5616.0
2021092805002138,ULI,52,34,40,562.0,22480.0
2021092805002137,ULI,52,57,10,562.0,5620.0
2021092805002136,ULI,52,44,10,562.0,5620.0
2021092805002135,ULI,52,8,10,562.0,5620.0
2021092805002156,ULI,39,44,10,562.0,5620.0
2021092805002153,ULI,39,38,10,562.0,5620.0
2021092805002151,ULI,39,47,10,562.0,5620.0
2021092805002150,ULI,39,41,10,562.0,5620.0
2021092805002148,ULI,22,58,10,561.0,5610.0
2021092805002147,ULI,33,8,10,561.1,5611.0
2021092805002174,ULI,39,6,10,562.0,5620.0
2021092805002172,ULI,39,44,10,562.0,5620.0
2021092805002170,ULI,39,44,10,562.0,5620.0
2021092805002167,ULI,39,44,10,562.0,5620.0
2021092805002160,ULI,39,44,10,562.0,5620.0
2021092805002158,ULI,39,57,50,562.0,28100.0
2021092805002186,ULI,39,38,10,562.0,5620.0
2021092805002185,ULI,39,29,10,562.0,5620.0
2021092805002182,ULI,39,44,10,562.0,5620.0
2021092805002179,ULI,39,44,10,562.0,5620.0
2021092805002178,ULI,39,34,10,562.0,5620.0
2021092805002176,ULI,39,44,10,562.0,5620.0
2021092805002206,ULI,21,37,10,561.1,5611.0
2021092805002200,ULI,21,44,10,561.1,5611.0
2021092805002198,ULI,21,28,10,561.1,5611.0
2021092805002197,ULI,21,44,10,561.1,5611.0
2021092805002190,ULI,22,45,10,561.0,5610.0
2021092805002188,ULI,32,44,10,562.0,5620.0
2021092805002222,ULI,21,37,10,561.1,5611.0
2021092805002216,ULI,21,45,10,561.1,5611.0
2021092805002214,ULI,21,58,10,561.1,5611.0
2021092805002210,ULI,21,16,10,561.1,5611.0
2021092805002208,ULI,21,56,10,561.1,5611.0
2021092805002207,ULI,21,44,10,561.1,5611.0
2021092805002243,ULI,22,46,10,561.0,5610.0
2021092805002238,ULI,22,44,10,561.0,5610.0
2021092805002237,ULI,22,37,10,561.0,5610.0
2021092805002235,ULI,22,44,10,561.0,5610.0
2021092805002229,ULI,22,25,10,561.0,5610.0
2021092805002226,ULI,22,28,10,561.0,5610.0
2021092805002256,ULI,11,38,10,562.0,5620.0
2021092805002254,ULI,53,44,10,560.9,5609.0
2021092805002251,ULI,1,38,50,561.0,28050.0
2021092805002250,ULI,19,38,10,561.0,5610.0
2021092805002249,ULI,22,44,10,561.0,5610.0
2021092805002245,ULI,22,44,10,561.0,5610.0
2021092805002273,ULI,53,26,10,560.7,5607.0
2021092805002272,ULI,53,38,10,560.7,5607.0
2021092805002263,ULI,43,13,10,560.8,5608.0
2021092805002259,ULI,53,38,470,560.9,263623.0
2021092805002258,ULI,53,44,10,560.9,5609.0
2021092805002257,ULI,11,37,10,562.0,5620.0
2021092805002283,ULI,53,38,10,560.7,5607.0
2021092805002282,ULI,53,53,10,560.7,5607.0
2021092805002281,ULI,53,58,10,560.7,5607.0
2021092805002278,ULI,53,38,20,560.9,11218.0
2021092805002277,ULI,53,53,10,560.8,5608.0
2021092805002276,ULI,53,42,10,560.8,5608.0
2021092805002300,ULI,53,44,10,560.7,5607.0
2021092805002298,ULI,53,58,10,560.7,5607.0
2021092805002294,ULI,53,44,10,560.7,5607.0
2021092805002292,ULI,53,58,10,560.7,5607.0
2021092805002291,ULI,53,53,10,560.7,5607.0
2021092805002284,ULI,53,44,10,560.7,5607.0
2021092805002322,ULI,53,53,10,560.7,5607.0
2021092805002316,ULI,53,53,10,560.7,5607.0
2021092805002311,ULI,53,44,10,560.7,5607.0
2021092805002309,ULI,53,34,10,560.7,5607.0
2021092805002306,ULI,53,53,10,560.7,5607.0
2021092805002305,ULI,53,44,10,560.7,5607.0
2021092805002346,ULI,57,42,10,561.0,5610.0
2021092805002340,ULI,53,45,10,560.7,5607.0
2021092805002337,ULI,53,38,10,560.7,5607.0
2021092805002335,ULI,53,42,10,560.7,5607.0
2021092805002329,ULI,53,40,10,560.7,5607.0
2021092805002325,ULI,53,59,10,560.7,5607.0
2021092805002362,ULI,59,7,120,562.0,67440.0
2021092805002361,ULI,59,39,10,562.0,5620.0
2021092805002360,ULI,34,53,10,561.0,5610.0
2021092805002355,ULI,34,32,10,561.0,5610.0
2021092805002354,ULI,34,57,10,561.0,5610.0
2021092805002353,ULI,17,39,100,561.0,56100.0
2021092805002384,ULI,8,45,10,561.0,5610.0
2021092805002380,ULI,8,44,10,561.0,5610.0
2021092805002375,ULI,34,58,10,561.0,5610.0
2021092805002367,ULI,34,28,10,561.0,5610.0
2021092805002364,ULI,59,20,10,562.0,5620.0
2021092805002363,ULI,59,45,10,562.0,5620.0
2021092805002419,ULI,43,52,100,561.0,56100.0
2021092805002418,ULI,8,52,40,561.0,22440.0
2021092805002400,ULI,8,26,10,561.0,5610.0
2021092805002393,ULI,8,38,10,561.0,5610.0
2021092805002390,ULI,8,58,10,561.0,5610.0
2021092805002387,ULI,8,58,10,561.0,5610.0
2021092805002460,ULI,53,44,10,560.7,5607.0
2021092805002457,ULI,53,21,10,560.7,5607.0
2021092805002456,ULI,53,44,10,560.7,5607.0
2021092805002445,ULI,53,53,10,560.7,5607.0
2021092805002421,ULI,53,52,170,560.7,95319.0
2021092805002420,ULI,1,52,50,560.8,28040.0
2021092805002468,ULI,53,44,10,560.7,5607.0
2021092805002467,ULI,53,21,10,560.7,5607.0
2021092805002465,ULI,53,53,10,560.7,5607.0
2021092805002464,ULI,53,44,10,560.7,5607.0
2021092805002463,ULI,53,45,10,560.7,5607.0
2021092805002462,ULI,53,35,10,560.7,5607.0
2021092805002476,ULI,14,45,10,560.0,5600.0
2021092805002475,ULI,49,7,10,560.0,5600.0
2021092805002473,ULI,48,26,10,560.0,5600.0
2021092805002471,ULI,43,44,10,560.1,5601.0
2021092805002470,ULI,43,47,10,560.1,5601.0
2021092805002469,ULI,53,44,10,560.7,5607.0
2021092805001991,JBLB,21,36,10,3953.0,39530.0
2021092805001987,JBLB,17,4,15,3960.0,59400.0
2021092805001986,JBLB,17,38,10,3960.0,39600.0
2021092805001985,JBLB,17,57,15,3960.0,59400.0
2021092805001984,JBLB,17,49,10,3960.0,39600.0
2021092805001504,JBLB,35,58,10,3990.0,39900.0
2021092805001503,JBLB,7,49,10,3990.5,39905.0
2021092805001505,JBLB,57,57,10,3990.0,39900.0
2021092805001522,JBLB,36,22,10,3990.0,39900.0
2021092805001517,JBLB,57,21,10,3990.0,39900.0
2021092805001536,JBLB,36,35,10,3985.0,39850.0
2021092805001535,JBLB,17,35,10,3985.0,39850.0
2021092805001534,JBLB,29,35,10,3985.0,39850.0
2021092805001533,JBLB,41,35,20,3985.0,79700.0
2021092805001545,JBLB,50,48,10,3984.0,39840.0
2021092805001541,JBLB,56,35,110,3985.0,438350.0
2021092805001549,JBLB,41,45,10,3982.0,39820.0
2021092805001560,JBLB,38,49,10,3980.9,39809.0
2021092805001554,JBLB,50,58,10,3981.0,39810.0
2021092805001568,JBLB,47,5,20,3980.0,79600.0
2021092805001567,JBLB,39,5,10,3980.0,39800.0
2021092805001566,JBLB,56,5,20,3980.0,79600.0
2021092805001564,JBLB,57,45,10,3982.0,39820.0
2021092805001562,JBLB,33,32,10,3982.0,39820.0
2021092805001576,JBLB,49,17,10,3980.0,39800.0
2021092805001574,JBLB,49,4,10,3980.0,39800.0
2021092805001573,JBLB,49,32,10,3980.0,39800.0
2021092805001581,JBLB,49,58,10,3980.0,39800.0
2021092805001577,JBLB,33,34,10,3981.0,39810.0
2021092805001589,JBLB,57,35,28,3980.0,111440.0
2021092805001588,JBLB,57,17,10,3980.0,39800.0
2021092805001587,JBLB,49,42,10,3980.0,39800.0
2021092805001599,JBLB,38,4,10,3980.0,39800.0
2021092805001596,JBLB,57,42,2,3980.0,7960.0
2021092805001595,JBLB,57,57,10,3980.0,39800.0
2021092805001620,JBLB,56,57,10,3979.0,39790.0
2021092805001618,JBLB,56,47,10,3975.0,39750.0
2021092805001644,JBLB,53,41,10,3975.0,39750.0
2021092805001629,JBLB,56,58,10,3975.0,39750.0
2021092805001651,JBLB,53,4,10,3975.0,39750.0
2021092805001658,JBLB,34,49,10,3975.0,39750.0
2021092805001653,JBLB,21,57,10,3975.0,39750.0
2021092805001668,JBLB,8,52,50,3978.0,198900.0
2021092805001667,JBLB,8,58,10,3975.0,39750.0
2021092805001666,JBLB,8,58,10,3975.0,39750.0
2021092805001687,JBLB,56,19,10,3970.0,39700.0
2021092805001678,JBLB,56,58,10,3970.0,39700.0
2021092805001691,JBLB,19,51,10,3970.0,39700.0
2021092805001689,JBLB,56,49,10,3970.0,39700.0
2021092805001688,JBLB,33,4,10,3975.0,39750.0
2021092805001701,JBLB,10,58,10,3966.0,39660.0
2021092805001697,JBLB,28,52,10,3978.0,39780.0
2021092805001708,JBLB,50,17,10,3965.1,39651.0
2021092805001704,JBLB,33,16,10,3970.0,39700.0
2021092805001703,JBLB,33,58,10,3970.0,39700.0
2021092805001711,JBLB,56,58,10,3965.0,39650.0
2021092805001724,JBLB,36,25,10,3962.0,39620.0
2021092805001722,JBLB,47,1,10,3970.0,39700.0
2021092805001719,JBLB,36,52,10,3962.0,39620.0
2021092805001731,JBLB,10,58,10,3962.0,39620.0
2021092805001739,JBLB,29,32,10,3960.0,39600.0
2021092805001737,JBLB,29,22,10,3960.0,39600.0
2021092805001735,JBLB,56,55,20,3961.0,79220.0
2021092805001734,JBLB,36,1,10,3962.0,39620.0
2021092805001744,JBLB,47,41,10,3961.0,39610.0
2021092805001743,JBLB,29,8,10,3960.0,39600.0
2021092805001742,JBLB,29,14,10,3960.0,39600.0
2021092805001741,JBLB,33,55,40,3961.0,158440.0
2021092805001751,JBLB,29,38,10,3960.0,39600.0
2021092805001748,JBLB,29,32,10,3960.0,39600.0
2021092805001756,JBLB,29,4,10,3960.0,39600.0
2021092805001754,JBLB,29,25,10,3960.0,39600.0
2021092805001766,JBLB,29,6,10,3960.0,39600.0
2021092805001777,JBLB,48,1,10,3962.0,39620.0
2021092805001783,JBLB,29,38,10,3960.0,39600.0
2021092805001795,JBLB,46,58,10,3970.0,39700.0
2021092805001790,JBLB,39,58,10,3961.0,39610.0
2021092805001804,JBLB,32,41,10,3962.0,39620.0
2021092805001800,JBLB,32,28,10,3962.0,39620.0
2021092805001813,JBLB,39,58,10,3961.0,39610.0
2021092805001831,JBLB,35,52,10,3961.1,39611.0
2021092805001823,JBLB,39,48,10,3961.0,39610.0
2021092805001837,JBLB,51,34,10,3961.0,39610.0
2021092805001851,JBLB,21,35,10,3960.0,39600.0
2021092805001850,JBLB,50,1,10,3960.0,39600.0
2021092805001849,JBLB,41,1,10,3960.0,39600.0
2021092805001846,JBLB,41,44,10,3960.0,39600.0
2021092805001857,JBLB,56,19,10,3955.0,39550.0
2021092805001870,JBLB,56,55,10,3955.0,39550.0
2021092805001862,JBLB,53,45,10,3963.0,39630.0
2021092805001861,JBLB,53,56,10,3963.0,39630.0
2021092805001860,JBLB,53,25,10,3962.0,39620.0
2021092805001881,JBLB,56,28,10,3955.0,39550.0
2021092805001904,JBLB,52,21,10,3955.0,39550.0
2021092805001903,JBLB,52,32,10,3955.0,39550.0
2021092805001925,JBLB,21,59,10,3952.2,39522.0
2021092805001935,JBLB,21,13,10,3952.2,39522.0
2021092805001931,JBLB,35,58,10,3955.0,39550.0
2021092805001968,JBLB,32,58,10,3952.1,39521.0
2021092805001966,JBLB,32,45,10,3952.1,39521.0
2021092805001962,JBLB,19,58,10,3952.1,39521.0
2021092805001973,JBLB,50,38,10,3952.1,39521.0
2021092805001989,MKLB,32,1,10,1753.0,17530.0
2021092805001974,MKLB,32,58,10,1753.0,17530.0
2021092805001963,MKLB,32,58,10,1753.0,17530.0
2021092805001956,MKLB,32,53,243,1753.0,425979.0
2021092805001955,MKLB,42,53,100,1753.0,175300.0
2021092805001954,MKLB,42,53,100,1753.0,175300.0
2021092805001529,MKLB,35,22,10,1753.0,17530.0
2021092805001521,MKLB,35,39,10,1753.0,17530.0
2021092805001617,MKLB,7,39,10,1753.0,17530.0
2021092805001597,MKLB,7,41,10,1753.0,17530.0
2021092805001582,MKLB,7,41,10,1753.0,17530.0
2021092805001572,MKLB,7,4,10,1753.0,17530.0
2021092805001538,MKLB,35,45,10,1753.0,17530.0
2021092805001537,MKLB,35,22,10,1753.0,17530.0
2021092805001641,MKLB,53,18,10,1753.0,17530.0
2021092805001628,MKLB,53,25,10,1753.0,17530.0
2021092805001624,MKLB,53,34,10,1753.0,17530.0
2021092805001623,MKLB,53,38,10,1753.0,17530.0
2021092805001622,MKLB,14,35,10,1753.0,17530.0
2021092805001619,MKLB,7,38,10,1753.0,17530.0
2021092805001718,MKLB,53,37,10,1753.0,17530.0
2021092805001693,MKLB,53,39,10,1753.0,17530.0
2021092805001690,MKLB,53,8,10,1753.0,17530.0
2021092805001679,MKLB,53,28,10,1753.0,17530.0
2021092805001675,MKLB,53,21,10,1753.0,17530.0
2021092805001648,MKLB,53,18,10,1753.0,17530.0
2021092805001836,MKLB,25,49,10,1753.0,17530.0
2021092805001834,MKLB,25,49,10,1753.0,17530.0
2021092805001832,MKLB,25,53,10,1753.0,17530.0
2021092805001829,MKLB,25,49,10,1753.0,17530.0
2021092805001801,MKLB,25,39,10,1753.0,17530.0
2021092805001749,MKLB,19,22,10,1753.0,17530.0
2021092805001888,MKLB,16,16,10,1753.0,17530.0
2021092805001875,MKLB,25,22,10,1753.0,17530.0
2021092805001859,MKLB,25,22,10,1753.0,17530.0
2021092805001854,MKLB,25,6,10,1753.0,17530.0
2021092805001843,MKLB,25,56,10,1753.0,17530.0
2021092805001842,MKLB,25,49,10,1753.0,17530.0
2021092805001896,MKLB,26,53,20,1753.0,35060.0
2021092805001895,MKLB,44,53,10,1753.0,17530.0
2021092805001894,MKLB,21,53,10,1753.0,17530.0
2021092805001893,MKLB,34,53,200,1753.0,350600.0
2021092805001892,MKLB,57,53,100,1753.0,175300.0
2021092805001891,MKLB,21,53,10,1753.0,17530.0
2021092805001902,MKLB,47,53,73,1753.0,127969.0
2021092805001901,MKLB,57,53,10,1753.0,17530.0
2021092805001900,MKLB,21,53,10,1753.0,17530.0
2021092805001899,MKLB,38,53,10,1753.0,17530.0
2021092805001898,MKLB,28,53,10,1753.0,17530.0
2021092805001897,MKLB,26,53,50,1753.0,87650.0
2021092805001941,MKLB,58,53,10,1753.0,17530.0
2021092805001927,MKLB,25,16,10,1753.0,17530.0
2021092805001920,MKLB,25,6,10,1753.0,17530.0
2021092805001913,MKLB,45,38,10,1753.0,17530.0
2021092805001911,MKLB,47,16,10,1753.0,17530.0
2021092805001905,MKLB,47,21,10,1753.0,17530.0
2021092805001947,MKLB,8,53,10,1753.0,17530.0
2021092805001946,MKLB,39,53,50,1753.0,87650.0
2021092805001945,MKLB,28,53,10,1753.0,17530.0
2021092805001944,MKLB,43,53,10,1753.0,17530.0
2021092805001943,MKLB,17,53,10,1753.0,17530.0
2021092805001942,MKLB,25,53,100,1753.0,175300.0
2021092805001953,MKLB,59,53,100,1753.0,175300.0
2021092805001952,MKLB,4,53,100,1753.0,175300.0
2021092805001951,MKLB,8,53,10,1753.0,17530.0
2021092805001950,MKLB,53,53,10,1753.0,17530.0
2021092805001949,MKLB,42,53,100,1753.0,175300.0
2021092805001948,MKLB,57,53,20,1753.0,35060.0
2021092805001990,SLI,17,55,10,545.1,5451.0
2021092805001495,SLI,22,11,10,552.0,5520.0
2021092805001494,SLI,22,46,10,552.0,5520.0
2021092805001493,SLI,22,11,10,552.0,5520.0
2021092805001492,SLI,22,11,10,552.0,5520.0
2021092805001501,SLI,58,32,10,549.0,5490.0
2021092805001499,SLI,22,57,10,552.0,5520.0
2021092805001498,SLI,22,58,10,552.0,5520.0
2021092805001497,SLI,22,11,10,552.0,5520.0
2021092805001515,SLI,4,14,10,548.0,5480.0
2021092805001514,SLI,4,47,10,548.0,5480.0
2021092805001513,SLI,22,51,10,550.0,5500.0
2021092805001512,SLI,45,58,10,548.0,5480.0
2021092805001510,SLI,45,1,10,548.0,5480.0
2021092805001523,SLI,4,38,10,548.0,5480.0
2021092805001520,SLI,4,49,10,548.0,5480.0
2021092805001518,SLI,4,47,10,548.0,5480.0
2021092805001516,SLI,4,32,10,548.0,5480.0
2021092805001531,SLI,4,38,10,548.0,5480.0
2021092805001530,SLI,4,48,10,548.0,5480.0
2021092805001527,SLI,4,36,10,548.0,5480.0
2021092805001526,SLI,4,29,10,548.0,5480.0
2021092805001525,SLI,4,38,10,548.0,5480.0
2021092805001524,SLI,4,58,10,548.0,5480.0
2021092805001540,SLI,4,39,10,548.0,5480.0
2021092805001532,SLI,4,28,10,548.0,5480.0
2021092805001546,SLI,17,39,10,548.0,5480.0
2021092805001544,SLI,49,56,10,550.0,5500.0
2021092805001543,SLI,49,49,10,550.0,5500.0
2021092805001542,SLI,17,39,10,548.0,5480.0
2021092805001553,SLI,10,39,10,547.2,5472.0
2021092805001551,SLI,38,29,10,550.0,5500.0
2021092805001550,SLI,17,29,10,548.0,5480.0
2021092805001548,SLI,17,39,10,548.0,5480.0
2021092805001547,SLI,17,45,10,548.0,5480.0
2021092805001559,SLI,34,58,10,550.0,5500.0
2021092805001558,SLI,55,50,10,547.0,5470.0
2021092805001557,SLI,49,22,10,550.0,5500.0
2021092805001556,SLI,55,58,40,547.0,21880.0
2021092805001563,SLI,34,58,10,550.0,5500.0
2021092805001575,SLI,49,6,10,551.0,5510.0
2021092805001570,SLI,34,57,10,550.0,5500.0
2021092805001569,SLI,34,57,10,550.0,5500.0
2021092805001584,SLI,38,22,10,550.0,5500.0
2021092805001580,SLI,38,18,10,550.0,5500.0
2021092805001579,SLI,49,35,10,551.0,5510.0
2021092805001578,SLI,34,6,10,550.0,5500.0
2021092805001593,SLI,49,52,10,550.0,5500.0
2021092805001591,SLI,49,49,10,553.0,5530.0
2021092805001590,SLI,49,52,10,551.0,5510.0
2021092805001601,SLI,49,57,10,553.0,5530.0
2021092805001600,SLI,49,14,10,551.0,5510.0
2021092805001598,SLI,38,21,10,550.0,5500.0
2021092805001607,SLI,49,49,10,555.0,5550.0
2021092805001606,SLI,49,58,10,554.9,5549.0
2021092805001605,SLI,49,58,10,554.9,5549.0
2021092805001604,SLI,49,22,10,554.0,5540.0
2021092805001603,SLI,49,41,10,554.0,5540.0
2021092805001602,SLI,49,49,10,554.0,5540.0
2021092805001621,SLI,55,38,10,550.0,5500.0
2021092805001610,SLI,49,42,10,555.0,5550.0
2021092805001609,SLI,49,34,10,555.0,5550.0
2021092805001608,SLI,49,58,10,555.0,5550.0
2021092805001643,SLI,49,18,10,546.0,5460.0
2021092805001642,SLI,16,39,10,546.0,5460.0
2021092805001627,SLI,16,45,10,546.0,5460.0
2021092805001625,SLI,16,45,10,546.0,5460.0
2021092805001652,SLI,49,36,10,546.0,5460.0
2021092805001650,SLI,49,16,10,546.0,5460.0
2021092805001647,SLI,49,53,10,550.0,5500.0
2021092805001646,SLI,49,19,10,550.0,5500.0
2021092805001645,SLI,49,58,10,549.0,5490.0
2021092805001661,SLI,11,38,10,548.0,5480.0
2021092805001660,SLI,49,47,10,550.0,5500.0
2021092805001659,SLI,49,14,10,550.0,5500.0
2021092805001655,SLI,11,33,10,548.0,5480.0
2021092805001665,SLI,11,43,10,548.0,5480.0
2021092805001664,SLI,11,55,10,548.0,5480.0
2021092805001663,SLI,11,58,10,548.0,5480.0
2021092805001674,SLI,38,10,10,550.0,5500.0
2021092805001673,SLI,38,38,10,550.0,5500.0
2021092805001672,SLI,38,49,10,550.0,5500.0
2021092805001671,SLI,38,1,10,550.0,5500.0
2021092805001670,SLI,38,58,10,548.0,5480.0
2021092805001669,SLI,38,22,10,548.0,5480.0
2021092805001684,SLI,38,21,10,550.0,5500.0
2021092805001683,SLI,38,38,10,550.0,5500.0
2021092805001680,SLI,38,58,10,550.0,5500.0
2021092805001677,SLI,38,58,10,550.0,5500.0
2021092805001696,SLI,13,3,10,551.0,5510.0
2021092805001694,SLI,13,17,10,551.0,5510.0
2021092805001692,SLI,38,57,10,550.0,5500.0
2021092805001702,SLI,13,45,10,551.0,5510.0
2021092805001700,SLI,13,58,10,551.0,5510.0
2021092805001699,SLI,13,37,10,551.0,5510.0
2021092805001698,SLI,13,49,10,551.0,5510.0
2021092805001709,SLI,38,56,10,550.0,5500.0
2021092805001706,SLI,38,53,60,550.0,33000.0
2021092805001705,SLI,13,53,40,551.0,22040.0
2021092805001717,SLI,49,6,10,546.0,5460.0
2021092805001716,SLI,49,58,10,546.0,5460.0
2021092805001713,SLI,21,38,10,550.0,5500.0
2021092805001712,SLI,38,41,10,550.0,5500.0
2021092805001710,SLI,38,49,10,550.0,5500.0
2021092805001725,SLI,49,49,10,546.0,5460.0
2021092805001723,SLI,49,32,10,546.0,5460.0
2021092805001720,SLI,49,38,10,546.0,5460.0
2021092805001730,SLI,55,18,10,546.0,5460.0
2021092805001729,SLI,55,56,10,546.0,5460.0
2021092805001728,SLI,55,25,40,546.0,21840.0
2021092805001727,SLI,49,25,10,546.0,5460.0
2021092805001726,SLI,49,50,10,546.0,5460.0
2021092805001738,SLI,55,57,10,546.0,5460.0
2021092805001736,SLI,55,49,10,546.0,5460.0
2021092805001745,SLI,55,57,10,546.0,5460.0
2021092805001740,SLI,55,49,10,546.0,5460.0
2021092805001752,SLI,4,43,10,546.0,5460.0
2021092805001750,SLI,4,57,10,546.0,5460.0
2021092805001747,SLI,7,49,10,546.0,5460.0
2021092805001746,SLI,7,26,10,546.0,5460.0
2021092805001760,SLI,58,38,10,550.0,5500.0
2021092805001759,SLI,58,51,10,550.0,5500.0
2021092805001757,SLI,54,42,10,547.0,5470.0
2021092805001755,SLI,50,58,10,550.0,5500.0
2021092805001770,SLI,6,7,10,548.0,5480.0
2021092805001769,SLI,6,25,10,548.0,5480.0
2021092805001767,SLI,6,7,10,548.0,5480.0
2021092805001764,SLI,6,20,10,548.0,5480.0
2021092805001761,SLI,6,7,10,548.0,5480.0
2021092805001776,SLI,54,48,10,547.0,5470.0
2021092805001774,SLI,6,52,10,550.0,5500.0
2021092805001773,SLI,6,49,10,550.0,5500.0
2021092805001772,SLI,6,34,10,550.0,5500.0
2021092805001771,SLI,6,38,20,550.0,11000.0
2021092805001786,SLI,1,19,10,546.0,5460.0
2021092805001784,SLI,49,46,10,547.0,5470.0
2021092805001782,SLI,54,50,10,547.0,5470.0
2021092805001780,SLI,54,38,10,547.0,5470.0
2021092805001778,SLI,54,4,10,547.0,5470.0
2021092805001793,SLI,49,5,10,546.0,5460.0
2021092805001792,SLI,49,34,10,546.0,5460.0
2021092805001788,SLI,49,41,10,549.0,5490.0
2021092805001787,SLI,49,21,10,547.0,5470.0
2021092805001803,SLI,54,29,10,547.0,5470.0
2021092805001799,SLI,57,3,10,545.3,5453.0
2021092805001798,SLI,49,22,10,547.0,5470.0
2021092805001797,SLI,49,4,10,547.0,5470.0
2021092805001815,SLI,7,49,10,548.0,5480.0
2021092805001814,SLI,54,45,30,547.0,16410.0
2021092805001812,SLI,54,3,10,547.0,5470.0
2021092805001806,SLI,54,34,10,547.0,5470.0
2021092805001805,SLI,54,53,10,547.0,5470.0
2021092805001822,SLI,54,52,10,547.0,5470.0
2021092805001820,SLI,54,58,10,547.0,5470.0
2021092805001819,SLI,7,35,10,550.0,5500.0
2021092805001818,SLI,7,51,10,550.0,5500.0
2021092805001817,SLI,7,55,10,550.0,5500.0
2021092805001816,SLI,7,35,10,550.0,5500.0
2021092805001828,SLI,45,46,10,550.0,5500.0
2021092805001827,SLI,45,51,10,548.0,5480.0
2021092805001826,SLI,54,6,10,547.0,5470.0
2021092805001824,SLI,54,43,10,547.0,5470.0
2021092805001844,SLI,54,6,10,547.0,5470.0
2021092805001841,SLI,46,58,10,551.0,5510.0
2021092805001840,SLI,46,10,10,551.0,5510.0
2021092805001839,SLI,45,6,10,550.0,5500.0
2021092805001833,SLI,45,6,10,550.0,5500.0
2021092805001848,SLI,54,6,10,547.0,5470.0
2021092805001845,SLI,54,35,10,547.0,5470.0
2021092805001858,SLI,54,52,10,547.0,5470.0
2021092805001856,SLI,7,58,10,550.0,5500.0
2021092805001855,SLI,7,14,10,550.0,5500.0
2021092805001853,SLI,54,13,10,547.0,5470.0
2021092805001852,SLI,54,6,10,547.0,5470.0
2021092805001871,SLI,54,5,10,547.0,5470.0
2021092805001863,SLI,54,58,10,547.0,5470.0
2021092805001883,SLI,51,38,10,546.0,5460.0
2021092805001878,SLI,46,57,10,550.0,5500.0
2021092805001877,SLI,46,49,10,550.0,5500.0
2021092805001876,SLI,46,3,10,547.0,5470.0
2021092805001874,SLI,54,6,10,547.0,5470.0
2021092805001890,SLI,59,25,10,550.0,5500.0
2021092805001889,SLI,59,32,10,550.0,5500.0
2021092805001887,SLI,51,49,10,546.0,5460.0
2021092805001886,SLI,51,29,10,546.0,5460.0
2021092805001918,SLI,46,45,40,546.0,21840.0
2021092805001915,SLI,57,58,10,545.3,5453.0
2021092805001912,SLI,51,45,100,546.0,54600.0
2021092805001910,SLI,51,3,10,546.0,5460.0
2021092805001909,SLI,51,45,10,546.0,5460.0
2021092805001906,SLI,59,49,10,547.0,5470.0
2021092805001929,SLI,57,58,10,545.3,5453.0
2021092805001926,SLI,57,45,10,545.3,5453.0
2021092805001924,SLI,57,58,10,545.3,5453.0
2021092805001923,SLI,57,49,10,545.3,5453.0
2021092805001919,SLI,46,8,10,546.0,5460.0
2021092805001937,SLI,25,22,10,545.1,5451.0
2021092805001934,SLI,25,52,10,545.1,5451.0
2021092805001933,SLI,57,38,10,545.3,5453.0
2021092805001932,SLI,57,57,10,545.3,5453.0
2021092805001959,SLI,49,48,100,546.0,54600.0
2021092805001958,SLI,25,58,10,545.1,5451.0
2021092805001957,SLI,25,59,10,545.1,5451.0
2021092805001940,SLI,25,46,10,545.1,5451.0
2021092805001939,SLI,49,29,10,546.0,5460.0
2021092805001938,SLI,25,45,10,545.1,5451.0
2021092805001969,SLI,25,32,10,545.1,5451.0
2021092805001964,SLI,25,46,10,545.1,5451.0
2021092805001961,SLI,25,29,10,545.1,5451.0
2021092805001982,SLI,17,32,10,545.1,5451.0
2021092805001978,SLI,17,21,10,545.1,5451.0
2021092805001977,SLI,17,41,10,545.1,5451.0
2021092805001975,SLI,35,46,10,545.0,5450.0
2021092805001970,SLI,25,45,10,545.1,5451.0
2021092805001988,ULI,55,45,10,562.2,5622.0
2021092805001983,ULI,34,48,10,562.0,5620.0
2021092805001981,ULI,34,32,10,562.0,5620.0
2021092805001980,ULI,34,45,10,562.0,5620.0
2021092805001979,ULI,34,28,10,562.0,5620.0
2021092805001976,ULI,34,45,10,562.0,5620.0
2021092805001500,ULI,7,35,10,571.0,5710.0
2021092805001496,ULI,7,36,10,571.0,5710.0
2021092805001511,ULI,58,17,10,570.1,5701.0
2021092805001509,ULI,7,58,10,571.0,5710.0
2021092805001508,ULI,7,32,10,571.0,5710.0
2021092805001507,ULI,7,32,10,571.0,5710.0
2021092805001506,ULI,7,49,10,571.0,5710.0
2021092805001502,ULI,7,21,10,571.0,5710.0
2021092805001561,ULI,35,49,10,570.1,5701.0
2021092805001555,ULI,35,41,10,570.1,5701.0
2021092805001552,ULI,35,41,10,570.1,5701.0
2021092805001539,ULI,6,48,10,570.0,5700.0
2021092805001528,ULI,6,47,10,570.0,5700.0
2021092805001519,ULI,58,49,10,570.1,5701.0
2021092805001592,ULI,35,45,10,570.1,5701.0
2021092805001586,ULI,35,8,10,570.1,5701.0
2021092805001585,ULI,35,19,10,570.1,5701.0
2021092805001583,ULI,35,45,10,570.1,5701.0
2021092805001571,ULI,35,45,10,570.1,5701.0
2021092805001565,ULI,35,41,10,570.1,5701.0
2021092805001615,ULI,57,38,5,570.0,2850.0
2021092805001614,ULI,57,41,10,570.0,5700.0
2021092805001613,ULI,57,32,15,570.0,8550.0
2021092805001612,ULI,6,32,20,570.0,11400.0
2021092805001611,ULI,6,21,10,570.0,5700.0
2021092805001594,ULI,35,35,10,570.1,5701.0
2021092805001633,ULI,37,38,10,571.0,5710.0
2021092805001632,ULI,37,41,10,571.0,5710.0
2021092805001631,ULI,37,46,10,571.0,5710.0
2021092805001630,ULI,37,51,10,570.9,5709.0
2021092805001626,ULI,14,36,10,570.0,5700.0
2021092805001616,ULI,14,45,10,570.0,5700.0
2021092805001639,ULI,37,45,10,573.0,5730.0
2021092805001638,ULI,37,34,10,572.0,5720.0
2021092805001637,ULI,37,52,10,572.0,5720.0
2021092805001636,ULI,37,56,10,572.0,5720.0
2021092805001635,ULI,37,57,10,572.0,5720.0
2021092805001634,ULI,37,14,10,571.0,5710.0
2021092805001662,ULI,37,33,10,571.0,5710.0
2021092805001657,ULI,37,49,10,571.0,5710.0
2021092805001656,ULI,37,47,10,571.0,5710.0
2021092805001654,ULI,37,38,10,571.0,5710.0
2021092805001649,ULI,37,14,10,571.0,5710.0
2021092805001640,ULI,14,43,10,570.0,5700.0
2021092805001695,ULI,14,16,10,570.0,5700.0
2021092805001686,ULI,37,58,10,571.0,5710.0
2021092805001685,ULI,37,48,10,571.0,5710.0
2021092805001682,ULI,37,35,10,571.0,5710.0
2021092805001681,ULI,37,28,10,571.0,5710.0
2021092805001676,ULI,37,38,10,571.0,5710.0
2021092805001733,ULI,54,28,10,568.5,5685.0
2021092805001732,ULI,54,52,10,568.5,5685.0
2021092805001721,ULI,52,19,10,568.2,5682.0
2021092805001715,ULI,52,28,10,568.2,5682.0
2021092805001714,ULI,14,38,450,570.0,256500.0
2021092805001707,ULI,14,32,10,570.0,5700.0
2021092805001768,ULI,54,21,10,568.5,5685.0
2021092805001765,ULI,54,41,10,568.5,5685.0
2021092805001763,ULI,54,58,10,568.5,5685.0
2021092805001762,ULI,54,21,10,568.5,5685.0
2021092805001758,ULI,54,25,10,568.5,5685.0
2021092805001753,ULI,54,39,10,568.5,5685.0
2021092805001791,ULI,59,58,10,567.0,5670.0
2021092805001789,ULI,59,57,10,567.0,5670.0
2021092805001785,ULI,52,4,10,568.2,5682.0
2021092805001781,ULI,52,48,10,568.2,5682.0
2021092805001779,ULI,54,19,10,568.5,5685.0
2021092805001775,ULI,54,42,10,568.5,5685.0
2021092805001809,ULI,25,16,30,566.0,16980.0
2021092805001808,ULI,33,53,40,566.0,22640.0
2021092805001807,ULI,19,53,145,566.1,82084.5
2021092805001802,ULI,19,44,10,566.1,5661.0
2021092805001796,ULI,19,58,10,566.1,5661.0
2021092805001794,ULI,19,21,10,566.1,5661.0
2021092805001835,ULI,17,58,10,567.0,5670.0
2021092805001830,ULI,17,1,10,567.0,5670.0
2021092805001825,ULI,17,14,10,567.0,5670.0
2021092805001821,ULI,45,59,10,565.0,5650.0
2021092805001811,ULI,45,16,420,565.0,237300.0
2021092805001810,ULI,53,16,50,565.5,28275.0
2021092805001867,ULI,8,58,30,565.0,16950.0
2021092805001866,ULI,17,58,20,565.0,11300.0
2021092805001865,ULI,45,58,70,565.0,39550.0
2021092805001864,ULI,17,58,60,567.0,34020.0
2021092805001847,ULI,17,25,10,567.0,5670.0
2021092805001838,ULI,29,35,10,568.0,5680.0
2021092805001880,ULI,35,35,10,567.0,5670.0
2021092805001879,ULI,35,41,10,567.0,5670.0
2021092805001873,ULI,35,52,10,567.0,5670.0
2021092805001872,ULI,35,58,10,565.0,5650.0
2021092805001869,ULI,6,58,200,565.0,113000.0
2021092805001868,ULI,48,58,10,565.0,5650.0
2021092805001914,ULI,35,16,10,567.0,5670.0
2021092805001908,ULI,35,41,10,567.0,5670.0
2021092805001907,ULI,35,49,10,567.0,5670.0
2021092805001885,ULI,35,41,10,567.0,5670.0
2021092805001884,ULI,35,21,10,567.0,5670.0
2021092805001882,ULI,59,36,10,568.0,5680.0
2021092805001930,ULI,33,53,105,563.0,59115.0
2021092805001928,ULI,56,45,10,562.6,5626.0
2021092805001922,ULI,43,45,90,564.0,50760.0
2021092805001921,ULI,43,49,10,564.0,5640.0
2021092805001917,ULI,35,58,50,567.0,28350.0
2021092805001916,ULI,35,49,10,567.0,5670.0
2021092805001972,ULI,34,29,10,562.0,5620.0
2021092805001971,ULI,34,45,10,562.0,5620.0
2021092805001967,ULI,34,45,10,562.0,5620.0
2021092805001965,ULI,34,55,10,562.0,5620.0
2021092805001960,ULI,43,57,10,562.2,5622.0
2021092805001936,ULI,43,38,10,562.2,5622.0
2021092805001488,JBLB,42,35,10,3990.0,39900.0
2021092805001008,JBLB,11,7,10,4000.0,40000.0
2021092805001005,JBLB,58,26,10,4001.0,40010.0
2021092805001009,JBLB,36,25,20,4000.0,80000.0
2021092805001077,JBLB,32,50,10,3995.0,39950.0
2021092805001092,JBLB,33,6,10,4000.0,40000.0
2021092805001091,JBLB,33,25,10,4000.0,40000.0
2021092805001090,JBLB,36,32,10,3996.0,39960.0
2021092805001087,JBLB,39,55,10,3995.0,39950.0
2021092805001096,JBLB,36,18,10,3996.0,39960.0
2021092805001095,JBLB,36,32,10,3996.0,39960.0
2021092805001094,JBLB,36,4,10,3996.0,39960.0
2021092805001112,JBLB,21,53,10,4000.0,40000.0
2021092805001106,JBLB,38,21,10,4000.0,40000.0
2021092805001120,JBLB,38,32,10,4001.0,40010.0
2021092805001126,JBLB,1,38,10,3993.0,39930.0
2021092805001140,JBLB,33,34,10,3991.0,39910.0
2021092805001139,JBLB,26,40,10,3992.0,39920.0
2021092805001137,JBLB,26,21,10,3992.0,39920.0
2021092805001147,JBLB,21,53,10,3990.0,39900.0
2021092805001146,JBLB,33,53,30,3991.0,119730.0
2021092805001144,JBLB,33,11,10,3991.0,39910.0
2021092805001158,JBLB,50,26,10,4000.0,40000.0
2021092805001171,JBLB,57,38,10,3992.2,39922.0
2021092805001166,JBLB,33,21,10,4000.0,40000.0
2021092805001176,JBLB,56,22,10,3993.0,39930.0
2021092805001192,JBLB,10,55,10,4000.0,40000.0
2021092805001196,JBLB,56,16,10,4000.0,40000.0
2021092805001195,JBLB,59,55,10,4000.0,40000.0
2021092805001206,JBLB,59,45,10,3999.0,39990.0
2021092805001203,JBLB,59,56,10,3999.0,39990.0
2021092805001215,JBLB,59,32,70,3999.0,279930.0
2021092805001214,JBLB,59,16,10,3999.0,39990.0
2021092805001218,JBLB,22,44,10,4000.0,40000.0
2021092805001217,JBLB,22,32,10,3999.0,39990.0
2021092805001230,JBLB,59,4,10,4000.0,40000.0
2021092805001240,JBLB,49,38,10,3995.1,39951.0
2021092805001237,JBLB,53,1,10,4000.0,40000.0
2021092805001259,JBLB,1,58,10,3995.0,39950.0
2021092805001255,JBLB,1,8,10,3995.0,39950.0
2021092805001252,JBLB,1,53,10,3995.0,39950.0
2021092805001264,JBLB,56,57,10,3995.1,39951.0
2021092805001263,JBLB,1,4,10,3995.0,39950.0
2021092805001281,JBLB,33,3,10,3999.0,39990.0
2021092805001276,JBLB,33,55,10,4000.0,40000.0
2021092805001275,JBLB,33,6,10,4000.0,40000.0
2021092805001267,JBLB,1,57,10,3995.0,39950.0
2021092805001285,JBLB,44,56,10,3995.1,39951.0
2021092805001283,JBLB,47,38,10,3996.0,39960.0
2021092805001299,JBLB,38,22,10,4000.0,40000.0
2021092805001298,JBLB,38,55,10,4000.0,40000.0
2021092805001293,JBLB,19,58,10,3996.0,39960.0
2021092805001304,JBLB,36,49,10,3996.0,39960.0
2021092805001314,JBLB,55,11,10,4000.0,40000.0
2021092805001313,JBLB,55,59,10,4000.0,40000.0
2021092805001319,JBLB,55,41,10,4000.0,40000.0
2021092805001318,JBLB,55,19,10,4000.0,40000.0
2021092805001317,JBLB,55,46,10,4000.0,40000.0
2021092805001316,JBLB,55,14,10,4000.0,40000.0
2021092805001315,JBLB,55,57,10,4000.0,40000.0
2021092805001326,JBLB,38,6,10,3996.0,39960.0
2021092805001325,JBLB,55,16,10,4000.0,40000.0
2021092805001324,JBLB,57,16,10,4000.0,40000.0
2021092805001335,JBLB,49,55,10,3996.0,39960.0
2021092805001331,JBLB,57,13,10,3992.2,39922.0
2021092805001348,JBLB,52,52,40,3995.0,159800.0
2021092805001347,JBLB,56,57,10,3999.0,39990.0
2021092805001346,JBLB,56,25,10,3996.0,39960.0
2021092805001342,JBLB,52,16,10,3995.0,39950.0
2021092805001356,JBLB,1,52,10,4000.0,40000.0
2021092805001355,JBLB,1,57,10,4000.0,40000.0
2021092805001354,JBLB,1,4,10,4000.0,40000.0
2021092805001353,JBLB,1,55,10,4000.0,40000.0
2021092805001352,JBLB,1,52,10,3995.0,39950.0
2021092805001364,JBLB,5,57,10,3992.2,39922.0
2021092805001358,JBLB,1,38,10,4001.0,40010.0
2021092805001373,JBLB,47,21,10,3992.0,39920.0
2021092805001369,JBLB,7,21,10,3993.0,39930.0
2021092805001394,JBLB,51,21,50,3991.0,199550.0
2021092805001387,JBLB,56,57,10,3991.0,39910.0
2021092805001408,JBLB,21,28,10,3995.0,39950.0
2021092805001405,JBLB,51,57,10,3991.0,39910.0
2021092805001424,JBLB,51,18,40,3991.0,159640.0
2021092805001409,JBLB,51,49,10,3991.0,39910.0
2021092805001456,JBLB,53,4,10,3990.1,39901.0
2021092805001480,JBLB,28,22,10,4000.0,40000.0
2021092805001479,JBLB,53,35,10,3990.1,39901.0
2021092805001485,MKLB,35,35,10,1753.0,17530.0
2021092805001483,MKLB,35,45,10,1753.0,17530.0
2021092805001473,MKLB,29,38,10,1753.0,17530.0
2021092805001465,MKLB,59,34,10,1753.0,17530.0
2021092805001458,MKLB,38,36,10,1753.0,17530.0
2021092805001455,MKLB,49,43,23,1753.0,40319.0
2021092805001023,MKLB,46,44,498,1753.0,872994.0
2021092805001022,MKLB,17,44,250,1753.0,438250.0
2021092805001013,MKLB,17,41,10,1753.0,17530.0
2021092805001002,MKLB,17,34,10,1753.0,17530.0
2021092805001032,MKLB,59,49,100,1753.0,175300.0
2021092805001031,MKLB,38,49,20,1753.0,35060.0
2021092805001030,MKLB,44,49,10,1753.0,17530.0
2021092805001029,MKLB,33,49,50,1753.0,87650.0
2021092805001028,MKLB,45,49,50,1753.0,87650.0
2021092805001027,MKLB,46,49,502,1753.0,880006.0
2021092805001105,MKLB,11,52,10,1753.0,17530.0
2021092805001089,MKLB,11,22,10,1753.0,17530.0
2021092805001086,MKLB,11,6,10,1753.0,17530.0
2021092805001082,MKLB,11,21,10,1753.0,17530.0
2021092805001034,MKLB,41,49,6,1753.0,10518.0
2021092805001033,MKLB,48,49,10,1753.0,17530.0
2021092805001165,MKLB,53,22,10,1753.0,17530.0
2021092805001155,MKLB,53,58,10,1753.0,17530.0
2021092805001152,MKLB,53,26,10,1753.0,17530.0
2021092805001142,MKLB,53,34,10,1753.0,17530.0
2021092805001136,MKLB,53,28,10,1753.0,17530.0
2021092805001118,MKLB,11,52,10,1753.0,17530.0
2021092805001188,MKLB,53,48,10,1753.0,17530.0
2021092805001184,MKLB,53,21,10,1753.0,17530.0
2021092805001182,MKLB,53,58,10,1753.0,17530.0
2021092805001174,MKLB,53,38,10,1753.0,17530.0
2021092805001173,MKLB,53,42,10,1753.0,17530.0
2021092805001170,MKLB,53,35,10,1753.0,17530.0
2021092805001279,MKLB,53,14,10,1753.0,17530.0
2021092805001271,MKLB,53,58,10,1753.0,17530.0
2021092805001270,MKLB,53,22,10,1753.0,17530.0
2021092805001265,MKLB,53,5,10,1753.0,17530.0
2021092805001207,MKLB,53,32,10,1753.0,17530.0
2021092805001197,MKLB,53,10,10,1753.0,17530.0
2021092805001343,MKLB,53,38,10,1753.0,17530.0
2021092805001340,MKLB,53,45,10,1753.0,17530.0
2021092805001322,MKLB,53,55,10,1753.0,17530.0
2021092805001307,MKLB,53,43,10,1753.0,17530.0
2021092805001289,MKLB,53,42,10,1753.0,17530.0
2021092805001280,MKLB,53,51,10,1753.0,17530.0
2021092805001396,MKLB,45,4,100,1753.0,175300.0
2021092805001395,MKLB,53,4,230,1753.0,403190.0
2021092805001385,MKLB,53,58,10,1753.0,17530.0
2021092805001360,MKLB,53,38,10,1753.0,17530.0
2021092805001350,MKLB,53,38,10,1753.0,17530.0
2021092805001345,MKLB,53,38,10,1753.0,17530.0
2021092805001402,MKLB,35,4,9,1753.0,15777.0
2021092805001401,MKLB,28,4,10,1753.0,17530.0
2021092805001400,MKLB,34,4,20,1753.0,35060.0
2021092805001399,MKLB,51,4,30,1753.0,52590.0
2021092805001398,MKLB,4,4,10,1753.0,17530.0
2021092805001397,MKLB,49,4,10,1753.0,17530.0
2021092805001415,MKLB,59,43,10,1753.0,17530.0
2021092805001414,MKLB,14,43,10,1753.0,17530.0
2021092805001413,MKLB,38,43,50,1753.0,87650.0
2021092805001412,MKLB,52,43,100,1753.0,175300.0
2021092805001411,MKLB,33,43,10,1753.0,17530.0
2021092805001410,MKLB,8,43,10,1753.0,17530.0
2021092805001421,MKLB,6,43,10,1753.0,17530.0
2021092805001420,MKLB,45,43,10,1753.0,17530.0
2021092805001419,MKLB,6,43,10,1753.0,17530.0
2021092805001418,MKLB,8,43,10,1753.0,17530.0
2021092805001417,MKLB,41,43,10,1753.0,17530.0
2021092805001416,MKLB,43,43,50,1753.0,87650.0
2021092805001433,MKLB,55,4,200,1753.0,350600.0
2021092805001432,MKLB,57,4,10,1753.0,17530.0
2021092805001431,MKLB,32,4,10,1753.0,17530.0
2021092805001430,MKLB,32,4,20,1753.0,35060.0
2021092805001429,MKLB,34,4,76,1753.0,133228.0
2021092805001422,MKLB,34,43,24,1753.0,42072.0
2021092805001439,MKLB,6,4,10,1753.0,17530.0
2021092805001438,MKLB,47,4,100,1753.0,175300.0
2021092805001437,MKLB,21,4,50,1753.0,87650.0
2021092805001436,MKLB,38,4,40,1753.0,70120.0
2021092805001435,MKLB,38,4,10,1753.0,17530.0
2021092805001434,MKLB,52,4,50,1753.0,87650.0
2021092805001454,MKLB,46,43,25,1753.0,43825.0
2021092805001453,MKLB,22,43,87,1753.0,152511.0
2021092805001443,MKLB,22,4,13,1753.0,22789.0
2021092805001442,MKLB,57,4,10,1753.0,17530.0
2021092805001441,MKLB,17,4,20,1753.0,35060.0
2021092805001440,MKLB,34,4,10,1753.0,17530.0
2021092805001491,SLI,22,58,10,552.0,5520.0
2021092805001490,SLI,22,11,10,552.0,5520.0
2021092805001489,SLI,22,46,10,552.0,5520.0
2021092805001486,SLI,22,11,10,552.0,5520.0
2021092805001484,SLI,22,8,10,552.0,5520.0
2021092805000992,SLI,14,6,10,554.0,5540.0
2021092805000999,SLI,16,32,10,556.0,5560.0
2021092805000998,SLI,16,33,10,556.0,5560.0
2021092805000997,SLI,16,34,10,555.0,5550.0
2021092805000996,SLI,16,21,10,555.0,5550.0
2021092805000994,SLI,14,26,10,554.0,5540.0
2021092805000993,SLI,14,42,10,554.0,5540.0
2021092805001007,SLI,14,39,10,554.0,5540.0
2021092805001004,SLI,16,45,10,557.0,5570.0
2021092805001001,SLI,16,21,10,557.0,5570.0
2021092805001000,SLI,16,21,10,557.0,5570.0
2021092805001020,SLI,58,39,10,553.0,5530.0
2021092805001017,SLI,58,39,10,553.0,5530.0
2021092805001012,SLI,14,29,10,554.0,5540.0
2021092805001011,SLI,14,39,10,554.0,5540.0
2021092805001010,SLI,14,39,10,554.0,5540.0
2021092805001037,SLI,22,39,10,552.0,5520.0
2021092805001036,SLI,29,38,10,552.0,5520.0
2021092805001035,SLI,29,32,10,552.0,5520.0
2021092805001026,SLI,29,39,10,552.0,5520.0
2021092805001025,SLI,29,22,10,552.0,5520.0
2021092805001024,SLI,58,38,10,553.0,5530.0
2021092805001043,SLI,28,14,10,555.0,5550.0
2021092805001042,SLI,28,49,10,555.0,5550.0
2021092805001041,SLI,28,32,10,553.0,5530.0
2021092805001040,SLI,28,55,10,553.0,5530.0
2021092805001039,SLI,22,38,10,552.0,5520.0
2021092805001038,SLI,22,38,10,552.0,5520.0
2021092805001049,SLI,28,58,10,558.0,5580.0
2021092805001048,SLI,28,45,10,558.0,5580.0
2021092805001047,SLI,28,7,10,558.0,5580.0
2021092805001046,SLI,28,48,10,557.0,5570.0
2021092805001045,SLI,28,6,10,556.0,5560.0
2021092805001044,SLI,28,57,10,556.0,5560.0
2021092805001055,SLI,28,46,10,560.0,5600.0
2021092805001054,SLI,28,21,10,560.0,5600.0
2021092805001053,SLI,28,19,10,560.0,5600.0
2021092805001052,SLI,28,34,10,560.0,5600.0
2021092805001051,SLI,28,53,10,560.0,5600.0
2021092805001050,SLI,28,35,10,559.0,5590.0
2021092805001061,SLI,28,44,10,560.0,5600.0
2021092805001060,SLI,28,36,10,560.0,5600.0
2021092805001059,SLI,28,28,10,560.0,5600.0
2021092805001058,SLI,28,6,10,560.0,5600.0
2021092805001057,SLI,28,25,10,560.0,5600.0
2021092805001056,SLI,28,7,10,560.0,5600.0
2021092805001067,SLI,28,41,10,560.0,5600.0
2021092805001066,SLI,28,32,10,560.0,5600.0
2021092805001065,SLI,28,41,10,560.0,5600.0
2021092805001064,SLI,28,58,10,560.0,5600.0
2021092805001063,SLI,28,49,10,560.0,5600.0
2021092805001062,SLI,28,34,10,560.0,5600.0
2021092805001073,SLI,28,28,10,561.0,5610.0
2021092805001072,SLI,28,29,10,561.0,5610.0
2021092805001071,SLI,28,41,73,561.0,40953.0
2021092805001070,SLI,28,58,10,560.0,5600.0
2021092805001069,SLI,28,1,10,560.0,5600.0
2021092805001068,SLI,28,8,10,560.0,5600.0
2021092805001084,SLI,22,38,10,552.0,5520.0
2021092805001080,SLI,22,32,10,552.0,5520.0
2021092805001078,SLI,22,32,10,552.0,5520.0
2021092805001075,SLI,28,6,87,562.0,48894.0
2021092805001074,SLI,28,19,10,562.0,5620.0
2021092805001088,SLI,39,22,10,552.1,5521.0
2021092805001085,SLI,22,32,10,552.0,5520.0
2021092805001098,SLI,14,58,10,553.0,5530.0
2021092805001097,SLI,14,46,10,553.0,5530.0
2021092805001093,SLI,39,38,10,552.1,5521.0
2021092805001104,SLI,14,29,10,553.0,5530.0
2021092805001103,SLI,14,10,10,553.0,5530.0
2021092805001102,SLI,14,38,10,553.0,5530.0
2021092805001101,SLI,14,58,10,553.0,5530.0
2021092805001100,SLI,14,38,10,553.0,5530.0
2021092805001099,SLI,14,38,10,553.0,5530.0
2021092805001115,SLI,41,45,10,555.0,5550.0
2021092805001114,SLI,14,1,10,553.0,5530.0
2021092805001110,SLI,14,7,10,553.0,5530.0
2021092805001109,SLI,14,42,10,553.0,5530.0
2021092805001124,SLI,50,38,10,555.0,5550.0
2021092805001123,SLI,50,58,10,555.0,5550.0
2021092805001122,SLI,50,49,10,555.0,5550.0
2021092805001117,SLI,41,17,10,555.0,5550.0
2021092805001116,SLI,41,46,10,555.0,5550.0
2021092805001133,SLI,14,38,10,553.0,5530.0
2021092805001130,SLI,14,38,10,553.0,5530.0
2021092805001129,SLI,14,14,10,553.0,5530.0
2021092805001128,SLI,11,52,10,555.0,5550.0
2021092805001125,SLI,14,38,10,553.0,5530.0
