Transact. No.,Symbol,Buyer,Seller,Quantity,Rate,Amount
2021092905005598,JBLB,58,58,20,4090.0,81800.0
2021092905005586,JBLB,58,22,10,4090.0,40900.0
2021092905005585,JBLB,58,21,20,4090.0,81800.0
2021092905005584,JBLB,58,58,10,4090.0,40900.0
2021092905005107,JBLB,42,49,10,4041.0,40410.0
2021092905005102,JBLB,58,45,10,4015.0,40150.0
2021092905005099,JBLB,1,49,10,4030.0,40300.0
2021092905005115,JBLB,58,52,10,4015.0,40150.0
2021092905005111,JBLB,58,38,10,4015.0,40150.0
2021092905005109,JBLB,5,36,10,4041.0,40410.0
2021092905005133,JBLB,42,51,10,4030.0,40300.0
2021092905005148,JBLB,58,39,10,4046.0,40460.0
2021092905005147,JBLB,58,22,15,4045.0,60675.0
2021092905005146,JBLB,58,16,10,4045.0,40450.0
2021092905005145,JBLB,58,25,10,4042.0,40420.0
2021092905005144,JBLB,58,41,10,4041.0,40410.0
2021092905005156,JBLB,58,45,25,4047.0,101175.0
2021092905005155,JBLB,58,45,10,4046.0,40460.0
2021092905005154,JBLB,58,22,15,4045.0,60675.0
2021092905005150,JBLB,58,45,25,4047.0,101175.0
2021092905005149,JBLB,58,45,20,4046.0,80920.0
2021092905005158,JBLB,58,16,20,4050.0,81000.0
2021092905005157,JBLB,58,51,10,4049.0,40490.0
2021092905005179,JBLB,14,22,10,4050.0,40500.0
2021092905005178,JBLB,14,16,10,4050.0,40500.0
2021092905005185,JBLB,14,33,20,4050.0,81000.0
2021092905005184,JBLB,14,21,20,4050.0,81000.0
2021092905005183,JBLB,14,58,10,4050.0,40500.0
2021092905005182,JBLB,14,21,10,4050.0,40500.0
2021092905005181,JBLB,14,58,10,4050.0,40500.0
2021092905005180,JBLB,14,21,10,4050.0,40500.0
2021092905005223,JBLB,47,54,10,4017.0,40170.0
2021092905005231,JBLB,6,33,30,4050.0,121500.0
2021092905005230,JBLB,6,13,10,4045.0,40450.0
2021092905005229,JBLB,6,39,10,4045.0,40450.0
2021092905005228,JBLB,6,16,10,4045.0,40450.0
2021092905005227,JBLB,6,11,10,4041.0,40410.0
2021092905005226,JBLB,6,4,10,4040.0,40400.0
2021092905005265,JBLB,58,16,10,4050.9,40509.0
2021092905005272,JBLB,6,4,10,4050.0,40500.0
2021092905005269,JBLB,58,57,10,4067.9,40679.0
2021092905005268,JBLB,58,39,10,4067.0,40670.0
2021092905005267,JBLB,58,35,10,4065.8,40658.0
2021092905005266,JBLB,58,38,10,4064.0,40640.0
2021092905005273,JBLB,6,47,10,4050.0,40500.0
2021092905005315,JBLB,58,39,10,4040.0,40400.0
2021092905005325,JBLB,58,59,10,4018.0,40180.0
2021092905005350,JBLB,58,45,10,4018.0,40180.0
2021092905005339,JBLB,58,59,10,4018.0,40180.0
2021092905005355,JBLB,58,32,10,4045.0,40450.0
2021092905005360,JBLB,58,58,10,4018.0,40180.0
2021092905005393,JBLB,58,56,20,4050.0,81000.0
2021092905005392,JBLB,58,32,30,4045.0,121350.0
2021092905005381,JBLB,42,58,10,4020.0,40200.0
2021092905005399,JBLB,58,41,10,4070.0,40700.0
2021092905005398,JBLB,58,1,50,4070.0,203500.0
2021092905005397,JBLB,58,36,30,4069.0,122070.0
2021092905005396,JBLB,58,58,10,4050.0,40500.0
2021092905005395,JBLB,58,5,10,4050.0,40500.0
2021092905005394,JBLB,58,25,10,4050.0,40500.0
2021092905005421,JBLB,58,42,10,4070.0,40700.0
2021092905005482,JBLB,58,35,10,4077.9,40779.0
2021092905005472,JBLB,58,42,10,4070.0,40700.0
2021092905005502,JBLB,58,58,10,4070.0,40700.0
2021092905005489,JBLB,14,8,50,4080.0,204000.0
2021092905005488,JBLB,14,14,10,4080.0,40800.0
2021092905005487,JBLB,14,45,40,4075.0,163000.0
2021092905005486,JBLB,25,45,10,4077.9,40779.0
2021092905005562,JBLB,35,59,10,4072.0,40720.0
2021092905005558,JBLB,52,1,30,4075.0,122250.0
2021092905005511,JBLB,58,52,10,4070.0,40700.0
2021092905005571,JBLB,58,8,50,4080.0,204000.0
2021092905005570,JBLB,58,57,20,4079.9,81598.0
2021092905005569,JBLB,58,59,50,4075.0,203750.0
2021092905005568,JBLB,58,1,20,4075.0,81500.0
2021092905005563,JBLB,54,59,10,4071.0,40710.0
2021092905005577,JBLB,58,38,10,4089.0,40890.0
2021092905005576,JBLB,58,28,10,4089.0,40890.0
2021092905005575,JBLB,58,57,10,4081.0,40810.0
2021092905005574,JBLB,58,57,10,4081.0,40810.0
2021092905005573,JBLB,58,57,18,4080.0,73440.0
2021092905005572,JBLB,58,38,90,4080.0,367200.0
2021092905005583,JBLB,58,22,10,4090.0,40900.0
2021092905005582,JBLB,58,21,20,4090.0,81800.0
2021092905005581,JBLB,58,49,10,4090.0,40900.0
2021092905005580,JBLB,58,58,10,4090.0,40900.0
2021092905005579,JBLB,58,14,10,4090.0,40900.0
2021092905005578,JBLB,58,38,10,4090.0,40900.0
2021092905005596,MKLB,17,46,10,1927.0,19270.0
2021092905005595,MKLB,17,49,10,1927.0,19270.0
2021092905005591,MKLB,17,13,10,1927.0,19270.0
2021092905005590,MKLB,17,36,10,1927.0,19270.0
2021092905005589,MKLB,17,43,10,1927.0,19270.0
2021092905005587,MKLB,17,42,10,1927.0,19270.0
2021092905005101,MKLB,56,20,10,1681.0,16810.0
2021092905005100,MKLB,56,38,10,1681.0,16810.0
2021092905005116,MKLB,58,41,10,1690.0,16900.0
2021092905005114,MKLB,41,46,10,1681.6,16816.0
2021092905005113,MKLB,41,8,10,1681.6,16816.0
2021092905005112,MKLB,13,48,10,1681.5,16815.0
2021092905005106,MKLB,56,45,10,1681.0,16810.0
2021092905005104,MKLB,56,42,10,1681.0,16810.0
2021092905005122,MKLB,41,41,10,1681.6,16816.0
2021092905005121,MKLB,58,49,10,1695.0,16950.0
2021092905005120,MKLB,58,51,10,1695.0,16950.0
2021092905005119,MKLB,58,41,10,1695.0,16950.0
2021092905005118,MKLB,58,58,10,1690.0,16900.0
2021092905005117,MKLB,58,50,10,1690.0,16900.0
2021092905005141,MKLB,58,42,10,1696.0,16960.0
2021092905005140,MKLB,58,45,10,1696.0,16960.0
2021092905005139,MKLB,58,1,10,1695.2,16952.0
2021092905005138,MKLB,58,58,10,1695.0,16950.0
2021092905005137,MKLB,58,32,10,1690.0,16900.0
2021092905005136,MKLB,57,35,10,1682.0,16820.0
2021092905005176,MKLB,34,46,10,1682.0,16820.0
2021092905005175,MKLB,17,19,10,1696.0,16960.0
2021092905005174,MKLB,17,13,10,1696.0,16960.0
2021092905005159,MKLB,26,43,10,1690.0,16900.0
2021092905005153,MKLB,58,53,10,1695.0,16950.0
2021092905005151,MKLB,32,17,10,1690.0,16900.0
2021092905005193,MKLB,17,1,20,1699.0,33980.0
2021092905005192,MKLB,17,57,10,1699.0,16990.0
2021092905005191,MKLB,17,49,10,1698.0,16980.0
2021092905005190,MKLB,17,48,10,1698.0,16980.0
2021092905005189,MKLB,17,44,10,1697.0,16970.0
2021092905005188,MKLB,17,34,10,1690.0,16900.0
2021092905005203,MKLB,17,35,10,1690.0,16900.0
2021092905005202,MKLB,17,7,10,1690.0,16900.0
2021092905005199,MKLB,49,38,10,1683.0,16830.0
2021092905005196,MKLB,17,35,10,1700.0,17000.0
2021092905005195,MKLB,17,5,10,1699.4,16994.0
2021092905005194,MKLB,17,58,10,1699.0,16990.0
2021092905005212,MKLB,58,57,10,1696.0,16960.0
2021092905005211,MKLB,58,16,10,1696.0,16960.0
2021092905005209,MKLB,17,46,10,1695.0,16950.0
2021092905005208,MKLB,17,35,10,1695.0,16950.0
2021092905005207,MKLB,17,48,10,1695.0,16950.0
2021092905005204,MKLB,41,36,10,1682.1,16821.0
2021092905005236,MKLB,58,38,10,1700.0,17000.0
2021092905005235,MKLB,58,45,10,1700.0,17000.0
2021092905005234,MKLB,58,35,10,1700.0,17000.0
2021092905005233,MKLB,58,32,10,1700.0,17000.0
2021092905005216,MKLB,58,49,10,1696.0,16960.0
2021092905005214,MKLB,58,56,10,1696.0,16960.0
2021092905005242,MKLB,58,47,10,1700.0,17000.0
2021092905005241,MKLB,58,44,10,1700.0,17000.0
2021092905005240,MKLB,58,57,10,1700.0,17000.0
2021092905005239,MKLB,58,37,10,1700.0,17000.0
2021092905005238,MKLB,58,58,10,1700.0,17000.0
2021092905005237,MKLB,58,51,10,1700.0,17000.0
2021092905005248,MKLB,44,47,10,1700.0,17000.0
2021092905005247,MKLB,44,32,10,1700.0,17000.0
2021092905005246,MKLB,44,58,10,1700.0,17000.0
2021092905005245,MKLB,44,13,10,1700.0,17000.0
2021092905005244,MKLB,58,35,10,1700.0,17000.0
2021092905005243,MKLB,58,14,10,1700.0,17000.0
2021092905005254,MKLB,44,6,10,1700.0,17000.0
2021092905005253,MKLB,44,21,10,1700.0,17000.0
2021092905005252,MKLB,44,58,10,1700.0,17000.0
2021092905005251,MKLB,44,21,10,1700.0,17000.0
2021092905005250,MKLB,44,57,10,1700.0,17000.0
2021092905005249,MKLB,44,58,10,1700.0,17000.0
2021092905005260,MKLB,17,5,10,1695.0,16950.0
2021092905005259,MKLB,55,58,10,1700.0,17000.0
2021092905005258,MKLB,55,21,10,1700.0,17000.0
2021092905005257,MKLB,55,17,10,1700.0,17000.0
2021092905005256,MKLB,44,57,10,1700.0,17000.0
2021092905005255,MKLB,44,56,10,1700.0,17000.0
2021092905005279,MKLB,32,7,10,1695.0,16950.0
2021092905005278,MKLB,17,45,10,1700.0,17000.0
2021092905005277,MKLB,17,6,10,1700.0,17000.0
2021092905005276,MKLB,53,58,10,1690.0,16900.0
2021092905005274,MKLB,4,25,10,1695.0,16950.0
2021092905005270,MKLB,4,16,10,1695.0,16950.0
2021092905005286,MKLB,17,57,10,1700.0,17000.0
2021092905005285,MKLB,17,41,10,1700.0,17000.0
2021092905005284,MKLB,17,6,10,1700.0,17000.0
2021092905005283,MKLB,17,38,10,1700.0,17000.0
2021092905005282,MKLB,17,4,50,1700.0,85000.0
2021092905005280,MKLB,53,4,10,1690.0,16900.0
2021092905005292,MKLB,17,22,10,1703.0,17030.0
2021092905005291,MKLB,17,59,10,1701.0,17010.0
2021092905005290,MKLB,17,58,10,1700.3,17003.0
2021092905005289,MKLB,17,42,10,1700.0,17000.0
2021092905005288,MKLB,17,49,10,1700.0,17000.0
2021092905005287,MKLB,17,50,10,1700.0,17000.0
2021092905005326,MKLB,25,45,10,1700.0,17000.0
2021092905005324,MKLB,58,34,10,1700.0,17000.0
2021092905005323,MKLB,58,46,10,1700.0,17000.0
2021092905005319,MKLB,49,47,10,1691.0,16910.0
2021092905005314,MKLB,17,56,10,1695.0,16950.0
2021092905005300,MKLB,17,39,10,1695.0,16950.0
2021092905005332,MKLB,25,42,10,1703.0,17030.0
2021092905005331,MKLB,25,26,10,1703.0,17030.0
2021092905005330,MKLB,25,49,10,1703.0,17030.0
2021092905005329,MKLB,25,45,10,1703.0,17030.0
2021092905005328,MKLB,25,45,10,1703.0,17030.0
2021092905005327,MKLB,25,44,10,1700.0,17000.0
2021092905005356,MKLB,49,38,10,1691.0,16910.0
2021092905005341,MKLB,49,21,10,1691.0,16910.0
2021092905005340,MKLB,53,1,10,1700.0,17000.0
2021092905005338,MKLB,25,35,10,1703.0,17030.0
2021092905005336,MKLB,25,29,10,1703.0,17030.0
2021092905005333,MKLB,25,58,10,1703.0,17030.0
2021092905005384,MKLB,17,39,10,1700.0,17000.0
2021092905005378,MKLB,49,26,10,1691.0,16910.0
2021092905005371,MKLB,34,8,10,1700.0,17000.0
2021092905005370,MKLB,49,1,10,1691.1,16911.0
2021092905005369,MKLB,49,26,10,1691.1,16911.0
2021092905005364,MKLB,49,26,10,1691.0,16910.0
2021092905005390,MKLB,17,49,10,1700.0,17000.0
2021092905005389,MKLB,17,19,10,1700.0,17000.0
2021092905005388,MKLB,17,58,10,1700.0,17000.0
2021092905005387,MKLB,17,32,10,1700.0,17000.0
2021092905005386,MKLB,17,59,10,1700.0,17000.0
2021092905005385,MKLB,17,58,10,1700.0,17000.0
2021092905005405,MKLB,17,46,10,1703.0,17030.0
2021092905005404,MKLB,17,38,10,1703.0,17030.0
2021092905005403,MKLB,17,8,10,1702.0,17020.0
2021092905005402,MKLB,17,25,10,1701.0,17010.0
2021092905005401,MKLB,17,34,10,1699.0,16990.0
2021092905005391,MKLB,17,35,10,1700.0,17000.0
2021092905005411,MKLB,17,58,10,1705.0,17050.0
2021092905005410,MKLB,17,58,10,1704.0,17040.0
2021092905005409,MKLB,17,48,10,1704.0,17040.0
2021092905005408,MKLB,17,58,10,1704.0,17040.0
2021092905005407,MKLB,17,58,10,1704.0,17040.0
2021092905005406,MKLB,17,21,10,1703.4,17034.0
2021092905005417,MKLB,17,29,10,1706.0,17060.0
2021092905005416,MKLB,17,21,10,1705.0,17050.0
2021092905005415,MKLB,17,58,10,1705.0,17050.0
2021092905005414,MKLB,17,40,10,1705.0,17050.0
2021092905005413,MKLB,17,35,10,1705.0,17050.0
2021092905005412,MKLB,17,49,10,1705.0,17050.0
2021092905005425,MKLB,17,58,10,1708.0,17080.0
2021092905005424,MKLB,17,58,10,1708.0,17080.0
2021092905005423,MKLB,17,59,10,1700.0,17000.0
2021092905005420,MKLB,17,41,10,1708.0,17080.0
2021092905005419,MKLB,17,57,10,1706.4,17064.0
2021092905005418,MKLB,17,49,10,1706.0,17060.0
2021092905005431,MKLB,17,37,10,1709.0,17090.0
2021092905005430,MKLB,17,37,10,1709.0,17090.0
2021092905005429,MKLB,17,16,10,1709.0,17090.0
2021092905005428,MKLB,17,58,10,1709.0,17090.0
2021092905005427,MKLB,17,45,10,1708.5,17085.0
2021092905005426,MKLB,17,16,10,1708.0,17080.0
2021092905005437,MKLB,17,45,10,1710.0,17100.0
2021092905005436,MKLB,17,34,10,1710.0,17100.0
2021092905005435,MKLB,17,48,10,1710.0,17100.0
2021092905005434,MKLB,17,58,10,1710.0,17100.0
2021092905005433,MKLB,17,45,10,1710.0,17100.0
2021092905005432,MKLB,17,58,10,1710.0,17100.0
2021092905005444,MKLB,17,17,10,1706.0,17060.0
2021092905005442,MKLB,17,51,10,1715.0,17150.0
2021092905005441,MKLB,17,41,10,1714.6,17146.0
2021092905005440,MKLB,17,58,10,1714.6,17146.0
2021092905005439,MKLB,17,29,10,1713.0,17130.0
2021092905005438,MKLB,17,6,10,1713.0,17130.0
2021092905005450,MKLB,17,57,10,1720.0,17200.0
2021092905005449,MKLB,17,56,10,1719.0,17190.0
2021092905005448,MKLB,17,16,10,1719.0,17190.0
2021092905005447,MKLB,17,55,10,1715.0,17150.0
2021092905005446,MKLB,17,38,10,1715.0,17150.0
2021092905005445,MKLB,17,29,10,1715.0,17150.0
2021092905005456,MKLB,17,47,10,1720.0,17200.0
2021092905005455,MKLB,17,58,10,1720.0,17200.0
2021092905005454,MKLB,17,35,10,1720.0,17200.0
2021092905005453,MKLB,17,41,10,1720.0,17200.0
2021092905005452,MKLB,17,55,10,1720.0,17200.0
2021092905005451,MKLB,17,22,10,1720.0,17200.0
2021092905005462,MKLB,17,58,10,1724.0,17240.0
2021092905005461,MKLB,17,56,10,1723.8,17238.0
2021092905005460,MKLB,17,59,10,1723.0,17230.0
2021092905005459,MKLB,17,16,10,1723.0,17230.0
2021092905005458,MKLB,17,32,10,1723.0,17230.0
2021092905005457,MKLB,17,42,10,1720.0,17200.0
2021092905005477,MKLB,17,4,10,1724.0,17240.0
2021092905005476,MKLB,17,34,10,1724.0,17240.0
2021092905005475,MKLB,17,38,10,1710.0,17100.0
2021092905005474,MKLB,17,57,10,1703.0,17030.0
2021092905005467,MKLB,34,36,10,1703.0,17030.0
2021092905005463,MKLB,17,22,10,1724.0,17240.0
2021092905005490,MKLB,17,58,10,1725.0,17250.0
2021092905005484,MKLB,17,38,10,1724.8,17248.0
2021092905005483,MKLB,17,56,10,1724.8,17248.0
2021092905005480,MKLB,17,59,10,1724.8,17248.0
2021092905005479,MKLB,17,57,10,1724.0,17240.0
2021092905005478,MKLB,17,21,10,1724.0,17240.0
2021092905005496,MKLB,17,11,10,1728.9,17289.0
2021092905005495,MKLB,17,54,10,1728.0,17280.0
2021092905005494,MKLB,17,50,10,1728.0,17280.0
2021092905005493,MKLB,17,57,17,1725.0,29325.0
2021092905005492,MKLB,17,34,10,1725.0,17250.0
2021092905005491,MKLB,17,5,10,1725.0,17250.0
2021092905005507,MKLB,53,14,10,1725.0,17250.0
2021092905005505,MKLB,6,42,10,1725.0,17250.0
2021092905005503,MKLB,6,14,10,1725.0,17250.0
2021092905005499,MKLB,17,58,10,1724.8,17248.0
2021092905005498,MKLB,17,42,10,1730.0,17300.0
2021092905005497,MKLB,17,56,10,1729.0,17290.0
2021092905005516,MKLB,17,41,10,1734.0,17340.0
2021092905005515,MKLB,17,58,10,1733.0,17330.0
2021092905005514,MKLB,17,7,10,1733.0,17330.0
2021092905005510,MKLB,53,46,10,1725.0,17250.0
2021092905005509,MKLB,51,11,10,1732.9,17329.0
2021092905005508,MKLB,48,29,10,1730.0,17300.0
2021092905005522,MKLB,17,51,10,1734.0,17340.0
2021092905005521,MKLB,17,6,10,1734.0,17340.0
2021092905005520,MKLB,17,17,10,1734.0,17340.0
2021092905005519,MKLB,17,50,10,1734.0,17340.0
2021092905005518,MKLB,17,21,10,1734.0,17340.0
2021092905005517,MKLB,17,51,10,1734.0,17340.0
2021092905005528,MKLB,17,38,10,1739.0,17390.0
2021092905005527,MKLB,17,1,10,1738.0,17380.0
2021092905005526,MKLB,17,58,10,1738.0,17380.0
2021092905005525,MKLB,17,58,10,1737.0,17370.0
2021092905005524,MKLB,17,49,10,1735.0,17350.0
2021092905005523,MKLB,17,58,10,1734.0,17340.0
2021092905005538,MKLB,17,58,10,1730.0,17300.0
2021092905005533,MKLB,17,48,10,1758.0,17580.0
2021092905005532,MKLB,17,49,10,1753.0,17530.0
2021092905005531,MKLB,17,55,10,1750.0,17500.0
2021092905005530,MKLB,17,44,10,1744.0,17440.0
2021092905005529,MKLB,17,13,10,1743.6,17436.0
2021092905005544,MKLB,17,52,10,1788.0,17880.0
2021092905005543,MKLB,17,1,10,1774.0,17740.0
2021092905005542,MKLB,17,39,10,1760.0,17600.0
2021092905005541,MKLB,17,35,10,1759.2,17592.0
2021092905005540,MKLB,17,45,10,1759.0,17590.0
2021092905005539,MKLB,17,48,10,1730.0,17300.0
2021092905005550,MKLB,17,51,10,1800.0,18000.0
2021092905005549,MKLB,17,34,10,1800.0,18000.0
2021092905005548,MKLB,17,10,10,1788.0,17880.0
2021092905005547,MKLB,17,14,10,1788.0,17880.0
2021092905005546,MKLB,17,57,10,1788.0,17880.0
2021092905005545,MKLB,17,14,10,1788.0,17880.0
2021092905005556,MKLB,17,51,10,1927.0,19270.0
2021092905005555,MKLB,17,32,10,1917.6,19176.0
2021092905005554,MKLB,17,4,10,1897.3,18973.0
2021092905005553,MKLB,17,57,10,1897.0,18970.0
2021092905005552,MKLB,17,58,10,1800.0,18000.0
2021092905005551,MKLB,17,19,10,1800.0,18000.0
2021092905005597,SLI,58,56,10,548.0,5480.0
2021092905005588,SLI,58,58,10,548.0,5480.0
2021092905005105,SLI,22,50,10,545.0,5450.0
2021092905005103,SLI,57,50,15,545.0,8175.0
2021092905005124,SLI,45,51,10,545.7,5457.0
2021092905005123,SLI,45,50,145,545.0,79025.0
2021092905005110,SLI,58,42,10,542.0,5420.0
2021092905005130,SLI,45,21,10,546.6,5466.0
2021092905005129,SLI,45,41,10,546.0,5460.0
2021092905005128,SLI,45,51,10,546.0,5460.0
2021092905005127,SLI,45,47,10,546.0,5460.0
2021092905005126,SLI,45,29,10,546.0,5460.0
2021092905005125,SLI,45,58,10,545.7,5457.0
2021092905005142,SLI,58,49,10,547.7,5477.0
2021092905005135,SLI,45,17,10,547.0,5470.0
2021092905005134,SLI,45,45,10,547.0,5470.0
2021092905005132,SLI,45,49,10,546.8,5468.0
2021092905005131,SLI,45,57,10,546.7,5467.0
2021092905005143,SLI,58,46,10,547.7,5477.0
2021092905005152,SLI,58,51,10,547.7,5477.0
2021092905005163,SLI,45,49,10,550.0,5500.0
2021092905005162,SLI,45,57,10,550.0,5500.0
2021092905005161,SLI,45,58,10,549.0,5490.0
2021092905005160,SLI,45,58,25,548.7,13717.5
2021092905005169,SLI,45,57,10,551.0,5510.0
2021092905005168,SLI,45,38,10,550.0,5500.0
2021092905005167,SLI,45,41,10,550.0,5500.0
2021092905005166,SLI,45,38,10,550.0,5500.0
2021092905005165,SLI,45,47,10,550.0,5500.0
2021092905005164,SLI,45,47,10,550.0,5500.0
2021092905005173,SLI,45,39,100,552.0,55200.0
2021092905005172,SLI,45,35,10,551.8,5518.0
2021092905005171,SLI,45,25,10,551.0,5510.0
2021092905005170,SLI,45,6,10,551.0,5510.0
2021092905005206,SLI,20,51,10,548.7,5487.0
2021092905005200,SLI,45,35,10,552.0,5520.0
2021092905005198,SLI,45,41,10,552.0,5520.0
2021092905005197,SLI,45,49,10,552.0,5520.0
2021092905005187,SLI,45,44,10,552.0,5520.0
2021092905005186,SLI,45,19,10,552.0,5520.0
2021092905005219,SLI,47,16,50,545.0,27250.0
2021092905005218,SLI,58,16,23,548.0,12604.0
2021092905005217,SLI,20,16,10,548.7,5487.0
2021092905005215,SLI,21,53,250,550.0,137500.0
2021092905005213,SLI,26,53,100,550.0,55000.0
2021092905005210,SLI,20,51,10,548.7,5487.0
2021092905005225,SLI,45,56,10,550.0,5500.0
2021092905005224,SLI,45,16,10,550.0,5500.0
2021092905005222,SLI,45,53,150,550.0,82500.0
2021092905005221,SLI,45,35,10,547.7,5477.0
2021092905005220,SLI,58,16,10,542.0,5420.0
2021092905005264,SLI,45,16,10,550.0,5500.0
2021092905005263,SLI,45,4,10,550.0,5500.0
2021092905005262,SLI,45,16,10,550.0,5500.0
2021092905005261,SLI,45,6,10,550.0,5500.0
2021092905005232,SLI,45,16,10,550.0,5500.0
2021092905005271,SLI,45,16,10,550.0,5500.0
2021092905005297,SLI,45,49,10,550.0,5500.0
2021092905005296,SLI,45,16,10,550.0,5500.0
2021092905005294,SLI,45,49,10,550.0,5500.0
2021092905005293,SLI,45,16,10,550.0,5500.0
2021092905005275,SLI,45,16,10,550.0,5500.0
2021092905005306,SLI,45,13,10,550.0,5500.0
2021092905005305,SLI,45,16,10,550.0,5500.0
2021092905005304,SLI,45,56,10,550.0,5500.0
2021092905005301,SLI,45,16,10,550.0,5500.0
2021092905005299,SLI,45,42,10,550.0,5500.0
2021092905005298,SLI,45,46,10,550.0,5500.0
2021092905005317,SLI,45,16,10,550.0,5500.0
2021092905005316,SLI,45,45,10,550.0,5500.0
2021092905005313,SLI,45,39,10,550.0,5500.0
2021092905005312,SLI,45,16,10,550.0,5500.0
2021092905005311,SLI,45,45,10,550.0,5500.0
2021092905005334,SLI,45,16,10,550.0,5500.0
2021092905005322,SLI,45,16,10,550.0,5500.0
2021092905005321,SLI,46,47,10,552.0,5520.0
2021092905005320,SLI,45,44,10,550.0,5500.0
2021092905005318,SLI,45,25,10,550.0,5500.0
2021092905005352,SLI,45,16,10,550.0,5500.0
2021092905005348,SLI,45,58,10,550.0,5500.0
2021092905005342,SLI,45,52,10,550.0,5500.0
2021092905005337,SLI,45,16,10,550.0,5500.0
2021092905005359,SLI,46,16,10,550.0,5500.0
2021092905005358,SLI,57,5,10,550.0,5500.0
2021092905005357,SLI,57,58,10,550.0,5500.0
2021092905005354,SLI,45,1,10,550.0,5500.0
2021092905005353,SLI,45,38,10,550.0,5500.0
2021092905005379,SLI,59,47,10,548.0,5480.0
2021092905005377,SLI,59,16,10,548.0,5480.0
2021092905005375,SLI,58,1,10,541.0,5410.0
2021092905005372,SLI,25,16,10,541.0,5410.0
2021092905005361,SLI,46,34,66,550.0,36300.0
2021092905005383,SLI,58,16,10,541.0,5410.0
2021092905005382,SLI,58,1,10,541.0,5410.0
2021092905005380,SLI,59,16,10,548.0,5480.0
2021092905005469,SLI,34,34,34,550.0,18700.0
2021092905005466,SLI,57,47,10,548.0,5480.0
2021092905005465,SLI,57,1,10,548.0,5480.0
2021092905005443,SLI,55,1,10,541.0,5410.0
2021092905005400,SLI,55,49,10,541.0,5410.0
2021092905005485,SLI,6,47,10,542.0,5420.0
2021092905005481,SLI,6,38,10,542.0,5420.0
2021092905005471,SLI,6,20,10,542.0,5420.0
2021092905005470,SLI,34,47,16,550.0,8800.0
2021092905005501,SLI,6,38,10,542.0,5420.0
2021092905005557,SLI,49,49,10,543.0,5430.0
2021092905005506,SLI,6,48,10,542.0,5420.0
2021092905005504,SLI,22,51,10,543.0,5430.0
2021092905005564,SLI,49,46,10,543.0,5430.0
2021092905005594,ULI,7,57,10,572.0,5720.0
2021092905005593,ULI,7,47,10,572.0,5720.0
2021092905005592,ULI,7,42,10,572.0,5720.0
2021092905005567,ULI,22,58,10,571.0,5710.0
2021092905005566,ULI,22,45,10,571.0,5710.0
2021092905005565,ULI,22,7,10,571.0,5710.0
2021092905005108,ULI,17,50,10,568.5,5685.0
2021092905005302,ULI,22,54,10,568.1,5681.0
2021092905005295,ULI,22,59,10,568.1,5681.0
2021092905005281,ULI,22,42,10,568.1,5681.0
2021092905005205,ULI,11,56,10,568.0,5680.0
2021092905005201,ULI,22,6,10,567.1,5671.0
2021092905005177,ULI,17,17,10,568.5,5685.0
2021092905005335,ULI,44,44,10,569.0,5690.0
2021092905005310,ULI,44,6,20,569.0,11380.0
2021092905005309,ULI,44,52,10,569.0,5690.0
2021092905005308,ULI,44,22,10,569.0,5690.0
2021092905005307,ULI,44,4,10,568.5,5685.0
2021092905005303,ULI,11,54,10,568.0,5680.0
2021092905005349,ULI,45,38,10,570.0,5700.0
2021092905005347,ULI,22,52,10,570.0,5700.0
2021092905005346,ULI,22,49,10,570.0,5700.0
2021092905005345,ULI,22,49,10,570.0,5700.0
2021092905005344,ULI,22,59,10,570.0,5700.0
2021092905005343,ULI,22,49,10,570.0,5700.0
2021092905005367,ULI,19,44,10,569.0,5690.0
2021092905005366,ULI,19,16,10,569.0,5690.0
2021092905005365,ULI,44,32,10,569.0,5690.0
2021092905005363,ULI,44,1,10,569.0,5690.0
2021092905005362,ULI,44,44,10,569.0,5690.0
2021092905005351,ULI,44,58,10,569.0,5690.0
2021092905005464,ULI,59,52,100,570.0,57000.0
2021092905005422,ULI,58,34,10,570.0,5700.0
2021092905005376,ULI,19,42,10,569.0,5690.0
2021092905005374,ULI,59,47,10,570.0,5700.0
2021092905005373,ULI,59,1,10,570.0,5700.0
2021092905005368,ULI,19,1,10,569.0,5690.0
2021092905005534,ULI,22,58,10,569.1,5691.0
2021092905005513,ULI,22,14,10,569.1,5691.0
2021092905005512,ULI,43,21,40,570.0,22800.0
2021092905005500,ULI,22,48,10,569.1,5691.0
2021092905005473,ULI,49,21,10,570.0,5700.0
2021092905005468,ULI,49,43,10,570.0,5700.0
2021092905005561,ULI,33,42,10,570.0,5700.0
2021092905005560,ULI,33,55,10,570.0,5700.0
2021092905005559,ULI,33,58,10,570.0,5700.0
2021092905005537,ULI,11,58,20,568.0,11360.0
2021092905005536,ULI,5,58,20,569.0,11380.0
2021092905005535,ULI,19,58,10,569.0,5690.0
2021092905005094,JBLB,38,38,10,4041.0,40410.0
2021092905005092,JBLB,38,36,10,4041.0,40410.0
2021092905005088,JBLB,38,17,10,4039.1,40391.0
2021092905005086,JBLB,38,45,10,4039.1,40391.0
2021092905005085,JBLB,38,11,10,4039.1,40391.0
2021092905004604,JBLB,46,54,10,4000.0,40000.0
2021092905004600,JBLB,58,1,160,4001.0,640160.0
2021092905004599,JBLB,58,34,100,4001.0,400100.0
2021092905004613,JBLB,43,3,30,4000.0,120000.0
2021092905004610,JBLB,43,45,10,4000.0,40000.0
2021092905004608,JBLB,43,52,10,4000.0,40000.0
2021092905004607,JBLB,43,26,10,4000.0,40000.0
2021092905004605,JBLB,41,1,10,4001.0,40010.0
2021092905004647,JBLB,34,40,10,3983.0,39830.0
2021092905004654,JBLB,34,38,10,3983.0,39830.0
2021092905004675,JBLB,34,39,10,3982.1,39821.0
2021092905004686,JBLB,58,44,10,3982.0,39820.0
2021092905004681,JBLB,58,53,10,3982.0,39820.0
2021092905004679,JBLB,58,56,160,3982.0,637120.0
2021092905004712,JBLB,58,41,20,3981.0,79620.0
2021092905004707,JBLB,58,17,10,3981.0,39810.0
2021092905004691,JBLB,58,25,10,3982.0,39820.0
2021092905004715,JBLB,58,41,10,3981.0,39810.0
2021092905004728,JBLB,58,57,10,3981.0,39810.0
2021092905004725,JBLB,58,44,10,3981.0,39810.0
2021092905004747,JBLB,8,16,10,3985.0,39850.0
2021092905004738,JBLB,8,51,10,3985.0,39850.0
2021092905004734,JBLB,58,17,10,3981.0,39810.0
2021092905004759,JBLB,42,52,10,3985.0,39850.0
2021092905004777,JBLB,29,42,10,3985.0,39850.0
2021092905004805,JBLB,58,44,10,3982.1,39821.0
2021092905004831,JBLB,52,14,10,3985.0,39850.0
2021092905004857,JBLB,45,6,10,3990.0,39900.0
2021092905004854,JBLB,45,13,10,3990.0,39900.0
2021092905004853,JBLB,45,52,10,3990.0,39900.0
2021092905004851,JBLB,52,58,10,3985.0,39850.0
2021092905004872,JBLB,19,44,10,3990.0,39900.0
2021092905004874,JBLB,45,16,10,3986.1,39861.0
2021092905004873,JBLB,19,17,10,3998.0,39980.0
2021092905004883,JBLB,51,45,10,3998.0,39980.0
2021092905004915,JBLB,13,26,10,4000.0,40000.0
2021092905004914,JBLB,13,3,20,4000.0,80000.0
2021092905004913,JBLB,13,45,10,3999.0,39990.0
2021092905004921,JBLB,13,19,10,4000.0,40000.0
2021092905004919,JBLB,13,49,10,4000.0,40000.0
2021092905004918,JBLB,13,21,10,4000.0,40000.0
2021092905004917,JBLB,13,52,10,4000.0,40000.0
2021092905004916,JBLB,13,37,30,4000.0,120000.0
2021092905004927,JBLB,13,17,10,4000.0,40000.0
2021092905004926,JBLB,13,39,10,4000.0,40000.0
2021092905004925,JBLB,13,42,10,4000.0,40000.0
2021092905004924,JBLB,13,57,10,4000.0,40000.0
2021092905004923,JBLB,13,3,10,4000.0,40000.0
2021092905004922,JBLB,13,35,10,4000.0,40000.0
2021092905004935,JBLB,56,22,10,4000.0,40000.0
2021092905004934,JBLB,56,17,10,4000.0,40000.0
2021092905004930,JBLB,13,17,10,4000.0,40000.0
2021092905004929,JBLB,13,17,10,4000.0,40000.0
2021092905004928,JBLB,13,7,10,4000.0,40000.0
2021092905004951,JBLB,13,58,10,4000.0,40000.0
2021092905004937,JBLB,56,52,10,4000.0,40000.0
2021092905004936,JBLB,56,56,10,4000.0,40000.0
2021092905004958,JBLB,56,58,10,4006.0,40060.0
2021092905004957,JBLB,13,8,10,4000.0,40000.0
2021092905004953,JBLB,13,59,10,4000.0,40000.0
2021092905004966,JBLB,58,58,10,4010.0,40100.0
2021092905004965,JBLB,58,44,10,4010.0,40100.0
2021092905004963,JBLB,13,58,10,4000.0,40000.0
2021092905004959,JBLB,56,58,10,4006.0,40060.0
2021092905004981,JBLB,13,51,10,4020.0,40200.0
2021092905004980,JBLB,13,46,10,4015.0,40150.0
2021092905004979,JBLB,13,4,10,4015.0,40150.0
2021092905004978,JBLB,13,49,10,4015.0,40150.0
2021092905004977,JBLB,13,52,10,4015.0,40150.0
2021092905004968,JBLB,58,58,10,4010.0,40100.0
2021092905005001,JBLB,58,38,10,4020.0,40200.0
2021092905005000,JBLB,58,44,20,4020.0,80400.0
2021092905004982,JBLB,13,45,10,4020.0,40200.0
2021092905005007,JBLB,58,46,10,4025.0,40250.0
2021092905005006,JBLB,58,49,10,4025.0,40250.0
2021092905005005,JBLB,58,38,20,4025.0,80500.0
2021092905005004,JBLB,58,32,300,4025.0,1207500.0
2021092905005003,JBLB,58,25,10,4020.0,40200.0
2021092905005002,JBLB,58,49,10,4020.0,40200.0
2021092905005036,JBLB,56,38,10,4030.0,40300.0
2021092905005035,JBLB,56,49,10,4029.0,40290.0
2021092905005015,JBLB,58,32,10,4025.0,40250.0
2021092905005039,JBLB,56,4,10,4030.0,40300.0
2021092905005038,JBLB,56,34,10,4030.0,40300.0
2021092905005037,JBLB,56,7,10,4030.0,40300.0
2021092905005093,MKLB,17,39,10,1685.0,16850.0
2021092905005090,MKLB,56,46,10,1681.0,16810.0
2021092905005089,MKLB,56,38,10,1681.0,16810.0
2021092905005087,MKLB,56,58,10,1681.0,16810.0
2021092905005050,MKLB,6,57,10,1685.0,16850.0
2021092905005049,MKLB,58,55,10,1695.0,16950.0
2021092905004617,MKLB,57,46,10,1675.0,16750.0
2021092905004614,MKLB,11,39,10,1670.0,16700.0
2021092905004612,MKLB,11,57,10,1670.0,16700.0
2021092905004611,MKLB,11,58,10,1670.0,16700.0
2021092905004603,MKLB,11,38,10,1670.0,16700.0
2021092905004625,MKLB,45,4,30,1666.0,49980.0
2021092905004624,MKLB,45,8,10,1666.0,16660.0
2021092905004623,MKLB,45,26,10,1666.0,16660.0
2021092905004621,MKLB,16,40,10,1667.0,16670.0
2021092905004620,MKLB,45,26,10,1666.0,16660.0
2021092905004619,MKLB,51,14,10,1667.0,16670.0
2021092905004638,MKLB,48,34,10,1665.0,16650.0
2021092905004637,MKLB,48,57,10,1665.0,16650.0
2021092905004631,MKLB,42,49,10,1670.0,16700.0
2021092905004630,MKLB,45,8,10,1666.0,16660.0
2021092905004629,MKLB,45,6,10,1666.0,16660.0
2021092905004626,MKLB,38,4,10,1666.0,16660.0
2021092905004656,MKLB,57,58,10,1664.0,16640.0
2021092905004648,MKLB,58,4,10,1665.0,16650.0
2021092905004646,MKLB,57,39,10,1664.0,16640.0
2021092905004644,MKLB,45,4,60,1665.0,99900.0
2021092905004641,MKLB,58,52,10,1669.0,16690.0
2021092905004640,MKLB,58,49,10,1665.0,16650.0
2021092905004685,MKLB,3,17,10,1662.2,16622.0
2021092905004677,MKLB,3,58,10,1662.2,16622.0
2021092905004664,MKLB,3,51,10,1662.2,16622.0
2021092905004661,MKLB,58,59,10,1663.0,16630.0
2021092905004660,MKLB,57,6,10,1664.0,16640.0
2021092905004659,MKLB,57,45,10,1664.0,16640.0
2021092905004701,MKLB,58,52,10,1664.0,16640.0
2021092905004699,MKLB,3,43,10,1662.2,16622.0
2021092905004697,MKLB,3,47,10,1662.2,16622.0
2021092905004694,MKLB,3,58,10,1662.2,16622.0
2021092905004692,MKLB,3,57,10,1662.2,16622.0
2021092905004687,MKLB,3,16,10,1662.2,16622.0
2021092905004708,MKLB,45,11,10,1662.2,16622.0
2021092905004706,MKLB,3,51,10,1662.2,16622.0
2021092905004705,MKLB,3,58,10,1662.2,16622.0
2021092905004704,MKLB,58,50,10,1665.0,16650.0
2021092905004703,MKLB,58,35,10,1665.0,16650.0
2021092905004702,MKLB,58,29,10,1665.0,16650.0
2021092905004733,MKLB,8,46,10,1661.1,16611.0
2021092905004731,MKLB,8,58,10,1661.1,16611.0
2021092905004730,MKLB,8,38,10,1661.1,16611.0
2021092905004722,MKLB,51,1,10,1661.0,16610.0
2021092905004711,MKLB,8,49,10,1665.0,16650.0
2021092905004709,MKLB,45,28,10,1664.0,16640.0
2021092905004743,MKLB,8,52,10,1661.1,16611.0
2021092905004741,MKLB,8,42,10,1661.1,16611.0
2021092905004740,MKLB,8,57,10,1661.1,16611.0
2021092905004739,MKLB,8,38,10,1661.1,16611.0
2021092905004736,MKLB,8,58,10,1661.1,16611.0
2021092905004735,MKLB,41,55,10,1662.0,16620.0
2021092905004756,MKLB,48,33,10,1662.0,16620.0
2021092905004755,MKLB,48,6,10,1662.0,16620.0
2021092905004752,MKLB,48,7,10,1662.0,16620.0
2021092905004751,MKLB,34,34,10,1661.1,16611.0
2021092905004746,MKLB,8,57,10,1661.1,16611.0
2021092905004744,MKLB,8,48,10,1661.1,16611.0
2021092905004771,MKLB,34,48,10,1664.0,16640.0
2021092905004770,MKLB,34,14,10,1662.0,16620.0
2021092905004762,MKLB,41,10,10,1662.0,16620.0
2021092905004760,MKLB,48,41,10,1662.0,16620.0
2021092905004758,MKLB,11,11,10,1665.0,16650.0
2021092905004757,MKLB,11,49,10,1665.0,16650.0
2021092905004793,MKLB,32,17,10,1663.0,16630.0
2021092905004791,MKLB,32,13,10,1663.0,16630.0
2021092905004786,MKLB,32,48,10,1662.0,16620.0
2021092905004784,MKLB,49,58,10,1665.0,16650.0
2021092905004782,MKLB,32,29,10,1662.0,16620.0
2021092905004774,MKLB,34,32,10,1662.0,16620.0
2021092905004806,MKLB,32,45,10,1663.0,16630.0
2021092905004804,MKLB,32,48,10,1663.0,16630.0
2021092905004802,MKLB,32,38,10,1663.0,16630.0
2021092905004800,MKLB,32,57,10,1663.0,16630.0
2021092905004797,MKLB,32,13,10,1663.0,16630.0
2021092905004796,MKLB,32,34,10,1663.0,16630.0
2021092905004819,MKLB,45,16,10,1662.0,16620.0
2021092905004818,MKLB,45,38,10,1662.0,16620.0
2021092905004815,MKLB,56,47,10,1663.0,16630.0
2021092905004811,MKLB,45,50,10,1662.0,16620.0
2021092905004810,MKLB,45,56,10,1662.0,16620.0
2021092905004809,MKLB,45,42,10,1662.0,16620.0
2021092905004836,MKLB,45,28,10,1662.0,16620.0
2021092905004835,MKLB,4,10,10,1663.0,16630.0
2021092905004833,MKLB,45,16,10,1662.0,16620.0
2021092905004832,MKLB,45,10,10,1662.0,16620.0
2021092905004829,MKLB,45,10,10,1662.0,16620.0
2021092905004820,MKLB,45,32,10,1662.0,16620.0
2021092905004856,MKLB,55,11,10,1663.0,16630.0
2021092905004850,MKLB,45,38,10,1662.0,16620.0
2021092905004849,MKLB,6,52,10,1664.0,16640.0
2021092905004842,MKLB,59,42,10,1663.0,16630.0
2021092905004841,MKLB,59,16,10,1663.0,16630.0
2021092905004840,MKLB,45,7,10,1662.0,16620.0
2021092905004869,MKLB,26,16,10,1669.0,16690.0
2021092905004868,MKLB,26,52,10,1667.0,16670.0
2021092905004865,MKLB,33,58,10,1667.0,16670.0
2021092905004861,MKLB,44,29,10,1667.0,16670.0
2021092905004860,MKLB,50,7,10,1663.0,16630.0
2021092905004859,MKLB,14,45,10,1663.0,16630.0
2021092905004887,MKLB,3,1,10,1663.0,16630.0
2021092905004885,MKLB,21,46,10,1663.0,16630.0
2021092905004884,MKLB,21,42,10,1663.0,16630.0
2021092905004877,MKLB,14,48,10,1664.0,16640.0
2021092905004876,MKLB,14,41,10,1663.0,16630.0
2021092905004870,MKLB,21,46,10,1663.0,16630.0
2021092905004897,MKLB,3,46,10,1663.0,16630.0
2021092905004896,MKLB,3,50,10,1663.0,16630.0
2021092905004895,MKLB,3,34,10,1663.0,16630.0
2021092905004892,MKLB,3,36,10,1663.0,16630.0
2021092905004890,MKLB,26,58,10,1665.0,16650.0
2021092905004888,MKLB,3,57,10,1663.0,16630.0
2021092905004908,MKLB,45,55,10,1665.0,16650.0
2021092905004907,MKLB,45,35,10,1665.0,16650.0
2021092905004904,MKLB,3,58,10,1663.0,16630.0
2021092905004903,MKLB,3,56,10,1663.0,16630.0
2021092905004902,MKLB,1,48,10,1667.0,16670.0
2021092905004901,MKLB,1,22,10,1666.0,16660.0
2021092905004939,MKLB,45,42,10,1665.0,16650.0
2021092905004938,MKLB,45,46,10,1665.0,16650.0
2021092905004932,MKLB,45,58,10,1665.0,16650.0
2021092905004931,MKLB,45,13,50,1665.0,83250.0
2021092905004911,MKLB,29,35,10,1667.0,16670.0
2021092905004909,MKLB,45,54,10,1665.0,16650.0
2021092905004947,MKLB,26,59,10,1667.0,16670.0
2021092905004946,MKLB,11,49,10,1670.0,16700.0
2021092905004945,MKLB,11,19,10,1670.0,16700.0
2021092905004943,MKLB,8,14,10,1667.0,16670.0
2021092905004942,MKLB,58,32,10,1670.0,16700.0
2021092905004940,MKLB,8,39,10,1667.0,16670.0
2021092905004970,MKLB,58,41,10,1670.0,16700.0
2021092905004969,MKLB,58,16,10,1670.0,16700.0
2021092905004967,MKLB,56,58,10,1666.0,16660.0
2021092905004961,MKLB,45,46,10,1665.0,16650.0
2021092905004952,MKLB,8,36,10,1665.1,16651.0
2021092905004948,MKLB,8,16,10,1665.1,16651.0
2021092905004983,MKLB,21,56,10,1675.0,16750.0
2021092905004976,MKLB,8,38,10,1666.1,16661.0
2021092905004975,MKLB,56,48,20,1666.0,33320.0
2021092905004973,MKLB,58,13,10,1675.0,16750.0
2021092905004972,MKLB,58,1,10,1675.0,16750.0
2021092905004971,MKLB,58,28,10,1674.0,16740.0
2021092905004993,MKLB,48,58,10,1680.0,16800.0
2021092905004992,MKLB,48,45,10,1680.0,16800.0
2021092905004991,MKLB,48,4,30,1680.0,50400.0
2021092905004990,MKLB,21,35,10,1675.0,16750.0
2021092905004985,MKLB,21,58,10,1675.0,16750.0
2021092905004984,MKLB,21,42,10,1675.0,16750.0
2021092905005010,MKLB,58,51,10,1685.0,16850.0
2021092905004998,MKLB,48,58,10,1680.0,16800.0
2021092905004997,MKLB,48,6,10,1680.0,16800.0
2021092905004996,MKLB,48,8,10,1680.0,16800.0
2021092905004995,MKLB,48,32,10,1680.0,16800.0
2021092905004994,MKLB,48,41,10,1680.0,16800.0
2021092905005017,MKLB,48,46,10,1680.0,16800.0
2021092905005016,MKLB,48,29,10,1680.0,16800.0
2021092905005014,MKLB,48,49,10,1680.0,16800.0
2021092905005013,MKLB,58,58,10,1690.0,16900.0
2021092905005012,MKLB,58,1,10,1690.0,16900.0
2021092905005011,MKLB,58,7,10,1685.0,16850.0
2021092905005023,MKLB,17,45,10,1692.0,16920.0
2021092905005022,MKLB,17,4,10,1690.0,16900.0
2021092905005021,MKLB,17,42,10,1690.0,16900.0
2021092905005020,MKLB,17,11,10,1690.0,16900.0
2021092905005019,MKLB,17,50,10,1690.0,16900.0
2021092905005018,MKLB,17,44,10,1685.0,16850.0
2021092905005029,MKLB,45,49,10,1690.0,16900.0
2021092905005028,MKLB,48,44,10,1680.0,16800.0
2021092905005027,MKLB,17,45,10,1694.0,16940.0
2021092905005026,MKLB,17,58,10,1694.0,16940.0
2021092905005025,MKLB,17,58,10,1693.2,16932.0
2021092905005024,MKLB,17,49,10,1693.0,16930.0
2021092905005042,MKLB,58,34,10,1695.0,16950.0
2021092905005041,MKLB,58,25,10,1695.0,16950.0
2021092905005040,MKLB,58,38,10,1690.0,16900.0
2021092905005034,MKLB,26,33,10,1694.3,16943.0
2021092905005033,MKLB,26,26,10,1694.3,16943.0
2021092905005030,MKLB,45,44,10,1690.0,16900.0
2021092905005048,MKLB,58,59,10,1695.0,16950.0
2021092905005047,MKLB,58,51,10,1695.0,16950.0
2021092905005046,MKLB,58,22,10,1695.0,16950.0
2021092905005045,MKLB,58,22,10,1695.0,16950.0
2021092905005044,MKLB,58,58,10,1695.0,16950.0
2021092905005043,MKLB,58,38,10,1695.0,16950.0
2021092905005091,SLI,57,42,10,545.0,5450.0
2021092905004602,SLI,41,35,35,542.0,18970.0
2021092905004601,SLI,41,58,10,541.0,5410.0
2021092905004606,SLI,47,20,10,540.1,5401.0
2021092905004649,SLI,17,59,10,536.0,5360.0
2021092905004643,SLI,17,59,10,536.0,5360.0
2021092905004633,SLI,47,32,10,540.1,5401.0
2021092905004628,SLI,47,17,10,540.1,5401.0
2021092905004627,SLI,47,38,10,540.1,5401.0
2021092905004667,SLI,17,17,10,536.0,5360.0
2021092905004658,SLI,17,42,10,536.0,5360.0
2021092905004653,SLI,17,17,10,536.0,5360.0
2021092905004651,SLI,17,45,10,536.0,5360.0
2021092905004650,SLI,17,29,10,536.0,5360.0
2021092905004674,SLI,17,28,10,536.0,5360.0
2021092905004671,SLI,17,14,10,536.0,5360.0
2021092905004670,SLI,17,17,10,536.0,5360.0
2021092905004669,SLI,17,32,10,536.0,5360.0
2021092905004668,SLI,17,51,10,536.0,5360.0
2021092905004689,SLI,17,28,10,536.0,5360.0
2021092905004683,SLI,17,7,10,536.0,5360.0
2021092905004678,SLI,17,36,10,536.0,5360.0
2021092905004710,SLI,17,44,10,536.0,5360.0
2021092905004700,SLI,17,36,10,536.0,5360.0
2021092905004693,SLI,17,17,10,536.0,5360.0
2021092905004718,SLI,7,45,10,540.0,5400.0
2021092905004717,SLI,7,38,10,540.0,5400.0
2021092905004716,SLI,7,38,10,540.0,5400.0
2021092905004714,SLI,17,28,10,536.0,5360.0
2021092905004713,SLI,17,6,10,536.0,5360.0
2021092905004729,SLI,1,35,10,537.0,5370.0
2021092905004727,SLI,1,28,10,537.0,5370.0
2021092905004726,SLI,1,59,10,537.0,5370.0
2021092905004721,SLI,17,28,10,536.0,5360.0
2021092905004745,SLI,1,38,10,537.0,5370.0
2021092905004742,SLI,1,34,10,537.0,5370.0
2021092905004737,SLI,1,41,10,537.0,5370.0
2021092905004763,SLI,36,14,10,537.0,5370.0
2021092905004754,SLI,1,44,10,537.0,5370.0
2021092905004753,SLI,1,26,10,537.0,5370.0
2021092905004749,SLI,1,44,10,537.0,5370.0
2021092905004748,SLI,1,41,10,537.0,5370.0
2021092905004769,SLI,36,46,10,541.0,5410.0
2021092905004768,SLI,36,45,10,540.0,5400.0
2021092905004767,SLI,36,41,10,540.0,5400.0
2021092905004766,SLI,36,52,10,540.0,5400.0
2021092905004765,SLI,36,22,10,538.9,5389.0
2021092905004764,SLI,36,58,10,537.0,5370.0
2021092905004778,SLI,36,17,10,541.0,5410.0
2021092905004776,SLI,36,32,10,541.0,5410.0
2021092905004775,SLI,36,52,10,541.0,5410.0
2021092905004773,SLI,36,44,10,541.0,5410.0
2021092905004772,SLI,36,21,10,541.0,5410.0
2021092905004799,SLI,36,41,10,541.0,5410.0
2021092905004794,SLI,36,48,10,541.0,5410.0
2021092905004790,SLI,36,56,10,541.0,5410.0
2021092905004789,SLI,36,25,10,541.0,5410.0
2021092905004787,SLI,36,43,10,541.0,5410.0
2021092905004781,SLI,36,21,10,541.0,5410.0
2021092905004813,SLI,36,21,10,541.0,5410.0
2021092905004812,SLI,36,58,10,541.0,5410.0
2021092905004808,SLI,51,51,10,541.5,5415.0
2021092905004803,SLI,36,29,10,541.0,5410.0
2021092905004801,SLI,36,21,10,541.0,5410.0
2021092905004838,SLI,36,58,10,541.0,5410.0
2021092905004837,SLI,36,41,10,541.0,5410.0
2021092905004834,SLI,36,21,10,541.0,5410.0
2021092905004830,SLI,36,42,10,541.0,5410.0
2021092905004816,SLI,3,42,10,541.1,5411.0
2021092905004852,SLI,36,41,10,541.0,5410.0
2021092905004839,SLI,36,57,10,541.0,5410.0
2021092905004871,SLI,36,35,10,541.0,5410.0
2021092905004867,SLI,36,45,10,541.0,5410.0
2021092905004866,SLI,36,47,10,541.0,5410.0
2021092905004864,SLI,36,58,10,541.0,5410.0
2021092905004863,SLI,36,46,10,541.0,5410.0
2021092905004882,SLI,36,16,10,541.0,5410.0
2021092905004880,SLI,22,35,30,542.0,16260.0
2021092905004879,SLI,22,25,10,541.8,5418.0
2021092905004878,SLI,51,48,10,541.5,5415.0
2021092905004899,SLI,45,35,15,542.0,8130.0
2021092905004894,SLI,36,57,10,541.0,5410.0
2021092905004893,SLI,36,52,10,541.0,5410.0
2021092905004891,SLI,36,45,10,541.0,5410.0
2021092905004889,SLI,36,34,10,541.0,5410.0
2021092905004912,SLI,36,58,10,541.0,5410.0
2021092905004910,SLI,36,21,10,541.0,5410.0
2021092905004900,SLI,36,35,10,541.0,5410.0
2021092905004920,SLI,36,54,10,541.0,5410.0
2021092905004933,SLI,36,52,10,541.0,5410.0
2021092905004950,SLI,36,1,10,541.0,5410.0
2021092905004944,SLI,36,42,10,541.0,5410.0
2021092905004941,SLI,36,48,10,541.0,5410.0
2021092905004956,SLI,36,28,10,541.0,5410.0
2021092905004955,SLI,36,34,10,541.0,5410.0
2021092905004954,SLI,36,49,10,541.0,5410.0
2021092905004964,SLI,21,49,10,541.0,5410.0
2021092905004960,SLI,36,8,10,541.0,5410.0
2021092905004999,SLI,21,7,10,541.0,5410.0
2021092905004989,SLI,21,57,10,541.0,5410.0
2021092905004986,SLI,21,57,10,541.0,5410.0
2021092905005032,SLI,55,35,20,542.0,10840.0
2021092905005031,SLI,55,22,10,541.5,5415.0
2021092905005008,SLI,21,21,10,541.0,5410.0
2021092905005053,SLI,57,47,10,542.0,5420.0
2021092905005052,SLI,57,13,10,542.0,5420.0
2021092905005051,SLI,57,35,135,542.0,73170.0
2021092905005059,SLI,57,13,10,542.0,5420.0
2021092905005058,SLI,57,57,20,542.0,10840.0
2021092905005057,SLI,57,47,10,542.0,5420.0
2021092905005056,SLI,57,34,10,542.0,5420.0
2021092905005055,SLI,57,57,10,542.0,5420.0
2021092905005054,SLI,57,59,10,542.0,5420.0
2021092905005065,SLI,57,55,10,545.0,5450.0
2021092905005064,SLI,57,34,10,544.0,5440.0
2021092905005063,SLI,57,42,10,542.6,5426.0
2021092905005062,SLI,57,38,10,542.6,5426.0
2021092905005061,SLI,57,38,10,542.0,5420.0
2021092905005060,SLI,57,42,10,542.0,5420.0
2021092905005071,SLI,57,57,10,545.0,5450.0
2021092905005070,SLI,57,28,10,545.0,5450.0
2021092905005069,SLI,57,58,10,545.0,5450.0
2021092905005068,SLI,57,41,10,545.0,5450.0
2021092905005067,SLI,57,41,10,545.0,5450.0
2021092905005066,SLI,57,21,10,545.0,5450.0
2021092905005077,SLI,57,49,10,545.0,5450.0
2021092905005076,SLI,57,57,20,545.0,10900.0
2021092905005075,SLI,57,34,10,545.0,5450.0
2021092905005074,SLI,57,58,10,545.0,5450.0
2021092905005073,SLI,57,35,10,545.0,5450.0
2021092905005072,SLI,57,36,10,545.0,5450.0
2021092905005084,SLI,57,58,10,545.0,5450.0
2021092905005083,SLI,57,28,10,545.0,5450.0
2021092905005081,SLI,57,38,10,545.0,5450.0
2021092905005080,SLI,57,58,10,545.0,5450.0
2021092905005079,SLI,57,35,10,545.0,5450.0
2021092905005078,SLI,57,7,10,545.0,5450.0
2021092905005098,ULI,47,44,10,569.0,5690.0
2021092905005097,ULI,47,35,10,569.0,5690.0
2021092905005096,ULI,47,32,10,569.0,5690.0
2021092905005095,ULI,47,36,20,569.0,11380.0
2021092905005082,ULI,17,4,10,568.5,5685.0
2021092905005009,ULI,17,49,10,568.5,5685.0
2021092905004618,ULI,39,39,10,572.0,5720.0
2021092905004616,ULI,39,45,10,572.0,5720.0
2021092905004615,ULI,39,58,10,572.0,5720.0
2021092905004609,ULI,39,46,10,572.0,5720.0
2021092905004639,ULI,56,56,40,573.0,22920.0
2021092905004636,ULI,56,58,10,573.0,5730.0
2021092905004635,ULI,56,58,10,572.0,5720.0
2021092905004634,ULI,56,14,10,572.0,5720.0
2021092905004632,ULI,42,45,10,571.2,5712.0
2021092905004622,ULI,39,43,47,572.0,26884.0
2021092905004662,ULI,49,42,10,570.0,5700.0
2021092905004657,ULI,42,38,10,571.2,5712.0
2021092905004655,ULI,42,40,10,571.2,5712.0
2021092905004652,ULI,42,59,10,571.2,5712.0
2021092905004645,ULI,56,11,30,573.0,17190.0
2021092905004642,ULI,56,14,100,573.0,57300.0
2021092905004676,ULI,38,43,10,570.0,5700.0
2021092905004673,ULI,38,47,10,570.0,5700.0
2021092905004672,ULI,49,43,10,570.0,5700.0
2021092905004666,ULI,49,45,10,570.0,5700.0
2021092905004665,ULI,49,56,30,570.0,17100.0
2021092905004663,ULI,49,56,10,570.0,5700.0
2021092905004695,ULI,42,56,30,570.0,17100.0
2021092905004690,ULI,38,14,10,570.0,5700.0
2021092905004688,ULI,38,41,40,570.0,22800.0
2021092905004684,ULI,38,41,10,570.0,5700.0
2021092905004682,ULI,38,51,10,570.0,5700.0
2021092905004680,ULI,38,36,10,570.0,5700.0
2021092905004724,ULI,22,22,30,569.1,17073.0
2021092905004723,ULI,22,44,10,569.1,5691.0
2021092905004720,ULI,22,35,10,569.1,5691.0
2021092905004719,ULI,22,44,10,569.1,5691.0
2021092905004698,ULI,22,58,10,569.1,5691.0
2021092905004696,ULI,42,36,10,570.0,5700.0
2021092905004783,ULI,22,21,10,569.1,5691.0
2021092905004780,ULI,22,38,10,569.1,5691.0
2021092905004779,ULI,22,34,10,569.1,5691.0
2021092905004761,ULI,22,58,10,569.1,5691.0
2021092905004750,ULI,22,42,10,569.1,5691.0
2021092905004732,ULI,22,59,10,569.1,5691.0
2021092905004807,ULI,19,7,10,569.0,5690.0
2021092905004798,ULI,19,42,10,569.0,5690.0
2021092905004795,ULI,19,57,10,569.0,5690.0
2021092905004792,ULI,21,39,10,569.0,5690.0
2021092905004788,ULI,22,22,10,569.1,5691.0
2021092905004785,ULI,22,48,10,569.1,5691.0
2021092905004824,ULI,47,50,10,570.0,5700.0
2021092905004823,ULI,47,45,10,570.0,5700.0
2021092905004822,ULI,47,22,10,570.0,5700.0
2021092905004821,ULI,47,35,10,569.5,5695.0
2021092905004817,ULI,19,34,10,569.0,5690.0
2021092905004814,ULI,19,43,10,569.0,5690.0
2021092905004844,ULI,22,41,10,572.0,5720.0
2021092905004843,ULI,22,11,170,572.0,97240.0
2021092905004828,ULI,47,11,100,572.0,57200.0
2021092905004827,ULI,47,55,10,571.0,5710.0
2021092905004826,ULI,47,32,10,570.0,5700.0
2021092905004825,ULI,47,45,10,570.0,5700.0
2021092905004858,ULI,22,38,10,570.1,5701.0
2021092905004855,ULI,22,42,10,570.1,5701.0
2021092905004848,ULI,22,57,10,572.0,5720.0
2021092905004847,ULI,22,22,10,572.0,5720.0
2021092905004846,ULI,22,58,10,572.0,5720.0
2021092905004845,ULI,22,14,10,572.0,5720.0
2021092905004905,ULI,22,36,10,570.1,5701.0
2021092905004898,ULI,22,16,10,570.1,5701.0
2021092905004886,ULI,25,42,10,571.0,5710.0
2021092905004881,ULI,22,28,10,570.1,5701.0
2021092905004875,ULI,22,16,10,570.1,5701.0
2021092905004862,ULI,22,16,10,570.1,5701.0
2021092905004988,ULI,19,36,30,569.0,17070.0
2021092905004987,ULI,52,58,10,569.5,5695.0
2021092905004974,ULI,19,49,10,569.0,5690.0
2021092905004962,ULI,19,59,10,569.0,5690.0
2021092905004949,ULI,55,57,10,569.5,5695.0
2021092905004906,ULI,39,36,40,570.0,22800.0
2021092905004598,JBLB,58,17,10,4001.0,40010.0
2021092905004597,JBLB,58,36,10,4001.0,40010.0
2021092905004596,JBLB,58,16,50,4001.0,200050.0
2021092905004595,JBLB,58,52,10,4001.0,40010.0
2021092905004594,JBLB,58,42,20,4001.0,80020.0
2021092905004591,JBLB,58,47,20,4001.0,80020.0
2021092905004117,JBLB,56,58,10,3978.0,39780.0
2021092905004112,JBLB,55,45,20,3976.0,79520.0
2021092905004128,JBLB,38,47,10,3982.0,39820.0
2021092905004126,JBLB,38,38,10,3980.0,39800.0
2021092905004125,JBLB,38,58,10,3980.0,39800.0
2021092905004124,JBLB,38,58,10,3980.0,39800.0
2021092905004122,JBLB,26,36,10,3980.0,39800.0
2021092905004148,JBLB,22,6,10,3980.0,39800.0
2021092905004136,JBLB,59,26,10,3988.0,39880.0
2021092905004135,JBLB,59,38,10,3985.0,39850.0
2021092905004129,JBLB,38,47,10,3982.0,39820.0
2021092905004170,JBLB,57,1,10,3986.0,39860.0
2021092905004189,JBLB,17,26,10,3990.0,39900.0
2021092905004188,JBLB,17,32,10,3988.2,39882.0
2021092905004183,JBLB,50,52,10,3988.0,39880.0
2021092905004224,JBLB,53,35,12,3995.0,47940.0
2021092905004223,JBLB,53,52,10,3993.3,39933.0
2021092905004201,JBLB,21,1,10,3993.0,39930.0
2021092905004192,JBLB,21,8,10,3988.2,39882.0
2021092905004190,JBLB,17,49,10,3990.0,39900.0
2021092905004232,JBLB,53,16,38,4000.0,152000.0
2021092905004231,JBLB,53,53,10,4000.0,40000.0
2021092905004227,JBLB,53,13,10,3998.4,39984.0
2021092905004226,JBLB,53,58,10,3998.0,39980.0
2021092905004225,JBLB,53,14,10,3995.0,39950.0
2021092905004237,JBLB,50,34,10,4000.0,40000.0
2021092905004236,JBLB,50,36,10,4000.0,40000.0
2021092905004235,JBLB,50,42,10,4000.0,40000.0
2021092905004251,JBLB,50,32,10,4000.0,40000.0
2021092905004250,JBLB,50,1,10,3999.0,39990.0
2021092905004253,JBLB,50,56,10,4000.0,40000.0
2021092905004252,JBLB,50,17,10,4000.0,40000.0
2021092905004277,JBLB,58,34,10,4000.0,40000.0
2021092905004276,JBLB,58,6,10,4000.0,40000.0
2021092905004275,JBLB,58,35,10,4000.0,40000.0
2021092905004283,JBLB,58,34,10,4000.0,40000.0
2021092905004282,JBLB,58,59,10,4000.0,40000.0
2021092905004281,JBLB,58,58,10,4000.0,40000.0
2021092905004280,JBLB,58,49,10,4000.0,40000.0
2021092905004279,JBLB,58,50,10,4000.0,40000.0
2021092905004278,JBLB,58,39,10,4000.0,40000.0
2021092905004289,JBLB,58,14,10,4000.0,40000.0
2021092905004288,JBLB,58,58,10,4000.0,40000.0
2021092905004287,JBLB,58,11,10,4000.0,40000.0
2021092905004286,JBLB,58,35,10,4000.0,40000.0
2021092905004285,JBLB,58,48,10,4000.0,40000.0
2021092905004284,JBLB,58,34,10,4000.0,40000.0
2021092905004295,JBLB,58,47,10,4000.0,40000.0
2021092905004294,JBLB,58,35,10,4000.0,40000.0
2021092905004293,JBLB,58,39,10,4000.0,40000.0
2021092905004292,JBLB,58,53,10,4000.0,40000.0
2021092905004291,JBLB,58,21,10,4000.0,40000.0
2021092905004290,JBLB,58,57,10,4000.0,40000.0
2021092905004302,JBLB,58,39,10,4003.0,40030.0
2021092905004301,JBLB,58,35,10,4002.0,40020.0
2021092905004296,JBLB,58,35,10,4000.0,40000.0
2021092905004308,JBLB,58,21,10,4010.0,40100.0
2021092905004307,JBLB,58,38,10,4010.0,40100.0
2021092905004306,JBLB,58,45,10,4009.0,40090.0
2021092905004305,JBLB,58,32,10,4008.6,40086.0
2021092905004304,JBLB,58,49,10,4008.0,40080.0
2021092905004303,JBLB,58,34,10,4004.0,40040.0
2021092905004315,JBLB,56,1,10,4010.0,40100.0
2021092905004310,JBLB,58,54,10,4010.0,40100.0
2021092905004309,JBLB,58,6,10,4010.0,40100.0
2021092905004321,JBLB,56,16,10,4010.0,40100.0
2021092905004320,JBLB,56,58,10,4010.0,40100.0
2021092905004319,JBLB,56,6,10,4010.0,40100.0
2021092905004318,JBLB,56,21,10,4010.0,40100.0
2021092905004317,JBLB,56,58,10,4010.0,40100.0
2021092905004316,JBLB,56,26,10,4010.0,40100.0
2021092905004323,JBLB,56,52,10,4010.0,40100.0
2021092905004322,JBLB,56,45,10,4010.0,40100.0
2021092905004345,JBLB,35,54,10,4009.0,40090.0
2021092905004341,JBLB,42,42,10,4000.0,40000.0
2021092905004390,JBLB,10,40,10,4000.0,40000.0
2021092905004397,JBLB,8,21,10,4000.0,40000.0
2021092905004392,JBLB,10,41,10,4010.0,40100.0
2021092905004391,JBLB,10,58,10,4009.0,40090.0
2021092905004434,JBLB,46,45,10,3982.0,39820.0
2021092905004443,JBLB,44,1,10,4000.0,40000.0
2021092905004471,JBLB,58,1,10,4000.0,40000.0
2021092905004470,JBLB,58,47,30,3999.0,119970.0
2021092905004469,JBLB,58,54,10,3999.0,39990.0
2021092905004467,JBLB,58,49,10,3982.0,39820.0
2021092905004476,JBLB,58,59,10,4008.0,40080.0
2021092905004475,JBLB,58,58,10,4004.0,40040.0
2021092905004474,JBLB,58,34,10,4000.0,40000.0
2021092905004473,JBLB,58,58,10,4000.0,40000.0
2021092905004472,JBLB,58,37,10,4000.0,40000.0
2021092905004484,JBLB,14,35,10,4010.0,40100.0
2021092905004483,JBLB,14,48,40,4009.0,160360.0
2021092905004482,JBLB,14,38,10,4009.0,40090.0
2021092905004481,JBLB,58,35,10,4008.0,40080.0
2021092905004490,JBLB,14,39,10,4016.9,40169.0
2021092905004489,JBLB,14,58,10,4015.0,40150.0
2021092905004488,JBLB,14,42,16,4013.0,64208.0
2021092905004487,JBLB,14,41,10,4011.0,40110.0
2021092905004486,JBLB,14,45,10,4010.0,40100.0
2021092905004485,JBLB,14,25,20,4010.0,80200.0
2021092905004496,JBLB,14,14,10,4020.0,40200.0
2021092905004495,JBLB,14,17,10,4020.0,40200.0
2021092905004494,JBLB,14,40,50,4020.0,201000.0
2021092905004493,JBLB,14,58,10,4020.0,40200.0
2021092905004492,JBLB,14,32,10,4020.0,40200.0
2021092905004491,JBLB,14,38,10,4018.0,40180.0
2021092905004500,JBLB,14,58,34,4029.0,136986.0
2021092905004499,JBLB,14,42,10,4029.0,40290.0
2021092905004498,JBLB,14,11,10,4023.8,40238.0
2021092905004497,JBLB,14,16,10,4023.0,40230.0
2021092905004512,JBLB,8,56,10,4020.0,40200.0
2021092905004506,JBLB,50,34,10,4009.0,40090.0
2021092905004520,JBLB,26,45,40,4000.0,160000.0
2021092905004516,JBLB,51,58,25,4029.0,100725.0
2021092905004515,JBLB,51,38,10,4028.9,40289.0
2021092905004514,JBLB,8,35,10,4009.0,40090.0
2021092905004527,JBLB,26,45,10,4000.0,40000.0
2021092905004526,JBLB,26,6,10,4000.0,40000.0
2021092905004557,JBLB,58,17,10,4001.0,40010.0
2021092905004556,JBLB,58,52,10,4001.0,40010.0
2021092905004555,JBLB,58,40,50,4001.0,200050.0
2021092905004570,JBLB,58,25,20,4001.0,80020.0
2021092905004567,JBLB,58,3,10,4001.0,40010.0
2021092905004562,JBLB,58,26,10,4001.0,40010.0
2021092905004560,JBLB,58,22,10,4001.0,40010.0
2021092905004592,MKLB,45,38,10,1690.0,16900.0
2021092905004590,MKLB,42,14,10,1691.0,16910.0
2021092905004589,MKLB,45,49,10,1690.0,16900.0
2021092905004588,MKLB,45,49,10,1690.0,16900.0
2021092905004587,MKLB,45,49,10,1690.0,16900.0
2021092905004586,MKLB,45,21,10,1690.0,16900.0
2021092905004110,MKLB,57,25,10,1660.0,16600.0
2021092905004132,MKLB,34,17,10,1661.0,16610.0
2021092905004130,MKLB,57,8,10,1661.0,16610.0
2021092905004123,MKLB,28,58,10,1665.0,16650.0
2021092905004119,MKLB,28,21,10,1665.0,16650.0
2021092905004118,MKLB,41,13,10,1663.0,16630.0
2021092905004115,MKLB,17,38,10,1665.0,16650.0
2021092905004161,MKLB,6,29,10,1658.2,16582.0
2021092905004149,MKLB,48,49,10,1661.0,16610.0
2021092905004147,MKLB,42,8,10,1661.0,16610.0
2021092905004145,MKLB,6,47,10,1658.2,16582.0
2021092905004144,MKLB,17,6,10,1660.0,16600.0
2021092905004137,MKLB,34,42,10,1661.0,16610.0
2021092905004187,MKLB,45,38,10,1658.0,16580.0
2021092905004186,MKLB,28,10,10,1658.2,16582.0
2021092905004185,MKLB,45,22,10,1658.0,16580.0
2021092905004184,MKLB,10,10,10,1658.0,16580.0
2021092905004176,MKLB,19,56,10,1661.0,16610.0
2021092905004165,MKLB,48,49,10,1658.1,16581.0
2021092905004228,MKLB,25,1,10,1669.0,16690.0
2021092905004202,MKLB,25,49,10,1669.0,16690.0
2021092905004200,MKLB,57,17,10,1661.0,16610.0
2021092905004198,MKLB,22,28,10,1660.0,16600.0
2021092905004194,MKLB,22,49,10,1660.0,16600.0
2021092905004191,MKLB,34,56,10,1666.0,16660.0
2021092905004243,MKLB,57,45,10,1670.0,16700.0
2021092905004242,MKLB,57,49,10,1670.0,16700.0
2021092905004241,MKLB,57,1,10,1670.0,16700.0
2021092905004239,MKLB,57,58,10,1670.0,16700.0
2021092905004234,MKLB,57,33,10,1670.0,16700.0
2021092905004230,MKLB,25,58,10,1669.0,16690.0
2021092905004327,MKLB,57,1,10,1664.0,16640.0
2021092905004326,MKLB,34,49,10,1670.0,16700.0
2021092905004324,MKLB,57,26,10,1664.0,16640.0
2021092905004312,MKLB,34,19,10,1670.0,16700.0
2021092905004274,MKLB,21,1,10,1670.0,16700.0
2021092905004244,MKLB,57,1,10,1670.0,16700.0
2021092905004348,MKLB,34,47,10,1670.0,16700.0
2021092905004343,MKLB,34,17,10,1665.0,16650.0
2021092905004337,MKLB,57,49,10,1664.0,16640.0
2021092905004336,MKLB,57,58,10,1664.0,16640.0
2021092905004329,MKLB,57,58,10,1664.0,16640.0
2021092905004328,MKLB,57,59,10,1664.0,16640.0
2021092905004394,MKLB,22,36,10,1665.0,16650.0
2021092905004389,MKLB,22,17,10,1665.0,16650.0
2021092905004388,MKLB,22,42,10,1665.0,16650.0
2021092905004384,MKLB,22,42,10,1665.0,16650.0
2021092905004355,MKLB,32,26,10,1665.0,16650.0
2021092905004349,MKLB,34,34,10,1665.0,16650.0
2021092905004404,MKLB,17,52,10,1670.0,16700.0
2021092905004403,MKLB,17,4,10,1669.0,16690.0
2021092905004402,MKLB,45,14,20,1666.0,33320.0
2021092905004400,MKLB,22,21,10,1665.0,16650.0
2021092905004398,MKLB,22,54,10,1665.0,16650.0
2021092905004395,MKLB,41,28,10,1666.0,16660.0
2021092905004410,MKLB,17,11,10,1670.0,16700.0
2021092905004409,MKLB,17,22,10,1670.0,16700.0
2021092905004408,MKLB,17,44,10,1670.0,16700.0
2021092905004407,MKLB,17,26,10,1670.0,16700.0
2021092905004406,MKLB,17,34,10,1670.0,16700.0
2021092905004405,MKLB,45,45,10,1666.0,16660.0
2021092905004416,MKLB,17,58,10,1675.0,16750.0
2021092905004415,MKLB,17,14,10,1675.0,16750.0
2021092905004414,MKLB,17,42,10,1675.0,16750.0
2021092905004413,MKLB,17,36,10,1675.0,16750.0
2021092905004412,MKLB,17,39,10,1674.0,16740.0
2021092905004411,MKLB,17,41,10,1672.0,16720.0
2021092905004422,MKLB,17,21,10,1680.0,16800.0
2021092905004421,MKLB,17,39,10,1680.0,16800.0
2021092905004420,MKLB,17,45,10,1679.0,16790.0
2021092905004419,MKLB,17,59,10,1679.0,16790.0
2021092905004418,MKLB,17,41,10,1678.0,16780.0
2021092905004417,MKLB,17,4,10,1675.0,16750.0
2021092905004456,MKLB,17,32,10,1670.0,16700.0
2021092905004446,MKLB,45,39,10,1670.0,16700.0
2021092905004426,MKLB,45,38,10,1666.0,16660.0
2021092905004425,MKLB,17,49,10,1680.0,16800.0
2021092905004424,MKLB,17,42,10,1680.0,16800.0
2021092905004423,MKLB,17,55,10,1680.0,16800.0
2021092905004480,MKLB,17,16,10,1670.0,16700.0
2021092905004466,MKLB,17,25,10,1670.0,16700.0
2021092905004465,MKLB,17,51,10,1670.0,16700.0
2021092905004460,MKLB,17,51,10,1684.0,16840.0
2021092905004459,MKLB,17,47,10,1681.0,16810.0
2021092905004458,MKLB,17,50,10,1680.0,16800.0
2021092905004528,MKLB,14,11,10,1679.0,16790.0
2021092905004519,MKLB,22,38,10,1670.0,16700.0
2021092905004511,MKLB,22,48,10,1670.0,16700.0
2021092905004510,MKLB,48,54,10,1671.0,16710.0
2021092905004508,MKLB,22,53,10,1670.0,16700.0
2021092905004507,MKLB,22,39,10,1670.0,16700.0
2021092905004544,MKLB,38,11,10,1683.0,16830.0
2021092905004543,MKLB,38,36,10,1680.0,16800.0
2021092905004542,MKLB,45,49,10,1671.0,16710.0
2021092905004541,MKLB,45,19,10,1671.0,16710.0
2021092905004540,MKLB,38,8,10,1680.0,16800.0
2021092905004535,MKLB,42,4,10,1679.0,16790.0
2021092905004558,MKLB,26,40,10,1685.0,16850.0
2021092905004554,MKLB,58,41,10,1680.0,16800.0
2021092905004552,MKLB,58,38,10,1680.0,16800.0
2021092905004550,MKLB,38,55,10,1685.0,16850.0
2021092905004549,MKLB,38,18,10,1684.0,16840.0
2021092905004547,MKLB,58,56,10,1672.0,16720.0
2021092905004573,MKLB,45,37,10,1685.0,16850.0
2021092905004572,MKLB,45,11,10,1685.0,16850.0
2021092905004571,MKLB,45,49,10,1680.0,16800.0
2021092905004569,MKLB,17,35,10,1670.0,16700.0
2021092905004563,MKLB,17,47,10,1670.0,16700.0
2021092905004559,MKLB,26,6,10,1685.0,16850.0
2021092905004579,MKLB,45,7,10,1690.0,16900.0
2021092905004578,MKLB,45,16,10,1690.0,16900.0
2021092905004577,MKLB,45,16,10,1690.0,16900.0
2021092905004576,MKLB,45,36,10,1690.0,16900.0
2021092905004575,MKLB,45,58,10,1689.0,16890.0
2021092905004574,MKLB,45,22,10,1688.0,16880.0
2021092905004585,MKLB,45,58,10,1690.0,16900.0
2021092905004584,MKLB,45,38,10,1690.0,16900.0
2021092905004583,MKLB,45,58,10,1690.0,16900.0
2021092905004582,MKLB,45,58,10,1690.0,16900.0
2021092905004581,MKLB,45,58,10,1690.0,16900.0
2021092905004580,MKLB,45,19,10,1690.0,16900.0
2021092905004116,SLI,39,58,70,534.0,37380.0
2021092905004114,SLI,13,51,10,533.0,5330.0
2021092905004113,SLI,13,57,10,533.0,5330.0
2021092905004111,SLI,13,13,10,533.0,5330.0
2021092905004127,SLI,19,44,10,533.1,5331.0
2021092905004134,SLI,13,44,10,533.0,5330.0
2021092905004133,SLI,19,58,10,533.1,5331.0
2021092905004177,SLI,58,58,10,534.0,5340.0
2021092905004175,SLI,58,44,10,533.0,5330.0
2021092905004167,SLI,7,44,10,531.2,5312.0
2021092905004163,SLI,3,7,10,531.0,5310.0
2021092905004162,SLI,3,48,10,531.0,5310.0
2021092905004182,SLI,4,35,10,534.0,5340.0
2021092905004181,SLI,4,47,10,532.0,5320.0
2021092905004178,SLI,58,51,10,530.0,5300.0
2021092905004193,SLI,7,45,10,533.0,5330.0
2021092905004229,SLI,4,34,10,534.0,5340.0
2021092905004245,SLI,16,17,10,535.0,5350.0
2021092905004240,SLI,38,35,10,534.0,5340.0
2021092905004238,SLI,38,45,10,534.0,5340.0
2021092905004249,SLI,16,54,10,535.0,5350.0
2021092905004248,SLI,16,54,10,535.0,5350.0
2021092905004247,SLI,16,54,10,535.0,5350.0
2021092905004246,SLI,16,6,10,535.0,5350.0
2021092905004257,SLI,29,35,10,535.0,5350.0
2021092905004256,SLI,29,54,10,535.0,5350.0
2021092905004255,SLI,29,45,10,535.0,5350.0
2021092905004254,SLI,29,45,10,535.0,5350.0
2021092905004263,SLI,29,57,10,535.0,5350.0
2021092905004262,SLI,29,38,10,535.0,5350.0
2021092905004261,SLI,29,43,10,535.0,5350.0
2021092905004260,SLI,29,43,10,535.0,5350.0
2021092905004259,SLI,29,49,10,535.0,5350.0
2021092905004258,SLI,29,7,10,535.0,5350.0
2021092905004270,SLI,14,57,10,535.0,5350.0
2021092905004268,SLI,29,49,10,535.0,5350.0
2021092905004267,SLI,29,34,10,535.0,5350.0
2021092905004266,SLI,29,44,10,535.0,5350.0
2021092905004265,SLI,29,21,10,535.0,5350.0
2021092905004264,SLI,29,56,10,535.0,5350.0
2021092905004273,SLI,14,11,10,535.0,5350.0
2021092905004272,SLI,14,7,10,535.0,5350.0
2021092905004271,SLI,14,41,10,535.0,5350.0
2021092905004299,SLI,4,48,10,534.0,5340.0
2021092905004298,SLI,41,34,10,534.0,5340.0
2021092905004297,SLI,38,49,10,534.0,5340.0
2021092905004314,SLI,19,7,10,535.0,5350.0
2021092905004313,SLI,19,26,10,535.0,5350.0
2021092905004311,SLI,19,35,10,535.0,5350.0
2021092905004332,SLI,52,1,10,536.0,5360.0
2021092905004331,SLI,52,58,10,536.0,5360.0
2021092905004330,SLI,52,7,10,536.0,5360.0
2021092905004325,SLI,19,13,10,535.0,5350.0
2021092905004340,SLI,34,35,10,537.0,5370.0
2021092905004339,SLI,34,54,10,537.0,5370.0
2021092905004338,SLI,34,49,10,537.0,5370.0
2021092905004335,SLI,19,59,10,535.0,5350.0
2021092905004334,SLI,52,38,10,536.0,5360.0
2021092905004333,SLI,52,49,10,536.0,5360.0
2021092905004350,SLI,58,41,10,537.0,5370.0
2021092905004347,SLI,58,32,10,537.0,5370.0
2021092905004344,SLI,58,42,10,537.0,5370.0
2021092905004342,SLI,4,39,10,537.5,5375.0
2021092905004357,SLI,17,56,10,538.8,5388.0
2021092905004356,SLI,17,25,10,538.5,5385.0
2021092905004354,SLI,58,33,10,537.0,5370.0
2021092905004353,SLI,17,34,10,538.0,5380.0
2021092905004352,SLI,17,58,10,538.0,5380.0
2021092905004351,SLI,17,58,10,538.0,5380.0
2021092905004363,SLI,17,49,10,540.0,5400.0
2021092905004362,SLI,17,45,10,540.0,5400.0
2021092905004361,SLI,17,49,10,539.0,5390.0
2021092905004360,SLI,17,32,20,539.0,10780.0
2021092905004359,SLI,17,48,10,539.0,5390.0
2021092905004358,SLI,17,34,10,539.0,5390.0
2021092905004369,SLI,17,58,10,540.0,5400.0
2021092905004368,SLI,17,51,10,540.0,5400.0
2021092905004367,SLI,17,49,10,540.0,5400.0
2021092905004366,SLI,17,47,20,540.0,10800.0
2021092905004365,SLI,17,17,10,540.0,5400.0
2021092905004364,SLI,17,42,10,540.0,5400.0
2021092905004375,SLI,17,41,10,540.0,5400.0
2021092905004374,SLI,17,56,10,540.0,5400.0
2021092905004373,SLI,17,58,10,540.0,5400.0
2021092905004372,SLI,17,43,10,540.0,5400.0
2021092905004371,SLI,17,32,10,540.0,5400.0
2021092905004370,SLI,17,57,10,540.0,5400.0
2021092905004381,SLI,17,34,10,540.0,5400.0
2021092905004380,SLI,17,41,10,540.0,5400.0
2021092905004379,SLI,17,21,10,540.0,5400.0
2021092905004378,SLI,17,32,10,540.0,5400.0
2021092905004377,SLI,17,56,10,540.0,5400.0
2021092905004376,SLI,17,59,10,540.0,5400.0
2021092905004387,SLI,5,58,10,536.0,5360.0
2021092905004386,SLI,5,38,10,536.0,5360.0
2021092905004385,SLI,58,40,10,537.0,5370.0
2021092905004383,SLI,17,45,10,540.0,5400.0
2021092905004382,SLI,17,45,10,540.0,5400.0
2021092905004427,SLI,5,36,10,536.0,5360.0
2021092905004399,SLI,3,40,10,536.0,5360.0
2021092905004396,SLI,21,6,10,540.0,5400.0
2021092905004435,SLI,1,8,10,540.0,5400.0
2021092905004431,SLI,45,6,30,540.0,16200.0
2021092905004430,SLI,17,40,10,536.0,5360.0
2021092905004429,SLI,17,49,10,536.0,5360.0
2021092905004428,SLI,17,40,10,536.0,5360.0
2021092905004440,SLI,1,45,10,540.0,5400.0
2021092905004439,SLI,1,35,10,540.0,5400.0
2021092905004438,SLI,1,11,10,540.0,5400.0
2021092905004437,SLI,1,56,10,540.0,5400.0
2021092905004436,SLI,1,34,10,540.0,5400.0
2021092905004450,SLI,52,35,10,540.6,5406.0
2021092905004449,SLI,52,32,10,540.6,5406.0
2021092905004448,SLI,52,11,10,540.5,5405.0
2021092905004447,SLI,52,1,10,540.0,5400.0
2021092905004445,SLI,1,6,5,540.0,2700.0
2021092905004444,SLI,1,4,10,540.0,5400.0
2021092905004461,SLI,17,45,10,536.0,5360.0
2021092905004457,SLI,17,56,10,536.0,5360.0
2021092905004454,SLI,17,39,10,536.0,5360.0
2021092905004453,SLI,17,45,10,536.0,5360.0
2021092905004452,SLI,52,57,50,540.6,27030.0
2021092905004451,SLI,52,35,10,540.6,5406.0
2021092905004468,SLI,56,49,10,539.0,5390.0
2021092905004464,SLI,17,38,10,536.0,5360.0
2021092905004477,SLI,48,34,10,540.0,5400.0
2021092905004479,SLI,48,7,10,540.0,5400.0
2021092905004478,SLI,48,41,10,540.0,5400.0
2021092905004502,SLI,19,50,10,540.0,5400.0
2021092905004501,SLI,19,50,10,540.0,5400.0
2021092905004513,SLI,48,17,10,540.0,5400.0
2021092905004505,SLI,19,40,10,541.0,5410.0
2021092905004504,SLI,19,45,10,541.0,5410.0
2021092905004503,SLI,19,32,10,541.0,5410.0
2021092905004518,SLI,7,59,10,541.6,5416.0
2021092905004517,SLI,7,58,10,541.6,5416.0
2021092905004530,SLI,48,59,10,542.0,5420.0
2021092905004529,SLI,48,48,10,542.0,5420.0
2021092905004525,SLI,7,46,10,541.6,5416.0
2021092905004521,SLI,7,4,10,541.6,5416.0
2021092905004537,SLI,22,6,10,541.0,5410.0
2021092905004536,SLI,47,58,10,540.1,5401.0
2021092905004534,SLI,20,34,10,541.7,5417.0
2021092905004533,SLI,20,34,10,541.7,5417.0
2021092905004532,SLI,48,58,10,542.0,5420.0
2021092905004531,SLI,48,22,10,542.0,5420.0
2021092905004548,SLI,56,35,90,542.0,48780.0
2021092905004539,SLI,22,35,185,542.0,100270.0
2021092905004538,SLI,22,21,10,541.9,5419.0
2021092905004568,SLI,38,49,10,541.0,5410.0
2021092905004564,SLI,58,3,10,541.0,5410.0
2021092905004593,ULI,39,49,10,572.0,5720.0
2021092905004566,ULI,44,56,10,573.0,5730.0
2021092905004565,ULI,44,45,200,573.0,114600.0
2021092905004561,ULI,39,17,10,572.0,5720.0
2021092905004553,ULI,39,58,23,572.0,13156.0
2021092905004551,ULI,39,45,10,572.0,5720.0
2021092905004099,ULI,58,5,10,565.0,5650.0
2021092905004105,ULI,58,46,10,565.0,5650.0
2021092905004104,ULI,58,34,10,565.0,5650.0
2021092905004103,ULI,58,45,50,565.0,28250.0
2021092905004102,ULI,58,21,10,565.0,5650.0
2021092905004101,ULI,58,41,10,565.0,5650.0
2021092905004100,ULI,58,56,10,565.0,5650.0
2021092905004121,ULI,29,42,10,565.5,5655.0
2021092905004120,ULI,29,1,10,565.5,5655.0
2021092905004109,ULI,29,38,10,565.0,5650.0
2021092905004108,ULI,29,21,10,565.0,5650.0
2021092905004107,ULI,58,53,10,565.0,5650.0
2021092905004106,ULI,58,19,10,565.0,5650.0
2021092905004142,ULI,7,49,10,566.0,5660.0
2021092905004141,ULI,7,53,10,566.0,5660.0
2021092905004140,ULI,7,14,10,566.0,5660.0
2021092905004139,ULI,7,34,10,565.5,5655.0
2021092905004138,ULI,39,6,10,563.0,5630.0
2021092905004131,ULI,29,38,10,562.0,5620.0
2021092905004153,ULI,39,38,10,567.0,5670.0
2021092905004152,ULI,39,32,10,567.0,5670.0
2021092905004151,ULI,39,41,10,567.0,5670.0
2021092905004150,ULI,39,32,10,566.2,5662.0
2021092905004146,ULI,7,57,10,566.0,5660.0
2021092905004143,ULI,7,34,10,566.0,5660.0
2021092905004159,ULI,39,41,10,567.0,5670.0
2021092905004158,ULI,39,44,10,567.0,5670.0
2021092905004157,ULI,39,38,20,567.0,11340.0
2021092905004156,ULI,39,21,10,567.0,5670.0
2021092905004155,ULI,39,11,10,567.0,5670.0
2021092905004154,ULI,39,6,10,567.0,5670.0
2021092905004171,ULI,56,52,50,568.0,28400.0
2021092905004169,ULI,33,52,50,568.0,28400.0
2021092905004168,ULI,39,57,10,567.0,5670.0
2021092905004166,ULI,39,49,10,567.0,5670.0
2021092905004164,ULI,39,38,10,567.0,5670.0
2021092905004160,ULI,39,49,10,567.0,5670.0
2021092905004195,ULI,58,57,10,568.1,5681.0
2021092905004180,ULI,39,39,10,568.0,5680.0
2021092905004179,ULI,56,38,10,568.0,5680.0
2021092905004174,ULI,56,58,10,568.0,5680.0
2021092905004173,ULI,56,52,10,568.0,5680.0
2021092905004172,ULI,56,32,10,568.0,5680.0
2021092905004205,ULI,22,58,10,569.0,5690.0
2021092905004204,ULI,22,3,10,569.0,5690.0
2021092905004203,ULI,22,47,20,569.0,11380.0
2021092905004199,ULI,39,6,10,568.0,5680.0
2021092905004197,ULI,39,7,10,568.0,5680.0
2021092905004196,ULI,58,35,10,568.1,5681.0
2021092905004211,ULI,22,26,10,570.0,5700.0
2021092905004210,ULI,22,58,10,570.0,5700.0
2021092905004209,ULI,22,59,10,570.0,5700.0
2021092905004208,ULI,22,45,10,570.0,5700.0
2021092905004207,ULI,22,48,10,570.0,5700.0
2021092905004206,ULI,22,32,10,570.0,5700.0
2021092905004217,ULI,22,32,10,570.1,5701.0
2021092905004216,ULI,22,34,20,570.0,11400.0
2021092905004215,ULI,22,42,60,570.0,34200.0
2021092905004214,ULI,22,52,10,570.0,5700.0
2021092905004213,ULI,22,39,10,570.0,5700.0
2021092905004212,ULI,22,58,10,570.0,5700.0
2021092905004233,ULI,22,16,10,568.2,5682.0
2021092905004222,ULI,22,44,10,571.0,5710.0
2021092905004221,ULI,22,1,330,571.0,188430.0
2021092905004220,ULI,22,58,10,571.0,5710.0
2021092905004219,ULI,22,58,10,571.0,5710.0
2021092905004218,ULI,22,49,10,571.0,5710.0
2021092905004432,ULI,25,1,40,568.5,22740.0
2021092905004401,ULI,22,41,10,568.4,5684.0
2021092905004393,ULI,22,52,10,568.4,5684.0
2021092905004346,ULI,22,33,10,568.4,5684.0
2021092905004300,ULI,22,8,10,568.4,5684.0
2021092905004269,ULI,25,33,10,568.3,5683.0
2021092905004463,ULI,58,21,10,570.0,5700.0
2021092905004462,ULI,58,17,10,570.0,5700.0
2021092905004455,ULI,21,41,10,569.0,5690.0
2021092905004442,ULI,21,32,10,569.0,5690.0
2021092905004441,ULI,21,21,10,568.5,5685.0
2021092905004433,ULI,22,1,10,568.4,5684.0
2021092905004546,ULI,39,41,10,572.0,5720.0
2021092905004545,ULI,39,11,10,572.0,5720.0
2021092905004524,ULI,42,11,10,571.2,5712.0
2021092905004523,ULI,42,32,10,571.2,5712.0
2021092905004522,ULI,49,41,10,570.0,5700.0
2021092905004509,ULI,49,3,10,570.0,5700.0
2021092905004086,JBLB,34,56,15,3975.0,59625.0
2021092905004085,JBLB,34,14,10,3975.0,39750.0
2021092905003604,JBLB,43,57,10,3936.5,39365.0
2021092905003605,JBLB,16,26,10,3940.0,39400.0
2021092905003646,JBLB,42,58,10,3940.0,39400.0
2021092905003630,JBLB,43,10,20,3936.5,78730.0
2021092905003622,JBLB,43,40,10,3936.5,39365.0
2021092905003702,JBLB,43,1,10,3936.5,39365.0
2021092905003716,JBLB,56,45,10,3936.0,39360.0
2021092905003745,JBLB,46,45,10,3935.0,39350.0
2021092905003737,JBLB,46,17,10,3935.0,39350.0
2021092905003733,JBLB,44,36,10,3936.0,39360.0
2021092905003748,JBLB,57,38,10,3935.0,39350.0
2021092905003844,JBLB,19,21,10,3935.0,39350.0
2021092905003826,JBLB,57,43,10,3935.0,39350.0
2021092905003874,JBLB,58,25,10,3925.0,39250.0
2021092905003856,JBLB,44,41,10,3925.0,39250.0
2021092905003894,JBLB,33,22,10,3940.0,39400.0
2021092905003886,JBLB,32,52,10,3930.0,39300.0
2021092905003897,JBLB,32,3,10,3930.0,39300.0
2021092905003895,JBLB,32,41,10,3930.0,39300.0
2021092905003913,JBLB,32,28,10,3930.0,39300.0
2021092905003910,JBLB,38,3,10,3943.0,39430.0
2021092905003905,JBLB,58,48,100,3944.0,394400.0
2021092905003965,JBLB,38,58,10,3931.1,39311.0
2021092905003952,JBLB,47,13,10,3931.0,39310.0
2021092905003971,JBLB,8,28,10,3931.2,39312.0
2021092905003970,JBLB,33,37,10,3945.0,39450.0
2021092905003969,JBLB,33,52,10,3945.0,39450.0
2021092905003967,JBLB,38,36,10,3931.1,39311.0
2021092905003985,JBLB,47,58,10,3935.0,39350.0
2021092905004005,JBLB,33,33,30,3940.0,118200.0
2021092905004003,JBLB,38,21,10,3935.5,39355.0
2021092905003999,JBLB,52,58,10,3948.0,39480.0
2021092905003998,JBLB,52,34,10,3948.0,39480.0
2021092905004012,JBLB,16,57,10,3950.0,39500.0
2021092905004011,JBLB,16,41,10,3950.0,39500.0
2021092905004008,JBLB,16,45,40,3950.0,158000.0
2021092905004007,JBLB,16,52,10,3950.0,39500.0
2021092905004006,JBLB,45,45,10,3936.0,39360.0
2021092905004023,JBLB,7,45,10,3960.0,39600.0
2021092905004017,JBLB,7,22,10,3960.0,39600.0
2021092905004038,JBLB,32,56,10,3970.0,39700.0
2021092905004037,JBLB,22,56,10,3970.0,39700.0
2021092905004036,JBLB,49,56,10,3970.0,39700.0
2021092905004035,JBLB,49,49,10,3970.0,39700.0
2021092905004027,JBLB,22,21,10,3969.9,39699.0
2021092905004068,JBLB,38,3,10,3970.5,39705.0
2021092905004058,JBLB,13,34,10,3974.0,39740.0
2021092905004096,MKLB,48,41,10,1665.0,16650.0
2021092905004092,MKLB,42,39,10,1665.0,16650.0
2021092905004091,MKLB,42,57,10,1664.0,16640.0
2021092905004090,MKLB,6,57,10,1658.2,16582.0
2021092905004075,MKLB,45,44,10,1660.0,16600.0
2021092905004069,MKLB,35,44,10,1660.0,16600.0
2021092905003610,MKLB,4,19,10,1675.0,16750.0
2021092905003609,MKLB,4,51,10,1675.0,16750.0
2021092905003606,MKLB,13,32,10,1677.0,16770.0
2021092905003626,MKLB,46,49,10,1672.2,16722.0
2021092905003624,MKLB,4,47,10,1675.0,16750.0
2021092905003623,MKLB,5,41,10,1675.0,16750.0
2021092905003620,MKLB,56,42,10,1673.0,16730.0
2021092905003618,MKLB,44,47,10,1675.0,16750.0
2021092905003612,MKLB,4,52,10,1675.0,16750.0
2021092905003635,MKLB,13,54,10,1672.1,16721.0
2021092905003634,MKLB,13,16,10,1672.1,16721.0
2021092905003631,MKLB,5,49,10,1672.2,16722.0
2021092905003629,MKLB,13,45,10,1672.1,16721.0
2021092905003628,MKLB,11,56,10,1672.2,16722.0
2021092905003627,MKLB,46,45,10,1672.2,16722.0
2021092905003641,MKLB,45,41,349,1670.0,582830.0
2021092905003640,MKLB,45,41,200,1670.0,334000.0
2021092905003639,MKLB,45,41,20,1670.0,33400.0
2021092905003638,MKLB,20,41,10,1670.0,16700.0
2021092905003637,MKLB,36,41,50,1671.0,83550.0
2021092905003636,MKLB,13,41,150,1672.1,250815.0
2021092905003651,MKLB,45,42,10,1670.0,16700.0
2021092905003650,MKLB,45,42,10,1670.0,16700.0
2021092905003649,MKLB,45,58,10,1670.0,16700.0
2021092905003645,MKLB,45,10,10,1670.0,16700.0
2021092905003644,MKLB,45,26,10,1670.0,16700.0
2021092905003642,MKLB,45,41,10,1670.0,16700.0
2021092905003659,MKLB,41,57,10,1672.1,16721.0
2021092905003658,MKLB,45,45,10,1670.0,16700.0
2021092905003657,MKLB,45,43,10,1670.0,16700.0
2021092905003656,MKLB,45,57,10,1670.0,16700.0
2021092905003654,MKLB,46,57,10,1672.0,16720.0
2021092905003652,MKLB,45,58,10,1670.0,16700.0
2021092905003667,MKLB,22,21,10,1670.1,16701.0
2021092905003666,MKLB,22,48,10,1670.1,16701.0
2021092905003664,MKLB,45,4,10,1670.0,16700.0
2021092905003662,MKLB,41,47,10,1675.0,16750.0
2021092905003661,MKLB,41,47,10,1675.0,16750.0
2021092905003660,MKLB,41,56,10,1672.1,16721.0
2021092905003679,MKLB,45,29,10,1670.0,16700.0
2021092905003674,MKLB,45,35,10,1670.0,16700.0
2021092905003673,MKLB,45,47,10,1670.0,16700.0
2021092905003670,MKLB,45,47,10,1670.0,16700.0
2021092905003669,MKLB,45,36,10,1670.0,16700.0
2021092905003668,MKLB,45,46,10,1670.0,16700.0
2021092905003691,MKLB,45,32,10,1670.0,16700.0
2021092905003690,MKLB,45,4,10,1670.0,16700.0
2021092905003686,MKLB,45,45,10,1670.0,16700.0
2021092905003685,MKLB,45,6,10,1670.0,16700.0
2021092905003682,MKLB,45,52,10,1670.0,16700.0
2021092905003680,MKLB,45,45,10,1670.0,16700.0
2021092905003703,MKLB,41,29,10,1676.0,16760.0
2021092905003700,MKLB,42,51,10,1675.0,16750.0
2021092905003699,MKLB,42,35,10,1675.0,16750.0
2021092905003697,MKLB,42,45,10,1675.0,16750.0
2021092905003694,MKLB,42,55,10,1675.0,16750.0
2021092905003693,MKLB,42,47,10,1675.0,16750.0
2021092905003717,MKLB,45,7,10,1670.0,16700.0
2021092905003715,MKLB,45,35,10,1670.0,16700.0
2021092905003714,MKLB,45,7,10,1670.0,16700.0
2021092905003708,MKLB,58,33,10,1670.1,16701.0
2021092905003707,MKLB,49,4,10,1670.1,16701.0
2021092905003706,MKLB,41,45,10,1675.0,16750.0
2021092905003743,MKLB,51,59,10,1674.0,16740.0
2021092905003741,MKLB,45,38,10,1670.0,16700.0
2021092905003740,MKLB,45,58,10,1670.0,16700.0
2021092905003739,MKLB,45,48,10,1675.0,16750.0
2021092905003738,MKLB,45,4,10,1674.0,16740.0
2021092905003731,MKLB,45,52,10,1670.0,16700.0
2021092905003754,MKLB,35,47,10,1670.0,16700.0
2021092905003753,MKLB,35,45,10,1670.0,16700.0
2021092905003752,MKLB,50,42,19,1670.0,31730.0
2021092905003751,MKLB,11,42,10,1670.0,16700.0
2021092905003750,MKLB,45,42,143,1670.0,238810.0
2021092905003744,MKLB,45,33,10,1670.0,16700.0
2021092905003760,MKLB,52,42,15,1665.0,24975.0
2021092905003759,MKLB,6,42,10,1665.0,16650.0
2021092905003758,MKLB,35,42,10,1665.0,16650.0
2021092905003757,MKLB,1,42,30,1665.0,49950.0
2021092905003756,MKLB,38,42,10,1666.0,16660.0
2021092905003755,MKLB,41,42,50,1666.0,83300.0
2021092905003776,MKLB,7,42,110,1660.0,182600.0
2021092905003768,MKLB,7,6,10,1660.0,16600.0
2021092905003766,MKLB,7,8,10,1660.0,16600.0
2021092905003763,MKLB,44,42,150,1663.0,249450.0
2021092905003762,MKLB,49,42,100,1663.0,166300.0
2021092905003761,MKLB,28,42,10,1663.1,16631.0
2021092905003782,MKLB,14,42,50,1660.0,83000.0
2021092905003781,MKLB,21,42,10,1660.0,16600.0
2021092905003780,MKLB,35,42,10,1660.0,16600.0
2021092905003779,MKLB,28,42,500,1660.0,830000.0
2021092905003778,MKLB,32,42,50,1660.0,83000.0
2021092905003777,MKLB,11,42,10,1660.0,16600.0
2021092905003793,MKLB,58,52,10,1657.2,16572.0
2021092905003790,MKLB,58,6,10,1657.2,16572.0
2021092905003789,MKLB,25,21,10,1659.0,16590.0
2021092905003788,MKLB,57,17,10,1658.0,16580.0
2021092905003787,MKLB,45,58,10,1659.0,16590.0
2021092905003783,MKLB,57,42,10,1660.0,16600.0
2021092905003799,MKLB,49,29,10,1658.0,16580.0
2021092905003798,MKLB,49,57,10,1658.0,16580.0
2021092905003797,MKLB,49,58,10,1658.0,16580.0
2021092905003796,MKLB,58,59,10,1657.2,16572.0
2021092905003795,MKLB,58,38,10,1657.2,16572.0
2021092905003794,MKLB,58,22,10,1657.2,16572.0
2021092905003812,MKLB,58,21,10,1657.2,16572.0
2021092905003811,MKLB,49,58,10,1658.0,16580.0
2021092905003808,MKLB,58,59,10,1657.2,16572.0
2021092905003806,MKLB,41,5,10,1659.0,16590.0
2021092905003805,MKLB,41,26,10,1659.0,16590.0
2021092905003801,MKLB,58,58,10,1657.2,16572.0
2021092905003820,MKLB,5,16,10,1660.0,16600.0
2021092905003817,MKLB,5,36,10,1660.0,16600.0
2021092905003816,MKLB,5,58,10,1660.0,16600.0
2021092905003815,MKLB,5,42,20,1660.0,33200.0
2021092905003814,MKLB,58,58,10,1657.2,16572.0
2021092905003813,MKLB,58,36,10,1657.2,16572.0
2021092905003829,MKLB,32,58,10,1670.0,16700.0
2021092905003828,MKLB,32,29,10,1666.0,16660.0
2021092905003827,MKLB,59,17,10,1657.0,16570.0
2021092905003824,MKLB,29,14,10,1657.2,16572.0
2021092905003822,MKLB,40,42,15,1663.0,24945.0
2021092905003821,MKLB,59,17,10,1657.0,16570.0
2021092905003835,MKLB,32,47,10,1675.0,16750.0
2021092905003834,MKLB,32,58,10,1675.0,16750.0
2021092905003833,MKLB,32,54,10,1675.0,16750.0
2021092905003832,MKLB,32,52,10,1673.0,16730.0
2021092905003831,MKLB,32,14,10,1670.0,16700.0
2021092905003830,MKLB,32,21,10,1670.0,16700.0
2021092905003841,MKLB,32,4,10,1690.0,16900.0
2021092905003840,MKLB,32,21,10,1690.0,16900.0
2021092905003839,MKLB,32,58,10,1690.0,16900.0
2021092905003838,MKLB,32,57,10,1680.0,16800.0
2021092905003837,MKLB,32,48,10,1680.0,16800.0
2021092905003836,MKLB,32,4,10,1676.0,16760.0
2021092905003850,MKLB,32,35,10,1690.0,16900.0
2021092905003848,MKLB,32,51,10,1690.0,16900.0
2021092905003847,MKLB,32,21,10,1690.0,16900.0
2021092905003845,MKLB,32,52,10,1690.0,16900.0
2021092905003843,MKLB,32,34,10,1690.0,16900.0
2021092905003842,MKLB,32,58,10,1690.0,16900.0
2021092905003862,MKLB,56,7,10,1658.0,16580.0
2021092905003859,MKLB,59,35,10,1657.0,16570.0
2021092905003858,MKLB,59,42,10,1657.0,16570.0
2021092905003857,MKLB,40,45,10,1666.0,16660.0
2021092905003853,MKLB,58,11,10,1675.0,16750.0
2021092905003851,MKLB,58,34,10,1670.0,16700.0
2021092905003883,MKLB,49,13,10,1660.0,16600.0
2021092905003881,MKLB,41,34,10,1660.0,16600.0
2021092905003880,MKLB,17,57,10,1657.0,16570.0
2021092905003876,MKLB,59,32,10,1657.0,16570.0
2021092905003872,MKLB,56,14,10,1658.0,16580.0
2021092905003871,MKLB,49,58,10,1658.1,16581.0
2021092905003891,MKLB,11,41,10,1675.0,16750.0
2021092905003890,MKLB,11,49,10,1675.0,16750.0
2021092905003889,MKLB,11,43,10,1665.0,16650.0
2021092905003888,MKLB,51,58,10,1660.0,16600.0
2021092905003887,MKLB,51,17,10,1660.0,16600.0
2021092905003885,MKLB,49,49,10,1658.0,16580.0
2021092905003916,MKLB,59,21,10,1660.0,16600.0
2021092905003915,MKLB,57,41,10,1660.0,16600.0
2021092905003912,MKLB,57,34,10,1660.0,16600.0
2021092905003907,MKLB,45,32,10,1657.0,16570.0
2021092905003898,MKLB,59,19,10,1660.0,16600.0
2021092905003893,MKLB,45,44,10,1657.0,16570.0
2021092905003944,MKLB,11,22,10,1657.1,16571.0
2021092905003943,MKLB,11,5,10,1657.1,16571.0
2021092905003927,MKLB,36,49,10,1660.0,16600.0
2021092905003926,MKLB,45,45,10,1657.0,16570.0
2021092905003924,MKLB,45,21,10,1657.0,16570.0
2021092905003922,MKLB,46,32,10,1660.0,16600.0
2021092905003958,MKLB,6,55,10,1657.1,16571.0
2021092905003957,MKLB,6,10,10,1657.1,16571.0
2021092905003956,MKLB,6,39,10,1657.1,16571.0
2021092905003953,MKLB,6,58,10,1657.1,16571.0
2021092905003946,MKLB,6,5,10,1657.1,16571.0
2021092905003945,MKLB,6,58,10,1657.1,16571.0
2021092905003976,MKLB,4,57,10,1658.0,16580.0
2021092905003975,MKLB,51,43,10,1658.0,16580.0
2021092905003972,MKLB,21,49,10,1658.0,16580.0
2021092905003966,MKLB,41,59,10,1657.2,16572.0
2021092905003963,MKLB,41,34,10,1657.2,16572.0
2021092905003959,MKLB,6,26,10,1657.1,16571.0
2021092905003992,MKLB,22,49,10,1658.1,16581.0
2021092905003989,MKLB,25,58,10,1660.0,16600.0
2021092905003988,MKLB,25,33,10,1660.0,16600.0
2021092905003981,MKLB,34,58,10,1658.0,16580.0
2021092905003980,MKLB,22,56,10,1658.0,16580.0
2021092905003978,MKLB,41,36,10,1658.0,16580.0
2021092905004002,MKLB,49,19,10,1660.0,16600.0
2021092905004001,MKLB,1,38,10,1660.0,16600.0
2021092905004000,MKLB,1,38,10,1660.0,16600.0
2021092905003996,MKLB,17,49,10,1660.0,16600.0
2021092905003995,MKLB,17,28,10,1660.0,16600.0
2021092905003994,MKLB,17,41,10,1658.1,16581.0
2021092905004022,MKLB,45,45,10,1662.0,16620.0
2021092905004019,MKLB,34,21,10,1670.0,16700.0
2021092905004018,MKLB,34,34,10,1670.0,16700.0
2021092905004015,MKLB,11,5,10,1660.0,16600.0
2021092905004013,MKLB,54,22,10,1660.0,16600.0
2021092905004010,MKLB,29,16,10,1660.0,16600.0
2021092905004050,MKLB,38,44,10,1664.0,16640.0
2021092905004049,MKLB,14,14,10,1666.0,16660.0
2021092905004043,MKLB,59,3,10,1663.0,16630.0
2021092905004041,MKLB,21,56,10,1663.0,16630.0
2021092905004033,MKLB,4,21,10,1664.0,16640.0
2021092905004026,MKLB,33,58,10,1664.0,16640.0
2021092905004067,MKLB,47,47,10,1660.0,16600.0
2021092905004065,MKLB,11,47,10,1660.0,16600.0
2021092905004062,MKLB,59,38,10,1663.0,16630.0
2021092905004061,MKLB,48,14,10,1670.0,16700.0
2021092905004060,MKLB,17,56,10,1666.0,16660.0
2021092905004057,MKLB,45,43,10,1666.0,16660.0
2021092905004093,SLI,13,35,10,532.0,5320.0
2021092905004089,SLI,58,38,10,530.0,5300.0
2021092905004088,SLI,58,53,10,530.0,5300.0
2021092905004087,SLI,58,44,10,530.0,5300.0
2021092905003603,SLI,10,44,10,530.0,5300.0
2021092905003602,SLI,10,58,10,530.0,5300.0
2021092905003601,SLI,10,58,10,530.0,5300.0
2021092905003619,SLI,10,45,10,530.0,5300.0
2021092905003617,SLI,10,58,10,530.0,5300.0
2021092905003615,SLI,10,56,10,530.0,5300.0
2021092905003614,SLI,10,48,10,530.0,5300.0
2021092905003607,SLI,10,45,10,530.0,5300.0
2021092905003633,SLI,51,34,10,531.0,5310.0
2021092905003632,SLI,51,35,10,531.0,5310.0
2021092905003625,SLI,25,57,10,530.0,5300.0
2021092905003683,SLI,41,53,10,528.0,5280.0
2021092905003678,SLI,41,45,10,528.0,5280.0
2021092905003677,SLI,41,42,10,528.0,5280.0
2021092905003675,SLI,41,39,10,528.0,5280.0
2021092905003671,SLI,47,39,10,528.3,5283.0
2021092905003648,SLI,47,35,10,528.3,5283.0
2021092905003712,SLI,34,45,10,528.0,5280.0
2021092905003711,SLI,34,44,10,528.0,5280.0
2021092905003710,SLI,36,21,10,527.0,5270.0
2021092905003704,SLI,36,8,10,527.0,5270.0
2021092905003688,SLI,41,42,10,528.0,5280.0
2021092905003724,SLI,37,58,10,530.0,5300.0
2021092905003723,SLI,37,58,10,528.0,5280.0
2021092905003721,SLI,6,42,10,527.0,5270.0
2021092905003720,SLI,6,39,10,527.0,5270.0
2021092905003718,SLI,36,35,10,527.0,5270.0
2021092905003730,SLI,37,41,10,531.0,5310.0
2021092905003729,SLI,37,45,10,531.0,5310.0
2021092905003728,SLI,37,37,10,531.0,5310.0
2021092905003727,SLI,37,45,10,531.0,5310.0
2021092905003726,SLI,37,7,10,530.0,5300.0
2021092905003725,SLI,37,13,10,530.0,5300.0
2021092905003742,SLI,6,26,10,527.0,5270.0
2021092905003735,SLI,37,38,10,531.0,5310.0
2021092905003732,SLI,37,39,10,531.0,5310.0
2021092905003769,SLI,42,47,10,528.0,5280.0
2021092905003765,SLI,58,48,10,527.0,5270.0
2021092905003764,SLI,6,29,10,527.0,5270.0
2021092905003749,SLI,6,38,10,527.0,5270.0
2021092905003747,SLI,47,39,10,528.0,5280.0
2021092905003775,SLI,42,3,10,533.0,5330.0
2021092905003774,SLI,42,58,10,533.0,5330.0
2021092905003773,SLI,42,22,10,532.0,5320.0
2021092905003772,SLI,42,56,10,532.0,5320.0
2021092905003771,SLI,42,35,10,532.0,5320.0
2021092905003770,SLI,42,49,10,531.0,5310.0
2021092905003818,SLI,14,58,10,527.0,5270.0
2021092905003807,SLI,14,26,10,527.0,5270.0
2021092905003803,SLI,14,38,10,527.0,5270.0
2021092905003802,SLI,14,14,10,527.0,5270.0
2021092905003800,SLI,14,14,10,527.0,5270.0
2021092905003791,SLI,14,14,10,527.0,5270.0
2021092905003852,SLI,14,34,10,527.0,5270.0
2021092905003846,SLI,14,59,10,527.0,5270.0
2021092905003823,SLI,14,14,10,527.0,5270.0
2021092905003819,SLI,14,49,10,527.0,5270.0
2021092905003873,SLI,14,34,10,527.0,5270.0
2021092905003870,SLI,14,14,10,527.0,5270.0
2021092905003863,SLI,14,25,10,527.0,5270.0
2021092905003861,SLI,14,57,10,527.0,5270.0
2021092905003882,SLI,14,45,10,527.0,5270.0
2021092905003879,SLI,41,10,10,530.0,5300.0
2021092905003878,SLI,41,11,10,530.0,5300.0
2021092905003877,SLI,41,41,10,530.0,5300.0
2021092905003904,SLI,14,58,10,527.0,5270.0
2021092905003902,SLI,14,14,10,527.0,5270.0
2021092905003899,SLI,14,45,10,527.0,5270.0
2021092905003896,SLI,14,38,10,527.0,5270.0
2021092905003911,SLI,25,38,10,527.0,5270.0
2021092905003909,SLI,25,58,10,527.0,5270.0
2021092905003908,SLI,14,58,10,527.0,5270.0
2021092905003928,SLI,25,39,10,526.0,5260.0
2021092905003925,SLI,58,38,10,527.0,5270.0
2021092905003921,SLI,29,58,10,530.0,5300.0
2021092905003920,SLI,29,39,10,529.0,5290.0
2021092905003919,SLI,49,55,10,527.0,5270.0
2021092905003917,SLI,25,41,10,527.0,5270.0
2021092905003964,SLI,25,57,10,526.0,5260.0
2021092905003960,SLI,25,35,10,526.0,5260.0
2021092905003955,SLI,25,49,10,526.0,5260.0
2021092905003954,SLI,25,58,10,526.0,5260.0
2021092905003974,SLI,25,38,10,526.0,5260.0
2021092905003968,SLI,25,56,10,526.0,5260.0
2021092905003987,SLI,17,7,10,526.0,5260.0
2021092905003986,SLI,17,29,10,526.0,5260.0
2021092905003984,SLI,25,38,10,526.0,5260.0
2021092905003982,SLI,25,29,10,526.0,5260.0
2021092905003979,SLI,25,29,10,526.0,5260.0
2021092905003993,SLI,43,55,50,526.1,26305.0
2021092905003990,SLI,17,29,10,526.0,5260.0
2021092905004014,SLI,58,38,10,526.1,5261.0
2021092905004025,SLI,49,49,10,526.1,5261.0
2021092905004024,SLI,58,38,10,527.0,5270.0
2021092905004020,SLI,17,57,10,526.0,5260.0
2021092905004016,SLI,17,34,10,526.0,5260.0
2021092905004034,SLI,49,54,10,526.1,5261.0
2021092905004048,SLI,39,56,10,528.0,5280.0
2021092905004047,SLI,39,52,10,528.0,5280.0
2021092905004046,SLI,39,6,10,528.0,5280.0
2021092905004045,SLI,22,38,10,527.0,5270.0
2021092905004040,SLI,22,55,10,527.0,5270.0
2021092905004039,SLI,22,58,10,527.0,5270.0
2021092905004056,SLI,58,57,10,530.0,5300.0
2021092905004055,SLI,22,57,40,530.0,21200.0
2021092905004054,SLI,22,11,10,530.0,5300.0
2021092905004053,SLI,22,39,10,530.0,5300.0
2021092905004052,SLI,22,58,10,530.0,5300.0
2021092905004051,SLI,22,38,10,529.0,5290.0
2021092905004071,SLI,47,35,10,532.0,5320.0
2021092905004070,SLI,47,58,10,531.0,5310.0
2021092905004063,SLI,58,38,10,530.0,5300.0
2021092905004059,SLI,58,59,10,530.0,5300.0
2021092905004078,SLI,52,58,10,533.0,5330.0
2021092905004077,SLI,52,38,10,533.0,5330.0
2021092905004076,SLI,52,13,10,532.0,5320.0
2021092905004074,SLI,47,38,10,532.0,5320.0
2021092905004073,SLI,47,35,10,532.0,5320.0
2021092905004072,SLI,47,35,10,532.0,5320.0
2021092905004084,SLI,52,42,10,534.0,5340.0
2021092905004083,SLI,52,21,10,533.5,5335.0
2021092905004082,SLI,52,35,10,533.0,5330.0
2021092905004081,SLI,52,58,10,533.0,5330.0
2021092905004080,SLI,52,45,10,533.0,5330.0
2021092905004079,SLI,52,25,10,533.0,5330.0
2021092905004098,ULI,58,41,10,565.0,5650.0
2021092905004097,ULI,58,16,10,565.0,5650.0
2021092905004095,ULI,39,41,10,561.0,5610.0
2021092905004094,ULI,58,45,191,563.0,107533.0
2021092905004066,ULI,17,45,20,563.0,11260.0
2021092905004064,ULI,1,35,10,562.0,5620.0
2021092905003599,ULI,44,34,10,559.0,5590.0
2021092905003621,ULI,17,38,200,560.0,112000.0
2021092905003616,ULI,44,45,10,559.0,5590.0
2021092905003613,ULI,44,38,10,559.0,5590.0
2021092905003611,ULI,44,52,10,559.0,5590.0
2021092905003608,ULI,44,35,10,559.0,5590.0
2021092905003600,ULI,44,14,10,559.0,5590.0
2021092905003665,ULI,10,57,10,558.0,5580.0
2021092905003663,ULI,53,25,10,558.3,5583.0
2021092905003655,ULI,47,58,10,559.0,5590.0
2021092905003653,ULI,44,25,10,559.0,5590.0
2021092905003647,ULI,41,25,10,559.1,5591.0
2021092905003643,ULI,41,16,10,559.1,5591.0
2021092905003689,ULI,14,22,10,558.0,5580.0
2021092905003687,ULI,10,25,10,558.0,5580.0
2021092905003684,ULI,10,42,10,558.0,5580.0
2021092905003681,ULI,10,54,10,558.0,5580.0
2021092905003676,ULI,6,41,10,559.0,5590.0
2021092905003672,ULI,10,39,10,558.0,5580.0
2021092905003705,ULI,55,8,10,556.0,5560.0
2021092905003701,ULI,52,45,10,557.9,5579.0
2021092905003698,ULI,14,21,10,558.0,5580.0
2021092905003696,ULI,34,49,10,559.0,5590.0
2021092905003695,ULI,34,32,10,559.0,5590.0
2021092905003692,ULI,14,38,10,558.0,5580.0
2021092905003736,ULI,55,39,10,556.0,5560.0
2021092905003734,ULI,55,38,10,556.0,5560.0
2021092905003722,ULI,55,45,10,556.0,5560.0
2021092905003719,ULI,55,42,10,556.0,5560.0
2021092905003713,ULI,55,38,10,556.0,5560.0
2021092905003709,ULI,55,45,10,556.0,5560.0
2021092905003792,ULI,55,48,10,556.0,5560.0
2021092905003786,ULI,55,38,10,556.0,5560.0
2021092905003785,ULI,55,38,10,556.0,5560.0
2021092905003784,ULI,55,29,10,556.0,5560.0
2021092905003767,ULI,55,42,10,556.0,5560.0
2021092905003746,ULI,55,38,10,556.0,5560.0
2021092905003854,ULI,55,57,10,556.0,5560.0
2021092905003849,ULI,55,21,10,556.0,5560.0
2021092905003825,ULI,55,3,10,556.0,5560.0
2021092905003810,ULI,55,26,10,556.0,5560.0
2021092905003809,ULI,55,16,10,556.0,5560.0
2021092905003804,ULI,55,46,10,556.0,5560.0
2021092905003867,ULI,56,42,10,557.0,5570.0
2021092905003866,ULI,56,38,10,557.0,5570.0
2021092905003865,ULI,56,21,10,557.0,5570.0
2021092905003864,ULI,56,57,10,557.0,5570.0
2021092905003860,ULI,55,58,10,556.0,5560.0
2021092905003855,ULI,55,22,10,556.0,5560.0
2021092905003900,ULI,41,38,10,557.0,5570.0
2021092905003892,ULI,56,41,10,557.0,5570.0
2021092905003884,ULI,56,49,10,557.0,5570.0
2021092905003875,ULI,56,3,10,557.0,5570.0
2021092905003869,ULI,56,49,10,557.0,5570.0
2021092905003868,ULI,56,58,10,557.0,5570.0
2021092905003923,ULI,55,48,10,556.0,5560.0
2021092905003918,ULI,55,1,10,556.0,5560.0
2021092905003914,ULI,55,38,10,556.0,5560.0
2021092905003906,ULI,55,38,10,556.0,5560.0
2021092905003903,ULI,55,3,10,556.0,5560.0
2021092905003901,ULI,41,14,10,557.0,5570.0
2021092905003934,ULI,1,57,10,560.0,5600.0
2021092905003933,ULI,1,38,120,560.0,67200.0
2021092905003932,ULI,1,41,10,558.0,5580.0
2021092905003931,ULI,1,45,10,558.0,5580.0
2021092905003930,ULI,1,39,10,557.0,5570.0
2021092905003929,ULI,1,41,10,557.0,5570.0
2021092905003940,ULI,1,34,10,560.0,5600.0
2021092905003939,ULI,1,37,10,560.0,5600.0
2021092905003938,ULI,1,34,10,560.0,5600.0
2021092905003937,ULI,1,3,10,560.0,5600.0
2021092905003936,ULI,1,42,10,560.0,5600.0
2021092905003935,ULI,1,44,250,560.0,140000.0
2021092905003950,ULI,34,58,10,560.0,5600.0
2021092905003949,ULI,34,11,20,560.0,11200.0
2021092905003948,ULI,34,49,10,560.0,5600.0
2021092905003947,ULI,34,58,10,560.0,5600.0
2021092905003942,ULI,1,6,10,560.0,5600.0
2021092905003941,ULI,1,51,10,560.0,5600.0
2021092905003983,ULI,35,38,10,556.1,5561.0
2021092905003977,ULI,34,34,10,556.1,5561.0
2021092905003973,ULI,34,26,10,556.1,5561.0
2021092905003962,ULI,34,38,10,556.1,5561.0
2021092905003961,ULI,34,6,10,556.1,5561.0
2021092905003951,ULI,34,58,10,560.0,5600.0
2021092905004028,ULI,47,59,10,559.9,5599.0
2021092905004021,ULI,22,38,10,558.0,5580.0
2021092905004009,ULI,58,19,10,557.0,5570.0
2021092905004004,ULI,22,59,10,556.2,5562.0
2021092905003997,ULI,22,18,10,556.2,5562.0
2021092905003991,ULI,22,52,10,556.2,5562.0
2021092905004044,ULI,45,59,10,561.0,5610.0
2021092905004042,ULI,45,45,10,561.0,5610.0
2021092905004032,ULI,22,58,10,558.0,5580.0
2021092905004031,ULI,47,47,10,562.0,5620.0
2021092905004030,ULI,47,29,10,561.0,5610.0
2021092905004029,ULI,47,37,10,560.0,5600.0
2021092905003591,JBLB,17,42,10,3939.0,39390.0
2021092905003589,JBLB,17,39,10,3940.0,39400.0
2021092905003579,JBLB,6,40,10,3940.0,39400.0
2021092905003577,JBLB,6,42,10,3940.0,39400.0
2021092905003576,JBLB,20,42,20,3940.0,78800.0
2021092905003116,JBLB,47,45,10,3920.1,39201.0
2021092905003115,JBLB,21,33,10,3921.0,39210.0
2021092905003178,JBLB,44,58,10,3934.0,39340.0
2021092905003202,JBLB,58,18,10,3935.0,39350.0
2021092905003225,JBLB,59,58,10,3935.0,39350.0
2021092905003219,JBLB,59,51,10,3935.0,39350.0
2021092905003210,JBLB,59,22,10,3935.0,39350.0
2021092905003209,JBLB,59,52,10,3935.0,39350.0
2021092905003246,JBLB,28,32,10,3940.0,39400.0
2021092905003245,JBLB,28,21,10,3940.0,39400.0
2021092905003244,JBLB,28,58,40,3940.0,157600.0
2021092905003242,JBLB,47,8,10,3936.0,39360.0
2021092905003234,JBLB,47,25,10,3936.0,39360.0
2021092905003231,JBLB,59,44,10,3935.0,39350.0
2021092905003250,JBLB,28,34,10,3940.0,39400.0
2021092905003249,JBLB,28,38,10,3940.0,39400.0
2021092905003248,JBLB,28,32,10,3940.0,39400.0
2021092905003247,JBLB,28,16,10,3940.0,39400.0
2021092905003258,JBLB,54,21,10,3942.0,39420.0
2021092905003294,JBLB,56,38,10,3940.0,39400.0
2021092905003291,JBLB,58,49,10,3940.0,39400.0
2021092905003300,JBLB,56,56,10,3940.0,39400.0
2021092905003299,JBLB,56,38,10,3940.0,39400.0
2021092905003305,JBLB,32,38,10,3936.0,39360.0
2021092905003330,JBLB,38,49,10,3950.0,39500.0
2021092905003327,JBLB,52,21,10,3950.0,39500.0
2021092905003325,JBLB,34,3,10,3940.0,39400.0
2021092905003324,JBLB,34,49,10,3940.0,39400.0
2021092905003322,JBLB,41,17,10,3940.0,39400.0
2021092905003340,JBLB,55,21,10,3950.0,39500.0
2021092905003339,JBLB,55,48,10,3950.0,39500.0
2021092905003366,JBLB,35,42,10,3943.0,39430.0
2021092905003375,JBLB,56,58,10,3960.0,39600.0
2021092905003374,JBLB,56,1,20,3949.9,78998.0
2021092905003373,JBLB,56,42,10,3943.0,39430.0
2021092905003383,JBLB,11,42,10,3943.0,39430.0
2021092905003382,JBLB,37,54,10,3940.0,39400.0
2021092905003392,JBLB,39,42,10,3943.0,39430.0
2021092905003416,JBLB,46,57,10,3946.0,39460.0
2021092905003412,JBLB,54,45,10,3945.0,39450.0
2021092905003432,JBLB,20,45,10,3940.0,39400.0
2021092905003452,JBLB,13,33,10,3960.0,39600.0
2021092905003451,JBLB,20,6,10,3940.0,39400.0
2021092905003470,JBLB,57,59,10,3945.0,39450.0
2021092905003463,JBLB,1,49,10,3945.0,39450.0
2021092905003475,JBLB,57,58,10,3945.0,39450.0
2021092905003496,JBLB,39,1,10,3945.0,39450.0
2021092905003491,JBLB,1,38,10,3945.0,39450.0
2021092905003507,JBLB,28,50,10,3965.0,39650.0
2021092905003506,JBLB,28,1,10,3964.9,39649.0
2021092905003505,JBLB,28,56,10,3964.8,39648.0
2021092905003526,JBLB,48,40,10,3950.0,39500.0
2021092905003514,JBLB,39,35,10,3946.0,39460.0
2021092905003538,JBLB,48,18,10,3950.0,39500.0
2021092905003528,JBLB,36,52,10,3960.0,39600.0
2021092905003555,JBLB,46,10,10,3946.0,39460.0
2021092905003547,JBLB,46,56,10,3947.0,39470.0
2021092905003572,JBLB,20,49,10,3940.0,39400.0
2021092905003569,JBLB,48,10,20,3941.0,78820.0
2021092905003598,MKLB,4,38,10,1675.0,16750.0
2021092905003597,MKLB,59,6,19,1675.8,31840.2
2021092905003596,MKLB,5,6,10,1676.1,16761.0
2021092905003595,MKLB,40,6,50,1677.0,83850.0
2021092905003592,MKLB,47,58,10,1686.0,16860.0
2021092905003590,MKLB,35,19,10,1687.0,16870.0
2021092905003100,MKLB,32,56,10,1697.0,16970.0
2021092905003099,MKLB,32,11,10,1697.0,16970.0
2021092905003111,MKLB,4,58,10,1675.0,16750.0
2021092905003105,MKLB,32,49,10,1698.0,16980.0
2021092905003104,MKLB,32,21,10,1698.0,16980.0
2021092905003103,MKLB,32,58,10,1698.0,16980.0
2021092905003102,MKLB,32,43,10,1698.0,16980.0
2021092905003101,MKLB,32,43,10,1698.0,16980.0
2021092905003123,MKLB,32,7,10,1699.0,16990.0
2021092905003122,MKLB,32,45,10,1698.3,16983.0
2021092905003121,MKLB,32,58,10,1698.3,16983.0
2021092905003120,MKLB,32,38,10,1698.3,16983.0
2021092905003119,MKLB,32,34,10,1698.3,16983.0
2021092905003118,MKLB,32,17,10,1698.0,16980.0
2021092905003129,MKLB,32,42,10,1700.0,17000.0
2021092905003128,MKLB,32,8,10,1700.0,17000.0
2021092905003127,MKLB,32,45,70,1700.0,119000.0
2021092905003126,MKLB,32,14,10,1700.0,17000.0
2021092905003125,MKLB,32,38,10,1700.0,17000.0
2021092905003124,MKLB,32,58,10,1699.0,16990.0
2021092905003135,MKLB,32,7,10,1700.0,17000.0
2021092905003134,MKLB,32,45,10,1700.0,17000.0
2021092905003133,MKLB,32,54,10,1700.0,17000.0
2021092905003132,MKLB,32,45,10,1700.0,17000.0
2021092905003131,MKLB,32,52,10,1700.0,17000.0
2021092905003130,MKLB,32,45,10,1700.0,17000.0
2021092905003141,MKLB,32,58,10,1700.0,17000.0
2021092905003140,MKLB,32,58,10,1700.0,17000.0
2021092905003139,MKLB,32,21,10,1700.0,17000.0
2021092905003138,MKLB,32,57,10,1700.0,17000.0
2021092905003137,MKLB,32,51,10,1700.0,17000.0
2021092905003136,MKLB,32,28,10,1700.0,17000.0
2021092905003147,MKLB,32,21,10,1700.0,17000.0
2021092905003146,MKLB,32,58,10,1700.0,17000.0
2021092905003145,MKLB,32,55,10,1700.0,17000.0
2021092905003144,MKLB,32,35,10,1700.0,17000.0
2021092905003143,MKLB,32,33,10,1700.0,17000.0
2021092905003142,MKLB,32,42,10,1700.0,17000.0
2021092905003153,MKLB,32,44,10,1700.0,17000.0
2021092905003152,MKLB,32,34,10,1700.0,17000.0
2021092905003151,MKLB,32,52,10,1700.0,17000.0
2021092905003150,MKLB,32,53,10,1700.0,17000.0
2021092905003149,MKLB,32,57,10,1700.0,17000.0
2021092905003148,MKLB,32,38,10,1700.0,17000.0
2021092905003159,MKLB,32,6,10,1700.0,17000.0
2021092905003158,MKLB,32,53,10,1700.0,17000.0
2021092905003157,MKLB,32,45,10,1700.0,17000.0
2021092905003156,MKLB,32,7,10,1700.0,17000.0
2021092905003155,MKLB,32,14,10,1700.0,17000.0
2021092905003154,MKLB,32,35,10,1700.0,17000.0
2021092905003165,MKLB,32,58,10,1700.0,17000.0
2021092905003164,MKLB,32,22,10,1700.0,17000.0
2021092905003163,MKLB,32,39,10,1700.0,17000.0
2021092905003162,MKLB,32,52,10,1700.0,17000.0
2021092905003161,MKLB,32,21,10,1700.0,17000.0
2021092905003160,MKLB,32,51,10,1700.0,17000.0
2021092905003171,MKLB,32,41,10,1700.0,17000.0
2021092905003170,MKLB,32,34,10,1700.0,17000.0
2021092905003169,MKLB,32,49,10,1700.0,17000.0
2021092905003168,MKLB,32,57,10,1700.0,17000.0
2021092905003167,MKLB,32,58,10,1700.0,17000.0
2021092905003166,MKLB,32,6,10,1700.0,17000.0
2021092905003183,MKLB,4,17,10,1675.0,16750.0
2021092905003180,MKLB,39,4,10,1680.0,16800.0
2021092905003176,MKLB,51,38,10,1698.0,16980.0
2021092905003175,MKLB,4,10,10,1675.0,16750.0
2021092905003173,MKLB,4,19,10,1675.0,16750.0
2021092905003172,MKLB,32,49,10,1700.0,17000.0
2021092905003199,MKLB,57,58,10,1700.0,17000.0
2021092905003198,MKLB,57,21,10,1700.0,17000.0
2021092905003197,MKLB,57,58,10,1699.9,16999.0
2021092905003190,MKLB,17,58,10,1700.0,17000.0
2021092905003189,MKLB,17,58,10,1698.0,16980.0
2021092905003188,MKLB,17,25,10,1690.0,16900.0
2021092905003207,MKLB,8,52,10,1700.0,17000.0
2021092905003206,MKLB,8,39,10,1700.0,17000.0
2021092905003205,MKLB,8,13,10,1700.0,17000.0
2021092905003204,MKLB,8,8,10,1700.0,17000.0
2021092905003201,MKLB,57,56,10,1700.0,17000.0
2021092905003200,MKLB,57,41,10,1700.0,17000.0
2021092905003217,MKLB,57,6,10,1703.0,17030.0
2021092905003216,MKLB,57,13,10,1702.0,17020.0
2021092905003215,MKLB,57,58,10,1702.0,17020.0
2021092905003214,MKLB,57,36,10,1701.9,17019.0
2021092905003212,MKLB,17,58,10,1700.0,17000.0
2021092905003211,MKLB,17,42,10,1700.0,17000.0
2021092905003227,MKLB,52,49,10,1704.0,17040.0
2021092905003226,MKLB,52,17,10,1704.0,17040.0
2021092905003224,MKLB,17,49,10,1703.0,17030.0
2021092905003223,MKLB,17,42,10,1703.0,17030.0
2021092905003220,MKLB,17,59,10,1703.0,17030.0
2021092905003218,MKLB,57,51,10,1703.0,17030.0
2021092905003238,MKLB,17,6,50,1703.0,85150.0
2021092905003237,MKLB,25,6,50,1704.0,85200.0
2021092905003233,MKLB,47,42,10,1704.0,17040.0
2021092905003232,MKLB,52,45,10,1704.0,17040.0
2021092905003229,MKLB,52,58,10,1704.0,17040.0
2021092905003228,MKLB,52,58,10,1704.0,17040.0
2021092905003254,MKLB,56,49,10,1701.0,17010.0
2021092905003253,MKLB,56,17,10,1701.0,17010.0
2021092905003252,MKLB,57,58,10,1703.0,17030.0
2021092905003251,MKLB,57,34,10,1700.0,17000.0
2021092905003240,MKLB,54,6,10,1700.0,17000.0
2021092905003239,MKLB,38,6,20,1701.0,34020.0
2021092905003264,MKLB,11,55,10,1705.0,17050.0
2021092905003263,MKLB,11,38,10,1705.0,17050.0
2021092905003262,MKLB,11,4,10,1705.0,17050.0
2021092905003261,MKLB,11,50,10,1705.0,17050.0
2021092905003260,MKLB,11,55,10,1704.9,17049.0
2021092905003259,MKLB,11,36,10,1704.0,17040.0
2021092905003273,MKLB,34,58,10,1704.0,17040.0
2021092905003272,MKLB,34,42,10,1704.0,17040.0
2021092905003268,MKLB,11,38,10,1705.0,17050.0
2021092905003267,MKLB,11,46,10,1705.0,17050.0
2021092905003266,MKLB,11,51,10,1705.0,17050.0
2021092905003265,MKLB,11,38,10,1705.0,17050.0
2021092905003289,MKLB,8,48,10,1700.0,17000.0
2021092905003284,MKLB,25,58,10,1686.0,16860.0
2021092905003282,MKLB,5,14,10,1685.0,16850.0
2021092905003280,MKLB,34,6,10,1704.0,17040.0
2021092905003279,MKLB,5,33,10,1685.0,16850.0
2021092905003276,MKLB,34,14,10,1704.0,17040.0
2021092905003298,MKLB,17,55,10,1699.0,16990.0
2021092905003296,MKLB,25,38,10,1686.0,16860.0
2021092905003295,MKLB,8,58,10,1700.0,17000.0
2021092905003293,MKLB,8,57,10,1700.0,17000.0
2021092905003292,MKLB,8,58,10,1700.0,17000.0
2021092905003290,MKLB,8,32,10,1700.0,17000.0
2021092905003328,MKLB,25,44,10,1686.0,16860.0
2021092905003323,MKLB,35,54,10,1687.0,16870.0
2021092905003312,MKLB,35,45,10,1687.0,16870.0
2021092905003311,MKLB,35,49,10,1687.0,16870.0
2021092905003310,MKLB,35,55,10,1687.0,16870.0
2021092905003306,MKLB,35,49,10,1687.0,16870.0
2021092905003353,MKLB,25,38,10,1686.0,16860.0
2021092905003352,MKLB,51,14,10,1687.0,16870.0
2021092905003347,MKLB,51,58,10,1687.0,16870.0
2021092905003345,MKLB,51,49,10,1687.0,16870.0
2021092905003343,MKLB,14,52,10,1690.0,16900.0
2021092905003329,MKLB,25,38,10,1686.0,16860.0
2021092905003371,MKLB,38,38,10,1687.0,16870.0
2021092905003368,MKLB,16,22,10,1688.0,16880.0
2021092905003365,MKLB,38,14,10,1687.0,16870.0
2021092905003363,MKLB,38,8,10,1687.0,16870.0
2021092905003361,MKLB,21,16,10,1698.0,16980.0
2021092905003360,MKLB,38,49,10,1687.0,16870.0
2021092905003405,MKLB,4,51,10,1690.0,16900.0
2021092905003399,MKLB,45,14,10,1688.0,16880.0
2021092905003396,MKLB,42,45,10,1690.0,16900.0
2021092905003381,MKLB,52,43,10,1699.0,16990.0
2021092905003380,MKLB,52,38,10,1698.0,16980.0
2021092905003378,MKLB,38,10,10,1687.0,16870.0
2021092905003411,MKLB,29,55,10,1691.0,16910.0
2021092905003410,MKLB,29,58,10,1690.0,16900.0
2021092905003409,MKLB,45,13,10,1688.0,16880.0
2021092905003408,MKLB,45,17,10,1688.0,16880.0
2021092905003407,MKLB,52,21,10,1690.0,16900.0
2021092905003406,MKLB,45,56,10,1690.0,16900.0
2021092905003424,MKLB,45,58,10,1688.0,16880.0
2021092905003421,MKLB,45,32,10,1688.0,16880.0
2021092905003418,MKLB,45,57,10,1688.0,16880.0
2021092905003417,MKLB,25,21,10,1690.0,16900.0
2021092905003414,MKLB,45,1,10,1688.0,16880.0
