Transact. No.,Symbol,Buyer,Seller,Quantity,Rate,Amount
2021092205003541,JBLB,58,45,10,4398.0,43980.0
2021092205003048,JBLB,38,43,10,4399.0,43990.0
2021092205003050,JBLB,49,45,10,4399.0,43990.0
2021092205003066,JBLB,49,43,15,4399.0,65985.0
2021092205003079,JBLB,7,44,10,4400.0,44000.0
2021092205003090,JBLB,21,17,10,4398.0,43980.0
2021092205003088,JBLB,38,48,10,4399.0,43990.0
2021092205003106,JBLB,58,57,10,4400.0,44000.0
2021092205003105,JBLB,58,21,10,4400.0,44000.0
2021092205003104,JBLB,58,4,10,4400.0,44000.0
2021092205003103,JBLB,58,38,10,4400.0,44000.0
2021092205003102,JBLB,58,16,50,4399.0,219950.0
2021092205003101,JBLB,56,35,10,4396.0,43960.0
2021092205003112,JBLB,58,22,10,4400.0,44000.0
2021092205003111,JBLB,58,35,10,4400.0,44000.0
2021092205003110,JBLB,58,41,10,4400.0,44000.0
2021092205003109,JBLB,58,51,10,4400.0,44000.0
2021092205003108,JBLB,58,45,10,4400.0,44000.0
2021092205003107,JBLB,58,36,10,4400.0,44000.0
2021092205003118,JBLB,58,13,10,4400.0,44000.0
2021092205003117,JBLB,58,6,20,4400.0,88000.0
2021092205003116,JBLB,58,13,10,4400.0,44000.0
2021092205003115,JBLB,58,42,20,4400.0,88000.0
2021092205003114,JBLB,58,36,20,4400.0,88000.0
2021092205003113,JBLB,58,57,10,4400.0,44000.0
2021092205003122,JBLB,58,59,10,4401.0,44010.0
2021092205003120,JBLB,58,16,10,4400.0,44000.0
2021092205003119,JBLB,58,42,10,4400.0,44000.0
2021092205003129,JBLB,48,58,10,4404.5,44045.0
2021092205003127,JBLB,6,42,10,4404.5,44045.0
2021092205003142,JBLB,22,4,25,4407.5,110187.5
2021092205003141,JBLB,22,56,10,4405.0,44050.0
2021092205003140,JBLB,58,49,10,4402.0,44020.0
2021092205003147,JBLB,54,54,10,4405.0,44050.0
2021092205003155,JBLB,21,34,10,4385.0,43850.0
2021092205003159,JBLB,58,21,10,4381.0,43810.0
2021092205003178,JBLB,50,51,10,4375.0,43750.0
2021092205003195,JBLB,50,44,10,4375.0,43750.0
2021092205003202,JBLB,42,48,10,4375.0,43750.0
2021092205003228,JBLB,51,28,10,4375.0,43750.0
2021092205003221,JBLB,52,36,10,4350.0,43500.0
2021092205003248,JBLB,52,38,10,4350.0,43500.0
2021092205003261,JBLB,52,5,10,4350.0,43500.0
2021092205003254,JBLB,52,38,10,4350.0,43500.0
2021092205003263,JBLB,52,5,10,4350.0,43500.0
2021092205003307,JBLB,51,38,10,4350.0,43500.0
2021092205003306,JBLB,32,38,10,4350.0,43500.0
2021092205003305,JBLB,6,38,10,4355.0,43550.0
2021092205003304,JBLB,43,38,20,4360.0,87200.0
2021092205003309,JBLB,25,38,10,4350.0,43500.0
2021092205003308,JBLB,33,38,50,4350.0,217500.0
2021092205003330,JBLB,33,58,10,4370.0,43700.0
2021092205003350,JBLB,36,25,10,4360.0,43600.0
2021092205003349,JBLB,40,21,10,4350.0,43500.0
2021092205003365,JBLB,28,58,10,4368.0,43680.0
2021092205003363,JBLB,57,21,10,4360.0,43600.0
2021092205003357,JBLB,33,38,100,4350.0,435000.0
2021092205003369,JBLB,3,56,10,4328.0,43280.0
2021092205003367,JBLB,58,21,10,4327.0,43270.0
2021092205003383,JBLB,45,21,10,4345.0,43450.0
2021092205003375,JBLB,49,21,10,4327.0,43270.0
2021092205003428,JBLB,6,29,10,4350.0,43500.0
2021092205003427,JBLB,28,46,10,4350.0,43500.0
2021092205003424,JBLB,45,58,10,4350.0,43500.0
2021092205003431,JBLB,21,21,10,4346.0,43460.0
2021092205003430,JBLB,6,4,10,4350.0,43500.0
2021092205003429,JBLB,6,58,10,4350.0,43500.0
2021092205003447,JBLB,50,29,10,4360.0,43600.0
2021092205003446,JBLB,50,33,10,4350.0,43500.0
2021092205003481,JBLB,33,52,50,4360.0,218000.0
2021092205003492,JBLB,16,40,100,4367.0,436700.0
2021092205003503,JBLB,58,32,80,4380.0,350400.0
2021092205003502,JBLB,58,58,10,4370.0,43700.0
2021092205003514,JBLB,58,21,10,4380.0,43800.0
2021092205003508,JBLB,58,49,10,4399.0,43990.0
2021092205003507,JBLB,58,43,20,4399.0,87980.0
2021092205003506,JBLB,58,16,10,4381.0,43810.0
2021092205003505,JBLB,58,21,10,4381.0,43810.0
2021092205003504,JBLB,58,21,10,4381.0,43810.0
2021092205003520,JBLB,58,49,10,4400.0,44000.0
2021092205003519,JBLB,58,56,10,4400.0,44000.0
2021092205003518,JBLB,58,40,20,4400.0,88000.0
2021092205003517,JBLB,58,14,10,4400.0,44000.0
2021092205003516,JBLB,58,57,10,4400.0,44000.0
2021092205003515,JBLB,58,49,190,4399.0,835810.0
2021092205003529,JBLB,34,25,10,4370.0,43700.0
2021092205003524,JBLB,58,56,60,4400.0,264000.0
2021092205003523,JBLB,58,25,10,4400.0,44000.0
2021092205003522,JBLB,58,33,10,4400.0,44000.0
2021092205003521,JBLB,58,49,10,4400.0,44000.0
2021092205003402,MKLB,45,6,10,1197.5,11975.0
2021092205003045,MKLB,45,29,10,1197.5,11975.0
2021092205003540,SLI,32,4,10,630.0,6300.0
2021092205003539,SLI,32,48,10,631.0,6310.0
2021092205003538,SLI,32,58,10,631.0,6310.0
2021092205003537,SLI,32,49,10,631.0,6310.0
2021092205003536,SLI,32,25,10,631.0,6310.0
2021092205003047,SLI,58,29,10,620.5,6205.0
2021092205003046,SLI,58,45,10,620.5,6205.0
2021092205003044,SLI,59,4,47,620.0,29140.0
2021092205003043,SLI,36,4,12,620.0,7440.0
2021092205003042,SLI,36,45,10,620.0,6200.0
2021092205003054,SLI,22,4,40,620.0,24800.0
2021092205003053,SLI,59,4,153,620.0,94860.0
2021092205003052,SLI,58,4,10,620.5,6205.0
2021092205003051,SLI,58,42,10,620.5,6205.0
2021092205003049,SLI,58,38,10,620.5,6205.0
2021092205003060,SLI,45,4,50,620.0,31000.0
2021092205003059,SLI,17,4,10,620.0,6200.0
2021092205003058,SLI,42,4,30,620.0,18600.0
2021092205003057,SLI,45,4,20,620.0,12400.0
2021092205003056,SLI,43,4,50,620.0,31000.0
2021092205003055,SLI,57,4,20,620.0,12400.0
2021092205003068,SLI,17,43,20,620.0,12400.0
2021092205003067,SLI,25,43,23,620.0,14260.0
2021092205003063,SLI,25,42,10,620.0,6200.0
2021092205003062,SLI,25,4,17,620.0,10540.0
2021092205003061,SLI,44,4,100,620.0,62000.0
2021092205003074,SLI,19,43,10,620.0,6200.0
2021092205003073,SLI,58,43,12,620.0,7440.0
2021092205003072,SLI,41,43,20,620.0,12400.0
2021092205003071,SLI,37,43,10,620.0,6200.0
2021092205003070,SLI,19,43,200,620.0,124000.0
2021092205003069,SLI,54,43,10,620.0,6200.0
2021092205003080,SLI,8,35,10,620.0,6200.0
2021092205003078,SLI,25,58,10,621.0,6210.0
2021092205003077,SLI,25,57,10,620.5,6205.0
2021092205003076,SLI,8,43,75,620.0,46500.0
2021092205003075,SLI,45,43,20,620.0,12400.0
2021092205003086,SLI,8,38,10,620.0,6200.0
2021092205003085,SLI,16,14,10,622.0,6220.0
2021092205003084,SLI,16,57,10,622.0,6220.0
2021092205003083,SLI,16,22,10,622.0,6220.0
2021092205003082,SLI,8,45,10,620.0,6200.0
2021092205003081,SLI,45,57,10,621.0,6210.0
2021092205003093,SLI,5,45,10,623.0,6230.0
2021092205003092,SLI,28,42,10,621.0,6210.0
2021092205003091,SLI,40,19,10,623.0,6230.0
2021092205003089,SLI,8,43,202,620.0,125240.0
2021092205003100,SLI,5,32,10,623.0,6230.0
2021092205003098,SLI,5,14,10,623.0,6230.0
2021092205003097,SLI,5,57,10,623.0,6230.0
2021092205003096,SLI,5,11,10,623.0,6230.0
2021092205003095,SLI,5,21,10,623.0,6230.0
2021092205003094,SLI,5,38,10,623.0,6230.0
2021092205003124,SLI,5,44,10,623.0,6230.0
2021092205003123,SLI,5,57,10,623.0,6230.0
2021092205003121,SLI,5,36,10,623.0,6230.0
2021092205003131,SLI,22,45,10,625.0,6250.0
2021092205003130,SLI,22,39,10,625.0,6250.0
2021092205003128,SLI,17,44,10,622.0,6220.0
2021092205003125,SLI,5,43,10,623.0,6230.0
2021092205003137,SLI,43,32,10,623.0,6230.0
2021092205003136,SLI,43,44,10,623.0,6230.0
2021092205003135,SLI,43,43,10,623.0,6230.0
2021092205003134,SLI,22,54,10,625.0,6250.0
2021092205003133,SLI,22,21,10,625.0,6250.0
2021092205003132,SLI,22,40,10,625.0,6250.0
2021092205003144,SLI,54,44,10,622.1,6221.0
2021092205003143,SLI,54,44,10,622.1,6221.0
2021092205003139,SLI,7,44,10,623.0,6230.0
2021092205003150,SLI,17,44,10,623.0,6230.0
2021092205003149,SLI,17,8,10,623.0,6230.0
2021092205003148,SLI,17,44,10,623.0,6230.0
2021092205003146,SLI,17,42,10,623.0,6230.0
2021092205003145,SLI,54,44,10,622.1,6221.0
2021092205003158,SLI,17,44,10,623.0,6230.0
2021092205003157,SLI,17,19,10,623.0,6230.0
2021092205003156,SLI,17,44,10,623.0,6230.0
2021092205003153,SLI,17,44,10,623.0,6230.0
2021092205003151,SLI,17,34,10,623.0,6230.0
2021092205003164,SLI,50,44,10,622.0,6220.0
2021092205003163,SLI,21,43,50,623.0,31150.0
2021092205003162,SLI,17,43,80,623.0,49840.0
2021092205003161,SLI,17,33,10,623.0,6230.0
2021092205003160,SLI,17,44,10,623.0,6230.0
2021092205003170,SLI,34,49,10,624.0,6240.0
2021092205003169,SLI,34,33,10,624.0,6240.0
2021092205003168,SLI,34,1,10,624.0,6240.0
2021092205003167,SLI,34,45,10,623.0,6230.0
2021092205003166,SLI,34,39,10,623.0,6230.0
2021092205003165,SLI,34,43,20,623.0,12460.0
2021092205003176,SLI,34,21,10,625.0,6250.0
2021092205003175,SLI,34,55,10,625.0,6250.0
2021092205003174,SLI,34,35,10,625.0,6250.0
2021092205003173,SLI,34,42,30,625.0,18750.0
2021092205003172,SLI,34,32,10,625.0,6250.0
2021092205003171,SLI,34,58,10,625.0,6250.0
2021092205003182,SLI,7,42,10,624.0,6240.0
2021092205003181,SLI,34,44,10,625.0,6250.0
2021092205003180,SLI,34,33,10,625.0,6250.0
2021092205003179,SLI,34,52,10,625.0,6250.0
2021092205003177,SLI,34,44,10,625.0,6250.0
2021092205003189,SLI,7,38,10,624.0,6240.0
2021092205003187,SLI,7,44,10,624.0,6240.0
2021092205003186,SLI,29,53,10,625.0,6250.0
2021092205003185,SLI,7,44,10,624.0,6240.0
2021092205003184,SLI,7,33,10,624.0,6240.0
2021092205003183,SLI,7,44,10,624.0,6240.0
2021092205003196,SLI,51,44,10,621.0,6210.0
2021092205003193,SLI,7,44,10,624.0,6240.0
2021092205003192,SLI,7,44,10,624.0,6240.0
2021092205003191,SLI,7,44,10,624.0,6240.0
2021092205003190,SLI,7,44,10,624.0,6240.0
2021092205003206,SLI,57,44,10,620.1,6201.0
2021092205003205,SLI,53,44,10,620.2,6202.0
2021092205003204,SLI,53,38,10,620.2,6202.0
2021092205003199,SLI,51,44,10,621.0,6210.0
2021092205003198,SLI,29,38,10,625.0,6250.0
2021092205003214,SLI,6,49,10,625.0,6250.0
2021092205003213,SLI,57,44,10,620.1,6201.0
2021092205003211,SLI,29,33,10,624.0,6240.0
2021092205003210,SLI,29,49,10,624.0,6240.0
2021092205003209,SLI,57,44,10,620.1,6201.0
2021092205003207,SLI,57,21,10,620.1,6201.0
2021092205003220,SLI,57,45,10,620.1,6201.0
2021092205003219,SLI,57,37,10,620.1,6201.0
2021092205003218,SLI,50,43,80,625.0,50000.0
2021092205003217,SLI,50,42,10,625.0,6250.0
2021092205003216,SLI,50,14,10,625.0,6250.0
2021092205003215,SLI,57,36,10,620.1,6201.0
2021092205003229,SLI,26,44,10,621.0,6210.0
2021092205003227,SLI,26,44,10,621.0,6210.0
2021092205003224,SLI,26,26,10,621.0,6210.0
2021092205003222,SLI,6,43,10,625.0,6250.0
2021092205003240,SLI,21,35,10,626.0,6260.0
2021092205003239,SLI,21,7,10,626.0,6260.0
2021092205003236,SLI,26,28,10,621.0,6210.0
2021092205003235,SLI,29,26,10,625.0,6250.0
2021092205003233,SLI,26,34,10,621.0,6210.0
2021092205003230,SLI,21,48,10,625.0,6250.0
2021092205003249,SLI,42,1,30,625.0,18750.0
2021092205003247,SLI,49,45,10,624.0,6240.0
2021092205003245,SLI,26,40,10,621.1,6211.0
2021092205003242,SLI,21,45,10,626.0,6260.0
2021092205003241,SLI,21,38,10,626.0,6260.0
2021092205003257,SLI,26,55,10,621.1,6211.0
2021092205003255,SLI,16,29,10,622.0,6220.0
2021092205003253,SLI,16,26,10,622.0,6220.0
2021092205003251,SLI,16,40,10,622.0,6220.0
2021092205003267,SLI,26,54,10,621.0,6210.0
2021092205003266,SLI,26,57,10,621.0,6210.0
2021092205003265,SLI,26,21,10,621.0,6210.0
2021092205003264,SLI,26,49,10,621.0,6210.0
2021092205003262,SLI,26,29,10,621.1,6211.0
2021092205003286,SLI,21,29,10,622.0,6220.0
2021092205003281,SLI,42,49,10,622.0,6220.0
2021092205003279,SLI,42,49,10,622.0,6220.0
2021092205003278,SLI,42,58,10,622.0,6220.0
2021092205003277,SLI,42,17,10,622.0,6220.0
2021092205003276,SLI,42,58,10,622.0,6220.0
2021092205003298,SLI,20,49,10,623.0,6230.0
2021092205003297,SLI,20,51,10,622.9,6229.0
2021092205003296,SLI,48,50,40,623.0,24920.0
2021092205003295,SLI,20,58,10,622.0,6220.0
2021092205003294,SLI,20,29,10,622.0,6220.0
2021092205003287,SLI,21,29,10,622.0,6220.0
2021092205003302,SLI,48,1,10,625.0,6250.0
2021092205003300,SLI,20,19,10,623.0,6230.0
2021092205003319,SLI,45,50,10,624.0,6240.0
2021092205003318,SLI,21,32,10,622.0,6220.0
2021092205003315,SLI,21,58,10,622.0,6220.0
2021092205003310,SLI,17,55,10,621.2,6212.0
2021092205003331,SLI,34,32,10,623.0,6230.0
2021092205003328,SLI,45,42,10,624.0,6240.0
2021092205003323,SLI,45,32,10,624.0,6240.0
2021092205003322,SLI,51,1,10,625.0,6250.0
2021092205003320,SLI,45,17,10,624.0,6240.0
2021092205003338,SLI,22,32,10,625.0,6250.0
2021092205003337,SLI,22,49,10,625.0,6250.0
2021092205003335,SLI,1,26,10,625.0,6250.0
2021092205003334,SLI,1,42,10,625.0,6250.0
2021092205003333,SLI,1,1,70,625.0,43750.0
2021092205003332,SLI,1,29,10,624.0,6240.0
2021092205003344,SLI,34,14,10,625.0,6250.0
2021092205003343,SLI,34,35,10,625.0,6250.0
2021092205003342,SLI,45,32,10,624.0,6240.0
2021092205003341,SLI,45,29,10,624.0,6240.0
2021092205003340,SLI,45,38,5,625.0,3125.0
2021092205003339,SLI,22,38,25,625.0,15625.0
2021092205003351,SLI,34,52,10,625.0,6250.0
2021092205003347,SLI,34,22,10,625.0,6250.0
2021092205003346,SLI,34,52,10,625.0,6250.0
2021092205003345,SLI,34,58,10,625.0,6250.0
2021092205003366,SLI,8,38,10,625.1,6251.0
2021092205003362,SLI,34,19,10,625.0,6250.0
2021092205003352,SLI,34,21,10,625.0,6250.0
2021092205003373,SLI,8,21,10,625.1,6251.0
2021092205003371,SLI,8,47,10,625.1,6251.0
2021092205003370,SLI,8,58,10,625.1,6251.0
2021092205003368,SLI,8,16,10,625.1,6251.0
2021092205003381,SLI,8,16,10,625.1,6251.0
2021092205003380,SLI,8,45,10,625.1,6251.0
2021092205003378,SLI,8,25,10,625.1,6251.0
2021092205003377,SLI,8,52,10,625.1,6251.0
2021092205003391,SLI,47,1,10,626.0,6260.0
2021092205003390,SLI,47,54,10,626.0,6260.0
2021092205003389,SLI,47,49,10,626.0,6260.0
2021092205003387,SLI,8,45,10,625.1,6251.0
2021092205003386,SLI,45,16,10,625.2,6252.0
2021092205003385,SLI,8,56,10,625.1,6251.0
2021092205003397,SLI,47,42,10,626.0,6260.0
2021092205003396,SLI,47,56,10,626.0,6260.0
2021092205003395,SLI,47,41,10,626.0,6260.0
2021092205003394,SLI,47,45,10,626.0,6260.0
2021092205003393,SLI,47,49,10,626.0,6260.0
2021092205003392,SLI,47,26,10,626.0,6260.0
2021092205003407,SLI,47,21,10,626.0,6260.0
2021092205003405,SLI,47,6,10,626.0,6260.0
2021092205003404,SLI,47,21,10,626.0,6260.0
2021092205003400,SLI,47,58,10,626.0,6260.0
2021092205003399,SLI,47,13,10,626.0,6260.0
2021092205003398,SLI,47,16,10,626.0,6260.0
2021092205003414,SLI,19,50,10,628.0,6280.0
2021092205003413,SLI,19,44,10,628.0,6280.0
2021092205003412,SLI,19,25,10,628.0,6280.0
2021092205003411,SLI,19,21,10,627.0,6270.0
2021092205003410,SLI,19,49,10,627.0,6270.0
2021092205003409,SLI,19,58,10,626.5,6265.0
2021092205003422,SLI,19,33,10,629.0,6290.0
2021092205003419,SLI,19,21,10,629.0,6290.0
2021092205003418,SLI,19,49,10,629.0,6290.0
2021092205003417,SLI,19,34,10,629.0,6290.0
2021092205003416,SLI,19,40,10,629.0,6290.0
2021092205003415,SLI,19,38,10,629.0,6290.0
2021092205003426,SLI,19,21,10,629.0,6290.0
2021092205003425,SLI,19,21,10,629.0,6290.0
2021092205003423,SLI,19,56,10,629.0,6290.0
2021092205003434,SLI,19,34,10,629.0,6290.0
2021092205003433,SLI,19,59,10,629.0,6290.0
2021092205003432,SLI,19,22,10,629.0,6290.0
2021092205003442,SLI,47,57,10,630.0,6300.0
2021092205003441,SLI,47,53,10,630.0,6300.0
2021092205003440,SLI,47,45,10,630.0,6300.0
2021092205003439,SLI,47,57,10,630.0,6300.0
2021092205003437,SLI,19,21,10,629.0,6290.0
2021092205003435,SLI,19,38,10,629.0,6290.0
2021092205003448,SLI,19,44,10,629.0,6290.0
2021092205003445,SLI,49,35,10,630.0,6300.0
2021092205003444,SLI,19,21,10,629.0,6290.0
2021092205003443,SLI,47,49,10,630.0,6300.0
2021092205003458,SLI,54,4,10,630.0,6300.0
2021092205003457,SLI,4,21,10,627.0,6270.0
2021092205003455,SLI,6,4,10,629.0,6290.0
2021092205003454,SLI,17,4,10,629.0,6290.0
2021092205003453,SLI,19,21,10,629.0,6290.0
2021092205003452,SLI,19,35,10,629.0,6290.0
2021092205003464,SLI,57,47,10,629.0,6290.0
2021092205003463,SLI,54,49,10,630.0,6300.0
2021092205003462,SLI,54,38,10,630.0,6300.0
2021092205003461,SLI,54,17,10,630.0,6300.0
2021092205003460,SLI,54,34,10,630.0,6300.0
2021092205003459,SLI,54,44,10,630.0,6300.0
2021092205003470,SLI,57,58,10,630.0,6300.0
2021092205003469,SLI,57,47,10,630.0,6300.0
2021092205003468,SLI,57,36,10,630.0,6300.0
2021092205003467,SLI,57,25,10,630.0,6300.0
2021092205003466,SLI,57,38,10,630.0,6300.0
2021092205003465,SLI,57,36,10,630.0,6300.0
2021092205003476,SLI,57,33,10,630.0,6300.0
2021092205003475,SLI,57,50,10,630.0,6300.0
2021092205003474,SLI,57,42,10,630.0,6300.0
2021092205003473,SLI,57,58,10,630.0,6300.0
2021092205003472,SLI,57,29,10,630.0,6300.0
2021092205003471,SLI,57,16,10,630.0,6300.0
2021092205003485,SLI,57,21,10,630.0,6300.0
2021092205003483,SLI,57,21,10,630.0,6300.0
2021092205003480,SLI,57,21,10,630.0,6300.0
2021092205003479,SLI,57,4,10,630.0,6300.0
2021092205003477,SLI,57,7,10,630.0,6300.0
2021092205003494,SLI,41,49,10,630.0,6300.0
2021092205003493,SLI,41,45,10,628.0,6280.0
2021092205003491,SLI,4,4,10,627.0,6270.0
2021092205003488,SLI,57,52,10,630.0,6300.0
2021092205003486,SLI,57,59,10,630.0,6300.0
2021092205003501,SLI,32,29,10,630.0,6300.0
2021092205003500,SLI,32,13,10,630.0,6300.0
2021092205003496,SLI,4,21,10,627.0,6270.0
2021092205003495,SLI,41,48,10,630.0,6300.0
2021092205003528,SLI,32,50,10,630.0,6300.0
2021092205003535,SLI,32,40,10,631.0,6310.0
2021092205003534,SLI,32,58,10,631.0,6310.0
2021092205003533,SLI,32,29,10,631.0,6310.0
2021092205003532,SLI,32,38,10,631.0,6310.0
2021092205003531,SLI,32,56,10,631.0,6310.0
2021092205003530,SLI,32,52,10,631.0,6310.0
2021092205003527,ULI,44,10,10,640.0,6400.0
2021092205003526,ULI,44,57,10,640.0,6400.0
2021092205003525,ULI,44,39,10,640.0,6400.0
2021092205003513,ULI,46,58,10,640.0,6400.0
2021092205003512,ULI,46,22,10,640.0,6400.0
2021092205003511,ULI,46,45,10,640.0,6400.0
2021092205003138,ULI,47,14,10,632.1,6321.0
2021092205003126,ULI,47,45,10,632.1,6321.0
2021092205003099,ULI,47,32,10,632.1,6321.0
2021092205003087,ULI,47,45,10,632.1,6321.0
2021092205003065,ULI,47,50,10,632.1,6321.0
2021092205003064,ULI,51,41,10,633.0,6330.0
2021092205003200,ULI,47,47,10,632.6,6326.0
2021092205003197,ULI,47,13,10,632.6,6326.0
2021092205003194,ULI,36,58,10,632.5,6325.0
2021092205003188,ULI,47,51,10,632.1,6321.0
2021092205003154,ULI,47,21,10,632.1,6321.0
2021092205003152,ULI,47,29,10,632.1,6321.0
2021092205003225,ULI,47,34,10,632.6,6326.0
2021092205003223,ULI,47,56,10,632.6,6326.0
2021092205003212,ULI,47,26,10,632.6,6326.0
2021092205003208,ULI,47,26,10,632.6,6326.0
2021092205003203,ULI,47,26,10,632.6,6326.0
2021092205003201,ULI,47,18,10,632.6,6326.0
2021092205003238,ULI,47,40,10,632.6,6326.0
2021092205003237,ULI,43,14,10,633.0,6330.0
2021092205003234,ULI,36,40,10,632.5,6325.0
2021092205003232,ULI,36,40,10,632.5,6325.0
2021092205003231,ULI,47,48,10,632.6,6326.0
2021092205003226,ULI,47,26,10,632.6,6326.0
2021092205003256,ULI,47,1,10,632.6,6326.0
2021092205003252,ULI,47,38,10,632.6,6326.0
2021092205003250,ULI,47,38,10,632.6,6326.0
2021092205003246,ULI,47,17,10,632.6,6326.0
2021092205003244,ULI,36,16,60,634.0,38040.0
2021092205003243,ULI,36,44,10,633.0,6330.0
2021092205003270,ULI,47,34,10,634.0,6340.0
2021092205003269,ULI,47,58,10,634.0,6340.0
2021092205003268,ULI,47,16,20,634.0,12680.0
2021092205003260,ULI,51,41,10,633.0,6330.0
2021092205003259,ULI,51,58,10,633.0,6330.0
2021092205003258,ULI,51,4,10,633.0,6330.0
2021092205003280,ULI,47,33,10,634.0,6340.0
2021092205003275,ULI,47,58,10,634.0,6340.0
2021092205003274,ULI,47,49,10,634.0,6340.0
2021092205003273,ULI,47,45,10,634.0,6340.0
2021092205003272,ULI,47,34,10,634.0,6340.0
2021092205003271,ULI,47,34,10,634.0,6340.0
2021092205003289,ULI,17,42,20,635.0,12700.0
2021092205003288,ULI,47,56,10,634.1,6341.0
2021092205003285,ULI,50,38,10,635.0,6350.0
2021092205003284,ULI,50,58,10,635.0,6350.0
2021092205003283,ULI,17,38,10,634.0,6340.0
2021092205003282,ULI,47,52,10,633.1,6331.0
2021092205003301,ULI,48,47,10,635.0,6350.0
2021092205003299,ULI,17,49,10,635.0,6350.0
2021092205003293,ULI,17,51,30,635.0,19050.0
2021092205003292,ULI,17,45,10,635.0,6350.0
2021092205003291,ULI,17,28,10,635.0,6350.0
2021092205003290,ULI,17,22,10,635.0,6350.0
2021092205003316,ULI,20,55,10,636.0,6360.0
2021092205003314,ULI,38,47,10,635.1,6351.0
2021092205003313,ULI,48,39,10,636.0,6360.0
2021092205003312,ULI,48,35,10,635.0,6350.0
2021092205003311,ULI,48,47,10,635.0,6350.0
2021092205003303,ULI,48,29,10,635.0,6350.0
2021092205003327,ULI,50,3,10,638.0,6380.0
2021092205003326,ULI,50,43,50,638.0,31900.0
2021092205003325,ULI,50,36,30,638.0,19140.0
2021092205003324,ULI,50,42,10,637.0,6370.0
2021092205003321,ULI,20,32,10,636.0,6360.0
2021092205003317,ULI,20,13,10,636.0,6360.0
2021092205003355,ULI,46,21,10,636.2,6362.0
2021092205003354,ULI,46,49,10,636.2,6362.0
2021092205003353,ULI,46,21,10,636.2,6362.0
2021092205003348,ULI,47,7,40,638.0,25520.0
2021092205003336,ULI,47,41,10,638.0,6380.0
2021092205003329,ULI,38,34,10,636.1,6361.0
2021092205003364,ULI,57,29,10,636.5,6365.0
2021092205003361,ULI,46,21,10,636.2,6362.0
2021092205003360,ULI,45,17,10,638.0,6380.0
2021092205003359,ULI,45,16,20,638.0,12760.0
2021092205003358,ULI,45,7,170,638.0,108460.0
2021092205003356,ULI,46,36,10,636.2,6362.0
2021092205003384,ULI,6,34,10,637.0,6370.0
2021092205003382,ULI,57,25,10,636.5,6365.0
2021092205003379,ULI,57,21,10,636.5,6365.0
2021092205003376,ULI,57,8,10,636.5,6365.0
2021092205003374,ULI,57,41,30,636.5,19095.0
2021092205003372,ULI,57,1,10,636.5,6365.0
2021092205003420,ULI,45,41,10,638.0,6380.0
2021092205003408,ULI,58,36,10,637.0,6370.0
2021092205003406,ULI,58,49,10,637.0,6370.0
2021092205003403,ULI,58,34,10,637.0,6370.0
2021092205003401,ULI,38,21,10,636.6,6366.0
2021092205003388,ULI,38,13,10,636.6,6366.0
2021092205003451,ULI,39,42,10,639.0,6390.0
2021092205003450,ULI,39,49,10,639.0,6390.0
2021092205003449,ULI,46,59,10,638.1,6381.0
2021092205003438,ULI,46,59,10,638.1,6381.0
2021092205003436,ULI,46,49,10,638.1,6381.0
2021092205003421,ULI,45,21,10,638.0,6380.0
2021092205003489,ULI,21,45,10,639.0,6390.0
2021092205003487,ULI,21,49,20,639.5,12790.0
2021092205003484,ULI,5,44,10,639.2,6392.0
2021092205003482,ULI,21,40,10,639.2,6392.0
2021092205003478,ULI,21,21,10,639.0,6390.0
2021092205003456,ULI,46,59,10,638.1,6381.0
2021092205003510,ULI,46,6,10,640.0,6400.0
2021092205003509,ULI,46,51,60,640.0,38400.0
2021092205003499,ULI,56,49,10,639.0,6390.0
2021092205003498,ULI,21,51,40,640.0,25600.0
2021092205003497,ULI,21,34,10,640.0,6400.0
2021092205003490,ULI,46,21,10,638.1,6381.0
2021092205003040,JBLB,45,43,10,4399.0,43990.0
2021092205003039,JBLB,45,54,10,4399.0,43990.0
2021092205003035,JBLB,57,10,10,4396.0,43960.0
2021092205002554,JBLB,34,38,10,4350.0,43500.0
2021092205002549,JBLB,41,3,10,4322.0,43220.0
2021092205002560,JBLB,49,39,10,4355.0,43550.0
2021092205002571,JBLB,47,59,15,4356.0,65340.0
2021092205002565,JBLB,49,7,10,4360.0,43600.0
2021092205002564,JBLB,47,35,10,4356.0,43560.0
2021092205002584,JBLB,34,49,10,4350.0,43500.0
2021092205002590,JBLB,34,54,10,4350.0,43500.0
2021092205002589,JBLB,34,59,10,4350.0,43500.0
2021092205002588,JBLB,34,49,10,4350.0,43500.0
2021092205002608,JBLB,46,39,10,4343.0,43430.0
2021092205002628,JBLB,39,55,10,4331.0,43310.0
2021092205002639,JBLB,45,59,10,4331.0,43310.0
2021092205002648,JBLB,42,32,10,4330.0,43300.0
2021092205002646,JBLB,42,13,10,4330.0,43300.0
2021092205002662,JBLB,38,21,10,4310.0,43100.0
2021092205002657,JBLB,39,16,10,4300.0,43000.0
2021092205002656,JBLB,25,41,10,4329.0,43290.0
2021092205002653,JBLB,18,7,10,4330.0,43300.0
2021092205002667,JBLB,14,18,10,4301.0,43010.0
2021092205002666,JBLB,59,49,10,4305.0,43050.0
2021092205002663,JBLB,14,21,10,4301.0,43010.0
2021092205002679,JBLB,26,32,10,4310.0,43100.0
2021092205002686,JBLB,26,49,10,4315.0,43150.0
2021092205002708,JBLB,16,17,10,4306.0,43060.0
2021092205002703,JBLB,3,38,10,4306.0,43060.0
2021092205002698,JBLB,57,42,10,4315.0,43150.0
2021092205002721,JBLB,45,57,10,4306.0,43060.0
2021092205002715,JBLB,59,58,190,4305.0,817950.0
2021092205002714,JBLB,34,58,10,4307.0,43070.0
2021092205002713,JBLB,55,58,40,4307.0,172280.0
2021092205002724,JBLB,45,57,10,4306.0,43060.0
2021092205002749,JBLB,51,17,10,4307.0,43070.0
2021092205002753,JBLB,26,49,10,4307.0,43070.0
2021092205002781,JBLB,59,45,10,4310.0,43100.0
2021092205002774,JBLB,25,38,10,4309.0,43090.0
2021092205002787,JBLB,49,21,10,4330.0,43300.0
2021092205002786,JBLB,49,52,10,4330.0,43300.0
2021092205002785,JBLB,49,28,10,4330.0,43300.0
2021092205002784,JBLB,49,17,10,4330.0,43300.0
2021092205002799,JBLB,55,7,10,4309.0,43090.0
2021092205002798,JBLB,26,7,10,4310.0,43100.0
2021092205002803,JBLB,49,36,10,4330.0,43300.0
2021092205002801,JBLB,58,7,200,4308.0,861600.0
2021092205002800,JBLB,35,7,10,4308.1,43081.0
2021092205002814,JBLB,49,35,10,4343.0,43430.0
2021092205002825,JBLB,51,38,10,4308.0,43080.0
2021092205002844,JBLB,55,39,10,4308.0,43080.0
2021092205002875,JBLB,49,59,10,4343.0,43430.0
2021092205002894,JBLB,10,35,10,4344.0,43440.0
2021092205002923,JBLB,51,33,20,4350.0,87000.0
2021092205002922,JBLB,51,34,10,4350.0,43500.0
2021092205002921,JBLB,51,58,10,4350.0,43500.0
2021092205002920,JBLB,51,28,10,4349.0,43490.0
2021092205002940,JBLB,10,43,10,4355.0,43550.0
2021092205002968,JBLB,22,10,10,4321.1,43211.0
2021092205002977,JBLB,58,4,25,4355.0,108875.0
2021092205002976,JBLB,58,47,10,4355.0,43550.0
2021092205002975,JBLB,58,43,10,4355.0,43550.0
2021092205002983,JBLB,58,56,10,4360.0,43600.0
2021092205002982,JBLB,58,54,10,4360.0,43600.0
2021092205002981,JBLB,58,22,10,4360.0,43600.0
2021092205002980,JBLB,58,35,10,4360.0,43600.0
2021092205002979,JBLB,58,43,30,4360.0,130800.0
2021092205002978,JBLB,58,35,10,4360.0,43600.0
2021092205002989,JBLB,58,41,40,4361.0,174440.0
2021092205002988,JBLB,58,4,25,4360.0,109000.0
2021092205002987,JBLB,58,40,10,4360.0,43600.0
2021092205002986,JBLB,58,49,10,4360.0,43600.0
2021092205002985,JBLB,58,41,10,4360.0,43600.0
2021092205002984,JBLB,58,42,10,4360.0,43600.0
2021092205002995,JBLB,58,52,10,4370.0,43700.0
2021092205002994,JBLB,58,59,150,4367.0,655050.0
2021092205002993,JBLB,58,4,25,4365.0,109125.0
2021092205002992,JBLB,58,38,10,4365.0,43650.0
2021092205002991,JBLB,58,26,10,4365.0,43650.0
2021092205002990,JBLB,58,48,10,4361.0,43610.0
2021092205003004,JBLB,57,6,10,4384.0,43840.0
2021092205003002,JBLB,58,57,10,4381.0,43810.0
2021092205002999,JBLB,58,6,10,4380.0,43800.0
2021092205002998,JBLB,58,6,10,4375.0,43750.0
2021092205002997,JBLB,58,16,10,4375.0,43750.0
2021092205002996,JBLB,58,54,10,4375.0,43750.0
2021092205003008,JBLB,39,58,10,4385.0,43850.0
2021092205003007,JBLB,39,57,30,4385.0,131550.0
2021092205003017,JBLB,55,28,10,4390.0,43900.0
2021092205003016,JBLB,55,43,10,4390.0,43900.0
2021092205003015,JBLB,55,14,10,4390.0,43900.0
2021092205003014,JBLB,55,3,10,4390.0,43900.0
2021092205003013,JBLB,55,58,10,4385.2,43852.0
2021092205003018,JBLB,55,28,10,4390.0,43900.0
2021092205002963,MKLB,45,38,10,1197.5,11975.0
2021092205002861,MKLB,45,38,10,1197.5,11975.0
2021092205003032,SLI,36,36,178,620.0,110360.0
2021092205003031,SLI,48,36,200,620.0,124000.0
2021092205003030,SLI,50,36,10,620.0,6200.0
2021092205002542,SLI,51,25,10,625.0,6250.0
2021092205002551,SLI,42,47,10,622.2,6222.0
2021092205002547,SLI,6,52,10,625.0,6250.0
2021092205002544,SLI,51,49,10,626.0,6260.0
2021092205002543,SLI,51,36,10,626.0,6260.0
2021092205002561,SLI,42,34,10,622.2,6222.0
2021092205002559,SLI,42,14,10,622.2,6222.0
2021092205002558,SLI,42,47,10,622.2,6222.0
2021092205002556,SLI,42,47,10,622.2,6222.0
2021092205002555,SLI,42,49,10,622.2,6222.0
2021092205002570,SLI,22,7,10,623.0,6230.0
2021092205002567,SLI,22,21,10,623.0,6230.0
2021092205002563,SLI,42,10,10,622.2,6222.0
2021092205002577,SLI,33,34,10,625.0,6250.0
2021092205002576,SLI,33,35,10,625.0,6250.0
2021092205002575,SLI,33,35,10,625.0,6250.0
2021092205002574,SLI,33,35,10,625.0,6250.0
2021092205002573,SLI,33,35,10,625.0,6250.0
2021092205002572,SLI,22,49,10,623.0,6230.0
2021092205002583,SLI,11,58,10,625.0,6250.0
2021092205002581,SLI,22,49,10,623.0,6230.0
2021092205002580,SLI,22,52,10,623.0,6230.0
2021092205002579,SLI,33,49,10,625.0,6250.0
2021092205002578,SLI,33,35,10,625.0,6250.0
2021092205002587,SLI,11,57,10,625.0,6250.0
2021092205002586,SLI,11,14,10,625.0,6250.0
2021092205002585,SLI,11,48,10,625.0,6250.0
2021092205002598,SLI,33,33,10,626.0,6260.0
2021092205002597,SLI,50,58,10,626.0,6260.0
2021092205002596,SLI,34,49,10,625.0,6250.0
2021092205002594,SLI,34,45,10,625.0,6250.0
2021092205002593,SLI,34,46,10,625.0,6250.0
2021092205002591,SLI,34,49,10,625.0,6250.0
2021092205002605,SLI,25,4,10,626.0,6260.0
2021092205002602,SLI,33,57,10,626.0,6260.0
2021092205002601,SLI,33,33,10,626.0,6260.0
2021092205002600,SLI,33,13,10,626.0,6260.0
2021092205002599,SLI,33,58,10,626.0,6260.0
2021092205002616,SLI,34,49,10,624.0,6240.0
2021092205002615,SLI,34,6,10,624.0,6240.0
2021092205002612,SLI,34,20,10,624.0,6240.0
2021092205002611,SLI,34,28,10,624.0,6240.0
2021092205002610,SLI,34,58,10,624.0,6240.0
2021092205002609,SLI,25,38,10,626.0,6260.0
2021092205002624,SLI,6,13,10,623.0,6230.0
2021092205002623,SLI,6,29,10,623.0,6230.0
2021092205002622,SLI,36,4,20,627.0,12540.0
2021092205002621,SLI,36,36,10,624.0,6240.0
2021092205002620,SLI,22,20,10,623.0,6230.0
2021092205002617,SLI,34,20,10,624.0,6240.0
2021092205002631,SLI,6,38,10,623.0,6230.0
2021092205002630,SLI,6,17,10,623.0,6230.0
2021092205002629,SLI,6,29,10,623.0,6230.0
2021092205002627,SLI,6,10,10,623.0,6230.0
2021092205002626,SLI,6,49,10,623.0,6230.0
2021092205002644,SLI,54,47,10,625.0,6250.0
2021092205002641,SLI,26,36,10,624.0,6240.0
2021092205002636,SLI,6,29,10,623.0,6230.0
2021092205002634,SLI,6,45,10,623.0,6230.0
2021092205002632,SLI,6,29,10,623.0,6230.0
2021092205002652,SLI,38,43,10,627.0,6270.0
2021092205002651,SLI,38,54,10,627.0,6270.0
2021092205002650,SLI,38,49,10,627.0,6270.0
2021092205002649,SLI,38,4,20,627.0,12540.0
2021092205002661,SLI,55,51,10,623.0,6230.0
2021092205002658,SLI,55,45,10,623.0,6230.0
2021092205002672,SLI,36,38,10,623.0,6230.0
2021092205002670,SLI,44,7,10,623.0,6230.0
2021092205002665,SLI,44,38,10,623.0,6230.0
2021092205002678,SLI,36,38,10,623.0,6230.0
2021092205002677,SLI,36,29,10,623.0,6230.0
2021092205002675,SLI,36,43,10,623.0,6230.0
2021092205002674,SLI,36,38,10,623.0,6230.0
2021092205002673,SLI,36,58,10,623.0,6230.0
2021092205002688,SLI,45,34,10,625.0,6250.0
2021092205002687,SLI,14,38,10,624.0,6240.0
2021092205002684,SLI,14,45,10,624.0,6240.0
2021092205002681,SLI,36,25,10,623.0,6230.0
2021092205002680,SLI,36,38,10,623.0,6230.0
2021092205002696,SLI,52,49,10,623.1,6231.0
2021092205002695,SLI,52,46,10,623.1,6231.0
2021092205002693,SLI,25,4,10,624.0,6240.0
2021092205002692,SLI,14,4,260,624.0,162240.0
2021092205002691,SLI,14,35,10,624.0,6240.0
2021092205002690,SLI,14,45,10,624.0,6240.0
2021092205002710,SLI,52,51,10,623.1,6231.0
2021092205002704,SLI,25,4,20,624.0,12480.0
2021092205002697,SLI,52,14,10,623.1,6231.0
2021092205002719,SLI,52,7,10,623.1,6231.0
2021092205002711,SLI,52,49,10,623.1,6231.0
2021092205002732,SLI,35,17,10,623.4,6234.0
2021092205002729,SLI,28,36,10,623.0,6230.0
2021092205002728,SLI,36,36,10,623.0,6230.0
2021092205002726,SLI,36,56,10,623.0,6230.0
2021092205002722,SLI,52,38,10,623.1,6231.0
2021092205002743,SLI,58,54,10,625.0,6250.0
2021092205002742,SLI,58,33,10,625.0,6250.0
2021092205002741,SLI,58,6,10,625.0,6250.0
2021092205002737,SLI,14,21,10,624.0,6240.0
2021092205002735,SLI,35,34,10,623.4,6234.0
2021092205002734,SLI,35,58,10,623.4,6234.0
2021092205002752,SLI,28,7,10,623.0,6230.0
2021092205002748,SLI,43,4,10,625.0,6250.0
2021092205002746,SLI,58,4,50,625.0,31250.0
2021092205002745,SLI,58,49,10,625.0,6250.0
2021092205002744,SLI,58,49,10,625.0,6250.0
2021092205002764,SLI,41,35,10,623.0,6230.0
2021092205002759,SLI,58,4,20,625.0,12500.0
2021092205002758,SLI,41,49,10,623.0,6230.0
2021092205002757,SLI,28,34,10,623.0,6230.0
2021092205002756,SLI,58,4,10,625.0,6250.0
2021092205002773,SLI,10,32,10,623.0,6230.0
2021092205002772,SLI,47,43,20,625.0,12500.0
2021092205002771,SLI,47,39,10,625.0,6250.0
2021092205002770,SLI,47,45,10,625.0,6250.0
2021092205002769,SLI,47,4,10,625.0,6250.0
2021092205002766,SLI,41,36,10,623.0,6230.0
2021092205002782,SLI,10,54,10,623.0,6230.0
2021092205002779,SLI,10,10,10,623.0,6230.0
2021092205002778,SLI,10,10,10,623.0,6230.0
2021092205002776,SLI,10,10,10,623.0,6230.0
2021092205002789,SLI,6,10,10,622.4,6224.0
2021092205002783,SLI,6,29,10,622.4,6224.0
2021092205002795,SLI,6,29,10,622.4,6224.0
2021092205002794,SLI,6,10,10,622.4,6224.0
2021092205002793,SLI,41,52,10,623.0,6230.0
2021092205002791,SLI,6,29,10,622.4,6224.0
2021092205002806,SLI,57,29,10,622.1,6221.0
2021092205002805,SLI,57,36,10,622.1,6221.0
2021092205002804,SLI,4,10,10,622.2,6222.0
2021092205002813,SLI,57,56,40,622.1,24884.0
2021092205002812,SLI,57,21,10,622.1,6221.0
2021092205002811,SLI,57,10,10,622.1,6221.0
2021092205002810,SLI,57,29,10,622.1,6221.0
2021092205002808,SLI,57,21,10,622.1,6221.0
2021092205002822,SLI,57,29,10,622.0,6220.0
2021092205002821,SLI,22,29,10,622.1,6221.0
2021092205002818,SLI,22,57,10,622.1,6221.0
2021092205002817,SLI,22,10,10,622.1,6221.0
2021092205002816,SLI,22,47,10,622.1,6221.0
2021092205002815,SLI,22,29,10,622.1,6221.0
2021092205002834,SLI,57,4,50,622.0,31100.0
2021092205002831,SLI,57,29,10,622.0,6220.0
2021092205002828,SLI,57,29,10,622.0,6220.0
2021092205002826,SLI,57,10,10,622.0,6220.0
2021092205002823,SLI,57,39,10,622.0,6220.0
2021092205002840,SLI,6,10,10,621.1,6211.0
2021092205002839,SLI,54,4,20,622.0,12440.0
2021092205002838,SLI,14,4,10,622.0,6220.0
2021092205002837,SLI,14,4,50,622.0,31100.0
2021092205002836,SLI,45,4,25,622.0,15550.0
2021092205002835,SLI,58,4,10,622.0,6220.0
2021092205002851,SLI,6,57,10,621.1,6211.0
2021092205002850,SLI,6,10,10,621.1,6211.0
2021092205002847,SLI,28,4,10,622.0,6220.0
2021092205002846,SLI,6,10,10,621.1,6211.0
2021092205002841,SLI,6,29,10,621.1,6211.0
2021092205002864,SLI,13,19,10,621.1,6211.0
2021092205002859,SLI,13,35,10,621.1,6211.0
2021092205002857,SLI,13,39,10,621.1,6211.0
2021092205002855,SLI,6,49,10,621.1,6211.0
2021092205002854,SLI,6,38,10,621.1,6211.0
2021092205002852,SLI,6,7,10,621.1,6211.0
2021092205002870,SLI,38,32,10,623.0,6230.0
2021092205002869,SLI,38,34,10,622.1,6221.0
2021092205002868,SLI,38,58,10,622.1,6221.0
2021092205002867,SLI,38,32,10,622.1,6221.0
2021092205002866,SLI,38,32,10,622.0,6220.0
2021092205002865,SLI,13,10,10,621.1,6211.0
2021092205002886,SLI,51,10,10,621.0,6210.0
2021092205002885,SLI,51,10,10,621.0,6210.0
2021092205002883,SLI,51,33,10,621.0,6210.0
2021092205002878,SLI,49,49,10,621.1,6211.0
2021092205002874,SLI,13,21,10,621.1,6211.0
2021092205002896,SLI,45,10,10,621.0,6210.0
2021092205002895,SLI,45,39,10,621.0,6210.0
2021092205002893,SLI,48,33,10,622.0,6220.0
2021092205002892,SLI,45,58,10,621.0,6210.0
2021092205002889,SLI,51,33,10,621.0,6210.0
2021092205002910,SLI,38,58,10,622.9,6229.0
2021092205002909,SLI,38,41,10,622.0,6220.0
2021092205002908,SLI,38,14,10,622.0,6220.0
2021092205002902,SLI,49,10,10,621.1,6211.0
2021092205002901,SLI,49,39,10,621.1,6211.0
2021092205002899,SLI,45,10,10,621.0,6210.0
2021092205002916,SLI,38,43,220,625.0,137500.0
2021092205002915,SLI,38,34,10,624.0,6240.0
2021092205002914,SLI,38,22,10,624.0,6240.0
2021092205002913,SLI,38,21,10,624.0,6240.0
2021092205002912,SLI,38,56,10,623.0,6230.0
2021092205002911,SLI,38,45,10,623.0,6230.0
2021092205002919,SLI,25,58,10,621.5,6215.0
2021092205002917,SLI,49,59,10,621.1,6211.0
2021092205002933,SLI,11,43,100,625.0,62500.0
2021092205002932,SLI,49,45,10,621.1,6211.0
2021092205002929,SLI,6,43,20,625.0,12500.0
2021092205002928,SLI,6,45,10,622.0,6220.0
2021092205002926,SLI,49,4,223,621.1,138505.3
2021092205002925,SLI,25,4,47,621.5,29210.5
2021092205002938,SLI,45,4,40,621.0,24840.0
2021092205002937,SLI,42,4,44,621.0,27324.0
2021092205002936,SLI,45,4,10,621.0,6210.0
2021092205002935,SLI,45,4,460,621.0,285660.0
2021092205002934,SLI,49,4,37,621.1,22980.7
2021092205002955,SLI,8,21,10,620.0,6200.0
2021092205002952,SLI,8,10,10,620.0,6200.0
2021092205002949,SLI,41,58,10,622.0,6220.0
2021092205002946,SLI,8,21,10,620.0,6200.0
2021092205002945,SLI,58,53,10,622.0,6220.0
2021092205002943,SLI,58,4,19,622.0,11818.0
2021092205002965,SLI,11,56,10,621.0,6210.0
2021092205002964,SLI,11,10,10,621.0,6210.0
2021092205002962,SLI,11,10,10,621.0,6210.0
2021092205002960,SLI,11,10,10,621.0,6210.0
2021092205002957,SLI,28,48,10,622.0,6220.0
2021092205002974,SLI,7,6,10,621.1,6211.0
2021092205002970,SLI,47,48,10,622.0,6220.0
2021092205002969,SLI,47,48,10,622.0,6220.0
2021092205003011,SLI,7,44,10,622.0,6220.0
2021092205003010,SLI,7,58,10,622.0,6220.0
2021092205003006,SLI,11,34,10,621.0,6210.0
2021092205003005,SLI,7,38,10,621.1,6211.0
2021092205003012,SLI,7,47,10,622.0,6220.0
2021092205003023,SLI,8,36,40,620.0,24800.0
2021092205003022,SLI,22,36,12,620.1,7441.2
2021092205003021,SLI,54,36,10,620.5,6205.0
2021092205003020,SLI,43,36,30,622.0,18660.0
2021092205003019,SLI,7,36,20,622.0,12440.0
2021092205003029,SLI,49,36,20,620.0,12400.0
2021092205003028,SLI,57,36,20,620.0,12400.0
2021092205003027,SLI,22,36,300,620.0,186000.0
2021092205003026,SLI,47,36,10,620.0,6200.0
2021092205003025,SLI,46,36,50,620.0,31000.0
2021092205003024,SLI,34,36,100,620.0,62000.0
2021092205003041,ULI,47,26,10,632.0,6320.0
2021092205003038,ULI,58,26,20,632.0,12640.0
2021092205003037,ULI,11,26,10,632.0,6320.0
2021092205003036,ULI,11,45,10,632.0,6320.0
2021092205003034,ULI,11,38,10,632.0,6320.0
2021092205003033,ULI,11,8,10,632.0,6320.0
2021092205002552,ULI,43,35,10,636.0,6360.0
2021092205002550,ULI,43,49,10,636.0,6360.0
2021092205002548,ULI,43,6,10,636.0,6360.0
2021092205002546,ULI,58,38,10,636.0,6360.0
2021092205002545,ULI,58,6,10,636.0,6360.0
2021092205002569,ULI,55,59,10,636.1,6361.0
2021092205002568,ULI,55,25,10,636.1,6361.0
2021092205002566,ULI,55,38,10,636.1,6361.0
2021092205002562,ULI,34,25,10,636.0,6360.0
2021092205002557,ULI,34,14,10,636.0,6360.0
2021092205002553,ULI,43,25,10,636.0,6360.0
2021092205002606,ULI,47,38,10,636.1,6361.0
2021092205002604,ULI,47,25,10,636.1,6361.0
2021092205002603,ULI,47,45,10,636.1,6361.0
2021092205002595,ULI,47,38,10,636.1,6361.0
2021092205002592,ULI,47,58,10,636.1,6361.0
2021092205002582,ULI,34,48,10,636.0,6360.0
2021092205002625,ULI,47,32,10,636.1,6361.0
2021092205002619,ULI,49,34,10,637.0,6370.0
2021092205002618,ULI,47,20,10,636.1,6361.0
2021092205002614,ULI,47,45,10,636.1,6361.0
2021092205002613,ULI,47,38,10,636.1,6361.0
2021092205002607,ULI,47,25,10,636.1,6361.0
2021092205002642,ULI,47,32,10,636.1,6361.0
2021092205002640,ULI,58,38,10,635.0,6350.0
2021092205002638,ULI,55,38,10,636.0,6360.0
2021092205002637,ULI,55,5,10,636.0,6360.0
2021092205002635,ULI,34,18,10,636.0,6360.0
2021092205002633,ULI,34,16,10,636.0,6360.0
2021092205002659,ULI,44,38,10,637.0,6370.0
2021092205002655,ULI,47,38,10,636.1,6361.0
2021092205002654,ULI,47,38,10,636.1,6361.0
2021092205002647,ULI,47,38,10,636.1,6361.0
2021092205002645,ULI,47,20,10,636.1,6361.0
2021092205002643,ULI,47,38,10,636.1,6361.0
2021092205002676,ULI,39,38,10,638.0,6380.0
2021092205002671,ULI,39,38,10,638.0,6380.0
2021092205002669,ULI,39,22,10,638.0,6380.0
2021092205002668,ULI,39,45,10,638.0,6380.0
2021092205002664,ULI,44,16,10,637.0,6370.0
2021092205002660,ULI,44,38,10,637.0,6370.0
2021092205002699,ULI,47,38,10,638.1,6381.0
2021092205002694,ULI,47,38,10,638.1,6381.0
2021092205002689,ULI,47,38,10,638.1,6381.0
2021092205002685,ULI,39,7,10,638.0,6380.0
2021092205002683,ULI,39,38,10,638.0,6380.0
2021092205002682,ULI,39,38,10,638.0,6380.0
2021092205002707,ULI,44,38,10,637.0,6370.0
2021092205002706,ULI,39,36,80,638.0,51040.0
2021092205002705,ULI,47,36,40,638.1,25524.0
2021092205002702,ULI,47,42,10,638.1,6381.0
2021092205002701,ULI,47,58,10,638.1,6381.0
2021092205002700,ULI,47,32,10,638.1,6381.0
2021092205002720,ULI,44,38,10,637.0,6370.0
2021092205002718,ULI,44,32,10,637.0,6370.0
2021092205002717,ULI,44,38,10,637.0,6370.0
2021092205002716,ULI,44,38,10,637.0,6370.0
2021092205002712,ULI,44,38,10,637.0,6370.0
2021092205002709,ULI,44,45,10,637.0,6370.0
2021092205002733,ULI,44,38,10,637.0,6370.0
2021092205002731,ULI,44,32,10,637.0,6370.0
2021092205002730,ULI,44,38,10,637.0,6370.0
2021092205002727,ULI,44,38,10,637.0,6370.0
2021092205002725,ULI,44,38,10,637.0,6370.0
2021092205002723,ULI,44,38,10,637.0,6370.0
2021092205002750,ULI,44,34,10,637.0,6370.0
2021092205002747,ULI,44,38,10,637.0,6370.0
2021092205002740,ULI,44,48,10,637.0,6370.0
2021092205002739,ULI,44,32,10,637.0,6370.0
2021092205002738,ULI,44,38,10,637.0,6370.0
2021092205002736,ULI,44,38,10,637.0,6370.0
2021092205002762,ULI,44,19,10,637.0,6370.0
2021092205002761,ULI,44,42,10,637.0,6370.0
2021092205002760,ULI,44,38,10,637.0,6370.0
2021092205002755,ULI,44,38,10,637.0,6370.0
2021092205002754,ULI,44,17,10,637.0,6370.0
2021092205002751,ULI,44,38,10,637.0,6370.0
2021092205002777,ULI,44,54,10,637.0,6370.0
2021092205002775,ULI,44,38,10,637.0,6370.0
2021092205002768,ULI,44,38,10,637.0,6370.0
2021092205002767,ULI,44,34,10,637.0,6370.0
2021092205002765,ULI,58,36,10,638.0,6380.0
2021092205002763,ULI,44,25,10,637.0,6370.0
2021092205002797,ULI,44,38,10,637.0,6370.0
2021092205002796,ULI,44,21,10,637.0,6370.0
2021092205002792,ULI,44,21,10,637.0,6370.0
2021092205002790,ULI,44,21,10,637.0,6370.0
2021092205002788,ULI,44,34,10,637.0,6370.0
2021092205002780,ULI,44,38,10,637.0,6370.0
2021092205002824,ULI,44,42,10,637.0,6370.0
2021092205002820,ULI,44,34,10,637.0,6370.0
2021092205002819,ULI,44,38,10,637.0,6370.0
2021092205002809,ULI,44,38,10,637.0,6370.0
2021092205002807,ULI,44,59,50,637.0,31850.0
2021092205002802,ULI,44,21,10,637.0,6370.0
2021092205002842,ULI,28,38,10,637.0,6370.0
2021092205002833,ULI,28,38,10,637.0,6370.0
2021092205002832,ULI,28,21,10,637.0,6370.0
2021092205002830,ULI,28,6,10,637.0,6370.0
2021092205002829,ULI,28,39,10,637.0,6370.0
2021092205002827,ULI,44,38,10,637.0,6370.0
2021092205002856,ULI,47,29,10,636.1,6361.0
2021092205002853,ULI,47,29,10,636.1,6361.0
2021092205002849,ULI,47,17,10,636.1,6361.0
2021092205002848,ULI,41,29,10,637.0,6370.0
2021092205002845,ULI,41,17,10,637.0,6370.0
2021092205002843,ULI,28,57,100,637.0,63700.0
2021092205002872,ULI,21,29,10,635.0,6350.0
2021092205002871,ULI,21,39,10,635.0,6350.0
2021092205002863,ULI,58,29,10,635.0,6350.0
2021092205002862,ULI,21,38,10,635.1,6351.0
2021092205002860,ULI,47,29,10,636.1,6361.0
2021092205002858,ULI,59,7,10,637.0,6370.0
2021092205002881,ULI,35,34,10,635.0,6350.0
2021092205002880,ULI,35,33,10,635.0,6350.0
2021092205002879,ULI,35,39,10,635.0,6350.0
2021092205002877,ULI,35,59,10,635.0,6350.0
2021092205002876,ULI,35,29,10,635.0,6350.0
2021092205002873,ULI,21,39,10,635.0,6350.0
2021092205002891,ULI,42,33,10,635.0,6350.0
2021092205002890,ULI,42,29,10,635.0,6350.0
2021092205002888,ULI,35,39,10,635.0,6350.0
2021092205002887,ULI,35,7,10,635.0,6350.0
2021092205002884,ULI,35,39,10,635.0,6350.0
2021092205002882,ULI,35,29,10,635.0,6350.0
2021092205002905,ULI,42,29,10,635.0,6350.0
2021092205002904,ULI,42,39,10,635.0,6350.0
2021092205002903,ULI,42,29,10,635.0,6350.0
2021092205002900,ULI,42,29,10,635.0,6350.0
2021092205002898,ULI,42,29,10,635.0,6350.0
2021092205002897,ULI,42,38,10,635.0,6350.0
2021092205002930,ULI,42,21,10,635.0,6350.0
2021092205002927,ULI,42,34,10,635.0,6350.0
2021092205002924,ULI,42,59,10,635.0,6350.0
2021092205002918,ULI,42,58,10,635.0,6350.0
2021092205002907,ULI,42,39,10,635.0,6350.0
2021092205002906,ULI,42,57,10,635.0,6350.0
2021092205002947,ULI,42,38,10,635.0,6350.0
2021092205002944,ULI,42,21,10,635.0,6350.0
2021092205002942,ULI,42,58,10,635.0,6350.0
2021092205002941,ULI,42,36,10,635.0,6350.0
2021092205002939,ULI,42,38,10,635.0,6350.0
2021092205002931,ULI,42,38,10,635.0,6350.0
2021092205002956,ULI,49,58,10,634.0,6340.0
2021092205002954,ULI,58,10,10,635.0,6350.0
2021092205002953,ULI,58,10,10,635.0,6350.0
2021092205002951,ULI,42,38,10,635.0,6350.0
2021092205002950,ULI,59,58,10,635.0,6350.0
2021092205002948,ULI,59,45,10,635.0,6350.0
2021092205002971,ULI,51,3,10,634.0,6340.0
2021092205002967,ULI,51,52,10,634.0,6340.0
2021092205002966,ULI,49,4,10,634.0,6340.0
2021092205002961,ULI,49,48,10,634.0,6340.0
2021092205002959,ULI,49,10,10,634.0,6340.0
2021092205002958,ULI,49,48,10,634.0,6340.0
2021092205003009,ULI,11,57,10,632.0,6320.0
2021092205003003,ULI,22,38,10,632.0,6320.0
2021092205003001,ULI,45,16,10,634.0,6340.0
2021092205003000,ULI,51,16,10,634.0,6340.0
2021092205002973,ULI,51,14,10,634.0,6340.0
2021092205002972,ULI,51,48,10,634.0,6340.0
2021092205002532,JBLB,58,13,40,4350.0,174000.0
2021092205002042,JBLB,58,52,10,4400.0,44000.0
2021092205002047,JBLB,58,58,100,4409.0,440900.0
2021092205002044,JBLB,58,38,500,4410.0,2205000.0
2021092205002054,JBLB,58,33,90,4409.0,396810.0
2021092205002053,JBLB,58,53,80,4409.0,352720.0
2021092205002052,JBLB,58,58,100,4409.0,440900.0
2021092205002051,JBLB,58,50,10,4409.0,44090.0
2021092205002050,JBLB,58,8,100,4409.0,440900.0
2021092205002049,JBLB,58,50,20,4409.0,88180.0
2021092205002058,JBLB,25,58,50,4409.0,220450.0
2021092205002057,JBLB,25,26,20,4409.0,88180.0
2021092205002056,JBLB,25,33,30,4409.0,132270.0
2021092205002067,JBLB,57,56,10,4400.0,44000.0
2021092205002073,JBLB,57,17,10,4400.0,44000.0
2021092205002071,JBLB,57,43,10,4400.0,44000.0
2021092205002070,JBLB,57,51,10,4400.0,44000.0
2021092205002082,JBLB,17,17,20,4385.0,87700.0
2021092205002080,JBLB,8,17,20,4385.0,87700.0
2021092205002085,JBLB,58,8,10,4382.0,43820.0
2021092205002084,JBLB,26,17,30,4385.0,131550.0
2021092205002108,JBLB,8,17,30,4382.0,131460.0
2021092205002107,JBLB,58,17,30,4382.0,131460.0
2021092205002104,JBLB,58,59,10,4382.0,43820.0
2021092205002109,JBLB,25,17,10,4382.0,43820.0
2021092205002123,JBLB,49,59,10,4380.0,43800.0
2021092205002122,JBLB,49,19,20,4380.0,87600.0
2021092205002121,JBLB,49,59,10,4380.0,43800.0
2021092205002120,JBLB,58,59,10,4382.0,43820.0
2021092205002116,JBLB,49,17,35,4380.0,153300.0
2021092205002115,JBLB,28,17,15,4380.0,65700.0
2021092205002140,JBLB,10,17,10,4383.0,43830.0
2021092205002146,JBLB,18,17,10,4383.0,43830.0
2021092205002156,JBLB,58,17,100,4377.0,437700.0
2021092205002153,JBLB,58,17,80,4377.0,350160.0
2021092205002169,JBLB,50,17,10,4398.0,43980.0
2021092205002166,JBLB,52,43,10,4383.0,43830.0
2021092205002174,JBLB,47,17,10,4390.0,43900.0
2021092205002172,JBLB,32,58,500,4380.0,2190000.0
2021092205002209,JBLB,49,8,10,4380.0,43800.0
2021092205002208,JBLB,49,57,10,4380.0,43800.0
2021092205002207,JBLB,49,58,70,4380.0,306600.0
2021092205002220,JBLB,58,17,10,4375.0,43750.0
2021092205002213,JBLB,32,17,40,4380.0,175200.0
2021092205002226,JBLB,38,58,25,4373.5,109337.5
2021092205002225,JBLB,38,42,25,4373.5,109337.5
2021092205002223,JBLB,22,17,10,4375.0,43750.0
2021092205002222,JBLB,49,17,10,4375.0,43750.0
2021092205002221,JBLB,56,17,10,4375.0,43750.0
2021092205002243,JBLB,14,58,10,4376.0,43760.0
2021092205002242,JBLB,14,17,10,4375.0,43750.0
2021092205002241,JBLB,14,58,25,4373.0,109325.0
2021092205002227,JBLB,49,58,25,4373.0,109325.0
2021092205002249,JBLB,58,10,10,4370.0,43700.0
2021092205002244,JBLB,14,58,45,4378.0,197010.0
2021092205002261,JBLB,58,42,40,4370.0,174800.0
2021092205002259,JBLB,58,58,300,4370.0,1311000.0
2021092205002258,JBLB,58,17,200,4370.0,874000.0
2021092205002257,JBLB,58,29,70,4370.0,305900.0
2021092205002254,JBLB,58,10,10,4370.0,43700.0
2021092205002267,JBLB,58,58,270,4370.0,1179900.0
2021092205002266,JBLB,58,19,20,4370.0,87400.0
2021092205002265,JBLB,58,45,50,4370.0,218500.0
2021092205002264,JBLB,58,3,30,4370.0,131100.0
2021092205002274,JBLB,45,17,10,4368.1,43681.0
2021092205002270,JBLB,33,8,10,4369.0,43690.0
2021092205002269,JBLB,8,36,10,4369.0,43690.0
2021092205002280,JBLB,13,58,20,4365.0,87300.0
2021092205002278,JBLB,43,45,10,4365.0,43650.0
2021092205002277,JBLB,57,45,20,4365.0,87300.0
2021092205002276,JBLB,58,45,70,4366.0,305620.0
2021092205002285,JBLB,41,44,10,4351.0,43510.0
2021092205002283,JBLB,32,8,10,4363.0,43630.0
2021092205002292,JBLB,33,3,20,4351.0,87020.0
2021092205002291,JBLB,58,45,50,4350.0,217500.0
2021092205002289,JBLB,58,19,20,4350.0,87000.0
2021092205002288,JBLB,21,19,20,4351.0,87020.0
2021092205002299,JBLB,41,21,10,4350.0,43500.0
2021092205002296,JBLB,58,21,80,4350.0,348000.0
2021092205002295,JBLB,33,8,80,4363.0,349040.0
2021092205002294,JBLB,33,56,10,4360.0,43600.0
2021092205002293,JBLB,33,32,20,4351.0,87020.0
2021092205002314,JBLB,52,34,10,4312.0,43120.0
2021092205002313,JBLB,52,29,10,4312.0,43120.0
2021092205002312,JBLB,36,32,10,4349.0,43490.0
2021092205002325,JBLB,52,8,10,4312.0,43120.0
2021092205002324,JBLB,52,38,20,4312.0,86240.0
2021092205002340,JBLB,43,36,10,4311.0,43110.0
2021092205002337,JBLB,6,52,10,4311.0,43110.0
2021092205002353,JBLB,44,57,10,4348.0,43480.0
2021092205002350,JBLB,41,6,20,4310.0,86200.0
2021092205002346,JBLB,41,57,10,4310.0,43100.0
2021092205002363,JBLB,49,46,10,4300.0,43000.0
2021092205002361,JBLB,49,44,10,4300.0,43000.0
2021092205002367,JBLB,49,49,10,4300.0,43000.0
2021092205002366,JBLB,49,58,10,4300.0,43000.0
2021092205002365,JBLB,55,34,10,4347.0,43470.0
2021092205002364,JBLB,55,16,10,4310.0,43100.0
2021092205002376,JBLB,41,17,10,4290.0,42900.0
2021092205002375,JBLB,57,17,10,4298.0,42980.0
2021092205002374,JBLB,16,17,10,4310.0,43100.0
2021092205002371,JBLB,34,38,10,4300.0,43000.0
2021092205002370,JBLB,49,38,10,4300.0,43000.0
2021092205002382,JBLB,16,17,10,4281.0,42810.0
2021092205002381,JBLB,33,17,10,4282.0,42820.0
2021092205002380,JBLB,26,17,20,4284.0,85680.0
2021092205002379,JBLB,58,17,10,4285.0,42850.0
2021092205002378,JBLB,26,17,10,4286.0,42860.0
2021092205002377,JBLB,3,17,30,4290.0,128700.0
2021092205002388,JBLB,13,17,10,4270.0,42700.0
2021092205002387,JBLB,38,17,10,4270.0,42700.0
2021092205002386,JBLB,26,17,10,4270.0,42700.0
2021092205002385,JBLB,8,17,20,4280.0,85600.0
2021092205002384,JBLB,3,17,10,4280.0,42800.0
2021092205002383,JBLB,57,17,10,4280.0,42800.0
2021092205002393,JBLB,45,52,5,4310.0,21550.0
2021092205002392,JBLB,45,56,10,4300.0,43000.0
2021092205002389,JBLB,52,17,10,4270.0,42700.0
2021092205002408,JBLB,41,35,10,4280.0,42800.0
2021092205002414,JBLB,14,58,10,4330.0,43300.0
2021092205002424,JBLB,16,22,10,4330.0,43300.0
2021092205002437,JBLB,42,58,10,4347.0,43470.0
2021092205002436,JBLB,42,34,10,4347.0,43470.0
2021092205002435,JBLB,42,7,20,4340.0,86800.0
2021092205002434,JBLB,42,59,10,4339.0,43390.0
2021092205002439,JBLB,42,32,10,4349.0,43490.0
2021092205002438,JBLB,42,28,40,4348.0,173920.0
2021092205002454,JBLB,5,25,10,4282.0,42820.0
2021092205002492,JBLB,42,52,10,4292.0,42920.0
2021092205002501,JBLB,50,49,10,4300.0,43000.0
2021092205002522,JBLB,36,1,10,4349.0,43490.0
2021092205002521,JBLB,36,34,10,4349.0,43490.0
2021092205002519,JBLB,58,34,10,4349.0,43490.0
2021092205002531,JBLB,58,58,10,4350.0,43500.0
2021092205002530,JBLB,58,42,10,4350.0,43500.0
2021092205002529,JBLB,58,50,20,4350.0,87000.0
2021092205002528,JBLB,58,13,10,4349.0,43490.0
2021092205002527,JBLB,5,46,10,4345.0,43450.0
2021092205002541,SLI,42,40,10,622.2,6222.0
2021092205002540,SLI,51,49,10,624.0,6240.0
2021092205002538,SLI,42,40,10,622.2,6222.0
2021092205002537,SLI,41,55,10,623.0,6230.0
2021092205002533,SLI,42,40,10,622.2,6222.0
2021092205002048,SLI,59,58,10,627.0,6270.0
2021092205002046,SLI,59,41,10,627.0,6270.0
2021092205002045,SLI,59,59,10,627.0,6270.0
2021092205002043,SLI,42,43,10,630.0,6300.0
2021092205002061,SLI,3,43,40,626.0,25040.0
2021092205002060,SLI,58,43,90,627.0,56430.0
2021092205002059,SLI,58,59,10,627.0,6270.0
2021092205002068,SLI,29,58,10,629.0,6290.0
2021092205002066,SLI,57,56,10,626.0,6260.0
2021092205002064,SLI,57,43,40,626.0,25040.0
2021092205002063,SLI,29,43,10,626.0,6260.0
2021092205002062,SLI,36,43,20,626.0,12520.0
2021092205002076,SLI,29,48,10,630.0,6300.0
2021092205002075,SLI,29,21,10,630.0,6300.0
2021092205002072,SLI,29,59,10,629.0,6290.0
2021092205002081,SLI,58,4,20,630.0,12600.0
2021092205002079,SLI,17,4,80,630.0,50400.0
2021092205002078,SLI,17,58,10,630.0,6300.0
2021092205002077,SLI,17,57,10,630.0,6300.0
2021092205002089,SLI,10,32,10,630.0,6300.0
2021092205002088,SLI,10,4,300,630.0,189000.0
2021092205002087,SLI,41,35,10,627.0,6270.0
2021092205002083,SLI,16,4,100,630.0,63000.0
2021092205002095,SLI,10,34,10,630.0,6300.0
2021092205002094,SLI,10,56,10,630.0,6300.0
2021092205002093,SLI,10,45,10,630.0,6300.0
2021092205002092,SLI,10,49,10,630.0,6300.0
2021092205002091,SLI,10,58,10,630.0,6300.0
2021092205002090,SLI,10,58,10,630.0,6300.0
2021092205002101,SLI,10,21,10,630.0,6300.0
2021092205002100,SLI,10,21,10,630.0,6300.0
2021092205002099,SLI,10,17,10,630.0,6300.0
2021092205002098,SLI,10,53,10,630.0,6300.0
2021092205002097,SLI,10,45,10,630.0,6300.0
2021092205002096,SLI,10,21,10,630.0,6300.0
2021092205002106,SLI,10,59,10,630.0,6300.0
2021092205002103,SLI,10,11,10,630.0,6300.0
2021092205002102,SLI,10,40,10,630.0,6300.0
2021092205002114,SLI,59,45,10,631.0,6310.0
2021092205002113,SLI,59,10,10,631.0,6310.0
2021092205002112,SLI,59,53,10,631.0,6310.0
2021092205002111,SLI,59,26,10,631.0,6310.0
2021092205002110,SLI,59,59,10,630.1,6301.0
2021092205002143,SLI,41,38,10,627.0,6270.0
2021092205002141,SLI,41,59,10,627.0,6270.0
2021092205002139,SLI,45,4,20,631.0,12620.0
2021092205002125,SLI,55,52,10,630.0,6300.0
2021092205002124,SLI,59,4,50,631.0,31550.0
2021092205002149,SLI,58,38,10,625.0,6250.0
2021092205002148,SLI,58,20,10,625.0,6250.0
2021092205002147,SLI,58,20,10,625.0,6250.0
2021092205002145,SLI,58,20,10,627.0,6270.0
2021092205002144,SLI,58,20,10,627.0,6270.0
2021092205002158,SLI,7,4,20,631.0,12620.0
2021092205002157,SLI,58,38,10,625.0,6250.0
2021092205002155,SLI,58,32,10,630.0,6300.0
2021092205002154,SLI,58,6,10,630.0,6300.0
2021092205002170,SLI,37,38,10,626.0,6260.0
2021092205002168,SLI,37,33,10,626.0,6260.0
2021092205002167,SLI,37,38,10,626.0,6260.0
2021092205002165,SLI,58,38,10,625.0,6250.0
2021092205002177,SLI,52,44,10,627.0,6270.0
2021092205002176,SLI,52,38,10,627.0,6270.0
2021092205002175,SLI,37,38,10,626.0,6260.0
2021092205002173,SLI,37,38,10,626.0,6260.0
2021092205002192,SLI,37,38,10,626.0,6260.0
2021092205002190,SLI,37,58,10,626.0,6260.0
2021092205002189,SLI,37,38,10,626.0,6260.0
2021092205002188,SLI,34,17,10,629.0,6290.0
2021092205002187,SLI,32,52,10,627.0,6270.0
2021092205002180,SLI,52,38,10,627.0,6270.0
2021092205002199,SLI,37,38,10,626.0,6260.0
2021092205002198,SLI,21,52,10,627.0,6270.0
2021092205002197,SLI,37,4,10,626.0,6260.0
2021092205002195,SLI,8,4,80,631.0,50480.0
2021092205002194,SLI,8,18,10,630.0,6300.0
2021092205002193,SLI,8,58,10,630.0,6300.0
2021092205002212,SLI,52,38,10,625.0,6250.0
2021092205002211,SLI,52,38,10,625.0,6250.0
2021092205002210,SLI,56,45,10,625.0,6250.0
2021092205002218,SLI,6,38,10,625.0,6250.0
2021092205002217,SLI,19,38,10,630.0,6300.0
2021092205002216,SLI,19,34,10,630.0,6300.0
2021092205002215,SLI,19,49,10,627.0,6270.0
2021092205002224,SLI,6,38,10,625.0,6250.0
2021092205002239,SLI,20,38,10,625.0,6250.0
2021092205002228,SLI,20,57,10,625.0,6250.0
2021092205002253,SLI,20,38,10,625.0,6250.0
2021092205002252,SLI,20,57,10,625.0,6250.0
2021092205002251,SLI,20,38,10,625.0,6250.0
2021092205002248,SLI,20,45,10,625.0,6250.0
2021092205002256,SLI,20,38,10,625.0,6250.0
2021092205002268,SLI,20,38,10,625.0,6250.0
2021092205002262,SLI,20,38,10,625.0,6250.0
2021092205002273,SLI,20,34,10,625.0,6250.0
2021092205002272,SLI,20,38,10,625.0,6250.0
2021092205002271,SLI,20,58,10,625.0,6250.0
2021092205002279,SLI,20,57,10,625.0,6250.0
2021092205002275,SLI,20,58,10,625.0,6250.0
2021092205002286,SLI,20,49,10,625.0,6250.0
2021092205002284,SLI,20,21,10,625.0,6250.0
2021092205002282,SLI,20,38,10,625.0,6250.0
2021092205002281,SLI,20,38,10,625.0,6250.0
2021092205002290,SLI,20,38,10,625.0,6250.0
2021092205002287,SLI,49,34,10,627.0,6270.0
2021092205002298,SLI,20,38,10,625.0,6250.0
2021092205002305,SLI,17,54,10,630.0,6300.0
2021092205002304,SLI,17,47,10,629.0,6290.0
2021092205002303,SLI,17,1,10,629.0,6290.0
2021092205002302,SLI,17,48,10,628.0,6280.0
2021092205002301,SLI,17,45,10,628.0,6280.0
2021092205002300,SLI,20,54,10,625.0,6250.0
2021092205002316,SLI,34,4,10,626.0,6260.0
2021092205002315,SLI,6,17,10,626.0,6260.0
2021092205002306,SLI,17,4,50,630.0,31500.0
2021092205002322,SLI,42,4,10,625.0,6250.0
2021092205002321,SLI,54,4,20,625.0,12500.0
2021092205002320,SLI,17,4,20,625.0,12500.0
2021092205002319,SLI,41,4,10,625.0,6250.0
2021092205002318,SLI,19,4,10,625.0,6250.0
2021092205002317,SLI,20,4,290,625.0,181250.0
2021092205002332,SLI,58,58,10,627.0,6270.0
2021092205002327,SLI,45,11,10,625.0,6250.0
2021092205002326,SLI,45,38,10,625.0,6250.0
2021092205002323,SLI,45,4,15,625.0,9375.0
2021092205002343,SLI,34,57,10,630.0,6300.0
2021092205002342,SLI,34,28,10,627.0,6270.0
2021092205002336,SLI,45,58,10,625.0,6250.0
2021092205002334,SLI,58,54,10,627.0,6270.0
2021092205002351,SLI,10,41,10,627.0,6270.0
2021092205002349,SLI,10,45,10,627.0,6270.0
2021092205002344,SLI,34,58,10,630.0,6300.0
2021092205002362,SLI,45,58,10,625.0,6250.0
2021092205002356,SLI,10,4,60,627.0,37620.0
2021092205002355,SLI,10,45,10,627.0,6270.0
2021092205002354,SLI,10,11,10,627.0,6270.0
2021092205002369,SLI,45,56,10,625.0,6250.0
2021092205002368,SLI,7,58,10,626.0,6260.0
2021092205002373,SLI,45,11,10,625.0,6250.0
2021092205002394,SLI,6,46,10,625.0,6250.0
2021092205002391,SLI,58,4,100,627.0,62700.0
2021092205002390,SLI,6,58,10,625.0,6250.0
2021092205002402,SLI,10,35,20,626.0,12520.0
2021092205002401,SLI,10,53,10,626.0,6260.0
2021092205002400,SLI,10,11,10,626.0,6260.0
2021092205002399,SLI,6,58,10,625.0,6250.0
2021092205002397,SLI,6,57,10,625.0,6250.0
2021092205002396,SLI,6,51,10,625.0,6250.0
2021092205002410,SLI,10,53,10,626.0,6260.0
2021092205002407,SLI,10,45,10,626.0,6260.0
2021092205002406,SLI,10,56,10,626.0,6260.0
2021092205002404,SLI,10,16,10,626.0,6260.0
2021092205002403,SLI,10,32,10,626.0,6260.0
2021092205002419,SLI,10,21,10,626.0,6260.0
2021092205002418,SLI,10,6,10,626.0,6260.0
2021092205002415,SLI,10,6,10,626.0,6260.0
2021092205002413,SLI,16,57,80,626.5,50120.0
2021092205002411,SLI,10,46,10,626.0,6260.0
2021092205002429,SLI,1,57,10,624.0,6240.0
2021092205002428,SLI,6,16,10,625.0,6250.0
2021092205002426,SLI,6,32,10,625.0,6250.0
2021092205002422,SLI,6,58,10,625.0,6250.0
2021092205002421,SLI,6,26,10,625.0,6250.0
2021092205002432,SLI,57,42,10,625.0,6250.0
2021092205002431,SLI,45,38,10,623.0,6230.0
2021092205002446,SLI,22,42,80,623.0,49840.0
2021092205002445,SLI,45,42,20,623.0,12460.0
2021092205002443,SLI,45,28,10,623.0,6230.0
2021092205002440,SLI,45,20,10,623.0,6230.0
2021092205002460,SLI,34,28,10,623.0,6230.0
2021092205002459,SLI,58,48,10,623.0,6230.0
2021092205002453,SLI,58,55,10,623.0,6230.0
2021092205002451,SLI,22,35,10,623.0,6230.0
2021092205002447,SLI,22,29,10,623.0,6230.0
2021092205002474,SLI,8,14,10,623.0,6230.0
2021092205002472,SLI,8,45,10,623.0,6230.0
2021092205002470,SLI,8,11,10,623.0,6230.0
2021092205002465,SLI,8,58,10,623.0,6230.0
2021092205002463,SLI,34,26,10,623.0,6230.0
2021092205002461,SLI,34,25,10,623.0,6230.0
2021092205002481,SLI,39,4,50,627.0,31350.0
2021092205002480,SLI,39,36,10,626.0,6260.0
2021092205002479,SLI,39,58,10,626.0,6260.0
2021092205002478,SLI,39,58,10,625.0,6250.0
2021092205002477,SLI,39,49,10,624.0,6240.0
2021092205002476,SLI,39,49,10,624.0,6240.0
2021092205002496,SLI,29,32,10,624.0,6240.0
2021092205002490,SLI,41,39,10,624.0,6240.0
2021092205002487,SLI,8,21,10,623.0,6230.0
2021092205002486,SLI,8,41,10,623.0,6230.0
2021092205002482,SLI,8,25,10,623.0,6230.0
2021092205002506,SLI,26,49,10,624.0,6240.0
2021092205002505,SLI,29,25,10,624.0,6240.0
2021092205002503,SLI,29,54,10,624.0,6240.0
2021092205002502,SLI,29,58,10,624.0,6240.0
2021092205002498,SLI,29,25,10,624.0,6240.0
2021092205002514,SLI,44,4,10,623.0,6230.0
2021092205002512,SLI,8,14,10,623.0,6230.0
2021092205002511,SLI,8,17,10,623.0,6230.0
2021092205002510,SLI,8,39,10,623.0,6230.0
2021092205002509,SLI,8,7,10,623.0,6230.0
2021092205002508,SLI,8,19,10,623.0,6230.0
2021092205002524,SLI,19,40,10,623.0,6230.0
2021092205002520,SLI,19,48,10,623.0,6230.0
2021092205002516,SLI,57,54,10,623.0,6230.0
2021092205002526,SLI,52,52,10,623.0,6230.0
2021092205002539,ULI,58,22,10,636.0,6360.0
2021092205002536,ULI,58,49,10,636.0,6360.0
2021092205002535,ULI,58,38,10,636.0,6360.0
2021092205002534,ULI,58,25,10,636.0,6360.0
2021092205002525,ULI,58,25,10,636.0,6360.0
2021092205002523,ULI,58,25,10,636.0,6360.0
2021092205002055,ULI,8,14,10,642.9,6429.0
2021092205002117,ULI,59,1,430,644.0,276920.0
2021092205002105,ULI,34,35,10,643.0,6430.0
2021092205002086,ULI,59,1,20,644.0,12880.0
2021092205002074,ULI,34,38,10,643.0,6430.0
2021092205002069,ULI,34,38,10,643.0,6430.0
2021092205002065,ULI,34,38,10,642.9,6429.0
2021092205002129,ULI,53,47,10,645.0,6450.0
2021092205002128,ULI,53,44,10,645.0,6450.0
2021092205002127,ULI,53,21,10,645.0,6450.0
2021092205002126,ULI,34,36,10,643.0,6430.0
2021092205002119,ULI,59,46,10,644.0,6440.0
2021092205002118,ULI,59,16,10,644.0,6440.0
2021092205002135,ULI,53,36,10,645.0,6450.0
2021092205002134,ULI,53,45,10,645.0,6450.0
2021092205002133,ULI,53,49,10,645.0,6450.0
2021092205002132,ULI,53,16,10,645.0,6450.0
2021092205002131,ULI,53,21,10,645.0,6450.0
2021092205002130,ULI,53,54,10,645.0,6450.0
2021092205002151,ULI,48,52,10,645.0,6450.0
2021092205002150,ULI,48,34,10,645.0,6450.0
2021092205002142,ULI,49,41,10,643.0,6430.0
2021092205002138,ULI,8,44,10,643.0,6430.0
2021092205002137,ULI,34,59,10,643.0,6430.0
2021092205002136,ULI,53,36,10,645.0,6450.0
2021092205002163,ULI,48,20,110,647.0,71170.0
2021092205002162,ULI,48,49,10,646.6,6466.0
2021092205002161,ULI,48,53,10,646.0,6460.0
2021092205002160,ULI,48,38,10,646.0,6460.0
2021092205002159,ULI,48,40,10,646.0,6460.0
2021092205002152,ULI,48,32,10,645.0,6450.0
2021092205002182,ULI,38,16,10,646.0,6460.0
2021092205002181,ULI,38,38,10,646.0,6460.0
2021092205002179,ULI,38,58,10,646.0,6460.0
2021092205002178,ULI,38,45,10,646.0,6460.0
2021092205002171,ULI,48,46,10,647.0,6470.0
2021092205002164,ULI,48,8,10,647.0,6470.0
2021092205002196,ULI,58,44,10,648.7,6487.0
2021092205002191,ULI,53,57,10,648.0,6480.0
2021092205002186,ULI,53,6,10,648.0,6480.0
2021092205002185,ULI,53,49,10,647.7,6477.0
2021092205002184,ULI,53,57,10,647.7,6477.0
2021092205002183,ULI,53,49,10,647.0,6470.0
2021092205002205,ULI,58,49,10,648.7,6487.0
2021092205002204,ULI,45,38,20,649.0,12980.0
2021092205002203,ULI,45,43,50,649.0,32450.0
2021092205002202,ULI,45,32,10,649.0,6490.0
2021092205002201,ULI,45,43,10,649.0,6490.0
2021092205002200,ULI,45,58,10,648.8,6488.0
2021092205002231,ULI,19,16,50,649.7,32485.0
2021092205002230,ULI,19,58,10,649.0,6490.0
2021092205002229,ULI,19,34,60,649.0,38940.0
2021092205002219,ULI,44,57,30,649.0,19470.0
2021092205002214,ULI,19,57,10,649.0,6490.0
2021092205002206,ULI,58,45,10,648.7,6487.0
2021092205002237,ULI,19,32,10,650.0,6500.0
2021092205002236,ULI,19,48,100,650.0,65000.0
2021092205002235,ULI,19,7,10,650.0,6500.0
2021092205002234,ULI,19,49,30,650.0,19500.0
2021092205002233,ULI,19,20,10,650.0,6500.0
2021092205002232,ULI,19,28,10,649.7,6497.0
2021092205002250,ULI,10,10,10,648.7,6487.0
2021092205002247,ULI,5,1,180,650.0,117000.0
2021092205002246,ULI,5,59,10,650.0,6500.0
2021092205002245,ULI,5,45,10,650.0,6500.0
2021092205002240,ULI,49,58,10,648.8,6488.0
2021092205002238,ULI,19,49,10,650.0,6500.0
2021092205002308,ULI,52,36,10,646.0,6460.0
2021092205002307,ULI,52,19,10,646.0,6460.0
2021092205002297,ULI,38,38,10,646.0,6460.0
2021092205002263,ULI,41,58,10,648.0,6480.0
2021092205002260,ULI,41,22,10,648.0,6480.0
2021092205002255,ULI,41,38,10,648.0,6480.0
2021092205002330,ULI,35,17,10,644.0,6440.0
2021092205002329,ULI,35,45,10,644.0,6440.0
2021092205002328,ULI,53,45,40,644.0,25760.0
2021092205002311,ULI,53,17,10,644.0,6440.0
2021092205002310,ULI,52,49,70,646.0,45220.0
2021092205002309,ULI,52,17,10,646.0,6460.0
2021092205002341,ULI,49,38,10,643.0,6430.0
2021092205002339,ULI,46,59,40,644.0,25760.0
2021092205002338,ULI,35,59,10,644.0,6440.0
2021092205002335,ULI,35,17,10,644.0,6440.0
2021092205002333,ULI,35,21,10,644.0,6440.0
2021092205002331,ULI,7,49,10,646.0,6460.0
2021092205002358,ULI,7,42,10,643.0,6430.0
2021092205002357,ULI,52,45,10,643.0,6430.0
2021092205002352,ULI,52,29,10,643.0,6430.0
2021092205002348,ULI,49,49,10,643.0,6430.0
2021092205002347,ULI,49,57,10,643.0,6430.0
2021092205002345,ULI,49,6,110,643.0,70730.0
2021092205002405,ULI,49,52,10,641.0,6410.0
2021092205002398,ULI,49,34,10,641.0,6410.0
2021092205002395,ULI,49,58,10,641.0,6410.0
2021092205002372,ULI,49,34,10,641.0,6410.0
2021092205002360,ULI,49,38,10,641.0,6410.0
2021092205002359,ULI,7,38,10,643.0,6430.0
2021092205002423,ULI,40,44,10,640.0,6400.0
2021092205002420,ULI,40,57,10,640.0,6400.0
2021092205002417,ULI,40,38,10,640.0,6400.0
2021092205002416,ULI,40,28,10,640.0,6400.0
2021092205002412,ULI,40,55,50,640.0,32000.0
2021092205002409,ULI,49,38,65,641.0,41665.0
2021092205002442,ULI,58,38,10,637.0,6370.0
2021092205002441,ULI,22,38,10,639.0,6390.0
2021092205002433,ULI,22,21,10,639.0,6390.0
2021092205002430,ULI,40,57,10,640.0,6400.0
2021092205002427,ULI,19,38,10,641.0,6410.0
2021092205002425,ULI,19,38,135,641.0,86535.0
2021092205002455,ULI,42,52,30,635.0,19050.0
2021092205002452,ULI,42,38,10,635.0,6350.0
2021092205002450,ULI,5,38,10,635.1,6351.0
2021092205002449,ULI,59,52,30,636.0,19080.0
2021092205002448,ULI,22,52,40,636.0,25440.0
2021092205002444,ULI,22,28,10,636.0,6360.0
2021092205002466,ULI,29,52,30,636.0,19080.0
2021092205002464,ULI,47,25,10,635.0,6350.0
2021092205002462,ULI,47,38,10,635.0,6350.0
2021092205002458,ULI,21,47,10,635.0,6350.0
2021092205002457,ULI,21,52,20,635.0,12700.0
2021092205002456,ULI,25,52,50,635.0,31750.0
2021092205002475,ULI,47,25,10,635.0,6350.0
2021092205002473,ULI,47,38,10,635.0,6350.0
2021092205002471,ULI,47,28,10,635.0,6350.0
2021092205002469,ULI,47,38,10,635.0,6350.0
2021092205002468,ULI,29,57,10,636.0,6360.0
2021092205002467,ULI,29,17,10,636.0,6360.0
2021092205002491,ULI,47,8,10,635.0,6350.0
2021092205002489,ULI,47,52,10,635.0,6350.0
2021092205002488,ULI,47,45,10,635.0,6350.0
2021092205002485,ULI,47,21,10,635.0,6350.0
2021092205002484,ULI,47,41,10,635.0,6350.0
2021092205002483,ULI,47,59,10,635.0,6350.0
2021092205002500,ULI,58,38,10,635.0,6350.0
2021092205002499,ULI,42,38,10,636.0,6360.0
2021092205002497,ULI,58,8,10,635.0,6350.0
2021092205002495,ULI,11,3,10,636.0,6360.0
2021092205002494,ULI,11,49,10,636.0,6360.0
2021092205002493,ULI,58,39,10,635.0,6350.0
2021092205002518,ULI,49,4,10,637.0,6370.0
2021092205002517,ULI,58,39,10,635.0,6350.0
2021092205002515,ULI,58,25,10,635.0,6350.0
2021092205002513,ULI,58,57,10,635.0,6350.0
2021092205002507,ULI,58,38,10,635.0,6350.0
2021092205002504,ULI,58,38,10,635.0,6350.0
2021092205002040,JBLB,58,56,10,4400.0,44000.0
2021092205002039,JBLB,58,35,10,4400.0,44000.0
2021092205002038,JBLB,58,38,500,4410.0,2205000.0
2021092205002036,JBLB,34,38,70,4410.0,308700.0
2021092205002035,JBLB,34,19,10,4410.0,44100.0
2021092205001548,JBLB,41,49,10,4310.0,43100.0
2021092205001544,JBLB,41,56,10,4310.0,43100.0
2021092205001542,JBLB,41,38,10,4310.0,43100.0
2021092205001558,JBLB,25,45,10,4311.0,43110.0
2021092205001551,JBLB,41,38,10,4310.0,43100.0
2021092205001566,JBLB,42,56,10,4313.0,43130.0
2021092205001571,JBLB,42,58,10,4339.0,43390.0
2021092205001570,JBLB,42,56,10,4335.0,43350.0
2021092205001569,JBLB,42,6,10,4335.0,43350.0
2021092205001568,JBLB,42,59,20,4330.0,86600.0
2021092205001567,JBLB,42,43,40,4329.0,173160.0
2021092205001579,JBLB,42,45,10,4340.0,43400.0
2021092205001578,JBLB,42,1,10,4340.0,43400.0
2021092205001577,JBLB,42,45,10,4339.0,43390.0
2021092205001576,JBLB,42,58,20,4339.0,86780.0
2021092205001573,JBLB,25,7,10,4311.0,43110.0
2021092205001585,JBLB,57,58,10,4345.0,43450.0
2021092205001584,JBLB,42,34,10,4345.0,43450.0
2021092205001583,JBLB,42,42,10,4345.0,43450.0
2021092205001582,JBLB,42,19,10,4341.0,43410.0
2021092205001581,JBLB,42,11,10,4341.0,43410.0
2021092205001580,JBLB,42,17,10,4341.0,43410.0
2021092205001591,JBLB,41,38,10,4310.0,43100.0
2021092205001590,JBLB,25,59,10,4311.0,43110.0
2021092205001589,JBLB,25,58,10,4311.0,43110.0
2021092205001587,JBLB,57,4,10,4348.0,43480.0
2021092205001586,JBLB,57,54,10,4346.0,43460.0
2021092205001598,JBLB,58,16,50,4350.0,217500.0
2021092205001597,JBLB,58,58,10,4350.0,43500.0
2021092205001596,JBLB,58,57,10,4349.0,43490.0
2021092205001595,JBLB,58,45,100,4349.0,434900.0
2021092205001594,JBLB,58,4,40,4348.0,173920.0
2021092205001593,JBLB,58,34,10,4320.0,43200.0
2021092205001604,JBLB,58,50,10,4350.0,43500.0
2021092205001603,JBLB,58,45,10,4350.0,43500.0
2021092205001602,JBLB,58,38,10,4350.0,43500.0
2021092205001601,JBLB,58,49,10,4350.0,43500.0
2021092205001600,JBLB,58,22,10,4350.0,43500.0
2021092205001599,JBLB,58,51,10,4350.0,43500.0
2021092205001610,JBLB,58,44,10,4350.0,43500.0
2021092205001609,JBLB,58,35,10,4350.0,43500.0
2021092205001608,JBLB,58,28,20,4350.0,87000.0
2021092205001607,JBLB,58,49,10,4350.0,43500.0
2021092205001606,JBLB,58,25,10,4350.0,43500.0
2021092205001605,JBLB,58,17,20,4350.0,87000.0
2021092205001616,JBLB,58,58,10,4350.0,43500.0
2021092205001615,JBLB,58,58,10,4350.0,43500.0
2021092205001614,JBLB,58,21,10,4350.0,43500.0
2021092205001613,JBLB,58,1,10,4350.0,43500.0
2021092205001612,JBLB,58,34,10,4350.0,43500.0
2021092205001611,JBLB,58,6,10,4350.0,43500.0
2021092205001622,JBLB,58,35,10,4359.0,43590.0
2021092205001621,JBLB,58,47,20,4355.0,87100.0
2021092205001620,JBLB,58,49,10,4355.0,43550.0
2021092205001619,JBLB,58,49,10,4355.0,43550.0
2021092205001618,JBLB,58,17,30,4354.0,130620.0
2021092205001617,JBLB,58,38,"2,000",4351.0,8702000.0
2021092205001628,JBLB,58,41,10,4360.0,43600.0
2021092205001627,JBLB,58,58,10,4360.0,43600.0
2021092205001626,JBLB,58,58,10,4360.0,43600.0
2021092205001625,JBLB,58,16,10,4360.0,43600.0
2021092205001624,JBLB,58,35,10,4360.0,43600.0
2021092205001623,JBLB,58,52,10,4360.0,43600.0
2021092205001633,JBLB,58,59,10,4366.0,43660.0
2021092205001632,JBLB,58,45,10,4365.0,43650.0
2021092205001631,JBLB,58,46,10,4365.0,43650.0
2021092205001630,JBLB,58,58,10,4363.0,43630.0
2021092205001629,JBLB,58,49,10,4360.0,43600.0
2021092205001636,JBLB,58,21,100,4366.0,436600.0
2021092205001645,JBLB,25,25,10,4367.0,43670.0
2021092205001644,JBLB,25,37,10,4367.0,43670.0
2021092205001643,JBLB,58,26,20,4366.0,87320.0
2021092205001642,JBLB,58,34,10,4366.0,43660.0
2021092205001641,JBLB,58,52,10,4366.0,43660.0
2021092205001652,JBLB,45,28,30,4366.0,130980.0
2021092205001651,JBLB,45,8,10,4366.0,43660.0
2021092205001649,JBLB,45,14,10,4366.0,43660.0
2021092205001648,JBLB,58,14,40,4366.0,174640.0
2021092205001647,JBLB,58,49,10,4366.0,43660.0
2021092205001661,JBLB,58,14,10,4311.0,43110.0
2021092205001683,JBLB,41,45,20,4365.0,87300.0
2021092205001689,JBLB,41,45,20,4365.0,87300.0
2021092205001687,JBLB,41,45,20,4365.0,87300.0
2021092205001684,JBLB,58,45,10,4365.0,43650.0
2021092205001708,JBLB,41,7,10,4360.0,43600.0
2021092205001707,JBLB,41,52,10,4359.0,43590.0
2021092205001711,JBLB,48,4,30,4364.0,130920.0
2021092205001710,JBLB,41,7,10,4360.0,43600.0
2021092205001722,JBLB,1,35,10,4365.0,43650.0
2021092205001721,JBLB,1,34,10,4365.0,43650.0
2021092205001716,JBLB,41,45,10,4364.0,43640.0
2021092205001723,JBLB,33,43,10,4359.0,43590.0
2021092205001734,JBLB,28,7,10,4355.0,43550.0
2021092205001743,JBLB,29,38,20,4352.0,87040.0
2021092205001740,JBLB,28,45,10,4360.0,43600.0
2021092205001753,JBLB,33,17,100,4360.0,436000.0
2021092205001749,JBLB,59,35,10,4355.0,43550.0
2021092205001747,JBLB,11,26,16,4351.1,69617.6
2021092205001746,JBLB,32,38,10,4352.0,43520.0
2021092205001754,JBLB,33,45,10,4360.0,43600.0
2021092205001812,JBLB,42,25,10,4365.0,43650.0
2021092205001809,JBLB,38,7,10,4360.0,43600.0
2021092205001814,JBLB,52,50,10,4352.0,43520.0
2021092205001813,JBLB,42,45,10,4365.0,43650.0
2021092205001833,JBLB,32,26,10,4352.0,43520.0
2021092205001828,JBLB,3,49,10,4362.0,43620.0
2021092205001842,JBLB,38,37,10,4360.0,43600.0
2021092205001836,JBLB,16,41,5,4300.0,21500.0
2021092205001847,JBLB,58,6,10,4362.0,43620.0
2021092205001846,JBLB,25,57,10,4364.0,43640.0
2021092205001855,JBLB,58,45,210,4365.0,916650.0
2021092205001854,JBLB,58,49,10,4364.0,43640.0
2021092205001853,JBLB,58,56,10,4358.0,43580.0
2021092205001860,JBLB,58,35,10,4366.0,43660.0
2021092205001859,JBLB,58,29,10,4366.0,43660.0
2021092205001858,JBLB,58,56,10,4366.0,43660.0
2021092205001857,JBLB,58,28,10,4366.0,43660.0
2021092205001856,JBLB,58,57,20,4365.0,87300.0
2021092205001873,JBLB,16,6,20,4370.7,87414.0
2021092205001872,JBLB,16,36,10,4370.6,43706.0
2021092205001871,JBLB,16,6,10,4370.2,43702.0
2021092205001870,JBLB,16,53,10,4370.0,43700.0
2021092205001868,JBLB,35,58,10,4368.0,43680.0
2021092205001880,JBLB,59,29,10,4370.0,43700.0
2021092205001878,JBLB,35,38,10,4368.0,43680.0
2021092205001876,JBLB,43,56,10,4370.0,43700.0
2021092205001894,JBLB,33,29,10,4370.7,43707.0
2021092205001885,JBLB,33,6,10,4370.7,43707.0
2021092205001884,JBLB,34,6,20,4370.7,87414.0
2021092205001903,JBLB,25,58,10,4380.0,43800.0
2021092205001902,JBLB,25,41,10,4380.0,43800.0
2021092205001900,JBLB,45,53,10,4380.0,43800.0
2021092205001898,JBLB,45,43,10,4380.0,43800.0
2021092205001896,JBLB,50,47,10,4380.0,43800.0
2021092205001911,JBLB,42,58,5,4380.0,21900.0
2021092205001910,JBLB,59,58,15,4380.0,65700.0
2021092205001906,JBLB,43,58,10,4380.0,43800.0
2021092205001904,JBLB,33,38,10,4370.7,43707.0
2021092205001918,JBLB,25,38,10,4380.0,43800.0
2021092205001914,JBLB,1,35,10,4380.0,43800.0
2021092205001938,JBLB,34,6,10,4380.0,43800.0
2021092205001937,JBLB,52,57,10,4384.8,43848.0
2021092205001936,JBLB,25,32,10,4380.0,43800.0
2021092205001949,JBLB,58,58,10,4382.0,43820.0
2021092205001956,JBLB,16,45,10,4385.0,43850.0
2021092205001955,JBLB,16,57,20,4384.8,87696.0
2021092205001950,JBLB,10,43,10,4384.5,43845.0
2021092205001960,JBLB,16,17,10,4386.0,43860.0
2021092205001959,JBLB,16,57,40,4386.0,175440.0
2021092205001958,JBLB,16,57,10,4386.0,43860.0
2021092205001957,JBLB,16,56,10,4385.0,43850.0
2021092205001969,JBLB,17,21,10,4385.0,43850.0
2021092205001968,JBLB,48,16,10,4384.8,43848.0
2021092205001998,JBLB,57,36,20,4385.0,87700.0
2021092205002005,JBLB,58,34,10,4400.0,44000.0
2021092205002004,JBLB,58,47,20,4397.0,87940.0
2021092205002003,JBLB,58,49,10,4395.0,43950.0
2021092205002001,JBLB,57,56,10,4390.0,43900.0
2021092205002000,JBLB,57,26,20,4390.0,87800.0
2021092205001999,JBLB,57,41,10,4387.0,43870.0
2021092205002011,JBLB,58,49,10,4400.0,44000.0
2021092205002010,JBLB,58,14,10,4400.0,44000.0
2021092205002009,JBLB,58,36,10,4400.0,44000.0
2021092205002008,JBLB,58,26,20,4400.0,88000.0
2021092205002007,JBLB,58,3,70,4400.0,308000.0
2021092205002006,JBLB,58,34,10,4400.0,44000.0
2021092205002017,JBLB,58,38,10,4400.0,44000.0
2021092205002016,JBLB,58,34,10,4400.0,44000.0
2021092205002015,JBLB,58,26,10,4400.0,44000.0
2021092205002014,JBLB,58,16,10,4400.0,44000.0
2021092205002013,JBLB,58,44,10,4400.0,44000.0
2021092205002012,JBLB,58,6,10,4400.0,44000.0
2021092205002034,JBLB,34,17,10,4410.0,44100.0
2021092205002033,JBLB,34,41,10,4406.4,44064.0
2021092205002019,JBLB,58,43,30,4400.0,132000.0
2021092205002018,JBLB,58,41,10,4400.0,44000.0
2021092205001574,MKLB,41,57,3,1178.3,3534.9
2021092205001563,MKLB,57,57,7,1178.4,8248.8
2021092205002041,SLI,41,43,30,630.0,18900.0
2021092205001547,SLI,55,38,10,629.0,6290.0
2021092205001543,SLI,55,4,100,630.0,63000.0
2021092205001556,SLI,52,38,10,629.0,6290.0
2021092205001554,SLI,55,38,10,629.0,6290.0
2021092205001553,SLI,55,46,10,629.0,6290.0
2021092205001550,SLI,55,52,10,629.0,6290.0
2021092205001565,SLI,22,38,10,629.0,6290.0
2021092205001562,SLI,22,38,10,629.0,6290.0
2021092205001561,SLI,52,35,10,629.0,6290.0
2021092205001560,SLI,52,38,10,629.0,6290.0
2021092205001559,SLI,52,11,10,629.0,6290.0
2021092205001572,SLI,53,4,50,630.0,31500.0
2021092205001575,SLI,48,38,10,628.0,6280.0
2021092205001588,SLI,48,34,10,628.0,6280.0
2021092205001634,SLI,48,11,10,628.0,6280.0
2021092205001640,SLI,49,38,10,627.0,6270.0
2021092205001639,SLI,16,4,90,628.0,56520.0
2021092205001638,SLI,32,4,30,628.0,18840.0
2021092205001637,SLI,48,4,10,628.0,6280.0
2021092205001635,SLI,48,42,10,628.0,6280.0
2021092205001646,SLI,49,38,10,627.0,6270.0
2021092205001650,SLI,49,38,10,627.0,6270.0
2021092205001662,SLI,56,10,10,628.0,6280.0
2021092205001660,SLI,56,10,10,628.0,6280.0
2021092205001658,SLI,56,4,10,628.0,6280.0
2021092205001657,SLI,49,38,10,627.0,6270.0
2021092205001655,SLI,49,11,10,627.0,6270.0
2021092205001669,SLI,49,38,10,627.0,6270.0
2021092205001667,SLI,56,10,10,628.0,6280.0
2021092205001666,SLI,48,45,10,629.9,6299.0
2021092205001665,SLI,48,49,10,629.0,6290.0
2021092205001664,SLI,48,7,10,629.0,6290.0
2021092205001663,SLI,48,35,10,629.0,6290.0
2021092205001674,SLI,26,5,10,629.0,6290.0
2021092205001673,SLI,26,57,10,628.0,6280.0
2021092205001672,SLI,49,10,10,627.0,6270.0
2021092205001671,SLI,49,36,10,627.0,6270.0
2021092205001670,SLI,49,10,10,627.0,6270.0
2021092205001688,SLI,26,10,10,629.0,6290.0
2021092205001686,SLI,26,38,10,629.0,6290.0
2021092205001685,SLI,26,28,10,629.0,6290.0
2021092205001695,SLI,58,4,20,630.0,12600.0
2021092205001694,SLI,57,10,10,629.9,6299.0
2021092205001693,SLI,57,44,10,629.9,6299.0
2021092205001692,SLI,42,11,10,629.5,6295.0
2021092205001691,SLI,26,10,10,629.0,6290.0
2021092205001690,SLI,26,49,10,629.0,6290.0
2021092205001702,SLI,49,58,10,628.5,6285.0
2021092205001701,SLI,26,10,10,629.0,6290.0
2021092205001700,SLI,57,4,50,630.0,31500.0
2021092205001699,SLI,42,10,10,629.5,6295.0
2021092205001698,SLI,57,10,10,629.9,6299.0
2021092205001696,SLI,57,29,10,629.9,6299.0
2021092205001709,SLI,49,58,10,627.0,6270.0
2021092205001706,SLI,57,10,10,629.0,6290.0
2021092205001705,SLI,57,13,10,629.0,6290.0
2021092205001704,SLI,57,38,10,629.0,6290.0
2021092205001715,SLI,49,10,10,627.0,6270.0
2021092205001714,SLI,49,10,10,627.0,6270.0
2021092205001713,SLI,49,10,10,627.0,6270.0
2021092205001712,SLI,49,10,10,627.0,6270.0
2021092205001720,SLI,49,10,10,627.0,6270.0
2021092205001719,SLI,57,21,10,629.0,6290.0
2021092205001718,SLI,57,58,10,628.0,6280.0
2021092205001729,SLI,49,4,45,627.0,28215.0
2021092205001728,SLI,49,4,160,627.0,100320.0
2021092205001727,SLI,57,58,10,629.9,6299.0
2021092205001726,SLI,57,51,10,629.0,6290.0
2021092205001724,SLI,49,10,10,627.0,6270.0
2021092205001735,SLI,53,38,10,629.9,6299.0
2021092205001733,SLI,53,43,10,629.9,6299.0
2021092205001732,SLI,53,10,10,629.9,6299.0
2021092205001731,SLI,53,6,10,629.0,6290.0
2021092205001730,SLI,53,4,10,627.0,6270.0
2021092205001742,SLI,53,38,10,629.9,6299.0
2021092205001741,SLI,53,58,10,629.9,6299.0
2021092205001738,SLI,53,10,10,629.9,6299.0
2021092205001737,SLI,53,38,10,629.9,6299.0
2021092205001751,SLI,58,38,10,627.0,6270.0
2021092205001744,SLI,53,10,10,629.9,6299.0
2021092205001765,SLI,45,10,10,625.0,6250.0
2021092205001764,SLI,45,4,220,625.1,137522.0
2021092205001763,SLI,45,38,10,625.1,6251.0
2021092205001762,SLI,45,10,10,625.1,6251.0
2021092205001761,SLI,45,10,10,625.1,6251.0
2021092205001806,SLI,38,4,10,625.1,6251.0
2021092205001805,SLI,25,4,10,625.1,6251.0
2021092205001803,SLI,45,54,10,625.0,6250.0
2021092205001776,SLI,45,25,10,625.0,6250.0
2021092205001774,SLI,45,57,10,625.0,6250.0
2021092205001773,SLI,45,35,10,625.0,6250.0
2021092205001811,SLI,38,10,10,625.2,6252.0
2021092205001810,SLI,38,10,10,625.2,6252.0
2021092205001808,SLI,38,16,10,625.2,6252.0
2021092205001807,SLI,38,52,50,625.1,31255.0
2021092205001818,SLI,43,57,10,630.0,6300.0
2021092205001817,SLI,43,7,10,630.0,6300.0
2021092205001816,SLI,43,28,10,629.0,6290.0
2021092205001815,SLI,43,7,10,629.0,6290.0
2021092205001825,SLI,26,7,10,625.2,6252.0
2021092205001823,SLI,41,45,10,625.0,6250.0
2021092205001822,SLI,45,10,10,625.0,6250.0
2021092205001821,SLI,49,38,10,625.1,6251.0
2021092205001820,SLI,38,10,10,625.2,6252.0
2021092205001819,SLI,43,42,10,630.0,6300.0
2021092205001832,SLI,17,58,10,630.0,6300.0
2021092205001831,SLI,17,58,10,630.0,6300.0
2021092205001830,SLI,17,58,10,625.2,6252.0
2021092205001829,SLI,21,38,10,625.1,6251.0
2021092205001841,SLI,45,10,10,626.0,6260.0
2021092205001837,SLI,21,10,10,625.1,6251.0
2021092205001835,SLI,44,36,10,625.2,6252.0
2021092205001834,SLI,44,10,10,625.2,6252.0
2021092205001849,SLI,52,10,10,625.5,6255.0
2021092205001848,SLI,52,38,10,625.5,6255.0
2021092205001844,SLI,45,10,10,626.0,6260.0
2021092205001843,SLI,45,10,10,626.0,6260.0
2021092205001852,SLI,52,10,10,625.5,6255.0
2021092205001851,SLI,52,42,10,625.5,6255.0
2021092205001850,SLI,52,38,10,625.5,6255.0
2021092205001861,SLI,13,21,10,626.0,6260.0
2021092205001867,SLI,35,48,10,630.0,6300.0
2021092205001866,SLI,48,29,10,625.6,6256.0
2021092205001865,SLI,54,14,10,626.0,6260.0
2021092205001864,SLI,54,58,10,626.0,6260.0
2021092205001863,SLI,48,48,10,625.6,6256.0
2021092205001862,SLI,13,29,10,626.0,6260.0
2021092205001869,SLI,48,36,10,625.6,6256.0
2021092205001881,SLI,48,52,10,625.6,6256.0
2021092205001879,SLI,48,34,10,625.6,6256.0
2021092205001875,SLI,48,45,10,625.6,6256.0
2021092205001893,SLI,42,52,10,625.8,6258.0
2021092205001883,SLI,48,7,10,625.6,6256.0
2021092205001882,SLI,48,50,10,625.6,6256.0
2021092205001899,SLI,42,58,10,625.8,6258.0
2021092205001909,SLI,34,48,10,626.0,6260.0
2021092205001908,SLI,6,58,10,626.0,6260.0
2021092205001920,SLI,48,4,100,626.1,62610.0
2021092205001919,SLI,48,57,10,627.9,6279.0
2021092205001917,SLI,34,33,10,626.0,6260.0
2021092205001916,SLI,34,3,10,626.0,6260.0
2021092205001926,SLI,13,4,50,625.1,31255.0
2021092205001925,SLI,21,4,10,625.1,6251.0
2021092205001924,SLI,52,4,50,625.5,31275.0
2021092205001923,SLI,42,4,135,625.8,84483.0
2021092205001922,SLI,42,4,10,626.0,6260.0
2021092205001921,SLI,34,4,50,626.0,31300.0
2021092205001932,SLI,49,4,240,625.0,150000.0
2021092205001931,SLI,6,4,50,625.0,31250.0
2021092205001930,SLI,58,4,30,625.0,18750.0
2021092205001929,SLI,58,4,160,625.0,100000.0
2021092205001928,SLI,34,4,20,625.0,12500.0
2021092205001927,SLI,41,4,25,625.0,15625.0
2021092205001935,SLI,58,4,30,625.0,18750.0
2021092205001934,SLI,36,4,20,625.0,12500.0
2021092205001933,SLI,49,4,20,625.0,12500.0
2021092205001945,SLI,58,3,10,626.0,6260.0
2021092205001942,SLI,51,42,10,628.0,6280.0
2021092205001941,SLI,51,49,10,628.0,6280.0
2021092205001940,SLI,51,16,10,628.0,6280.0
2021092205001939,SLI,7,56,10,625.9,6259.0
2021092205001953,SLI,3,38,10,626.0,6260.0
2021092205001952,SLI,58,51,10,628.0,6280.0
2021092205001951,SLI,58,52,10,628.0,6280.0
2021092205001962,SLI,4,28,10,628.0,6280.0
2021092205001961,SLI,4,21,10,628.0,6280.0
2021092205001972,SLI,29,25,10,628.0,6280.0
2021092205001971,SLI,29,52,10,628.0,6280.0
2021092205001970,SLI,59,34,10,627.0,6270.0
2021092205001963,SLI,59,38,10,627.0,6270.0
2021092205001978,SLI,29,42,10,630.0,6300.0
2021092205001977,SLI,29,58,10,630.0,6300.0
2021092205001976,SLI,29,25,10,630.0,6300.0
2021092205001975,SLI,29,49,10,630.0,6300.0
2021092205001974,SLI,29,14,10,629.9,6299.0
2021092205001973,SLI,29,35,10,628.0,6280.0
2021092205001984,SLI,29,17,10,630.0,6300.0
2021092205001983,SLI,29,49,10,630.0,6300.0
2021092205001982,SLI,29,57,10,630.0,6300.0
2021092205001981,SLI,29,21,10,630.0,6300.0
2021092205001980,SLI,29,49,10,630.0,6300.0
2021092205001979,SLI,29,1,10,630.0,6300.0
2021092205001990,SLI,29,54,10,630.0,6300.0
2021092205001989,SLI,29,28,10,630.0,6300.0
2021092205001988,SLI,29,6,10,630.0,6300.0
2021092205001987,SLI,29,34,10,630.0,6300.0
2021092205001986,SLI,29,7,10,630.0,6300.0
2021092205001985,SLI,29,56,10,630.0,6300.0
2021092205001995,SLI,29,43,260,630.0,163800.0
2021092205001994,SLI,29,28,10,630.0,6300.0
2021092205001993,SLI,29,59,10,630.0,6300.0
2021092205001992,SLI,29,11,10,630.0,6300.0
2021092205001991,SLI,29,54,10,630.0,6300.0
2021092205002031,SLI,44,35,10,629.0,6290.0
2021092205002030,SLI,54,53,10,628.0,6280.0
2021092205002037,ULI,10,56,10,641.0,6410.0
2021092205002032,ULI,38,44,10,641.1,6411.0
2021092205002029,ULI,5,1,50,644.0,32200.0
2021092205002028,ULI,5,35,10,644.0,6440.0
2021092205002027,ULI,5,34,10,643.6,6436.0
2021092205002026,ULI,5,14,10,642.6,6426.0
2021092205001545,ULI,47,38,10,631.0,6310.0
2021092205001564,ULI,53,49,50,634.0,31700.0
2021092205001557,ULI,55,38,10,632.0,6320.0
2021092205001555,ULI,55,47,10,632.0,6320.0
2021092205001552,ULI,55,38,10,632.0,6320.0
2021092205001549,ULI,55,58,10,632.0,6320.0
2021092205001546,ULI,47,17,10,631.0,6310.0
2021092205001668,ULI,45,53,10,634.0,6340.0
2021092205001659,ULI,45,7,10,634.0,6340.0
2021092205001656,ULI,45,38,10,634.0,6340.0
2021092205001654,ULI,45,16,10,634.0,6340.0
2021092205001653,ULI,45,44,10,634.0,6340.0
2021092205001592,ULI,56,4,10,633.0,6330.0
2021092205001680,ULI,55,6,10,635.0,6350.0
2021092205001679,ULI,55,58,10,635.0,6350.0
2021092205001678,ULI,55,48,10,635.0,6350.0
2021092205001677,ULI,55,45,10,635.0,6350.0
2021092205001676,ULI,55,35,10,635.0,6350.0
2021092205001675,ULI,55,49,10,634.5,6345.0
2021092205001725,ULI,42,58,10,635.0,6350.0
2021092205001717,ULI,42,41,10,635.0,6350.0
2021092205001703,ULI,49,34,10,634.0,6340.0
2021092205001697,ULI,52,56,10,634.0,6340.0
2021092205001682,ULI,52,49,20,634.0,12680.0
2021092205001681,ULI,45,49,30,634.0,19020.0
2021092205001752,ULI,49,43,90,636.0,57240.0
2021092205001750,ULI,42,38,10,635.0,6350.0
2021092205001748,ULI,56,43,10,636.0,6360.0
2021092205001745,ULI,56,57,10,636.0,6360.0
2021092205001739,ULI,56,1,10,636.0,6360.0
2021092205001736,ULI,42,48,10,635.0,6350.0
2021092205001760,ULI,58,58,10,637.0,6370.0
2021092205001759,ULI,58,7,10,637.0,6370.0
2021092205001758,ULI,58,57,10,637.0,6370.0
2021092205001757,ULI,58,42,10,637.0,6370.0
2021092205001756,ULI,45,21,10,637.0,6370.0
2021092205001755,ULI,49,35,10,636.0,6360.0
2021092205001771,ULI,48,7,10,639.0,6390.0
2021092205001770,ULI,48,52,30,639.0,19170.0
2021092205001769,ULI,48,49,10,639.0,6390.0
2021092205001768,ULI,49,7,10,638.0,6380.0
2021092205001767,ULI,49,59,10,638.0,6380.0
2021092205001766,ULI,49,38,10,638.0,6380.0
2021092205001780,ULI,49,29,10,640.0,6400.0
2021092205001779,ULI,49,45,10,639.8,6398.0
2021092205001778,ULI,49,29,10,639.8,6398.0
2021092205001777,ULI,49,45,10,639.8,6398.0
2021092205001775,ULI,48,43,10,639.0,6390.0
2021092205001772,ULI,48,35,10,639.0,6390.0
2021092205001786,ULI,49,44,10,640.0,6400.0
2021092205001785,ULI,49,49,10,640.0,6400.0
2021092205001784,ULI,49,45,10,640.0,6400.0
2021092205001783,ULI,49,16,80,640.0,51200.0
2021092205001782,ULI,49,44,10,640.0,6400.0
2021092205001781,ULI,49,54,10,640.0,6400.0
2021092205001792,ULI,49,25,10,640.0,6400.0
2021092205001791,ULI,49,7,10,640.0,6400.0
2021092205001790,ULI,49,58,10,640.0,6400.0
2021092205001789,ULI,49,58,10,640.0,6400.0
2021092205001788,ULI,49,14,10,640.0,6400.0
2021092205001787,ULI,49,4,10,640.0,6400.0
2021092205001798,ULI,49,46,10,640.0,6400.0
2021092205001797,ULI,49,35,10,640.0,6400.0
2021092205001796,ULI,49,35,10,640.0,6400.0
2021092205001795,ULI,49,57,10,640.0,6400.0
2021092205001794,ULI,49,52,10,640.0,6400.0
2021092205001793,ULI,49,47,10,640.0,6400.0
2021092205001824,ULI,48,38,10,639.0,6390.0
2021092205001804,ULI,48,42,10,639.0,6390.0
2021092205001802,ULI,49,59,10,640.0,6400.0
2021092205001801,ULI,49,58,10,640.0,6400.0
2021092205001800,ULI,49,58,10,640.0,6400.0
2021092205001799,ULI,49,28,10,640.0,6400.0
2021092205001845,ULI,49,7,10,639.0,6390.0
2021092205001840,ULI,49,38,10,639.0,6390.0
2021092205001839,ULI,49,38,10,639.0,6390.0
2021092205001838,ULI,49,29,10,639.0,6390.0
2021092205001827,ULI,49,49,10,639.0,6390.0
2021092205001826,ULI,48,22,10,639.0,6390.0
2021092205001889,ULI,49,58,10,640.0,6400.0
2021092205001888,ULI,49,49,10,640.0,6400.0
2021092205001887,ULI,49,17,10,640.0,6400.0
2021092205001886,ULI,49,54,10,640.0,6400.0
2021092205001877,ULI,49,7,10,639.0,6390.0
2021092205001874,ULI,34,58,10,640.0,6400.0
2021092205001901,ULI,49,58,10,640.0,6400.0
2021092205001897,ULI,49,59,10,640.0,6400.0
2021092205001895,ULI,49,58,10,640.0,6400.0
2021092205001892,ULI,49,58,10,640.0,6400.0
2021092205001891,ULI,49,40,10,640.0,6400.0
2021092205001890,ULI,49,17,10,640.0,6400.0
2021092205001943,ULI,51,35,10,640.0,6400.0
2021092205001915,ULI,51,22,10,640.0,6400.0
2021092205001913,ULI,48,45,80,641.0,51280.0
2021092205001912,ULI,48,56,10,640.7,6407.0
2021092205001907,ULI,51,29,10,640.0,6400.0
2021092205001905,ULI,51,4,10,640.0,6400.0
2021092205001964,ULI,10,34,10,641.0,6410.0
2021092205001954,ULI,10,10,20,641.0,12820.0
2021092205001948,ULI,29,10,180,641.0,115380.0
2021092205001947,ULI,29,45,120,641.0,76920.0
2021092205001946,ULI,45,43,10,640.0,6400.0
2021092205001944,ULI,51,29,10,640.0,6400.0
2021092205002002,ULI,10,35,10,641.0,6410.0
2021092205001997,ULI,10,48,10,641.0,6410.0
2021092205001996,ULI,10,35,10,641.0,6410.0
2021092205001967,ULI,10,57,10,641.0,6410.0
2021092205001966,ULI,10,38,10,641.0,6410.0
2021092205001965,ULI,42,4,30,642.0,19260.0
2021092205002025,ULI,5,35,10,642.5,6425.0
2021092205002024,ULI,5,35,10,642.0,6420.0
2021092205002023,ULI,5,37,10,642.0,6420.0
2021092205002022,ULI,5,44,10,642.0,6420.0
2021092205002021,ULI,5,4,10,642.0,6420.0
2021092205002020,ULI,5,4,70,642.0,44940.0
2021092205001052,JBLB,33,6,10,4260.0,42600.0
2021092205001051,JBLB,26,57,10,4263.0,42630.0
2021092205001049,JBLB,52,57,10,4261.0,42610.0
2021092205001046,JBLB,54,39,10,4262.0,42620.0
2021092205001056,JBLB,33,55,90,4260.0,383400.0
2021092205001076,JBLB,32,7,10,4255.0,42550.0
2021092205001073,JBLB,7,56,10,4257.0,42570.0
2021092205001072,JBLB,7,52,10,4257.0,42570.0
2021092205001084,JBLB,32,45,10,4257.5,42575.0
2021092205001080,JBLB,32,58,10,4257.5,42575.0
2021092205001078,JBLB,32,26,10,4257.0,42570.0
2021092205001077,JBLB,32,56,10,4257.0,42570.0
2021092205001086,JBLB,45,45,50,4252.0,212600.0
2021092205001085,JBLB,54,45,10,4253.0,42530.0
2021092205001098,JBLB,32,57,31,4250.0,131750.0
2021092205001097,JBLB,26,57,20,4251.0,85020.0
2021092205001096,JBLB,8,45,10,4252.0,42520.0
2021092205001100,JBLB,59,8,10,4250.0,42500.0
2021092205001099,JBLB,59,57,14,4250.0,59500.0
2021092205001114,JBLB,59,57,10,4250.0,42500.0
2021092205001113,JBLB,54,57,10,4251.0,42510.0
2021092205001112,JBLB,42,57,20,4251.0,85020.0
2021092205001111,JBLB,3,45,50,4252.0,212600.0
2021092205001137,JBLB,49,17,20,4250.0,85000.0
2021092205001135,JBLB,59,45,56,4250.0,238000.0
2021092205001149,JBLB,34,49,10,4260.0,42600.0
2021092205001148,JBLB,34,55,10,4260.0,42600.0
2021092205001147,JBLB,34,57,10,4250.0,42500.0
2021092205001144,JBLB,49,45,10,4250.0,42500.0
2021092205001153,JBLB,16,57,10,4281.0,42810.0
2021092205001165,JBLB,28,17,20,4299.0,85980.0
2021092205001163,JBLB,58,45,4,4250.0,17000.0
2021092205001173,JBLB,28,25,10,4300.0,43000.0
2021092205001170,JBLB,28,7,10,4300.0,43000.0
2021092205001169,JBLB,28,7,10,4300.0,43000.0
2021092205001168,JBLB,28,58,10,4300.0,43000.0
2021092205001167,JBLB,28,49,200,4300.0,860000.0
2021092205001166,JBLB,28,57,10,4300.0,43000.0
2021092205001183,JBLB,34,45,10,4310.0,43100.0
2021092205001179,JBLB,34,49,10,4310.0,43100.0
2021092205001174,JBLB,28,10,10,4300.0,43000.0
2021092205001190,JBLB,58,53,10,4335.0,43350.0
2021092205001189,JBLB,58,38,70,4332.0,303240.0
2021092205001188,JBLB,58,17,10,4328.0,43280.0
2021092205001187,JBLB,3,6,20,4320.0,86400.0
2021092205001186,JBLB,34,53,10,4310.0,43100.0
2021092205001194,JBLB,3,10,10,4320.0,43200.0
2021092205001193,JBLB,58,52,40,4340.1,173604.0
2021092205001192,JBLB,58,44,10,4340.0,43400.0
2021092205001191,JBLB,58,21,10,4335.0,43350.0
2021092205001205,JBLB,16,54,10,4339.0,43390.0
2021092205001202,JBLB,3,59,10,4340.0,43400.0
2021092205001201,JBLB,3,17,20,4340.0,86800.0
2021092205001200,JBLB,3,26,20,4339.0,86780.0
2021092205001212,JBLB,33,26,20,4340.0,86800.0
2021092205001211,JBLB,33,59,170,4340.0,737800.0
2021092205001210,JBLB,34,22,10,4339.9,43399.0
2021092205001209,JBLB,33,22,10,4339.0,43390.0
2021092205001208,JBLB,57,59,20,4340.0,86800.0
2021092205001206,JBLB,33,25,10,4339.0,43390.0
2021092205001219,JBLB,34,58,10,4340.0,43400.0
2021092205001217,JBLB,3,52,10,4340.1,43401.0
2021092205001214,JBLB,3,17,20,4340.0,86800.0
2021092205001213,JBLB,3,32,10,4339.0,43390.0
2021092205001226,JBLB,3,57,10,4345.0,43450.0
2021092205001225,JBLB,3,36,10,4345.0,43450.0
2021092205001224,JBLB,3,45,10,4345.0,43450.0
2021092205001223,JBLB,34,17,100,4343.0,434300.0
2021092205001222,JBLB,34,44,20,4342.0,86840.0
2021092205001221,JBLB,34,26,20,4342.0,86840.0
2021092205001234,JBLB,38,58,10,4350.0,43500.0
2021092205001233,JBLB,38,58,10,4350.0,43500.0
2021092205001232,JBLB,38,11,10,4350.0,43500.0
2021092205001228,JBLB,3,11,10,4350.0,43500.0
2021092205001227,JBLB,3,26,10,4349.0,43490.0
2021092205001240,JBLB,34,16,10,4350.0,43500.0
2021092205001239,JBLB,34,33,100,4350.0,435000.0
2021092205001238,JBLB,34,13,10,4350.0,43500.0
2021092205001237,JBLB,34,17,70,4350.0,304500.0
2021092205001236,JBLB,34,17,10,4350.0,43500.0
2021092205001235,JBLB,38,17,20,4350.0,87000.0
2021092205001247,JBLB,34,25,10,4350.0,43500.0
2021092205001246,JBLB,34,34,20,4350.0,87000.0
2021092205001242,JBLB,34,38,10,4350.0,43500.0
2021092205001241,JBLB,34,57,10,4350.0,43500.0
2021092205001252,JBLB,34,26,10,4350.0,43500.0
2021092205001251,JBLB,14,17,70,4354.0,304780.0
2021092205001250,JBLB,14,57,20,4353.9,87078.0
2021092205001249,JBLB,14,26,10,4353.0,43530.0
2021092205001259,JBLB,34,26,30,4350.0,130500.0
2021092205001266,JBLB,16,17,10,4350.0,43500.0
2021092205001264,JBLB,16,58,10,4350.0,43500.0
2021092205001263,JBLB,34,52,10,4350.0,43500.0
2021092205001260,JBLB,34,51,10,4350.0,43500.0
2021092205001276,JBLB,33,58,10,4349.0,43490.0
2021092205001272,JBLB,34,25,10,4343.0,43430.0
2021092205001269,JBLB,34,17,50,4343.0,217150.0
2021092205001285,JBLB,32,58,10,4344.0,43440.0
2021092205001283,JBLB,33,56,20,4343.0,86860.0
2021092205001282,JBLB,51,56,10,4343.0,43430.0
2021092205001279,JBLB,51,14,10,4342.9,43429.0
2021092205001287,JBLB,33,17,10,4343.0,43430.0
2021092205001299,JBLB,28,21,10,4300.0,43000.0
2021092205001301,JBLB,3,3,10,4301.0,43010.0
2021092205001320,JBLB,3,38,80,4301.0,344080.0
2021092205001319,JBLB,45,38,10,4307.0,43070.0
2021092205001318,JBLB,33,38,10,4308.0,43080.0
2021092205001327,JBLB,3,38,10,4301.0,43010.0
2021092205001326,JBLB,45,38,10,4310.0,43100.0
2021092205001325,JBLB,59,58,10,4342.0,43420.0
2021092205001324,JBLB,59,33,20,4341.0,86820.0
2021092205001323,JBLB,59,21,10,4341.0,43410.0
2021092205001331,JBLB,16,38,80,4281.0,342480.0
2021092205001330,JBLB,51,38,90,4285.0,385650.0
2021092205001329,JBLB,14,38,10,4290.0,42900.0
2021092205001328,JBLB,28,38,10,4300.0,43000.0
2021092205001346,JBLB,58,17,10,4283.0,42830.0
2021092205001343,JBLB,34,1,10,4340.0,43400.0
2021092205001363,JBLB,51,49,10,4283.0,42830.0
2021092205001358,JBLB,33,57,10,4300.0,43000.0
2021092205001371,JBLB,1,14,10,4300.0,43000.0
2021092205001382,JBLB,21,1,10,4300.0,43000.0
2021092205001377,JBLB,21,39,10,4300.0,43000.0
2021092205001386,JBLB,38,10,10,4310.0,43100.0
2021092205001384,JBLB,33,58,10,4310.0,43100.0
2021092205001406,JBLB,38,22,10,4310.0,43100.0
2021092205001415,JBLB,38,21,10,4310.0,43100.0
2021092205001438,JBLB,16,45,20,4311.0,86220.0
2021092205001437,JBLB,45,45,10,4311.0,43110.0
2021092205001435,JBLB,45,11,10,4311.0,43110.0
2021092205001446,JBLB,38,45,50,4311.0,215550.0
2021092205001442,JBLB,26,45,10,4311.0,43110.0
2021092205001451,JBLB,33,38,10,4300.0,43000.0
2021092205001462,JBLB,6,45,10,4311.0,43110.0
2021092205001479,JBLB,49,45,10,4311.0,43110.0
2021092205001473,JBLB,57,42,10,4300.0,43000.0
2021092205001491,JBLB,48,45,10,4330.0,43300.0
2021092205001496,JBLB,52,59,10,4285.0,42850.0
2021092205001505,JBLB,41,44,10,4310.0,43100.0
2021092205001503,JBLB,41,41,10,4310.0,43100.0
2021092205001481,MKLB,45,58,10,1197.5,11975.0
2021092205001261,MKLB,45,13,10,1197.5,11975.0
2021092205001245,MKLB,45,38,10,1197.5,11975.0
2021092205001181,MKLB,58,38,10,1178.3,11783.0
2021092205001541,SLI,55,45,10,629.0,6290.0
2021092205001539,SLI,55,38,10,629.0,6290.0
2021092205001536,SLI,55,52,10,629.0,6290.0
2021092205001535,SLI,48,19,10,628.0,6280.0
2021092205001533,SLI,42,4,30,630.0,18900.0
2021092205001532,SLI,42,58,10,630.0,6300.0
2021092205001042,SLI,21,4,10,630.0,6300.0
2021092205001053,SLI,34,10,10,627.0,6270.0
2021092205001044,SLI,49,19,10,628.0,6280.0
2021092205001063,SLI,21,21,10,627.0,6270.0
2021092205001061,SLI,58,21,10,628.0,6280.0
2021092205001060,SLI,58,44,10,628.0,6280.0
2021092205001058,SLI,21,1,10,627.0,6270.0
2021092205001055,SLI,21,7,10,627.0,6270.0
2021092205001069,SLI,21,10,10,627.0,6270.0
2021092205001067,SLI,21,38,10,627.0,6270.0
2021092205001065,SLI,19,22,10,627.9,6279.0
2021092205001082,SLI,35,52,10,627.0,6270.0
2021092205001079,SLI,21,13,10,627.0,6270.0
2021092205001092,SLI,55,7,10,627.0,6270.0
2021092205001091,SLI,55,58,10,627.0,6270.0
2021092205001090,SLI,55,57,10,627.0,6270.0
2021092205001089,SLI,35,10,10,625.0,6250.0
2021092205001095,SLI,55,4,50,630.0,31500.0
2021092205001094,SLI,55,34,10,629.9,6299.0
2021092205001093,SLI,55,41,10,628.0,6280.0
2021092205001106,SLI,35,10,10,625.0,6250.0
2021092205001105,SLI,35,43,10,625.0,6250.0
2021092205001102,SLI,46,38,10,625.0,6250.0
2021092205001101,SLI,35,50,10,625.0,6250.0
2021092205001115,SLI,57,41,10,628.0,6280.0
2021092205001110,SLI,47,38,10,625.0,6250.0
2021092205001121,SLI,45,38,10,625.0,6250.0
2021092205001120,SLI,45,45,10,625.0,6250.0
2021092205001119,SLI,45,10,10,625.0,6250.0
2021092205001118,SLI,45,57,50,625.0,31250.0
2021092205001117,SLI,47,57,150,625.0,93750.0
2021092205001116,SLI,58,4,35,630.0,22050.0
2021092205001134,SLI,36,10,10,623.0,6230.0
2021092205001131,SLI,16,57,10,628.0,6280.0
2021092205001130,SLI,16,14,10,625.0,6250.0
2021092205001129,SLI,50,6,10,623.0,6230.0
2021092205001127,SLI,45,38,10,625.0,6250.0
2021092205001122,SLI,45,39,10,625.0,6250.0
2021092205001143,SLI,36,10,10,623.0,6230.0
2021092205001142,SLI,41,39,10,628.0,6280.0
2021092205001138,SLI,38,39,10,628.0,6280.0
2021092205001136,SLI,58,4,100,630.0,63000.0
2021092205001146,SLI,3,4,50,630.0,31500.0
2021092205001145,SLI,10,52,10,623.0,6230.0
2021092205001156,SLI,57,34,10,628.0,6280.0
2021092205001155,SLI,57,45,10,625.0,6250.0
2021092205001154,SLI,57,34,10,625.0,6250.0
2021092205001152,SLI,49,50,10,624.0,6240.0
2021092205001151,SLI,10,45,10,623.0,6230.0
2021092205001164,SLI,36,34,10,623.0,6230.0
2021092205001159,SLI,49,10,10,624.0,6240.0
2021092205001158,SLI,57,4,160,630.0,100800.0
2021092205001157,SLI,57,38,10,628.0,6280.0
2021092205001182,SLI,6,21,10,625.0,6250.0
2021092205001177,SLI,6,21,10,625.0,6250.0
2021092205001176,SLI,6,38,10,625.0,6250.0
2021092205001184,SLI,6,21,10,625.0,6250.0
2021092205001196,SLI,42,49,10,628.0,6280.0
2021092205001195,SLI,42,21,10,628.0,6280.0
2021092205001199,SLI,42,58,10,628.0,6280.0
2021092205001197,SLI,42,53,10,628.0,6280.0
2021092205001216,SLI,45,41,10,628.0,6280.0
2021092205001215,SLI,42,29,10,628.0,6280.0
2021092205001230,SLI,6,35,10,625.0,6250.0
2021092205001244,SLI,6,38,10,625.0,6250.0
2021092205001243,SLI,6,5,10,625.0,6250.0
2021092205001253,SLI,6,57,10,625.0,6250.0
2021092205001248,SLI,6,56,10,625.0,6250.0
2021092205001258,SLI,1,4,10,625.0,6250.0
2021092205001257,SLI,16,4,10,625.0,6250.0
2021092205001256,SLI,6,4,380,625.0,237500.0
2021092205001255,SLI,6,45,10,625.0,6250.0
2021092205001254,SLI,6,45,10,625.0,6250.0
2021092205001267,SLI,49,57,10,624.0,6240.0
2021092205001265,SLI,49,38,10,624.0,6240.0
2021092205001278,SLI,58,44,10,624.0,6240.0
2021092205001277,SLI,45,19,10,623.0,6230.0
2021092205001275,SLI,51,38,10,624.0,6240.0
2021092205001284,SLI,58,48,10,624.0,6240.0
2021092205001280,SLI,58,44,10,624.0,6240.0
2021092205001291,SLI,58,21,10,624.0,6240.0
2021092205001290,SLI,58,17,10,624.0,6240.0
2021092205001289,SLI,58,3,10,624.0,6240.0
2021092205001288,SLI,58,48,10,624.0,6240.0
2021092205001286,SLI,58,58,10,624.0,6240.0
2021092205001297,SLI,51,17,10,624.0,6240.0
2021092205001296,SLI,16,49,10,625.0,6250.0
2021092205001295,SLI,16,7,10,625.0,6250.0
2021092205001294,SLI,51,34,10,624.0,6240.0
2021092205001293,SLI,58,57,10,624.0,6240.0
2021092205001311,SLI,34,7,10,625.0,6250.0
2021092205001310,SLI,17,55,10,625.0,6250.0
2021092205001303,SLI,51,39,10,624.0,6240.0
2021092205001302,SLI,51,58,40,624.0,24960.0
2021092205001300,SLI,51,17,10,624.0,6240.0
2021092205001316,SLI,45,36,10,623.0,6230.0
2021092205001315,SLI,34,29,10,625.0,6250.0
2021092205001312,SLI,51,3,10,624.0,6240.0
2021092205001322,SLI,45,7,10,623.0,6230.0
2021092205001333,SLI,58,36,10,625.0,6250.0
2021092205001332,SLI,58,35,10,624.0,6240.0
2021092205001339,SLI,34,29,10,628.0,6280.0
2021092205001338,SLI,34,57,10,628.0,6280.0
2021092205001337,SLI,34,16,10,628.0,6280.0
2021092205001336,SLI,34,4,10,626.0,6260.0
2021092205001335,SLI,34,41,10,626.0,6260.0
2021092205001334,SLI,58,34,10,625.0,6250.0
2021092205001345,SLI,58,21,10,625.0,6250.0
2021092205001344,SLI,58,43,10,625.0,6250.0
2021092205001341,SLI,34,36,20,628.0,12560.0
2021092205001340,SLI,34,58,10,628.0,6280.0
2021092205001356,SLI,14,36,10,625.0,6250.0
2021092205001353,SLI,14,43,10,625.0,6250.0
2021092205001352,SLI,14,38,10,625.0,6250.0
2021092205001350,SLI,14,36,10,625.0,6250.0
2021092205001349,SLI,34,58,10,628.0,6280.0
2021092205001348,SLI,34,36,20,628.0,12560.0
2021092205001366,SLI,14,57,10,625.0,6250.0
2021092205001365,SLI,14,6,10,625.0,6250.0
2021092205001362,SLI,14,7,10,625.0,6250.0
2021092205001359,SLI,14,43,10,625.0,6250.0
2021092205001373,SLI,49,35,10,626.1,6261.0
2021092205001372,SLI,49,39,10,626.1,6261.0
2021092205001370,SLI,48,39,10,625.0,6250.0
2021092205001368,SLI,14,38,10,625.0,6250.0
2021092205001367,SLI,14,43,10,625.0,6250.0
2021092205001381,SLI,48,57,10,625.0,6250.0
2021092205001379,SLI,48,43,10,625.0,6250.0
2021092205001378,SLI,48,39,10,625.0,6250.0
2021092205001374,SLI,48,33,10,625.0,6250.0
2021092205001403,SLI,22,35,10,627.0,6270.0
