Transact. No.,Symbol,Buyer,Seller,Quantity,Rate,Amount
2021093005002727,JBLB,14,7,20,4000.1,80002.0
2021093005002726,JBLB,46,7,10,4002.0,40020.0
2021093005002725,JBLB,18,7,40,4002.0,160080.0
2021093005002724,JBLB,18,52,10,4002.0,40020.0
2021093005002721,JBLB,42,22,10,4002.0,40020.0
2021093005002720,JBLB,42,58,40,4002.0,160080.0
2021093005002238,JBLB,52,38,10,4040.0,40400.0
2021093005002234,JBLB,56,32,10,4050.0,40500.0
2021093005002233,JBLB,4,21,10,4050.0,40500.0
2021093005002245,JBLB,58,33,10,4050.0,40500.0
2021093005002241,JBLB,56,49,10,4040.0,40400.0
2021093005002240,JBLB,56,32,20,4040.0,80800.0
2021093005002239,JBLB,44,32,10,4040.0,40400.0
2021093005002251,JBLB,58,7,20,4051.0,81020.0
2021093005002250,JBLB,58,4,10,4051.0,40510.0
2021093005002246,JBLB,58,57,10,4050.0,40500.0
2021093005002255,JBLB,43,21,10,4041.0,40410.0
2021093005002252,JBLB,43,7,30,4041.0,121230.0
2021093005002263,JBLB,56,57,10,4041.1,40411.0
2021093005002271,JBLB,56,21,10,4041.1,40411.0
2021093005002279,JBLB,56,6,20,4041.1,80822.0
2021093005002293,JBLB,56,32,100,4041.1,404110.0
2021093005002288,JBLB,56,41,10,4041.1,40411.0
2021093005002304,JBLB,43,20,10,4042.0,40420.0
2021093005002300,JBLB,43,57,42,4040.1,169684.2
2021093005002313,JBLB,56,21,10,4042.1,40421.0
2021093005002311,JBLB,56,55,10,4042.1,40421.0
2021093005002310,JBLB,56,14,50,4042.1,202105.0
2021093005002309,JBLB,56,47,10,4042.1,40421.0
2021093005002325,JBLB,56,14,50,4042.1,202105.0
2021093005002316,JBLB,56,58,10,4042.1,40421.0
2021093005002341,JBLB,56,58,10,4042.1,40421.0
2021093005002340,JBLB,56,59,10,4042.1,40421.0
2021093005002357,JBLB,56,58,10,4042.1,40421.0
2021093005002376,JBLB,56,1,10,4042.1,40421.0
2021093005002374,JBLB,56,47,30,4042.1,121263.0
2021093005002370,JBLB,56,57,10,4042.1,40421.0
2021093005002383,JBLB,56,38,10,4042.1,40421.0
2021093005002382,JBLB,56,13,10,4042.1,40421.0
2021093005002377,JBLB,56,41,10,4042.1,40421.0
2021093005002387,JBLB,29,39,10,4041.3,40413.0
2021093005002386,JBLB,56,1,60,4042.1,242526.0
2021093005002385,JBLB,56,58,10,4042.1,40421.0
2021093005002398,JBLB,20,14,15,4032.0,60480.0
2021093005002397,JBLB,34,14,15,4035.0,60525.0
2021093005002396,JBLB,29,14,20,4041.3,80826.0
2021093005002394,JBLB,29,32,10,4041.3,40413.0
2021093005002409,JBLB,45,42,10,4031.0,40310.0
2021093005002407,JBLB,58,8,10,4030.0,40300.0
2021093005002403,JBLB,20,45,10,4032.0,40320.0
2021093005002416,JBLB,58,52,10,4030.0,40300.0
2021093005002412,JBLB,58,55,10,4030.0,40300.0
2021093005002428,JBLB,58,58,880,4030.0,3546400.0
2021093005002426,JBLB,58,57,10,4030.0,40300.0
2021093005002421,JBLB,8,28,10,4032.0,40320.0
2021093005002434,JBLB,14,49,10,4030.0,40300.0
2021093005002429,JBLB,43,58,20,4030.0,80600.0
2021093005002448,JBLB,28,14,10,4020.0,40200.0
2021093005002447,JBLB,29,14,30,4020.3,120609.0
2021093005002446,JBLB,21,14,10,4022.0,40220.0
2021093005002445,JBLB,45,35,10,4030.0,40300.0
2021093005002437,JBLB,57,16,10,4025.0,40250.0
2021093005002458,JBLB,41,32,10,4020.0,40200.0
2021093005002457,JBLB,11,32,10,4020.0,40200.0
2021093005002456,JBLB,41,32,10,4020.0,40200.0
2021093005002455,JBLB,47,32,10,4020.0,40200.0
2021093005002464,JBLB,45,32,10,4020.0,40200.0
2021093005002461,JBLB,57,35,10,4015.1,40151.0
2021093005002474,JBLB,55,8,10,4010.0,40100.0
2021093005002467,JBLB,57,45,10,4015.1,40151.0
2021093005002480,JBLB,58,57,40,4008.2,160328.0
2021093005002479,JBLB,11,57,10,4009.0,40090.0
2021093005002478,JBLB,42,47,20,4020.0,80400.0
2021093005002477,JBLB,42,49,10,4020.0,40200.0
2021093005002476,JBLB,42,32,50,4020.0,201000.0
2021093005002475,JBLB,8,26,10,4010.0,40100.0
2021093005002486,JBLB,58,35,10,4008.2,40082.0
2021093005002484,JBLB,34,56,10,4011.0,40110.0
2021093005002483,JBLB,7,42,10,4010.0,40100.0
2021093005002489,JBLB,58,52,10,4008.2,40082.0
2021093005002502,JBLB,45,21,10,4010.0,40100.0
2021093005002499,JBLB,45,58,10,4010.0,40100.0
2021093005002506,JBLB,58,14,40,4008.2,160328.0
2021093005002505,JBLB,45,14,10,4010.0,40100.0
2021093005002504,JBLB,45,56,10,4010.0,40100.0
2021093005002517,JBLB,42,34,10,4010.0,40100.0
2021093005002513,JBLB,45,21,10,4008.2,40082.0
2021093005002523,JBLB,4,51,10,4008.2,40082.0
2021093005002518,JBLB,34,11,10,4008.0,40080.0
2021093005002532,JBLB,25,58,10,4008.2,40082.0
2021093005002527,JBLB,34,36,10,4008.0,40080.0
2021093005002550,JBLB,19,21,10,4017.0,40170.0
2021093005002549,JBLB,19,21,10,4014.0,40140.0
2021093005002555,JBLB,19,42,10,4017.0,40170.0
2021093005002553,JBLB,19,50,10,4017.0,40170.0
2021093005002568,JBLB,46,38,10,4017.0,40170.0
2021093005002567,JBLB,34,42,10,4008.0,40080.0
2021093005002566,JBLB,34,33,10,4008.0,40080.0
2021093005002560,JBLB,34,59,10,4008.0,40080.0
2021093005002576,JBLB,42,49,10,4017.0,40170.0
2021093005002581,JBLB,42,58,10,4008.0,40080.0
2021093005002579,JBLB,45,41,10,4008.0,40080.0
2021093005002578,JBLB,29,14,50,4009.0,200450.0
2021093005002589,JBLB,35,1,10,4010.0,40100.0
2021093005002588,JBLB,35,13,10,4010.0,40100.0
2021093005002619,JBLB,48,32,10,4005.0,40050.0
2021093005002618,JBLB,38,32,10,4006.0,40060.0
2021093005002617,JBLB,38,22,10,4006.0,40060.0
2021093005002615,JBLB,38,42,10,4006.0,40060.0
2021093005002611,JBLB,25,35,10,4010.0,40100.0
2021093005002628,JBLB,19,58,10,4005.0,40050.0
2021093005002625,JBLB,21,58,10,4006.0,40060.0
2021093005002623,JBLB,34,32,150,4001.0,600150.0
2021093005002622,JBLB,48,32,10,4001.0,40010.0
2021093005002621,JBLB,20,32,10,4005.0,40050.0
2021093005002620,JBLB,44,32,10,4005.0,40050.0
2021093005002639,JBLB,42,14,10,4003.0,40030.0
2021093005002632,JBLB,58,52,10,4002.0,40020.0
2021093005002649,JBLB,28,3,10,4000.1,40001.0
2021093005002648,JBLB,34,3,20,4000.1,80002.0
2021093005002646,JBLB,16,34,10,4000.1,40001.0
2021093005002644,JBLB,57,42,10,4000.1,40001.0
2021093005002654,JBLB,4,46,10,4000.0,40000.0
2021093005002653,JBLB,19,4,10,4002.0,40020.0
2021093005002651,JBLB,4,3,10,4000.0,40000.0
2021093005002650,JBLB,45,3,20,4000.0,80000.0
2021093005002662,JBLB,4,8,10,4000.0,40000.0
2021093005002659,JBLB,56,36,10,4001.0,40010.0
2021093005002657,JBLB,4,18,10,4000.0,40000.0
2021093005002665,JBLB,46,51,10,4002.0,40020.0
2021093005002663,JBLB,57,58,10,4000.0,40000.0
2021093005002677,JBLB,38,14,10,4000.1,40001.0
2021093005002676,JBLB,18,14,10,4002.0,40020.0
2021093005002675,JBLB,26,14,10,4002.0,40020.0
2021093005002674,JBLB,42,14,10,4002.0,40020.0
2021093005002671,JBLB,42,7,10,4002.0,40020.0
2021093005002684,JBLB,45,28,10,4000.0,40000.0
2021093005002683,JBLB,22,28,10,4000.0,40000.0
2021093005002682,JBLB,19,28,10,4000.0,40000.0
2021093005002681,JBLB,39,28,10,4000.0,40000.0
2021093005002680,JBLB,42,38,10,4002.0,40020.0
2021093005002679,JBLB,1,58,10,4000.0,40000.0
2021093005002689,JBLB,6,41,10,4000.0,40000.0
2021093005002688,JBLB,14,32,10,4002.0,40020.0
2021093005002686,JBLB,38,22,10,4002.0,40020.0
2021093005002695,JBLB,52,22,10,4002.0,40020.0
2021093005002693,JBLB,45,38,10,4001.0,40010.0
2021093005002692,JBLB,42,4,10,4001.0,40010.0
2021093005002706,JBLB,42,39,10,4002.0,40020.0
2021093005002705,JBLB,52,39,10,4002.0,40020.0
2021093005002719,JBLB,55,51,10,4001.0,40010.0
2021093005002715,JBLB,34,58,10,4002.0,40020.0
2021093005002708,JBLB,6,49,10,4001.0,40010.0
2021093005002633,MKLB,10,45,10,2119.7,21197.0
2021093005002571,MKLB,10,59,10,2119.7,21197.0
2021093005002536,MKLB,10,8,10,2119.7,21197.0
2021093005002420,MKLB,10,54,10,2119.7,21197.0
2021093005002404,MKLB,10,46,10,2119.7,21197.0
2021093005002401,MKLB,10,58,10,2119.7,21197.0
2021093005002295,MKLB,14,22,10,2119.7,21197.0
2021093005002258,MKLB,14,20,10,2119.7,21197.0
2021093005002257,MKLB,14,52,10,2119.7,21197.0
2021093005002235,MKLB,14,45,10,2119.7,21197.0
2021093005002384,MKLB,10,34,10,2119.7,21197.0
2021093005002322,MKLB,10,21,10,2119.7,21197.0
2021093005002321,MKLB,10,45,10,2119.7,21197.0
2021093005002320,MKLB,10,34,10,2119.7,21197.0
2021093005002318,MKLB,10,21,10,2119.7,21197.0
2021093005002315,MKLB,49,21,10,2119.7,21197.0
2021093005002228,SLI,47,39,10,539.1,5391.0
2021093005002244,SLI,14,29,20,539.0,10780.0
2021093005002243,SLI,47,29,80,539.1,43128.0
2021093005002249,SLI,54,14,10,539.0,5390.0
2021093005002248,SLI,14,35,10,539.0,5390.0
2021093005002247,SLI,14,39,10,539.0,5390.0
2021093005002262,SLI,42,21,10,539.0,5390.0
2021093005002260,SLI,42,36,10,539.0,5390.0
2021093005002259,SLI,14,48,10,539.0,5390.0
2021093005002256,SLI,14,49,10,539.0,5390.0
2021093005002269,SLI,41,38,10,540.0,5400.0
2021093005002268,SLI,41,29,10,540.0,5400.0
2021093005002267,SLI,41,45,10,540.0,5400.0
2021093005002266,SLI,41,10,10,540.0,5400.0
2021093005002264,SLI,7,56,10,539.0,5390.0
2021093005002277,SLI,29,33,10,538.0,5380.0
2021093005002276,SLI,29,14,10,538.0,5380.0
2021093005002275,SLI,6,6,10,538.0,5380.0
2021093005002274,SLI,6,26,10,538.0,5380.0
2021093005002270,SLI,7,57,10,539.0,5390.0
2021093005002286,SLI,53,51,10,540.0,5400.0
2021093005002285,SLI,53,14,10,539.0,5390.0
2021093005002284,SLI,53,58,10,539.0,5390.0
2021093005002283,SLI,53,36,10,539.0,5390.0
2021093005002281,SLI,29,36,10,538.0,5380.0
2021093005002291,SLI,19,36,10,538.0,5380.0
2021093005002290,SLI,19,47,40,538.0,21520.0
2021093005002289,SLI,29,47,10,538.0,5380.0
2021093005002287,SLI,29,58,10,538.0,5380.0
2021093005002306,SLI,55,49,10,535.2,5352.0
2021093005002299,SLI,14,21,10,536.0,5360.0
2021093005002298,SLI,14,48,10,536.0,5360.0
2021093005002297,SLI,14,49,10,536.0,5360.0
2021093005002308,SLI,50,41,10,536.0,5360.0
2021093005002307,SLI,16,4,10,535.2,5352.0
2021093005002324,SLI,58,45,10,538.0,5380.0
2021093005002323,SLI,58,58,10,537.0,5370.0
2021093005002319,SLI,34,58,10,535.2,5352.0
2021093005002314,SLI,19,48,10,538.0,5380.0
2021093005002342,SLI,49,21,10,535.2,5352.0
2021093005002339,SLI,49,1,10,535.2,5352.0
2021093005002329,SLI,49,49,10,535.2,5352.0
2021093005002326,SLI,49,58,10,535.2,5352.0
2021093005002362,SLI,21,41,20,535.0,10700.0
2021093005002361,SLI,5,41,50,535.0,26750.0
2021093005002360,SLI,22,41,50,535.1,26755.0
2021093005002359,SLI,47,41,100,535.1,53510.0
2021093005002343,SLI,49,8,10,535.2,5352.0
2021093005002368,SLI,35,38,10,535.0,5350.0
2021093005002367,SLI,35,21,10,535.0,5350.0
2021093005002366,SLI,35,41,70,535.0,37450.0
2021093005002365,SLI,26,41,100,535.0,53500.0
2021093005002364,SLI,34,41,50,535.0,26750.0
2021093005002363,SLI,54,41,50,535.0,26750.0
2021093005002373,SLI,50,49,10,536.0,5360.0
2021093005002372,SLI,19,58,10,535.0,5350.0
2021093005002371,SLI,35,45,10,535.0,5350.0
2021093005002381,SLI,48,45,10,535.0,5350.0
2021093005002379,SLI,50,1,10,536.0,5360.0
2021093005002378,SLI,19,1,10,535.0,5350.0
2021093005002393,SLI,50,32,10,536.0,5360.0
2021093005002389,SLI,50,32,20,536.0,10720.0
2021093005002388,SLI,50,35,10,536.0,5360.0
2021093005002402,SLI,50,54,10,536.0,5360.0
2021093005002395,SLI,50,49,10,536.0,5360.0
2021093005002410,SLI,48,49,10,535.0,5350.0
2021093005002408,SLI,48,48,10,535.0,5350.0
2021093005002406,SLI,50,11,10,536.0,5360.0
2021093005002417,SLI,48,42,10,535.0,5350.0
2021093005002415,SLI,48,28,10,535.0,5350.0
2021093005002414,SLI,48,39,10,535.0,5350.0
2021093005002413,SLI,48,58,10,535.0,5350.0
2021093005002427,SLI,48,42,10,535.0,5350.0
2021093005002422,SLI,48,19,10,535.0,5350.0
2021093005002418,SLI,48,42,10,535.0,5350.0
2021093005002436,SLI,47,55,10,535.0,5350.0
2021093005002432,SLI,47,22,10,535.0,5350.0
2021093005002431,SLI,47,26,10,535.0,5350.0
2021093005002430,SLI,47,32,10,535.0,5350.0
2021093005002451,SLI,47,55,10,535.0,5350.0
2021093005002454,SLI,47,10,10,535.0,5350.0
2021093005002453,SLI,47,41,10,535.0,5350.0
2021093005002465,SLI,47,42,10,535.0,5350.0
2021093005002463,SLI,47,16,10,535.0,5350.0
2021093005002462,SLI,47,52,10,535.0,5350.0
2021093005002460,SLI,47,54,10,535.0,5350.0
2021093005002473,SLI,47,26,10,535.0,5350.0
2021093005002470,SLI,47,6,10,535.0,5350.0
2021093005002469,SLI,47,58,10,535.0,5350.0
2021093005002466,SLI,47,55,10,535.0,5350.0
2021093005002487,SLI,47,42,20,535.0,10700.0
2021093005002485,SLI,47,56,20,535.0,10700.0
2021093005002481,SLI,47,45,10,535.0,5350.0
2021093005002495,SLI,29,42,10,537.0,5370.0
2021093005002494,SLI,29,41,10,537.0,5370.0
2021093005002493,SLI,29,49,10,536.0,5360.0
2021093005002492,SLI,29,50,10,535.6,5356.0
2021093005002488,SLI,47,42,20,535.0,10700.0
2021093005002500,SLI,46,49,10,535.0,5350.0
2021093005002498,SLI,46,52,10,535.0,5350.0
2021093005002497,SLI,57,8,10,535.0,5350.0
2021093005002496,SLI,29,48,10,537.0,5370.0
2021093005002510,SLI,46,40,10,535.0,5350.0
2021093005002508,SLI,46,59,10,535.0,5350.0
2021093005002503,SLI,46,52,10,535.0,5350.0
2021093005002516,SLI,46,58,10,535.0,5350.0
2021093005002515,SLI,46,55,10,535.0,5350.0
2021093005002514,SLI,46,52,10,535.0,5350.0
2021093005002512,SLI,46,45,10,535.0,5350.0
2021093005002522,SLI,7,1,52,535.0,27820.0
2021093005002521,SLI,46,1,130,535.0,69550.0
2021093005002520,SLI,6,1,100,535.0,53500.0
2021093005002519,SLI,46,52,10,535.0,5350.0
2021093005002529,SLI,7,52,10,535.0,5350.0
2021093005002526,SLI,7,52,10,535.0,5350.0
2021093005002525,SLI,7,34,10,535.0,5350.0
2021093005002524,SLI,7,8,10,535.0,5350.0
2021093005002552,SLI,51,50,10,535.1,5351.0
2021093005002539,SLI,4,26,10,535.0,5350.0
2021093005002537,SLI,4,10,10,535.0,5350.0
2021093005002533,SLI,58,49,10,535.0,5350.0
2021093005002559,SLI,6,10,10,535.0,5350.0
2021093005002558,SLI,6,45,10,535.0,5350.0
2021093005002556,SLI,58,56,10,535.0,5350.0
2021093005002554,SLI,58,38,10,535.0,5350.0
2021093005002565,SLI,6,50,10,535.0,5350.0
2021093005002564,SLI,6,58,10,535.0,5350.0
2021093005002577,SLI,16,10,10,535.0,5350.0
2021093005002575,SLI,16,14,10,535.0,5350.0
2021093005002574,SLI,16,1,10,535.0,5350.0
2021093005002572,SLI,16,50,10,535.0,5350.0
2021093005002570,SLI,6,6,10,535.0,5350.0
2021093005002586,SLI,16,56,10,535.0,5350.0
2021093005002583,SLI,32,59,10,535.5,5355.0
2021093005002580,SLI,16,58,10,535.0,5350.0
2021093005002592,SLI,47,35,20,535.0,10700.0
2021093005002591,SLI,16,35,220,535.0,117700.0
2021093005002590,SLI,16,46,10,535.0,5350.0
2021093005002587,SLI,16,10,10,535.0,5350.0
2021093005002598,SLI,59,35,10,535.0,5350.0
2021093005002597,SLI,17,35,100,535.0,53500.0
2021093005002596,SLI,26,35,90,535.0,48150.0
2021093005002595,SLI,22,35,20,535.0,10700.0
2021093005002594,SLI,51,35,20,535.0,10700.0
2021093005002593,SLI,26,35,100,535.0,53500.0
2021093005002604,SLI,40,35,10,535.0,5350.0
2021093005002603,SLI,34,35,20,535.0,10700.0
2021093005002602,SLI,38,35,100,535.0,53500.0
2021093005002601,SLI,34,35,100,535.0,53500.0
2021093005002600,SLI,57,35,50,535.0,26750.0
2021093005002599,SLI,59,35,10,535.0,5350.0
2021093005002610,SLI,19,57,10,535.0,5350.0
2021093005002609,SLI,42,10,10,535.5,5355.0
2021093005002608,SLI,19,35,10,535.0,5350.0
2021093005002607,SLI,19,35,100,535.0,53500.0
2021093005002606,SLI,6,35,10,535.0,5350.0
2021093005002605,SLI,6,35,10,535.0,5350.0
2021093005002613,SLI,58,56,10,536.0,5360.0
2021093005002640,SLI,59,4,10,536.0,5360.0
2021093005002638,SLI,21,58,10,535.0,5350.0
2021093005002637,SLI,21,17,10,535.0,5350.0
2021093005002634,SLI,21,21,10,535.0,5350.0
2021093005002647,SLI,43,58,10,535.0,5350.0
2021093005002645,SLI,21,14,10,535.0,5350.0
2021093005002655,SLI,57,16,10,535.1,5351.0
2021093005002652,SLI,43,49,10,535.0,5350.0
2021093005002661,SLI,57,42,10,535.1,5351.0
2021093005002658,SLI,57,51,10,535.1,5351.0
2021093005002656,SLI,34,19,10,536.0,5360.0
2021093005002668,SLI,57,58,10,535.1,5351.0
2021093005002667,SLI,57,32,10,535.1,5351.0
2021093005002666,SLI,34,19,10,536.0,5360.0
2021093005002664,SLI,57,8,10,535.1,5351.0
2021093005002670,SLI,43,45,10,535.0,5350.0
2021093005002691,SLI,43,48,10,535.0,5350.0
2021093005002690,SLI,43,20,10,535.0,5350.0
2021093005002687,SLI,43,21,10,535.0,5350.0
2021093005002699,SLI,43,38,10,535.0,5350.0
2021093005002698,SLI,43,46,10,535.0,5350.0
2021093005002697,SLI,43,8,10,535.0,5350.0
2021093005002707,SLI,14,58,10,535.0,5350.0
2021093005002703,SLI,14,58,10,535.0,5350.0
2021093005002702,SLI,14,58,10,535.0,5350.0
2021093005002700,SLI,43,38,10,535.0,5350.0
2021093005002718,SLI,53,40,10,535.0,5350.0
2021093005002714,SLI,53,4,20,535.0,10700.0
2021093005002713,SLI,14,4,20,535.0,10700.0
2021093005002723,ULI,33,56,10,571.0,5710.0
2021093005002722,ULI,33,57,20,571.0,11420.0
2021093005002717,ULI,33,35,10,570.0,5700.0
2021093005002716,ULI,33,25,10,570.0,5700.0
2021093005002712,ULI,33,58,10,570.0,5700.0
2021093005002711,ULI,33,35,10,570.0,5700.0
2021093005002237,ULI,13,52,10,570.0,5700.0
2021093005002236,ULI,13,41,10,570.0,5700.0
2021093005002232,ULI,44,41,10,570.0,5700.0
2021093005002231,ULI,44,49,40,570.0,22800.0
2021093005002230,ULI,28,32,10,569.0,5690.0
2021093005002229,ULI,28,49,10,569.0,5690.0
2021093005002272,ULI,13,26,10,569.2,5692.0
2021093005002265,ULI,13,6,30,569.2,17076.0
2021093005002261,ULI,13,58,10,569.2,5692.0
2021093005002254,ULI,13,50,10,570.0,5700.0
2021093005002253,ULI,13,38,10,570.0,5700.0
2021093005002242,ULI,13,38,10,570.0,5700.0
2021093005002294,ULI,13,16,70,569.2,39844.0
2021093005002292,ULI,13,48,10,569.2,5692.0
2021093005002282,ULI,13,7,10,569.2,5692.0
2021093005002280,ULI,13,1,25,569.2,14230.0
2021093005002278,ULI,13,38,10,569.2,5692.0
2021093005002273,ULI,13,38,10,569.2,5692.0
2021093005002312,ULI,43,42,10,568.1,5681.0
2021093005002305,ULI,28,45,10,569.0,5690.0
2021093005002303,ULI,28,55,10,569.0,5690.0
2021093005002302,ULI,28,21,10,569.0,5690.0
2021093005002301,ULI,43,58,10,569.2,5692.0
2021093005002296,ULI,13,51,10,569.2,5692.0
2021093005002332,ULI,17,41,10,568.0,5680.0
2021093005002331,ULI,44,41,200,568.0,113600.0
2021093005002330,ULI,29,41,30,568.0,17040.0
2021093005002328,ULI,29,39,10,568.0,5680.0
2021093005002327,ULI,29,55,10,568.0,5680.0
2021093005002317,ULI,43,32,10,568.1,5681.0
2021093005002338,ULI,32,58,10,568.0,5680.0
2021093005002337,ULI,32,41,70,568.0,39760.0
2021093005002336,ULI,45,41,40,568.0,22720.0
2021093005002335,ULI,3,41,40,568.0,22720.0
2021093005002334,ULI,49,41,10,568.0,5680.0
2021093005002333,ULI,49,41,100,568.0,56800.0
2021093005002349,ULI,33,51,10,570.0,5700.0
2021093005002348,ULI,33,41,10,570.0,5700.0
2021093005002347,ULI,33,45,10,570.0,5700.0
2021093005002346,ULI,33,21,10,570.0,5700.0
2021093005002345,ULI,33,42,10,570.0,5700.0
2021093005002344,ULI,33,35,10,569.0,5690.0
2021093005002355,ULI,33,46,10,570.0,5700.0
2021093005002354,ULI,33,45,10,570.0,5700.0
2021093005002353,ULI,33,48,10,570.0,5700.0
2021093005002352,ULI,33,35,10,570.0,5700.0
2021093005002351,ULI,33,26,10,570.0,5700.0
2021093005002350,ULI,33,33,10,570.0,5700.0
2021093005002390,ULI,13,35,600,571.0,342600.0
2021093005002380,ULI,33,32,20,570.0,11400.0
2021093005002375,ULI,33,50,10,570.0,5700.0
2021093005002369,ULI,33,13,10,570.0,5700.0
2021093005002358,ULI,33,50,10,570.0,5700.0
2021093005002356,ULI,33,55,10,570.0,5700.0
2021093005002411,ULI,13,41,10,569.3,5693.0
2021093005002405,ULI,38,42,10,569.0,5690.0
2021093005002400,ULI,13,1,5,570.0,2850.0
2021093005002399,ULI,33,1,20,570.0,11400.0
2021093005002392,ULI,13,32,10,571.0,5710.0
2021093005002391,ULI,13,57,10,571.0,5710.0
2021093005002435,ULI,13,34,10,569.3,5693.0
2021093005002433,ULI,13,21,10,569.3,5693.0
2021093005002425,ULI,13,22,10,569.3,5693.0
2021093005002424,ULI,13,46,10,569.3,5693.0
2021093005002423,ULI,13,22,10,569.3,5693.0
2021093005002419,ULI,13,55,10,569.3,5693.0
2021093005002443,ULI,13,58,10,570.0,5700.0
2021093005002442,ULI,13,42,10,570.0,5700.0
2021093005002441,ULI,13,52,10,570.0,5700.0
2021093005002440,ULI,13,58,60,570.0,34200.0
2021093005002439,ULI,13,58,10,570.0,5700.0
2021093005002438,ULI,13,53,100,570.0,57000.0
2021093005002468,ULI,13,6,10,569.3,5693.0
2021093005002459,ULI,13,6,10,569.3,5693.0
2021093005002452,ULI,13,22,10,569.3,5693.0
2021093005002450,ULI,13,6,10,569.3,5693.0
2021093005002449,ULI,13,16,10,569.3,5693.0
2021093005002444,ULI,13,39,10,570.0,5700.0
2021093005002501,ULI,38,1,100,569.0,56900.0
2021093005002491,ULI,38,45,93,569.0,52917.0
2021093005002490,ULI,13,45,50,569.3,28465.0
2021093005002482,ULI,13,6,10,569.3,5693.0
2021093005002472,ULI,13,58,10,569.3,5693.0
2021093005002471,ULI,13,58,10,569.3,5693.0
2021093005002531,ULI,38,32,10,569.0,5690.0
2021093005002530,ULI,38,58,10,569.0,5690.0
2021093005002528,ULI,38,49,10,569.0,5690.0
2021093005002511,ULI,38,49,10,569.0,5690.0
2021093005002509,ULI,38,58,10,569.0,5690.0
2021093005002507,ULI,38,34,10,569.0,5690.0
2021093005002542,ULI,1,48,10,570.0,5700.0
2021093005002541,ULI,1,58,10,570.0,5700.0
2021093005002540,ULI,1,41,10,569.8,5698.0
2021093005002538,ULI,38,21,10,569.0,5690.0
2021093005002535,ULI,38,48,10,569.0,5690.0
2021093005002534,ULI,38,10,10,569.0,5690.0
2021093005002548,ULI,1,51,10,570.0,5700.0
2021093005002547,ULI,1,49,10,570.0,5700.0
2021093005002546,ULI,1,58,10,570.0,5700.0
2021093005002545,ULI,1,52,10,570.0,5700.0
2021093005002544,ULI,1,58,10,570.0,5700.0
2021093005002543,ULI,1,45,10,570.0,5700.0
2021093005002569,ULI,50,42,10,569.0,5690.0
2021093005002563,ULI,58,49,10,570.0,5700.0
2021093005002562,ULI,50,45,10,569.0,5690.0
2021093005002561,ULI,50,42,10,569.0,5690.0
2021093005002557,ULI,50,10,10,569.0,5690.0
2021093005002551,ULI,1,14,10,570.0,5700.0
2021093005002614,ULI,50,10,10,569.0,5690.0
2021093005002612,ULI,50,45,10,569.0,5690.0
2021093005002585,ULI,50,17,10,569.0,5690.0
2021093005002584,ULI,50,14,10,569.0,5690.0
2021093005002582,ULI,50,46,10,569.0,5690.0
2021093005002573,ULI,50,17,10,569.0,5690.0
2021093005002630,ULI,19,57,10,569.0,5690.0
2021093005002629,ULI,19,59,10,569.0,5690.0
2021093005002627,ULI,19,59,40,569.0,22760.0
2021093005002626,ULI,19,57,10,569.0,5690.0
2021093005002624,ULI,19,56,10,569.0,5690.0
2021093005002616,ULI,19,58,20,569.0,11380.0
2021093005002643,ULI,34,35,10,571.0,5710.0
2021093005002642,ULI,34,32,20,571.0,11420.0
2021093005002641,ULI,34,42,10,570.0,5700.0
2021093005002636,ULI,44,57,10,570.0,5700.0
2021093005002635,ULI,44,45,10,570.0,5700.0
2021093005002631,ULI,42,36,10,569.0,5690.0
2021093005002685,ULI,1,22,30,570.0,17100.0
2021093005002678,ULI,21,38,10,570.0,5700.0
2021093005002673,ULI,21,8,10,570.0,5700.0
2021093005002672,ULI,21,49,10,570.0,5700.0
2021093005002669,ULI,21,43,10,570.0,5700.0
2021093005002660,ULI,42,57,10,569.0,5690.0
2021093005002710,ULI,33,28,10,570.0,5700.0
2021093005002709,ULI,33,22,80,570.0,45600.0
2021093005002704,ULI,42,49,10,569.0,5690.0
2021093005002701,ULI,17,22,100,570.0,57000.0
2021093005002696,ULI,4,32,10,569.1,5691.0
2021093005002694,ULI,34,22,50,570.0,28500.0
2021093005002226,JBLB,28,26,135,4062.1,548383.5
2021093005002224,JBLB,52,33,50,4061.1,203055.0
2021093005002219,JBLB,56,26,15,4066.1,60991.5
2021093005001728,JBLB,56,40,10,4032.0,40320.0
2021093005001739,JBLB,49,53,10,4044.0,40440.0
2021093005001737,JBLB,48,45,60,4031.8,241908.0
2021093005001732,JBLB,48,22,10,4031.8,40318.0
2021093005001730,JBLB,56,55,10,4032.0,40320.0
2021093005001758,JBLB,48,55,10,4031.8,40318.0
2021093005001755,JBLB,48,58,10,4031.8,40318.0
2021093005001751,JBLB,48,11,10,4031.8,40318.0
2021093005001768,JBLB,59,10,10,4032.0,40320.0
2021093005001767,JBLB,59,58,10,4032.0,40320.0
2021093005001763,JBLB,58,10,10,4030.0,40300.0
2021093005001762,JBLB,58,48,10,4030.0,40300.0
2021093005001777,JBLB,58,58,10,4030.0,40300.0
2021093005001774,JBLB,58,59,10,4030.0,40300.0
2021093005001770,JBLB,58,34,10,4030.0,40300.0
2021093005001798,JBLB,48,19,10,4031.0,40310.0
2021093005001796,JBLB,49,50,10,4030.1,40301.0
2021093005001785,JBLB,53,58,10,4031.0,40310.0
2021093005001812,JBLB,58,57,10,4030.0,40300.0
2021093005001823,JBLB,7,52,10,4031.0,40310.0
2021093005001815,JBLB,58,42,10,4030.0,40300.0
2021093005001814,JBLB,4,48,10,4031.0,40310.0
2021093005001825,JBLB,7,52,10,4031.0,40310.0
2021093005001840,JBLB,7,29,10,4031.0,40310.0
2021093005001839,JBLB,7,33,10,4031.0,40310.0
2021093005001836,JBLB,7,58,10,4031.0,40310.0
2021093005001845,JBLB,45,14,10,4031.0,40310.0
2021093005001842,JBLB,45,16,10,4031.0,40310.0
2021093005001859,JBLB,45,49,10,4035.0,40350.0
2021093005001855,JBLB,45,55,10,4035.0,40350.0
2021093005001853,JBLB,7,6,10,4032.0,40320.0
2021093005001861,JBLB,45,22,10,4035.0,40350.0
2021093005001881,JBLB,46,16,20,4044.0,80880.0
2021093005001880,JBLB,43,50,10,4036.0,40360.0
2021093005001879,JBLB,43,47,10,4036.0,40360.0
2021093005001876,JBLB,45,54,10,4035.0,40350.0
2021093005001872,JBLB,45,16,10,4035.0,40350.0
2021093005001882,JBLB,46,45,10,4044.0,40440.0
2021093005001906,JBLB,7,58,10,4045.0,40450.0
2021093005001905,JBLB,7,58,10,4045.0,40450.0
2021093005001904,JBLB,7,58,10,4045.0,40450.0
2021093005001903,JBLB,7,58,10,4045.0,40450.0
2021093005001902,JBLB,7,56,20,4045.0,80900.0
2021093005001912,JBLB,7,3,10,4050.0,40500.0
2021093005001911,JBLB,7,32,10,4050.0,40500.0
2021093005001910,JBLB,7,14,100,4050.0,405000.0
2021093005001909,JBLB,7,26,10,4050.0,40500.0
2021093005001908,JBLB,7,58,10,4045.0,40450.0
2021093005001907,JBLB,7,46,10,4045.0,40450.0
2021093005001921,JBLB,58,49,10,4055.0,40550.0
2021093005001919,JBLB,16,28,10,4055.0,40550.0
2021093005001918,JBLB,16,8,10,4053.0,40530.0
2021093005001917,JBLB,7,51,10,4050.0,40500.0
2021093005001913,JBLB,7,49,10,4050.0,40500.0
2021093005001927,JBLB,22,21,10,4060.0,40600.0
2021093005001926,JBLB,22,3,10,4060.0,40600.0
2021093005001922,JBLB,33,6,10,4055.0,40550.0
2021093005001934,JBLB,7,41,10,4050.0,40500.0
2021093005001928,JBLB,22,58,10,4060.0,40600.0
2021093005001946,JBLB,7,38,10,4050.0,40500.0
2021093005001941,JBLB,7,38,10,4050.0,40500.0
2021093005001938,JBLB,7,4,10,4050.0,40500.0
2021093005001954,JBLB,1,58,10,4050.0,40500.0
2021093005001952,JBLB,7,34,10,4050.0,40500.0
2021093005001951,JBLB,7,35,10,4050.0,40500.0
2021093005001950,JBLB,7,38,10,4050.0,40500.0
2021093005001958,JBLB,48,45,10,4050.0,40500.0
2021093005001971,JBLB,48,28,10,4050.0,40500.0
2021093005002006,JBLB,4,52,10,4052.0,40520.0
2021093005002004,JBLB,43,26,70,4058.0,284060.0
2021093005002013,JBLB,56,58,10,4052.0,40520.0
2021093005002022,JBLB,28,17,10,4053.0,40530.0
2021093005002020,JBLB,56,36,10,4052.0,40520.0
2021093005002019,JBLB,56,58,10,4052.0,40520.0
2021093005002016,JBLB,56,58,10,4052.0,40520.0
2021093005002028,JBLB,28,58,10,4053.0,40530.0
2021093005002025,JBLB,28,34,10,4053.0,40530.0
2021093005002024,JBLB,28,36,10,4053.0,40530.0
2021093005002023,JBLB,28,42,10,4053.0,40530.0
2021093005002042,JBLB,43,51,10,4054.0,40540.0
2021093005002060,JBLB,56,42,10,4055.0,40550.0
2021093005002054,JBLB,49,22,10,4055.0,40550.0
2021093005002053,JBLB,49,57,10,4055.0,40550.0
2021093005002087,JBLB,56,34,10,4055.0,40550.0
2021093005002094,JBLB,56,58,10,4060.0,40600.0
2021093005002093,JBLB,56,26,130,4058.0,527540.0
2021093005002088,JBLB,43,45,10,4056.0,40560.0
2021093005002100,JBLB,56,39,10,4060.0,40600.0
2021093005002099,JBLB,56,58,10,4060.0,40600.0
2021093005002098,JBLB,56,49,10,4060.0,40600.0
2021093005002097,JBLB,56,42,30,4060.0,121800.0
2021093005002096,JBLB,56,41,10,4060.0,40600.0
2021093005002095,JBLB,56,38,10,4060.0,40600.0
2021093005002106,JBLB,56,17,10,4060.0,40600.0
2021093005002105,JBLB,56,35,10,4060.0,40600.0
2021093005002103,JBLB,56,51,10,4060.0,40600.0
2021093005002101,JBLB,56,45,10,4060.0,40600.0
2021093005002135,JBLB,56,34,90,4060.0,365400.0
2021093005002142,JBLB,48,49,10,4065.0,40650.0
2021093005002141,JBLB,48,28,20,4060.0,81200.0
2021093005002140,JBLB,56,28,90,4060.0,365400.0
2021093005002150,JBLB,56,49,10,4061.0,40610.0
2021093005002149,JBLB,56,41,10,4065.0,40650.0
2021093005002145,JBLB,56,33,50,4061.0,203050.0
2021093005002155,JBLB,56,49,10,4061.0,40610.0
2021093005002153,JBLB,56,35,10,4061.0,40610.0
2021093005002162,JBLB,56,58,10,4061.0,40610.0
2021093005002158,JBLB,56,49,10,4061.0,40610.0
2021093005002173,JBLB,56,39,15,4061.0,60915.0
2021093005002170,JBLB,56,32,10,4061.0,40610.0
2021093005002188,JBLB,56,26,10,4062.1,40621.0
2021093005002201,JBLB,56,56,10,4062.1,40621.0
2021093005002200,JBLB,43,28,60,4065.0,243900.0
2021093005002199,JBLB,43,19,10,4064.9,40649.0
2021093005002198,JBLB,43,28,10,4064.8,40648.0
2021093005002195,JBLB,56,42,10,4062.1,40621.0
2021093005002193,JBLB,58,19,10,4064.9,40649.0
2021093005002210,JBLB,56,48,10,4066.1,40661.0
2021093005002207,JBLB,56,28,10,4066.1,40661.0
2021093005002206,JBLB,56,45,40,4066.1,162644.0
2021093005002204,JBLB,56,28,240,4065.0,975600.0
2021093005002215,JBLB,56,43,20,4066.1,81322.0
2021093005002214,JBLB,56,38,10,4066.1,40661.0
2021093005002183,MKLB,32,52,10,2119.7,21197.0
2021093005002124,MKLB,16,38,10,2119.7,21197.0
2021093005002058,MKLB,16,39,10,2119.7,21197.0
2021093005002035,MKLB,16,38,10,2119.7,21197.0
2021093005001940,MKLB,16,34,10,2119.7,21197.0
2021093005001929,MKLB,16,22,10,2119.7,21197.0
2021093005001805,MKLB,49,48,10,2119.7,21197.0
2021093005001757,MKLB,49,29,10,2119.7,21197.0
2021093005001750,MKLB,6,34,10,2119.7,21197.0
2021093005001873,MKLB,16,56,10,2119.7,21197.0
2021093005001844,MKLB,16,41,10,2119.7,21197.0
2021093005001838,MKLB,16,42,10,2119.7,21197.0
2021093005001822,MKLB,16,35,10,2119.7,21197.0
2021093005001821,MKLB,16,35,10,2119.7,21197.0
2021093005001818,MKLB,16,10,10,2119.7,21197.0
2021093005002227,SLI,47,45,10,539.1,5391.0
2021093005002222,SLI,34,46,10,540.1,5401.0
2021093005002220,SLI,34,38,10,540.0,5400.0
2021093005001729,SLI,58,11,10,545.0,5450.0
2021093005001735,SLI,58,58,10,545.0,5450.0
2021093005001734,SLI,58,38,10,545.0,5450.0
2021093005001746,SLI,34,10,10,545.0,5450.0
2021093005001745,SLI,34,25,10,545.0,5450.0
2021093005001744,SLI,34,55,10,545.0,5450.0
2021093005001743,SLI,34,57,10,545.0,5450.0
2021093005001742,SLI,34,11,10,545.0,5450.0
2021093005001740,SLI,58,47,10,545.0,5450.0
2021093005001754,SLI,52,38,10,544.0,5440.0
2021093005001752,SLI,42,1,10,544.0,5440.0
2021093005001749,SLI,42,50,10,544.0,5440.0
2021093005001764,SLI,58,19,10,543.0,5430.0
2021093005001759,SLI,58,17,10,543.0,5430.0
2021093005001778,SLI,58,58,10,543.0,5430.0
2021093005001772,SLI,58,38,10,543.0,5430.0
2021093005001769,SLI,58,17,10,543.0,5430.0
2021093005001784,SLI,58,25,10,543.0,5430.0
2021093005001783,SLI,41,45,10,544.0,5440.0
2021093005001782,SLI,41,52,10,544.0,5440.0
2021093005001781,SLI,41,39,10,544.0,5440.0
2021093005001780,SLI,41,47,10,544.0,5440.0
2021093005001779,SLI,41,50,10,544.0,5440.0
2021093005001795,SLI,21,17,10,544.0,5440.0
2021093005001789,SLI,21,58,10,544.0,5440.0
2021093005001788,SLI,21,38,10,544.0,5440.0
2021093005001809,SLI,21,38,10,544.0,5440.0
2021093005001808,SLI,21,42,10,544.0,5440.0
2021093005001806,SLI,21,49,10,544.0,5440.0
2021093005001800,SLI,21,39,10,544.0,5440.0
2021093005001799,SLI,21,56,10,544.0,5440.0
2021093005001820,SLI,49,38,10,544.0,5440.0
2021093005001819,SLI,21,42,10,544.0,5440.0
2021093005001813,SLI,21,35,10,544.0,5440.0
2021093005001834,SLI,49,17,10,544.0,5440.0
2021093005001833,SLI,49,49,10,544.0,5440.0
2021093005001832,SLI,49,38,10,544.0,5440.0
2021093005001828,SLI,49,38,10,544.0,5440.0
2021093005001826,SLI,49,38,10,544.0,5440.0
2021093005001841,SLI,49,17,10,544.0,5440.0
2021093005001837,SLI,49,45,10,544.0,5440.0
2021093005001835,SLI,49,49,10,544.0,5440.0
2021093005001852,SLI,28,44,10,544.0,5440.0
2021093005001851,SLI,28,52,10,544.0,5440.0
2021093005001850,SLI,28,38,10,544.0,5440.0
2021093005001848,SLI,49,16,10,544.0,5440.0
2021093005001860,SLI,38,58,10,543.5,5435.0
2021093005001858,SLI,28,22,10,544.0,5440.0
2021093005001857,SLI,28,16,10,544.0,5440.0
2021093005001868,SLI,38,49,10,543.5,5435.0
2021093005001867,SLI,38,41,10,543.5,5435.0
2021093005001865,SLI,38,36,10,543.5,5435.0
2021093005001864,SLI,38,58,10,545.0,5450.0
2021093005001863,SLI,38,49,10,544.2,5442.0
2021093005001875,SLI,38,50,10,543.5,5435.0
2021093005001890,SLI,58,57,10,545.0,5450.0
2021093005001889,SLI,58,32,10,544.0,5440.0
2021093005001888,SLI,58,49,10,544.0,5440.0
2021093005001887,SLI,58,58,10,544.0,5440.0
2021093005001886,SLI,58,45,10,543.5,5435.0
2021093005001897,SLI,58,38,10,543.0,5430.0
2021093005001895,SLI,58,45,10,543.0,5430.0
2021093005001894,SLI,58,38,20,545.0,10900.0
2021093005001893,SLI,58,49,10,545.0,5450.0
2021093005001892,SLI,58,38,10,545.0,5450.0
2021093005001891,SLI,58,58,10,545.0,5450.0
2021093005001898,SLI,58,54,10,543.0,5430.0
2021093005001920,SLI,58,11,10,544.0,5440.0
2021093005001925,SLI,17,39,10,544.0,5440.0
2021093005001924,SLI,58,39,10,544.0,5440.0
2021093005001923,SLI,58,38,10,544.0,5440.0
2021093005001936,SLI,17,49,10,544.0,5440.0
2021093005001933,SLI,17,45,10,544.0,5440.0
2021093005001932,SLI,17,38,10,544.0,5440.0
2021093005001931,SLI,17,11,10,544.0,5440.0
2021093005001948,SLI,49,11,10,544.0,5440.0
2021093005001947,SLI,49,58,10,544.0,5440.0
2021093005001945,SLI,58,5,10,543.0,5430.0
2021093005001957,SLI,58,41,10,543.0,5430.0
2021093005001956,SLI,58,42,10,543.0,5430.0
2021093005001967,SLI,49,6,50,543.0,27150.0
2021093005001966,SLI,25,6,50,543.0,27150.0
2021093005001965,SLI,58,6,320,543.0,173760.0
2021093005001960,SLI,58,58,10,543.0,5430.0
2021093005001959,SLI,58,42,10,543.0,5430.0
2021093005001974,SLI,55,4,10,542.5,5425.0
2021093005001973,SLI,55,49,10,542.5,5425.0
2021093005001970,SLI,58,22,10,544.0,5440.0
2021093005001969,SLI,58,6,13,543.0,7059.0
2021093005001968,SLI,56,6,10,543.0,5430.0
2021093005001981,SLI,40,43,10,543.0,5430.0
2021093005001980,SLI,45,49,10,542.0,5420.0
2021093005001978,SLI,49,45,10,543.0,5430.0
2021093005001977,SLI,49,49,10,543.0,5430.0
2021093005001976,SLI,49,49,10,543.0,5430.0
2021093005001975,SLI,45,49,10,542.0,5420.0
2021093005001987,SLI,40,58,10,544.0,5440.0
2021093005001986,SLI,40,39,10,544.0,5440.0
2021093005001985,SLI,40,58,10,544.0,5440.0
2021093005001984,SLI,40,58,10,544.0,5440.0
2021093005001983,SLI,40,58,10,544.0,5440.0
2021093005001982,SLI,40,53,10,544.0,5440.0
2021093005001994,SLI,49,49,10,542.0,5420.0
2021093005001992,SLI,49,58,10,542.0,5420.0
2021093005001991,SLI,59,49,10,542.0,5420.0
2021093005001990,SLI,59,58,10,542.0,5420.0
2021093005001989,SLI,40,38,20,545.0,10900.0
2021093005001988,SLI,40,34,10,544.0,5440.0
2021093005002002,SLI,45,51,10,542.0,5420.0
2021093005002001,SLI,45,53,10,542.0,5420.0
2021093005001998,SLI,45,41,10,542.0,5420.0
2021093005001997,SLI,45,58,10,542.0,5420.0
2021093005002012,SLI,58,57,10,543.0,5430.0
2021093005002011,SLI,56,19,10,542.0,5420.0
2021093005002009,SLI,41,49,10,542.0,5420.0
2021093005002008,SLI,41,51,10,542.0,5420.0
2021093005002007,SLI,41,58,10,542.0,5420.0
2021093005002018,SLI,56,11,10,542.0,5420.0
2021093005002017,SLI,56,56,10,542.0,5420.0
2021093005002029,SLI,56,19,780,542.0,422760.0
2021093005002026,SLI,56,38,10,542.0,5420.0
2021093005002044,SLI,17,19,60,541.0,32460.0
2021093005002039,SLI,17,17,10,541.0,5410.0
2021093005002038,SLI,38,25,10,541.1,5411.0
2021093005002036,SLI,38,56,10,541.1,5411.0
2021093005002034,SLI,38,17,10,541.1,5411.0
2021093005002047,SLI,44,8,10,541.0,5410.0
2021093005002046,SLI,44,19,110,541.0,59510.0
2021093005002045,SLI,52,19,50,541.0,27050.0
2021093005002069,SLI,58,19,10,541.0,5410.0
2021093005002068,SLI,44,19,40,541.0,21640.0
2021093005002067,SLI,44,52,10,541.0,5410.0
2021093005002063,SLI,44,59,10,541.0,5410.0
2021093005002062,SLI,44,29,10,541.0,5410.0
2021093005002061,SLI,44,44,10,541.0,5410.0
2021093005002075,SLI,14,19,50,540.0,27000.0
2021093005002074,SLI,11,19,50,540.0,27000.0
2021093005002073,SLI,44,19,50,540.1,27005.0
2021093005002072,SLI,26,19,10,540.5,5405.0
2021093005002071,SLI,8,19,80,541.0,43280.0
2021093005002070,SLI,17,19,10,541.0,5410.0
2021093005002081,SLI,17,19,20,540.0,10800.0
2021093005002080,SLI,57,19,200,540.0,108000.0
2021093005002079,SLI,6,19,100,540.0,54000.0
2021093005002078,SLI,51,19,25,540.0,13500.0
2021093005002077,SLI,38,19,100,540.0,54000.0
2021093005002076,SLI,32,19,20,540.0,10800.0
2021093005002086,SLI,55,19,90,540.0,48600.0
2021093005002085,SLI,58,19,100,540.0,54000.0
2021093005002084,SLI,53,19,10,540.0,5400.0
2021093005002083,SLI,53,19,10,540.0,5400.0
2021093005002082,SLI,44,19,25,540.0,13500.0
2021093005002091,SLI,52,49,10,540.0,5400.0
2021093005002090,SLI,52,19,10,540.0,5400.0
2021093005002089,SLI,52,59,10,540.0,5400.0
2021093005002107,SLI,56,41,10,542.6,5426.0
2021093005002104,SLI,38,38,10,541.0,5410.0
2021093005002113,SLI,56,38,60,545.0,32700.0
2021093005002112,SLI,56,49,10,544.9,5449.0
2021093005002111,SLI,56,41,10,544.0,5440.0
2021093005002110,SLI,56,51,10,544.0,5440.0
2021093005002109,SLI,56,47,10,544.0,5440.0
2021093005002108,SLI,56,58,10,543.0,5430.0
2021093005002119,SLI,56,55,10,545.0,5450.0
2021093005002118,SLI,56,57,10,545.0,5450.0
2021093005002117,SLI,56,58,10,545.0,5450.0
2021093005002116,SLI,56,56,10,545.0,5450.0
2021093005002115,SLI,56,34,10,545.0,5450.0
2021093005002114,SLI,56,34,10,545.0,5450.0
2021093005002128,SLI,25,34,50,540.0,27000.0
2021093005002127,SLI,28,34,10,540.0,5400.0
2021093005002126,SLI,57,34,10,540.0,5400.0
2021093005002123,SLI,53,38,10,540.0,5400.0
2021093005002121,SLI,56,42,10,545.0,5450.0
2021093005002120,SLI,56,45,10,545.0,5450.0
2021093005002133,SLI,58,34,60,540.0,32400.0
2021093005002132,SLI,35,34,50,540.0,27000.0
2021093005002131,SLI,8,34,100,540.0,54000.0
2021093005002130,SLI,48,34,200,540.0,108000.0
2021093005002129,SLI,26,34,20,540.0,10800.0
2021093005002139,SLI,3,34,20,540.0,10800.0
2021093005002138,SLI,58,34,30,540.0,16200.0
2021093005002137,SLI,58,59,10,540.0,5400.0
2021093005002148,SLI,3,49,10,540.0,5400.0
2021093005002147,SLI,3,44,10,540.0,5400.0
2021093005002146,SLI,3,59,10,540.0,5400.0
2021093005002156,SLI,38,49,10,543.0,5430.0
2021093005002154,SLI,19,59,10,540.0,5400.0
2021093005002152,SLI,38,41,10,541.0,5410.0
2021093005002151,SLI,19,59,10,540.0,5400.0
2021093005002164,SLI,54,6,10,540.0,5400.0
2021093005002160,SLI,49,34,10,545.0,5450.0
2021093005002159,SLI,54,11,10,540.0,5400.0
2021093005002157,SLI,19,53,10,540.0,5400.0
2021093005002175,SLI,42,42,10,540.0,5400.0
2021093005002169,SLI,42,59,10,540.0,5400.0
2021093005002166,SLI,38,17,10,541.0,5410.0
2021093005002165,SLI,38,14,10,541.0,5410.0
2021093005002182,SLI,6,59,10,540.0,5400.0
2021093005002181,SLI,6,49,10,540.0,5400.0
2021093005002180,SLI,6,4,10,540.0,5400.0
2021093005002179,SLI,6,16,10,540.0,5400.0
2021093005002178,SLI,6,38,10,540.0,5400.0
2021093005002176,SLI,42,18,10,540.0,5400.0
2021093005002191,SLI,58,19,10,542.0,5420.0
2021093005002190,SLI,58,52,10,543.0,5430.0
2021093005002187,SLI,38,34,10,545.0,5450.0
2021093005002186,SLI,38,42,10,545.0,5450.0
2021093005002185,SLI,38,13,10,545.0,5450.0
2021093005002212,SLI,6,10,10,540.0,5400.0
2021093005002203,SLI,6,56,10,540.0,5400.0
2021093005002218,SLI,14,45,10,539.0,5390.0
2021093005002217,SLI,6,6,10,540.0,5400.0
2021093005002216,SLI,6,11,10,540.0,5400.0
2021093005002213,SLI,6,14,10,540.0,5400.0
2021093005002225,ULI,34,49,60,570.0,34200.0
2021093005002223,ULI,34,55,10,570.0,5700.0
2021093005002221,ULI,29,21,10,571.0,5710.0
2021093005002211,ULI,34,46,10,570.0,5700.0
2021093005002209,ULI,34,52,10,570.0,5700.0
2021093005002208,ULI,13,25,10,570.0,5700.0
2021093005001736,ULI,26,11,10,576.0,5760.0
2021093005001733,ULI,26,55,10,576.0,5760.0
2021093005001731,ULI,26,11,10,576.0,5760.0
2021093005001756,ULI,52,10,10,575.0,5750.0
2021093005001753,ULI,58,43,10,576.0,5760.0
2021093005001748,ULI,26,11,10,576.0,5760.0
2021093005001747,ULI,26,10,10,576.0,5760.0
2021093005001741,ULI,26,58,10,576.0,5760.0
2021093005001738,ULI,26,11,10,576.0,5760.0
2021093005001773,ULI,25,57,10,576.0,5760.0
2021093005001771,ULI,25,52,10,576.0,5760.0
2021093005001766,ULI,58,22,10,578.0,5780.0
2021093005001765,ULI,58,38,10,576.0,5760.0
2021093005001761,ULI,13,57,10,575.0,5750.0
2021093005001760,ULI,13,58,10,575.0,5750.0
2021093005001791,ULI,46,19,40,574.0,22960.0
2021093005001790,ULI,13,19,10,575.0,5750.0
2021093005001787,ULI,13,41,10,575.0,5750.0
2021093005001786,ULI,13,17,10,575.0,5750.0
2021093005001776,ULI,25,29,10,576.0,5760.0
2021093005001775,ULI,25,38,10,576.0,5760.0
2021093005001802,ULI,47,17,10,570.5,5705.0
2021093005001801,ULI,47,17,10,570.5,5705.0
2021093005001797,ULI,47,17,10,570.5,5705.0
2021093005001794,ULI,17,19,20,571.0,11420.0
2021093005001793,ULI,1,19,50,572.0,28600.0
2021093005001792,ULI,58,19,10,573.0,5730.0
2021093005001816,ULI,47,42,10,570.5,5705.0
2021093005001811,ULI,47,42,10,570.5,5705.0
2021093005001810,ULI,47,17,10,570.5,5705.0
2021093005001807,ULI,47,17,10,570.5,5705.0
2021093005001804,ULI,47,17,10,570.5,5705.0
2021093005001803,ULI,47,42,10,570.5,5705.0
2021093005001831,ULI,47,57,10,571.0,5710.0
2021093005001830,ULI,47,8,10,571.0,5710.0
2021093005001829,ULI,47,28,10,571.0,5710.0
2021093005001827,ULI,47,57,10,570.5,5705.0
2021093005001824,ULI,49,3,10,570.4,5704.0
2021093005001817,ULI,47,35,10,570.5,5705.0
2021093005001856,ULI,43,6,10,570.2,5702.0
2021093005001854,ULI,49,6,10,570.4,5704.0
2021093005001849,ULI,14,8,10,570.5,5705.0
2021093005001847,ULI,6,58,10,571.0,5710.0
2021093005001846,ULI,6,58,10,571.0,5710.0
2021093005001843,ULI,47,8,10,571.0,5710.0
2021093005001874,ULI,55,25,10,570.0,5700.0
2021093005001871,ULI,56,47,10,570.1,5701.0
2021093005001870,ULI,56,32,10,570.1,5701.0
2021093005001869,ULI,56,19,10,570.1,5701.0
2021093005001866,ULI,56,51,10,570.1,5701.0
2021093005001862,ULI,56,36,10,570.1,5701.0
2021093005001896,ULI,13,54,10,570.0,5700.0
2021093005001885,ULI,13,50,10,570.0,5700.0
2021093005001884,ULI,13,54,10,570.0,5700.0
2021093005001883,ULI,13,58,10,570.0,5700.0
2021093005001878,ULI,13,57,10,570.0,5700.0
2021093005001877,ULI,13,54,10,570.0,5700.0
2021093005001916,ULI,48,49,10,573.0,5730.0
2021093005001915,ULI,48,36,10,573.0,5730.0
2021093005001914,ULI,47,54,10,572.0,5720.0
2021093005001901,ULI,47,54,10,572.0,5720.0
2021093005001900,ULI,47,45,10,572.0,5720.0
2021093005001899,ULI,47,21,10,572.0,5720.0
2021093005001943,ULI,13,51,20,572.1,11442.0
2021093005001942,ULI,51,58,10,572.0,5720.0
2021093005001939,ULI,51,21,10,572.0,5720.0
2021093005001937,ULI,51,49,10,572.0,5720.0
2021093005001935,ULI,51,39,10,572.0,5720.0
2021093005001930,ULI,47,33,10,572.0,5720.0
2021093005001962,ULI,54,46,10,574.1,5741.0
2021093005001961,ULI,54,7,10,574.1,5741.0
2021093005001955,ULI,13,51,10,572.1,5721.0
2021093005001953,ULI,13,38,10,572.1,5721.0
2021093005001949,ULI,13,46,50,572.1,28605.0
2021093005001944,ULI,13,5,10,572.1,5721.0
2021093005001995,ULI,54,49,10,574.1,5741.0
2021093005001993,ULI,54,54,10,574.1,5741.0
2021093005001979,ULI,54,38,10,574.1,5741.0
2021093005001972,ULI,54,51,10,574.1,5741.0
2021093005001964,ULI,7,47,90,574.9,51741.0
2021093005001963,ULI,7,49,10,574.8,5748.0
2021093005002010,ULI,51,41,10,571.0,5710.0
2021093005002005,ULI,51,50,10,571.0,5710.0
2021093005002003,ULI,54,51,10,574.1,5741.0
2021093005002000,ULI,54,54,10,574.1,5741.0
2021093005001999,ULI,54,49,10,574.1,5741.0
2021093005001996,ULI,54,45,10,574.1,5741.0
2021093005002031,ULI,13,17,10,570.3,5703.0
2021093005002030,ULI,13,49,10,570.3,5703.0
2021093005002027,ULI,6,56,10,570.4,5704.0
2021093005002021,ULI,51,48,10,571.0,5710.0
2021093005002015,ULI,51,25,10,571.0,5710.0
2021093005002014,ULI,51,32,10,571.0,5710.0
2021093005002043,ULI,13,21,10,570.3,5703.0
2021093005002041,ULI,13,56,10,570.3,5703.0
2021093005002040,ULI,13,59,10,570.3,5703.0
2021093005002037,ULI,13,49,10,570.3,5703.0
2021093005002033,ULI,13,49,10,570.3,5703.0
2021093005002032,ULI,13,49,10,570.3,5703.0
2021093005002055,ULI,55,19,10,570.2,5702.0
2021093005002052,ULI,55,49,10,570.2,5702.0
2021093005002051,ULI,13,45,10,570.3,5703.0
2021093005002050,ULI,44,57,10,571.0,5710.0
2021093005002049,ULI,44,58,10,571.0,5710.0
2021093005002048,ULI,13,6,10,570.3,5703.0
2021093005002066,ULI,13,59,10,570.0,5700.0
2021093005002065,ULI,13,49,10,570.0,5700.0
2021093005002064,ULI,13,29,10,570.0,5700.0
2021093005002059,ULI,44,58,10,571.0,5710.0
2021093005002057,ULI,13,19,55,570.0,31350.0
2021093005002056,ULI,43,19,50,570.1,28505.0
2021093005002136,ULI,58,14,10,570.0,5700.0
2021093005002134,ULI,58,49,10,570.0,5700.0
2021093005002125,ULI,58,38,10,570.0,5700.0
2021093005002122,ULI,56,58,10,570.0,5700.0
2021093005002102,ULI,56,59,10,570.0,5700.0
2021093005002092,ULI,56,29,10,570.0,5700.0
2021093005002168,ULI,29,11,10,570.0,5700.0
2021093005002167,ULI,58,45,32,570.0,18240.0
2021093005002163,ULI,58,59,10,570.0,5700.0
2021093005002161,ULI,58,59,10,570.0,5700.0
2021093005002144,ULI,58,58,10,570.0,5700.0
2021093005002143,ULI,48,59,10,571.0,5710.0
2021093005002189,ULI,13,18,10,570.0,5700.0
2021093005002184,ULI,13,7,10,570.0,5700.0
2021093005002177,ULI,13,59,10,570.0,5700.0
2021093005002174,ULI,43,42,10,570.0,5700.0
2021093005002172,ULI,58,32,10,570.0,5700.0
2021093005002171,ULI,29,32,90,570.0,51300.0
2021093005002205,ULI,13,42,10,570.0,5700.0
2021093005002202,ULI,13,58,10,570.0,5700.0
2021093005002197,ULI,13,51,10,570.0,5700.0
2021093005002196,ULI,13,59,10,570.0,5700.0
2021093005002194,ULI,13,50,10,570.0,5700.0
2021093005002192,ULI,13,35,10,570.0,5700.0
2021093005001725,JBLB,56,16,10,4032.0,40320.0
2021093005001722,JBLB,56,21,10,4031.6,40316.0
2021093005001720,JBLB,56,34,10,4031.6,40316.0
2021093005001240,JBLB,34,29,10,4056.6,40566.0
2021093005001236,JBLB,48,51,10,4057.0,40570.0
2021093005001249,JBLB,38,38,10,4060.0,40600.0
2021093005001248,JBLB,38,34,10,4060.0,40600.0
2021093005001247,JBLB,38,57,10,4060.0,40600.0
2021093005001246,JBLB,38,51,10,4057.0,40570.0
2021093005001243,JBLB,50,59,10,4057.0,40570.0
2021093005001260,JBLB,52,49,10,4070.0,40700.0
2021093005001254,JBLB,38,10,10,4060.0,40600.0
2021093005001263,JBLB,38,38,10,4060.0,40600.0
2021093005001261,JBLB,52,41,10,4070.0,40700.0
2021093005001278,JBLB,58,45,10,4057.0,40570.0
2021093005001272,JBLB,58,58,10,4057.0,40570.0
2021093005001283,JBLB,58,34,10,4057.0,40570.0
2021093005001292,JBLB,19,50,10,4057.0,40570.0
2021093005001306,JBLB,19,58,10,4057.0,40570.0
2021093005001322,JBLB,34,8,10,4056.6,40566.0
2021093005001314,JBLB,29,34,10,4057.0,40570.0
2021093005001333,JBLB,28,17,10,4056.5,40565.0
2021093005001325,JBLB,28,32,10,4056.5,40565.0
2021093005001344,JBLB,58,32,10,4060.0,40600.0
2021093005001361,JBLB,45,58,10,4060.0,40600.0
2021093005001387,JBLB,13,32,10,4060.0,40600.0
2021093005001398,JBLB,21,41,10,4060.0,40600.0
2021093005001394,JBLB,42,52,10,4063.0,40630.0
2021093005001406,JBLB,42,44,10,4060.0,40600.0
2021093005001405,JBLB,42,56,10,4060.0,40600.0
2021093005001403,JBLB,6,56,10,4057.0,40570.0
2021093005001423,JBLB,28,38,10,4056.4,40564.0
2021093005001420,JBLB,43,26,10,4056.5,40565.0
2021093005001408,JBLB,34,53,10,4057.0,40570.0
2021093005001433,JBLB,19,58,10,4056.1,40561.0
2021093005001432,JBLB,28,58,10,4056.4,40564.0
2021093005001431,JBLB,28,29,10,4056.4,40564.0
2021093005001429,JBLB,4,50,10,4060.0,40600.0
2021093005001439,JBLB,38,58,10,4050.3,40503.0
2021093005001438,JBLB,21,58,10,4052.0,40520.0
2021093005001437,JBLB,29,58,50,4053.0,202650.0
2021093005001436,JBLB,57,58,20,4054.0,81080.0
2021093005001441,JBLB,58,58,80,4050.0,324000.0
2021093005001440,JBLB,56,58,10,4050.1,40501.0
2021093005001451,JBLB,35,49,10,4055.0,40550.0
2021093005001449,JBLB,58,45,10,4050.0,40500.0
2021093005001473,JBLB,58,52,10,4050.0,40500.0
2021093005001482,JBLB,52,10,10,4050.1,40501.0
2021093005001478,JBLB,49,48,10,4055.0,40550.0
2021093005001499,JBLB,14,58,10,4050.1,40501.0
2021093005001498,JBLB,35,16,10,4055.0,40550.0
2021093005001495,JBLB,35,21,10,4055.0,40550.0
2021093005001490,JBLB,52,38,10,4050.1,40501.0
2021093005001526,JBLB,34,55,10,4051.0,40510.0
2021093005001523,JBLB,55,7,10,4051.0,40510.0
2021093005001532,JBLB,19,54,10,4055.0,40550.0
2021093005001531,JBLB,14,21,10,4050.1,40501.0
2021093005001543,JBLB,34,52,10,4055.0,40550.0
2021093005001542,JBLB,49,49,10,4051.0,40510.0
2021093005001557,JBLB,34,6,10,4055.0,40550.0
2021093005001569,JBLB,49,42,10,4051.0,40510.0
2021093005001585,JBLB,59,56,10,4051.1,40511.0
2021093005001583,JBLB,49,28,10,4051.0,40510.0
2021093005001577,JBLB,49,59,10,4051.0,40510.0
2021093005001575,JBLB,49,34,10,4051.0,40510.0
2021093005001592,JBLB,58,39,20,4050.0,81000.0
2021093005001587,JBLB,58,56,740,4050.0,2997000.0
2021093005001586,JBLB,14,56,80,4050.1,324008.0
2021093005001602,JBLB,58,1,50,4050.0,202500.0
2021093005001601,JBLB,58,32,15,4050.0,60750.0
2021093005001600,JBLB,58,6,10,4050.0,40500.0
2021093005001606,JBLB,42,58,10,4051.0,40510.0
2021093005001604,JBLB,19,51,10,4051.0,40510.0
2021093005001616,JBLB,48,21,10,4050.0,40500.0
2021093005001615,JBLB,58,21,35,4050.0,141750.0
2021093005001613,JBLB,58,35,10,4050.0,40500.0
2021093005001623,JBLB,58,21,10,4045.0,40450.0
2021093005001618,JBLB,41,21,10,4050.0,40500.0
2021093005001617,JBLB,47,21,10,4050.0,40500.0
2021093005001629,JBLB,58,49,10,4045.0,40450.0
2021093005001627,JBLB,58,1,10,4045.0,40450.0
2021093005001636,JBLB,58,56,10,4045.0,40450.0
2021093005001635,JBLB,58,52,10,4045.0,40450.0
2021093005001644,JBLB,36,56,20,4045.0,80900.0
2021093005001643,JBLB,42,21,10,4040.0,40400.0
2021093005001642,JBLB,28,21,10,4040.0,40400.0
2021093005001641,JBLB,1,21,10,4040.0,40400.0
2021093005001653,JBLB,35,32,10,4026.0,40260.0
2021093005001649,JBLB,35,38,10,4026.0,40260.0
2021093005001667,JBLB,29,45,10,4025.0,40250.0
2021093005001666,JBLB,42,50,10,4027.0,40270.0
2021093005001664,JBLB,38,34,10,4025.0,40250.0
2021093005001661,JBLB,45,32,10,4025.0,40250.0
2021093005001672,JBLB,29,52,10,4025.0,40250.0
2021093005001670,JBLB,42,54,10,4028.0,40280.0
2021093005001669,JBLB,29,22,10,4025.0,40250.0
2021093005001668,JBLB,29,16,10,4025.0,40250.0
2021093005001681,JBLB,58,42,10,4030.0,40300.0
2021093005001680,JBLB,56,34,10,4025.0,40250.0
2021093005001679,JBLB,29,56,10,4025.0,40250.0
2021093005001690,JBLB,56,21,10,4031.0,40310.0
2021093005001688,JBLB,56,48,10,4031.0,40310.0
2021093005001684,JBLB,56,38,10,4031.0,40310.0
2021093005001695,JBLB,56,38,10,4031.0,40310.0
2021093005001694,JBLB,49,54,10,4032.0,40320.0
2021093005001705,MKLB,58,8,10,2119.7,21197.0
2021093005001678,MKLB,58,45,10,2119.7,21197.0
2021093005001637,MKLB,58,39,10,2119.7,21197.0
2021093005001581,MKLB,58,49,10,2119.7,21197.0
2021093005001578,MKLB,43,49,10,2119.7,21197.0
2021093005001571,MKLB,45,13,10,2119.7,21197.0
2021093005001319,MKLB,45,32,10,2119.7,21197.0
2021093005001287,MKLB,57,56,10,2119.7,21197.0
2021093005001270,MKLB,57,32,10,2119.7,21197.0
2021093005001244,MKLB,57,56,10,2119.7,21197.0
2021093005001472,MKLB,45,29,10,2119.7,21197.0
2021093005001428,MKLB,45,38,10,2119.7,21197.0
2021093005001360,MKLB,45,4,10,2119.7,21197.0
2021093005001359,MKLB,45,4,10,2119.7,21197.0
2021093005001358,MKLB,45,4,10,2119.7,21197.0
2021093005001326,MKLB,45,58,10,2119.7,21197.0
2021093005001563,MKLB,45,51,10,2119.7,21197.0
2021093005001517,MKLB,43,39,10,2119.7,21197.0
2021093005001505,MKLB,43,16,10,2119.7,21197.0
2021093005001496,MKLB,45,58,10,2119.7,21197.0
2021093005001486,MKLB,45,40,10,2119.7,21197.0
2021093005001484,MKLB,45,6,10,2119.7,21197.0
2021093005001727,SLI,58,47,10,545.0,5450.0
2021093005001724,SLI,26,38,10,545.0,5450.0
2021093005001719,SLI,26,47,10,545.0,5450.0
2021093005001228,SLI,8,47,10,543.0,5430.0
2021093005001239,SLI,14,17,10,543.0,5430.0
2021093005001234,SLI,14,49,10,543.0,5430.0
2021093005001233,SLI,14,57,10,543.0,5430.0
2021093005001230,SLI,14,36,10,543.0,5430.0
2021093005001245,SLI,14,56,10,543.0,5430.0
2021093005001258,SLI,14,58,10,543.0,5430.0
2021093005001256,SLI,14,36,10,543.0,5430.0
2021093005001255,SLI,14,47,10,543.0,5430.0
2021093005001253,SLI,14,58,10,543.0,5430.0
2021093005001268,SLI,14,25,10,543.0,5430.0
2021093005001266,SLI,14,58,10,543.0,5430.0
2021093005001265,SLI,14,38,10,543.0,5430.0
2021093005001264,SLI,14,45,10,543.0,5430.0
2021093005001277,SLI,55,7,10,543.1,5431.0
2021093005001274,SLI,55,58,10,543.1,5431.0
2021093005001273,SLI,14,58,10,543.0,5430.0
2021093005001269,SLI,14,58,10,543.0,5430.0
2021093005001286,SLI,8,58,10,543.2,5432.0
2021093005001285,SLI,8,38,10,543.2,5432.0
2021093005001284,SLI,8,10,10,543.2,5432.0
2021093005001281,SLI,14,10,10,543.0,5430.0
2021093005001279,SLI,14,10,10,543.0,5430.0
2021093005001294,SLI,8,28,30,543.2,16296.0
2021093005001293,SLI,8,8,10,543.2,5432.0
2021093005001291,SLI,8,28,10,543.2,5432.0
2021093005001289,SLI,8,56,10,543.2,5432.0
2021093005001288,SLI,8,22,10,543.2,5432.0
2021093005001300,SLI,58,13,10,545.0,5450.0
2021093005001299,SLI,58,28,40,543.0,21720.0
2021093005001298,SLI,55,28,100,543.0,54300.0
2021093005001297,SLI,45,28,100,543.0,54300.0
2021093005001296,SLI,29,28,200,543.0,108600.0
2021093005001295,SLI,14,28,30,543.0,16290.0
2021093005001305,SLI,58,50,430,546.0,234780.0
2021093005001304,SLI,58,49,10,545.0,5450.0
2021093005001303,SLI,58,41,10,545.0,5450.0
2021093005001302,SLI,58,21,10,545.0,5450.0
2021093005001301,SLI,58,32,10,545.0,5450.0
2021093005001320,SLI,16,58,10,546.0,5460.0
2021093005001317,SLI,55,36,10,545.0,5450.0
2021093005001308,SLI,58,5,10,546.0,5460.0
2021093005001307,SLI,58,32,10,546.0,5460.0
2021093005001329,SLI,58,57,10,549.0,5490.0
2021093005001328,SLI,58,52,10,549.0,5490.0
2021093005001327,SLI,58,56,10,549.0,5490.0
2021093005001324,SLI,16,51,10,547.0,5470.0
2021093005001349,SLI,36,17,10,547.0,5470.0
2021093005001348,SLI,36,48,10,547.0,5470.0
2021093005001345,SLI,55,35,10,545.0,5450.0
2021093005001335,SLI,52,45,10,549.7,5497.0
2021093005001334,SLI,58,58,10,549.0,5490.0
2021093005001355,SLI,36,58,10,550.0,5500.0
2021093005001354,SLI,36,59,10,550.0,5500.0
2021093005001353,SLI,36,49,10,550.0,5500.0
2021093005001352,SLI,36,28,10,549.7,5497.0
2021093005001351,SLI,36,16,10,549.0,5490.0
2021093005001350,SLI,36,16,10,549.0,5490.0
2021093005001364,SLI,17,49,10,550.0,5500.0
2021093005001363,SLI,17,58,10,550.0,5500.0
2021093005001362,SLI,33,35,10,546.0,5460.0
2021093005001357,SLI,36,58,10,550.0,5500.0
2021093005001356,SLI,36,54,10,550.0,5500.0
2021093005001370,SLI,17,14,10,550.0,5500.0
2021093005001369,SLI,17,14,10,550.0,5500.0
2021093005001368,SLI,17,58,10,550.0,5500.0
2021093005001367,SLI,17,58,10,550.0,5500.0
2021093005001366,SLI,17,35,10,550.0,5500.0
2021093005001365,SLI,17,57,10,550.0,5500.0
2021093005001376,SLI,17,36,10,550.0,5500.0
2021093005001375,SLI,17,17,10,550.0,5500.0
2021093005001374,SLI,17,21,10,550.0,5500.0
2021093005001373,SLI,17,14,10,550.0,5500.0
2021093005001372,SLI,17,14,10,550.0,5500.0
2021093005001371,SLI,17,14,10,550.0,5500.0
2021093005001382,SLI,17,58,10,550.0,5500.0
2021093005001381,SLI,17,22,10,550.0,5500.0
2021093005001380,SLI,17,58,10,550.0,5500.0
2021093005001379,SLI,17,17,10,550.0,5500.0
2021093005001378,SLI,17,44,10,550.0,5500.0
2021093005001377,SLI,17,21,10,550.0,5500.0
2021093005001392,SLI,55,8,10,545.0,5450.0
2021093005001390,SLI,55,48,10,545.0,5450.0
2021093005001386,SLI,55,6,10,545.0,5450.0
2021093005001385,SLI,33,56,10,546.0,5460.0
2021093005001384,SLI,33,56,10,546.0,5460.0
2021093005001401,SLI,14,58,10,545.0,5450.0
2021093005001400,SLI,14,14,10,545.0,5450.0
2021093005001399,SLI,14,57,10,545.0,5450.0
2021093005001396,SLI,42,6,10,544.0,5440.0
2021093005001407,SLI,14,18,10,550.0,5500.0
2021093005001404,SLI,58,57,10,545.0,5450.0
2021093005001402,SLI,14,45,10,548.0,5480.0
2021093005001411,SLI,33,21,10,545.0,5450.0
2021093005001410,SLI,33,38,10,545.0,5450.0
2021093005001409,SLI,58,38,10,545.0,5450.0
2021093005001430,SLI,14,21,10,544.0,5440.0
2021093005001425,SLI,42,21,10,544.0,5440.0
2021093005001435,SLI,58,58,4,534.0,2136.0
2021093005001434,SLI,14,21,10,544.0,5440.0
2021093005001445,SLI,38,26,10,545.0,5450.0
2021093005001444,SLI,38,49,10,545.0,5450.0
2021093005001443,SLI,38,36,10,545.0,5450.0
2021093005001442,SLI,38,21,10,545.0,5450.0
2021093005001453,SLI,6,17,10,550.0,5500.0
2021093005001452,SLI,34,45,10,545.0,5450.0
2021093005001448,SLI,13,58,10,544.0,5440.0
2021093005001446,SLI,38,50,10,550.0,5500.0
2021093005001459,SLI,6,38,10,550.0,5500.0
2021093005001458,SLI,6,38,10,550.0,5500.0
2021093005001457,SLI,6,56,10,550.0,5500.0
2021093005001456,SLI,6,54,10,550.0,5500.0
2021093005001455,SLI,6,16,10,550.0,5500.0
2021093005001454,SLI,6,55,10,550.0,5500.0
2021093005001465,SLI,6,45,10,550.0,5500.0
2021093005001464,SLI,6,22,10,550.0,5500.0
2021093005001463,SLI,6,14,10,550.0,5500.0
2021093005001462,SLI,6,49,10,550.0,5500.0
2021093005001461,SLI,6,57,10,550.0,5500.0
2021093005001460,SLI,6,39,10,550.0,5500.0
2021093005001471,SLI,14,45,10,545.0,5450.0
2021093005001469,SLI,13,58,10,544.0,5440.0
2021093005001468,SLI,6,38,10,550.0,5500.0
2021093005001467,SLI,6,45,10,550.0,5500.0
2021093005001466,SLI,6,58,10,550.0,5500.0
2021093005001489,SLI,49,45,10,545.0,5450.0
2021093005001487,SLI,42,21,10,545.0,5450.0
2021093005001485,SLI,42,58,10,545.0,5450.0
2021093005001483,SLI,14,57,10,545.0,5450.0
2021093005001493,SLI,49,47,10,545.0,5450.0
2021093005001492,SLI,49,19,10,545.0,5450.0
2021093005001509,SLI,13,8,10,544.0,5440.0
2021093005001508,SLI,13,58,10,544.0,5440.0
2021093005001506,SLI,14,58,10,545.0,5450.0
2021093005001503,SLI,14,58,10,545.0,5450.0
2021093005001502,SLI,49,58,10,545.0,5450.0
2021093005001500,SLI,49,58,10,545.0,5450.0
2021093005001521,SLI,14,47,10,544.0,5440.0
2021093005001520,SLI,13,47,80,544.0,43520.0
2021093005001518,SLI,13,57,10,544.0,5440.0
2021093005001514,SLI,34,59,10,545.0,5450.0
2021093005001513,SLI,13,49,10,544.0,5440.0
2021093005001512,SLI,13,58,10,544.0,5440.0
2021093005001530,SLI,34,45,10,545.0,5450.0
2021093005001527,SLI,19,57,10,546.0,5460.0
2021093005001525,SLI,14,58,10,544.0,5440.0
2021093005001522,SLI,14,47,10,544.0,5440.0
2021093005001539,SLI,34,45,10,545.0,5450.0
2021093005001537,SLI,57,3,10,547.0,5470.0
2021093005001535,SLI,34,58,10,545.0,5450.0
2021093005001533,SLI,34,52,10,545.0,5450.0
2021093005001549,SLI,49,58,10,545.5,5455.0
2021093005001548,SLI,49,32,10,545.5,5455.0
2021093005001544,SLI,49,49,10,545.5,5455.0
2021093005001540,SLI,34,6,10,545.0,5450.0
2021093005001555,SLI,49,44,20,545.5,10910.0
2021093005001554,SLI,49,6,10,545.5,5455.0
2021093005001553,SLI,49,45,10,545.5,5455.0
2021093005001552,SLI,49,45,10,545.5,5455.0
2021093005001551,SLI,49,32,10,545.5,5455.0
2021093005001550,SLI,49,6,10,545.5,5455.0
2021093005001565,SLI,16,21,10,545.0,5450.0
2021093005001564,SLI,16,44,45,545.0,24525.0
2021093005001560,SLI,45,49,10,543.3,5433.0
2021093005001559,SLI,21,6,10,544.0,5440.0
2021093005001556,SLI,34,44,135,545.0,73575.0
2021093005001574,SLI,6,41,10,546.0,5460.0
2021093005001573,SLI,6,45,10,546.0,5460.0
2021093005001572,SLI,16,52,10,545.0,5450.0
2021093005001570,SLI,16,6,10,545.0,5450.0
2021093005001566,SLI,16,42,10,545.0,5450.0
2021093005001584,SLI,16,50,10,545.0,5450.0
2021093005001579,SLI,16,3,10,545.0,5450.0
2021093005001590,SLI,16,3,10,545.0,5450.0
2021093005001589,SLI,16,52,10,545.0,5450.0
2021093005001588,SLI,16,55,10,545.0,5450.0
2021093005001598,SLI,16,49,10,545.0,5450.0
2021093005001597,SLI,16,34,10,545.0,5450.0
2021093005001596,SLI,16,57,10,545.0,5450.0
2021093005001608,SLI,52,57,10,545.0,5450.0
2021093005001607,SLI,16,57,35,545.0,19075.0
2021093005001605,SLI,38,44,40,547.0,21880.0
2021093005001603,SLI,38,22,10,547.0,5470.0
2021093005001614,SLI,32,14,10,545.0,5450.0
2021093005001612,SLI,32,19,10,545.0,5450.0
2021093005001609,SLI,41,57,5,545.0,2725.0
2021093005001625,SLI,32,38,10,545.0,5450.0
2021093005001622,SLI,32,13,10,545.0,5450.0
2021093005001620,SLI,32,57,10,545.0,5450.0
2021093005001632,SLI,32,55,10,545.0,5450.0
2021093005001631,SLI,32,38,10,545.0,5450.0
2021093005001630,SLI,32,6,10,545.0,5450.0
2021093005001628,SLI,32,57,10,545.0,5450.0
2021093005001640,SLI,32,42,10,545.0,5450.0
2021093005001638,SLI,32,32,10,545.0,5450.0
2021093005001634,SLI,32,44,200,545.0,109000.0
2021093005001633,SLI,32,6,10,545.0,5450.0
2021093005001646,SLI,32,46,10,545.0,5450.0
2021093005001645,SLI,32,44,100,545.0,54500.0
2021093005001659,SLI,1,50,10,544.0,5440.0
2021093005001655,SLI,32,58,10,545.0,5450.0
2021093005001654,SLI,32,56,50,545.0,27250.0
2021093005001647,SLI,32,44,10,545.0,5450.0
2021093005001663,SLI,1,32,10,544.0,5440.0
2021093005001662,SLI,1,43,10,544.0,5440.0
2021093005001673,SLI,1,42,10,544.0,5440.0
2021093005001671,SLI,1,45,10,544.0,5440.0
2021093005001683,SLI,1,16,10,544.0,5440.0
2021093005001682,SLI,1,42,10,544.0,5440.0
2021093005001675,SLI,1,58,10,544.0,5440.0
2021093005001693,SLI,45,42,10,544.0,5440.0
2021093005001691,SLI,45,7,10,544.0,5440.0
2021093005001685,SLI,1,32,10,544.0,5440.0
2021093005001700,SLI,45,41,10,544.0,5440.0
2021093005001699,SLI,45,47,10,544.0,5440.0
2021093005001698,SLI,45,47,10,544.0,5440.0
2021093005001697,SLI,45,58,10,544.0,5440.0
2021093005001709,SLI,26,34,10,545.0,5450.0
2021093005001707,SLI,42,58,10,544.0,5440.0
2021093005001704,SLI,45,38,10,544.0,5440.0
2021093005001703,SLI,45,34,10,544.0,5440.0
2021093005001702,SLI,45,45,10,544.0,5440.0
2021093005001701,SLI,45,38,10,544.0,5440.0
2021093005001718,SLI,26,22,10,545.0,5450.0
2021093005001717,SLI,26,47,10,545.0,5450.0
2021093005001713,SLI,26,58,10,545.0,5450.0
2021093005001712,SLI,26,58,10,545.0,5450.0
2021093005001711,SLI,26,49,10,545.0,5450.0
2021093005001710,SLI,26,19,10,545.0,5450.0
2021093005001726,ULI,26,11,10,576.0,5760.0
2021093005001723,ULI,58,44,10,578.0,5780.0
2021093005001721,ULI,26,11,10,576.0,5760.0
2021093005001716,ULI,52,45,10,575.0,5750.0
2021093005001715,ULI,59,45,40,575.0,23000.0
2021093005001714,ULI,29,45,50,575.1,28755.0
2021093005001232,ULI,38,39,10,579.1,5791.0
2021093005001231,ULI,58,52,10,580.0,5800.0
2021093005001229,ULI,50,58,10,580.0,5800.0
2021093005001250,ULI,45,47,10,579.0,5790.0
2021093005001242,ULI,20,57,10,578.2,5782.0
2021093005001241,ULI,20,8,10,578.2,5782.0
2021093005001238,ULI,20,41,10,578.2,5782.0
2021093005001237,ULI,20,36,10,578.2,5782.0
2021093005001235,ULI,38,37,10,579.1,5791.0
2021093005001267,ULI,47,49,10,580.0,5800.0
2021093005001262,ULI,47,35,10,580.0,5800.0
2021093005001259,ULI,47,36,10,580.0,5800.0
2021093005001257,ULI,47,3,10,580.0,5800.0
2021093005001252,ULI,45,5,10,580.0,5800.0
2021093005001251,ULI,45,6,10,580.0,5800.0
2021093005001290,ULI,13,56,10,578.0,5780.0
2021093005001282,ULI,13,6,10,578.0,5780.0
2021093005001280,ULI,45,7,10,579.1,5791.0
2021093005001276,ULI,45,22,10,579.1,5791.0
2021093005001275,ULI,47,39,150,580.0,87000.0
2021093005001271,ULI,47,38,10,580.0,5800.0
2021093005001315,ULI,32,14,10,580.0,5800.0
2021093005001313,ULI,32,49,10,580.0,5800.0
2021093005001312,ULI,32,38,10,580.0,5800.0
2021093005001311,ULI,32,46,10,580.0,5800.0
2021093005001310,ULI,32,39,320,580.0,185600.0
2021093005001309,ULI,32,36,10,579.1,5791.0
2021093005001331,ULI,45,1,10,581.0,5810.0
2021093005001330,ULI,45,16,10,581.0,5810.0
2021093005001323,ULI,32,6,10,580.0,5800.0
2021093005001321,ULI,32,3,10,580.0,5800.0
2021093005001318,ULI,32,42,10,580.0,5800.0
2021093005001316,ULI,32,3,10,580.0,5800.0
2021093005001340,ULI,32,49,10,582.0,5820.0
2021093005001339,ULI,32,6,10,582.0,5820.0
2021093005001338,ULI,32,6,10,582.0,5820.0
2021093005001337,ULI,32,32,10,582.0,5820.0
2021093005001336,ULI,32,11,10,581.0,5810.0
2021093005001332,ULI,45,49,10,581.0,5810.0
2021093005001383,ULI,59,16,10,579.1,5791.0
2021093005001347,ULI,32,39,323,582.0,187986.0
2021093005001346,ULI,32,14,10,582.0,5820.0
2021093005001343,ULI,32,58,10,582.0,5820.0
2021093005001342,ULI,32,16,100,582.0,58200.0
2021093005001341,ULI,32,17,100,582.0,58200.0
2021093005001397,ULI,49,32,20,580.0,11600.0
2021093005001395,ULI,10,58,10,576.0,5760.0
2021093005001393,ULI,10,45,10,576.0,5760.0
2021093005001391,ULI,10,57,10,576.0,5760.0
2021093005001389,ULI,11,51,10,578.0,5780.0
2021093005001388,ULI,49,42,10,580.0,5800.0
2021093005001417,ULI,57,53,10,580.0,5800.0
2021093005001416,ULI,57,44,10,580.0,5800.0
2021093005001415,ULI,57,52,10,580.0,5800.0
2021093005001414,ULI,57,32,10,580.0,5800.0
2021093005001413,ULI,57,56,40,578.0,23120.0
2021093005001412,ULI,10,35,10,576.0,5760.0
2021093005001426,ULI,57,21,10,580.0,5800.0
2021093005001424,ULI,57,38,10,580.0,5800.0
2021093005001422,ULI,57,21,10,580.0,5800.0
2021093005001421,ULI,57,22,10,580.0,5800.0
2021093005001419,ULI,57,41,10,580.0,5800.0
2021093005001418,ULI,57,38,10,580.0,5800.0
2021093005001475,ULI,57,16,10,580.0,5800.0
2021093005001474,ULI,57,37,10,580.0,5800.0
2021093005001470,ULI,57,35,30,580.0,17400.0
2021093005001450,ULI,49,49,10,581.0,5810.0
2021093005001447,ULI,57,1,10,580.0,5800.0
2021093005001427,ULI,57,52,10,580.0,5800.0
2021093005001488,ULI,57,39,200,580.0,116000.0
2021093005001481,ULI,5,11,10,581.0,5810.0
2021093005001480,ULI,5,52,10,581.0,5810.0
2021093005001479,ULI,57,39,27,580.0,15660.0
2021093005001477,ULI,57,59,10,580.0,5800.0
2021093005001476,ULI,57,37,10,580.0,5800.0
2021093005001507,ULI,57,41,10,580.0,5800.0
2021093005001504,ULI,57,50,90,580.0,52200.0
2021093005001501,ULI,57,38,10,580.0,5800.0
2021093005001497,ULI,57,6,10,580.0,5800.0
2021093005001494,ULI,57,47,10,580.0,5800.0
2021093005001491,ULI,57,16,10,580.0,5800.0
2021093005001524,ULI,57,22,10,580.0,5800.0
2021093005001519,ULI,57,29,10,580.0,5800.0
2021093005001516,ULI,57,41,10,580.0,5800.0
2021093005001515,ULI,57,58,10,580.0,5800.0
2021093005001511,ULI,57,22,10,580.0,5800.0
2021093005001510,ULI,57,51,10,580.0,5800.0
2021093005001541,ULI,10,45,10,576.0,5760.0
2021093005001538,ULI,10,38,10,576.0,5760.0
2021093005001536,ULI,10,38,10,576.0,5760.0
2021093005001534,ULI,10,6,10,576.0,5760.0
2021093005001529,ULI,6,28,50,580.0,29000.0
2021093005001528,ULI,57,28,43,580.0,24940.0
2021093005001562,ULI,21,53,20,576.0,11520.0
2021093005001561,ULI,21,53,200,576.0,115200.0
2021093005001558,ULI,59,6,10,576.0,5760.0
2021093005001547,ULI,59,49,10,576.0,5760.0
2021093005001546,ULI,10,49,10,576.0,5760.0
2021093005001545,ULI,10,6,10,576.0,5760.0
2021093005001591,ULI,5,21,10,576.0,5760.0
2021093005001582,ULI,43,36,10,575.1,5751.0
2021093005001580,ULI,43,3,10,575.1,5751.0
2021093005001576,ULI,43,35,10,575.1,5751.0
2021093005001568,ULI,43,51,10,575.1,5751.0
2021093005001567,ULI,57,53,100,576.0,57600.0
2021093005001611,ULI,59,58,10,575.0,5750.0
2021093005001610,ULI,59,42,10,575.0,5750.0
2021093005001599,ULI,59,34,10,575.0,5750.0
2021093005001595,ULI,59,53,20,575.0,11500.0
2021093005001594,ULI,51,53,50,575.0,28750.0
2021093005001593,ULI,43,53,10,575.1,5751.0
2021093005001648,ULI,59,22,10,575.0,5750.0
2021093005001639,ULI,59,35,10,575.0,5750.0
2021093005001626,ULI,59,43,10,575.0,5750.0
2021093005001624,ULI,59,49,10,575.0,5750.0
2021093005001621,ULI,5,16,10,577.0,5770.0
2021093005001619,ULI,59,42,10,575.0,5750.0
2021093005001658,ULI,59,41,10,575.0,5750.0
2021093005001657,ULI,59,50,10,575.0,5750.0
2021093005001656,ULI,59,42,10,575.0,5750.0
2021093005001652,ULI,59,46,10,575.0,5750.0
2021093005001651,ULI,59,58,10,575.0,5750.0
2021093005001650,ULI,59,19,10,575.0,5750.0
2021093005001686,ULI,59,49,10,575.0,5750.0
2021093005001677,ULI,29,56,10,575.1,5751.0
2021093005001676,ULI,29,57,10,575.1,5751.0
2021093005001674,ULI,29,57,10,575.1,5751.0
2021093005001665,ULI,59,3,10,575.0,5750.0
2021093005001660,ULI,59,50,10,575.0,5750.0
2021093005001708,ULI,59,58,10,575.0,5750.0
2021093005001706,ULI,59,38,10,575.0,5750.0
2021093005001696,ULI,59,58,10,575.0,5750.0
2021093005001692,ULI,59,6,10,575.0,5750.0
2021093005001689,ULI,59,11,10,575.0,5750.0
2021093005001687,ULI,59,6,10,575.0,5750.0
2021093005000735,JBLB,45,45,10,4065.0,40650.0
2021093005000762,JBLB,57,51,10,4090.0,40900.0
2021093005000772,JBLB,29,14,10,4071.1,40711.0
2021093005000768,JBLB,25,41,10,4072.0,40720.0
2021093005000764,JBLB,25,28,10,4072.0,40720.0
2021093005000811,JBLB,49,45,10,4096.0,40960.0
2021093005000809,JBLB,41,16,10,4097.0,40970.0
2021093005000806,JBLB,49,26,10,4096.0,40960.0
2021093005000805,JBLB,49,14,10,4096.0,40960.0
2021093005000825,JBLB,25,5,10,4099.0,40990.0
2021093005000820,JBLB,41,37,50,4098.0,204900.0
2021093005000819,JBLB,49,14,10,4096.0,40960.0
2021093005000843,JBLB,49,58,10,4100.0,41000.0
2021093005000842,JBLB,49,57,10,4100.0,41000.0
2021093005000841,JBLB,35,54,10,4100.0,41000.0
2021093005000840,JBLB,35,48,10,4100.0,41000.0
2021093005000836,JBLB,58,52,20,4100.0,82000.0
2021093005000849,JBLB,49,59,10,4100.0,41000.0
2021093005000848,JBLB,49,49,10,4100.0,41000.0
2021093005000847,JBLB,49,58,10,4100.0,41000.0
2021093005000846,JBLB,49,42,10,4100.0,41000.0
2021093005000845,JBLB,49,26,10,4100.0,41000.0
2021093005000844,JBLB,49,42,10,4100.0,41000.0
2021093005000855,JBLB,49,13,10,4100.0,41000.0
2021093005000854,JBLB,49,49,10,4100.0,41000.0
2021093005000853,JBLB,49,58,10,4100.0,41000.0
2021093005000852,JBLB,49,49,10,4100.0,41000.0
2021093005000851,JBLB,49,54,10,4100.0,41000.0
2021093005000850,JBLB,49,34,10,4100.0,41000.0
2021093005000861,JBLB,49,22,10,4100.0,41000.0
2021093005000860,JBLB,49,52,10,4100.0,41000.0
2021093005000859,JBLB,49,58,10,4100.0,41000.0
2021093005000858,JBLB,49,52,10,4100.0,41000.0
2021093005000857,JBLB,49,43,10,4100.0,41000.0
2021093005000856,JBLB,49,51,10,4100.0,41000.0
2021093005000872,JBLB,49,42,10,4096.0,40960.0
2021093005000870,JBLB,49,21,10,4096.0,40960.0
2021093005000862,JBLB,49,28,10,4096.0,40960.0
2021093005000881,JBLB,33,17,50,4100.0,205000.0
2021093005000878,JBLB,49,39,20,4096.0,81920.0
2021093005000877,JBLB,49,58,10,4096.0,40960.0
2021093005000893,JBLB,25,42,10,4071.0,40710.0
2021093005000890,JBLB,51,42,10,4072.0,40720.0
2021093005000886,JBLB,51,42,10,4072.0,40720.0
2021093005000909,JBLB,16,58,4,4020.0,16080.0
2021093005000907,JBLB,44,17,10,4100.0,41000.0
2021093005000901,JBLB,37,17,20,4100.0,82000.0
2021093005000900,JBLB,37,39,20,4099.0,81980.0
2021093005000899,JBLB,37,39,20,4099.0,81980.0
2021093005000898,JBLB,37,39,20,4099.0,81980.0
2021093005000920,JBLB,25,21,10,4071.0,40710.0
2021093005000934,JBLB,57,53,10,4070.0,40700.0
2021093005000941,JBLB,48,57,10,4098.0,40980.0
2021093005000940,JBLB,48,34,10,4075.0,40750.0
2021093005000939,JBLB,48,51,10,4070.0,40700.0
2021093005000945,JBLB,36,57,10,4070.0,40700.0
2021093005000944,JBLB,48,17,50,4100.0,205000.0
2021093005000943,JBLB,48,43,20,4099.9,81998.0
2021093005000942,JBLB,48,57,10,4099.0,40990.0
2021093005000957,JBLB,14,17,10,4075.0,40750.0
2021093005000979,JBLB,36,43,10,4070.0,40700.0
2021093005000996,JBLB,39,57,10,4065.1,40651.0
2021093005000995,JBLB,21,57,10,4065.6,40656.0
2021093005000992,JBLB,21,38,10,4066.0,40660.0
2021093005001026,JBLB,32,32,10,4055.0,40550.0
2021093005001033,JBLB,48,42,10,4055.0,40550.0
2021093005001050,JBLB,49,36,10,4050.4,40504.0
2021093005001048,JBLB,49,42,10,4050.4,40504.0
2021093005001044,JBLB,49,42,10,4050.4,40504.0
2021093005001057,JBLB,19,36,10,4050.4,40504.0
2021093005001054,JBLB,58,35,10,4055.0,40550.0
2021093005001063,JBLB,38,42,10,4050.3,40503.0
2021093005001058,JBLB,19,4,10,4055.0,40550.0
2021093005001076,JBLB,48,6,10,4065.0,40650.0
2021093005001075,JBLB,47,38,10,4052.1,40521.0
2021093005001072,JBLB,21,11,10,4052.0,40520.0
2021093005001085,JBLB,58,32,10,4055.0,40550.0
2021093005001078,JBLB,32,47,10,4075.0,40750.0
2021093005001099,JBLB,38,32,10,4058.0,40580.0
2021093005001127,JBLB,58,41,10,4056.5,40565.0
2021093005001123,JBLB,50,52,10,4057.0,40570.0
2021093005001122,JBLB,11,46,10,4058.0,40580.0
2021093005001120,JBLB,6,45,10,4056.6,40566.0
2021093005001142,JBLB,14,48,10,4056.5,40565.0
2021093005001140,JBLB,14,42,10,4056.5,40565.0
2021093005001139,JBLB,14,42,10,4056.5,40565.0
2021093005001149,JBLB,14,52,10,4056.5,40565.0
2021093005001147,JBLB,14,17,10,4056.5,40565.0
2021093005001158,JBLB,14,42,10,4056.5,40565.0
2021093005001154,JBLB,14,35,10,4056.5,40565.0
2021093005001172,JBLB,14,46,10,4056.5,40565.0
2021093005001167,JBLB,14,29,10,4056.5,40565.0
2021093005001178,JBLB,6,58,10,4060.0,40600.0
2021093005001177,JBLB,28,36,10,4057.1,40571.0
2021093005001176,JBLB,28,8,10,4057.1,40571.0
2021093005001190,JBLB,19,55,10,4060.0,40600.0
2021093005001188,JBLB,6,6,10,4069.0,40690.0
2021093005001187,JBLB,6,58,10,4069.0,40690.0
2021093005001201,JBLB,28,38,10,4057.1,40571.0
2021093005001207,JBLB,42,32,10,4057.0,40570.0
2021093005001205,JBLB,42,17,10,4057.0,40570.0
2021093005001215,JBLB,42,28,10,4060.0,40600.0
2021093005001214,JBLB,28,17,10,4056.5,40565.0
2021093005001212,JBLB,14,56,10,4056.5,40565.0
2021093005001220,MKLB,57,55,10,2119.7,21197.0
2021093005001210,MKLB,57,49,10,2119.7,21197.0
2021093005001202,MKLB,57,41,10,2119.7,21197.0
2021093005001197,MKLB,57,7,10,2119.7,21197.0
2021093005001181,MKLB,57,35,10,2119.7,21197.0
2021093005001179,MKLB,57,1,10,2119.7,21197.0
2021093005000739,MKLB,57,16,10,2119.7,21197.0
2021093005000784,MKLB,57,41,10,2119.7,21197.0
2021093005000778,MKLB,57,21,10,2119.7,21197.0
2021093005000776,MKLB,57,38,10,2119.7,21197.0
2021093005000766,MKLB,57,19,10,2119.7,21197.0
2021093005000760,MKLB,57,43,10,2119.7,21197.0
2021093005000754,MKLB,57,44,10,2119.7,21197.0
2021093005000821,MKLB,57,57,10,2119.7,21197.0
2021093005000810,MKLB,57,58,10,2119.7,21197.0
2021093005000807,MKLB,57,40,10,2119.7,21197.0
2021093005000801,MKLB,57,38,10,2119.7,21197.0
2021093005000791,MKLB,57,38,10,2119.7,21197.0
2021093005000789,MKLB,21,58,1,2119.7,2119.7
2021093005000884,MKLB,57,58,10,2119.7,21197.0
2021093005000883,MKLB,57,58,10,2119.7,21197.0
2021093005000874,MKLB,57,56,10,2119.7,21197.0
2021093005000865,MKLB,57,32,10,2119.7,21197.0
2021093005000837,MKLB,57,29,10,2119.7,21197.0
2021093005000835,MKLB,57,22,10,2119.7,21197.0
2021093005001025,MKLB,57,34,10,2119.7,21197.0
2021093005000977,MKLB,57,34,10,2119.7,21197.0
2021093005000950,MKLB,57,58,10,2119.7,21197.0
2021093005000927,MKLB,57,22,10,2119.7,21197.0
2021093005000918,MKLB,57,3,10,2119.7,21197.0
2021093005000889,MKLB,57,7,10,2119.7,21197.0
2021093005001069,MKLB,57,4,25,2119.7,52992.5
2021093005001059,MKLB,57,17,10,2119.7,21197.0
2021093005001046,MKLB,57,4,10,2119.7,21197.0
2021093005001038,MKLB,57,38,10,2119.7,21197.0
2021093005001037,MKLB,57,1,10,2119.7,21197.0
2021093005001036,MKLB,57,1,10,2119.7,21197.0
2021093005001138,MKLB,57,33,10,2119.7,21197.0
2021093005001116,MKLB,57,17,10,2119.7,21197.0
2021093005001115,MKLB,57,45,10,2119.7,21197.0
2021093005001106,MKLB,57,25,10,2119.7,21197.0
2021093005001079,MKLB,57,57,10,2119.7,21197.0
2021093005001071,MKLB,57,50,10,2119.7,21197.0
2021093005001227,SLI,8,8,10,543.0,5430.0
2021093005001226,SLI,8,47,10,543.0,5430.0
2021093005001225,SLI,8,36,10,543.0,5430.0
2021093005001224,SLI,8,41,10,543.0,5430.0
2021093005001223,SLI,8,47,10,543.0,5430.0
2021093005001219,SLI,8,22,10,543.0,5430.0
2021093005000741,SLI,58,13,10,549.0,5490.0
2021093005000740,SLI,50,34,10,546.0,5460.0
2021093005000738,SLI,50,29,10,546.0,5460.0
2021093005000737,SLI,50,46,10,546.0,5460.0
2021093005000736,SLI,17,44,10,549.0,5490.0
2021093005000747,SLI,58,59,10,550.0,5500.0
2021093005000746,SLI,58,57,10,550.0,5500.0
2021093005000745,SLI,58,7,10,550.0,5500.0
2021093005000744,SLI,58,53,10,550.0,5500.0
2021093005000743,SLI,58,50,10,550.0,5500.0
2021093005000742,SLI,58,41,10,550.0,5500.0
2021093005000753,SLI,41,50,10,546.0,5460.0
2021093005000751,SLI,50,17,10,546.0,5460.0
2021093005000750,SLI,58,58,10,550.0,5500.0
2021093005000749,SLI,58,58,10,550.0,5500.0
2021093005000748,SLI,58,58,10,550.0,5500.0
2021093005000770,SLI,55,21,10,545.0,5450.0
2021093005000769,SLI,55,28,10,545.0,5450.0
2021093005000767,SLI,41,42,10,546.0,5460.0
2021093005000781,SLI,58,32,10,545.0,5450.0
2021093005000779,SLI,58,17,10,545.0,5450.0
2021093005000777,SLI,58,38,10,545.0,5450.0
2021093005000775,SLI,58,22,10,545.0,5450.0
2021093005000774,SLI,58,47,10,545.0,5450.0
2021093005000773,SLI,58,58,10,545.0,5450.0
2021093005000804,SLI,38,58,10,549.0,5490.0
2021093005000785,SLI,58,13,10,545.0,5450.0
2021093005000832,SLI,25,11,10,545.1,5451.0
2021093005000830,SLI,25,57,10,545.1,5451.0
2021093005000816,SLI,34,49,10,549.0,5490.0
2021093005000838,SLI,34,33,10,548.0,5480.0
2021093005000871,SLI,25,42,10,545.1,5451.0
2021093005000869,SLI,25,42,10,545.1,5451.0
2021093005000864,SLI,25,28,10,545.1,5451.0
2021093005000882,SLI,47,58,10,546.0,5460.0
2021093005000879,SLI,47,58,10,546.0,5460.0
2021093005000876,SLI,47,42,10,546.0,5460.0
2021093005000896,SLI,58,21,10,545.0,5450.0
2021093005000888,SLI,47,52,10,546.0,5460.0
2021093005000885,SLI,47,17,10,546.0,5460.0
2021093005000919,SLI,36,40,10,546.0,5460.0
2021093005000915,SLI,36,42,10,546.0,5460.0
2021093005000913,SLI,36,49,10,546.0,5460.0
2021093005000912,SLI,36,35,10,546.0,5460.0
2021093005000910,SLI,6,42,10,544.0,5440.0
2021093005000931,SLI,41,58,46,544.0,25024.0
2021093005000929,SLI,41,35,10,544.0,5440.0
2021093005000926,SLI,6,47,10,544.0,5440.0
2021093005000925,SLI,52,33,10,545.1,5451.0
2021093005000921,SLI,36,52,10,546.0,5460.0
2021093005000938,SLI,17,18,10,543.0,5430.0
2021093005000937,SLI,17,53,10,543.0,5430.0
2021093005000935,SLI,17,49,10,543.0,5430.0
2021093005000947,SLI,57,58,234,544.0,127296.0
2021093005000946,SLI,54,58,20,544.0,10880.0
2021093005000962,SLI,57,48,10,544.0,5440.0
2021093005000961,SLI,57,34,10,544.0,5440.0
2021093005000959,SLI,57,32,10,544.0,5440.0
2021093005000949,SLI,57,58,10,544.0,5440.0
2021093005000948,SLI,57,49,10,544.0,5440.0
2021093005000972,SLI,57,50,60,544.0,32640.0
2021093005000971,SLI,57,50,30,544.0,16320.0
2021093005000968,SLI,57,58,10,544.0,5440.0
2021093005000967,SLI,57,36,10,544.0,5440.0
2021093005000965,SLI,57,52,10,544.0,5440.0
2021093005000964,SLI,57,26,10,544.0,5440.0
2021093005000990,SLI,17,32,10,543.0,5430.0
2021093005000989,SLI,17,49,10,543.0,5430.0
2021093005000987,SLI,17,35,10,543.0,5430.0
2021093005000976,SLI,17,44,10,543.0,5430.0
2021093005000975,SLI,43,50,10,544.0,5440.0
2021093005000994,SLI,17,38,10,543.0,5430.0
2021093005000993,SLI,34,50,40,544.0,21760.0
2021093005000991,SLI,17,55,10,543.0,5430.0
2021093005001005,SLI,50,52,10,542.0,5420.0
2021093005001003,SLI,50,50,10,542.0,5420.0
2021093005001002,SLI,50,19,10,542.0,5420.0
2021093005001001,SLI,17,58,10,543.0,5430.0
2021093005001000,SLI,17,32,10,543.0,5430.0
2021093005000999,SLI,26,50,20,544.0,10880.0
2021093005001011,SLI,51,11,10,543.0,5430.0
2021093005001010,SLI,34,50,190,544.0,103360.0
2021093005001009,SLI,34,43,10,543.0,5430.0
2021093005001008,SLI,50,57,10,542.0,5420.0
2021093005001007,SLI,50,39,10,542.0,5420.0
2021093005001006,SLI,50,32,10,542.0,5420.0
2021093005001028,SLI,45,50,20,542.0,10840.0
2021093005001027,SLI,50,50,70,542.0,37940.0
2021093005001024,SLI,50,11,10,542.0,5420.0
2021093005001015,SLI,51,11,10,543.0,5430.0
2021093005001014,SLI,51,6,10,543.0,5430.0
2021093005001040,SLI,34,38,10,540.1,5401.0
2021093005001035,SLI,42,4,10,542.0,5420.0
2021093005001031,SLI,42,11,10,542.0,5420.0
2021093005001030,SLI,42,32,10,542.0,5420.0
2021093005001029,SLI,34,50,10,542.0,5420.0
2021093005001047,SLI,34,36,10,540.1,5401.0
2021093005001043,SLI,34,52,10,540.1,5401.0
2021093005001041,SLI,34,45,10,540.1,5401.0
2021093005001056,SLI,17,51,10,541.0,5410.0
2021093005001053,SLI,34,38,10,540.1,5401.0
2021093005001052,SLI,34,35,10,540.1,5401.0
2021093005001051,SLI,34,25,10,540.1,5401.0
2021093005001070,SLI,4,51,10,542.0,5420.0
2021093005001064,SLI,4,38,10,542.0,5420.0
2021093005001062,SLI,17,1,10,541.0,5410.0
2021093005001060,SLI,17,58,10,541.0,5410.0
2021093005001077,SLI,58,41,10,542.0,5420.0
2021093005001074,SLI,13,7,10,541.1,5411.0
2021093005001073,SLI,13,6,10,541.1,5411.0
2021093005001084,SLI,14,58,10,543.0,5430.0
2021093005001083,SLI,14,21,10,543.0,5430.0
2021093005001082,SLI,58,8,10,542.0,5420.0
2021093005001081,SLI,58,13,10,542.0,5420.0
2021093005001093,SLI,38,49,10,545.0,5450.0
2021093005001092,SLI,38,57,10,545.0,5450.0
2021093005001090,SLI,34,38,10,543.9,5439.0
2021093005001089,SLI,34,38,10,543.9,5439.0
2021093005001088,SLI,34,38,10,543.9,5439.0
2021093005001087,SLI,34,38,10,543.9,5439.0
2021093005001102,SLI,34,26,10,544.0,5440.0
2021093005001101,SLI,34,38,10,544.0,5440.0
2021093005001098,SLI,34,48,10,544.0,5440.0
2021093005001095,SLI,38,49,10,547.0,5470.0
2021093005001094,SLI,38,52,10,546.0,5460.0
2021093005001119,SLI,34,55,20,544.0,10880.0
2021093005001113,SLI,42,58,10,542.0,5420.0
2021093005001112,SLI,58,51,10,542.0,5420.0
2021093005001109,SLI,49,55,10,544.0,5440.0
2021093005001108,SLI,34,55,420,544.0,228480.0
2021093005001105,SLI,34,56,10,544.0,5440.0
2021093005001128,SLI,55,22,10,547.0,5470.0
2021093005001121,SLI,34,49,10,546.0,5460.0
2021093005001134,SLI,55,45,10,549.0,5490.0
2021093005001133,SLI,55,16,10,549.0,5490.0
2021093005001132,SLI,55,58,10,548.0,5480.0
2021093005001131,SLI,55,6,10,548.0,5480.0
2021093005001130,SLI,55,6,10,548.0,5480.0
2021093005001129,SLI,55,56,10,548.0,5480.0
2021093005001146,SLI,34,21,10,546.0,5460.0
2021093005001137,SLI,55,8,10,549.0,5490.0
2021093005001135,SLI,55,49,10,549.0,5490.0
2021093005001152,SLI,34,17,10,546.0,5460.0
2021093005001151,SLI,34,32,10,546.0,5460.0
2021093005001150,SLI,34,8,10,546.0,5460.0
2021093005001148,SLI,34,8,10,546.0,5460.0
2021093005001160,SLI,34,8,10,546.0,5460.0
2021093005001159,SLI,34,32,10,546.0,5460.0
2021093005001157,SLI,34,22,10,546.0,5460.0
2021093005001156,SLI,34,16,10,546.0,5460.0
2021093005001168,SLI,55,17,10,542.5,5425.0
2021093005001164,SLI,34,17,10,546.0,5460.0
2021093005001163,SLI,34,7,10,546.0,5460.0
2021093005001161,SLI,34,29,10,546.0,5460.0
2021093005001183,SLI,8,43,50,543.0,27150.0
2021093005001174,SLI,55,4,10,542.5,5425.0
2021093005001173,SLI,55,17,10,542.5,5425.0
2021093005001186,SLI,46,50,170,546.0,92820.0
2021093005001185,SLI,46,32,10,545.0,5450.0
2021093005001184,SLI,46,49,10,545.0,5450.0
2021093005001200,SLI,8,8,10,543.0,5430.0
2021093005001196,SLI,8,8,10,543.0,5430.0
2021093005001194,SLI,17,34,10,545.0,5450.0
2021093005001193,SLI,57,50,50,546.0,27300.0
2021093005001191,SLI,17,46,10,545.0,5450.0
2021093005001211,SLI,58,14,10,545.0,5450.0
2021093005001209,SLI,8,35,10,543.0,5430.0
2021093005001206,SLI,8,58,10,543.0,5430.0
2021093005001203,SLI,8,46,10,543.0,5430.0
2021093005001218,SLI,8,7,10,543.0,5430.0
2021093005001216,SLI,8,35,10,543.0,5430.0
2021093005001213,SLI,8,49,10,543.0,5430.0
2021093005001222,ULI,21,41,10,580.0,5800.0
2021093005001221,ULI,21,16,10,580.0,5800.0
2021093005001217,ULI,58,32,10,579.0,5790.0
2021093005001208,ULI,44,51,10,580.0,5800.0
2021093005001204,ULI,44,8,10,579.0,5790.0
2021093005001199,ULI,38,54,10,578.3,5783.0
2021093005000728,ULI,53,45,20,575.0,11500.0
2021093005000734,ULI,53,11,10,575.0,5750.0
2021093005000733,ULI,53,53,10,575.0,5750.0
2021093005000732,ULI,53,32,10,575.0,5750.0
2021093005000731,ULI,53,32,30,575.0,17250.0
2021093005000730,ULI,53,57,10,575.0,5750.0
2021093005000729,ULI,53,57,10,575.0,5750.0
2021093005000759,ULI,39,19,10,576.0,5760.0
2021093005000758,ULI,39,4,10,576.0,5760.0
2021093005000757,ULI,39,41,10,576.0,5760.0
2021093005000756,ULI,39,14,10,576.0,5760.0
2021093005000755,ULI,51,33,10,575.0,5750.0
2021093005000752,ULI,51,21,10,575.0,5750.0
2021093005000782,ULI,22,52,10,580.0,5800.0
2021093005000780,ULI,22,58,10,580.0,5800.0
2021093005000771,ULI,34,47,10,578.0,5780.0
2021093005000765,ULI,39,17,10,576.0,5760.0
2021093005000763,ULI,39,58,10,576.0,5760.0
2021093005000761,ULI,39,43,10,576.0,5760.0
2021093005000792,ULI,22,8,10,582.0,5820.0
2021093005000790,ULI,22,45,10,582.0,5820.0
2021093005000788,ULI,46,21,10,581.0,5810.0
2021093005000787,ULI,46,52,10,581.0,5810.0
2021093005000786,ULI,46,56,10,581.0,5810.0
2021093005000783,ULI,22,49,10,580.0,5800.0
2021093005000798,ULI,32,51,10,585.0,5850.0
2021093005000797,ULI,32,16,10,585.0,5850.0
2021093005000796,ULI,32,17,20,583.4,11668.0
2021093005000795,ULI,32,34,10,583.4,5834.0
2021093005000794,ULI,32,55,10,583.4,5834.0
2021093005000793,ULI,22,36,10,582.0,5820.0
2021093005000812,ULI,22,43,10,589.0,5890.0
2021093005000808,ULI,22,52,10,587.0,5870.0
2021093005000803,ULI,22,49,10,587.0,5870.0
2021093005000802,ULI,22,21,10,587.0,5870.0
2021093005000800,ULI,32,8,10,586.0,5860.0
2021093005000799,ULI,32,45,500,586.0,293000.0
2021093005000822,ULI,53,49,10,590.0,5900.0
2021093005000818,ULI,34,8,10,590.0,5900.0
2021093005000817,ULI,34,36,10,590.0,5900.0
2021093005000815,ULI,34,58,10,590.0,5900.0
2021093005000814,ULI,34,57,10,589.5,5895.0
2021093005000813,ULI,13,42,10,587.0,5870.0
2021093005000829,ULI,35,28,10,587.0,5870.0
2021093005000828,ULI,34,57,10,590.0,5900.0
2021093005000827,ULI,53,57,90,590.0,53100.0
2021093005000826,ULI,8,47,130,591.6,76908.0
2021093005000824,ULI,8,52,10,591.6,5916.0
2021093005000823,ULI,8,34,10,591.6,5916.0
2021093005000866,ULI,32,42,10,590.0,5900.0
2021093005000863,ULI,32,47,107,590.0,63130.0
2021093005000839,ULI,34,59,50,592.0,29600.0
2021093005000834,ULI,32,51,500,590.0,295000.0
2021093005000833,ULI,32,47,20,590.0,11800.0
2021093005000831,ULI,32,57,330,590.0,194700.0
2021093005000887,ULI,32,17,10,590.0,5900.0
2021093005000880,ULI,32,42,10,590.0,5900.0
2021093005000875,ULI,32,42,10,590.0,5900.0
2021093005000873,ULI,32,57,10,590.0,5900.0
2021093005000868,ULI,32,42,10,590.0,5900.0
2021093005000867,ULI,32,42,10,590.0,5900.0
2021093005000902,ULI,32,57,10,590.0,5900.0
2021093005000897,ULI,32,53,10,590.0,5900.0
2021093005000895,ULI,32,51,10,590.0,5900.0
2021093005000894,ULI,32,42,10,590.0,5900.0
2021093005000892,ULI,32,52,10,590.0,5900.0
2021093005000891,ULI,32,13,10,590.0,5900.0
2021093005000911,ULI,32,39,10,590.0,5900.0
2021093005000908,ULI,32,13,300,590.0,177000.0
2021093005000906,ULI,32,33,10,590.0,5900.0
2021093005000905,ULI,34,57,10,591.0,5910.0
2021093005000904,ULI,32,10,10,590.0,5900.0
2021093005000903,ULI,32,42,10,590.0,5900.0
2021093005000924,ULI,55,53,10,590.0,5900.0
2021093005000923,ULI,6,35,10,580.0,5800.0
2021093005000922,ULI,6,42,10,580.0,5800.0
2021093005000917,ULI,58,28,110,587.0,64570.0
2021093005000916,ULI,35,28,190,587.0,111530.0
2021093005000914,ULI,38,35,10,590.0,5900.0
2021093005000951,ULI,38,32,30,586.9,17607.0
2021093005000936,ULI,8,58,10,587.0,5870.0
2021093005000933,ULI,8,59,250,587.0,146750.0
2021093005000932,ULI,8,38,40,587.0,23480.0
2021093005000930,ULI,8,57,200,587.0,117400.0
2021093005000928,ULI,55,47,10,580.0,5800.0
2021093005000958,ULI,26,17,10,582.0,5820.0
2021093005000956,ULI,38,45,20,587.0,11740.0
2021093005000955,ULI,38,42,10,587.0,5870.0
2021093005000954,ULI,38,58,20,587.0,11740.0
2021093005000953,ULI,38,41,10,587.0,5870.0
2021093005000952,ULI,38,56,10,587.0,5870.0
2021093005000973,ULI,55,53,10,580.0,5800.0
2021093005000970,ULI,55,44,10,580.0,5800.0
2021093005000969,ULI,26,44,10,582.0,5820.0
2021093005000966,ULI,26,44,10,582.0,5820.0
2021093005000963,ULI,26,44,10,582.0,5820.0
2021093005000960,ULI,26,34,10,582.0,5820.0
2021093005000983,ULI,55,19,50,580.0,29000.0
2021093005000982,ULI,55,44,10,580.0,5800.0
2021093005000981,ULI,55,44,10,580.0,5800.0
2021093005000980,ULI,55,47,10,580.0,5800.0
2021093005000978,ULI,55,44,10,580.0,5800.0
2021093005000974,ULI,55,44,10,580.0,5800.0
2021093005000998,ULI,13,38,10,579.0,5790.0
2021093005000997,ULI,58,51,10,580.0,5800.0
2021093005000988,ULI,13,42,10,579.0,5790.0
2021093005000986,ULI,55,53,10,580.0,5800.0
2021093005000985,ULI,55,5,50,580.0,29000.0
2021093005000984,ULI,55,48,10,580.0,5800.0
2021093005001018,ULI,13,1,10,579.0,5790.0
2021093005001017,ULI,13,36,10,579.0,5790.0
2021093005001016,ULI,13,11,10,579.0,5790.0
2021093005001013,ULI,13,51,10,579.0,5790.0
2021093005001012,ULI,13,1,10,579.0,5790.0
2021093005001004,ULI,13,45,10,579.0,5790.0
2021093005001032,ULI,20,42,10,578.2,5782.0
2021093005001023,ULI,20,38,10,578.2,5782.0
2021093005001022,ULI,43,50,100,579.0,57900.0
2021093005001021,ULI,26,58,10,585.0,5850.0
2021093005001020,ULI,26,41,10,580.0,5800.0
2021093005001019,ULI,13,11,10,579.0,5790.0
2021093005001055,ULI,50,6,10,579.0,5790.0
2021093005001049,ULI,50,47,10,579.0,5790.0
2021093005001045,ULI,50,14,10,579.0,5790.0
2021093005001042,ULI,20,4,10,578.2,5782.0
2021093005001039,ULI,20,58,10,578.2,5782.0
2021093005001034,ULI,20,38,10,578.2,5782.0
2021093005001080,ULI,50,8,10,579.0,5790.0
2021093005001068,ULI,17,49,10,580.0,5800.0
2021093005001067,ULI,17,50,10,580.0,5800.0
2021093005001066,ULI,17,11,10,580.0,5800.0
2021093005001065,ULI,17,51,10,580.0,5800.0
2021093005001061,ULI,50,51,10,579.0,5790.0
2021093005001103,ULI,34,25,10,581.0,5810.0
2021093005001100,ULI,1,51,10,580.0,5800.0
2021093005001097,ULI,38,38,10,580.0,5800.0
2021093005001096,ULI,38,38,10,580.0,5800.0
2021093005001091,ULI,50,58,10,579.0,5790.0
2021093005001086,ULI,50,8,10,579.0,5790.0
2021093005001117,ULI,58,25,10,579.0,5790.0
2021093005001114,ULI,50,25,10,579.0,5790.0
2021093005001111,ULI,50,25,10,579.0,5790.0
2021093005001110,ULI,50,25,10,579.0,5790.0
2021093005001107,ULI,1,25,10,580.0,5800.0
2021093005001104,ULI,58,25,10,581.0,5810.0
2021093005001141,ULI,43,16,10,578.3,5783.0
2021093005001136,ULI,43,34,10,578.3,5783.0
2021093005001126,ULI,47,41,10,582.0,5820.0
2021093005001125,ULI,47,56,10,581.0,5810.0
2021093005001124,ULI,47,51,10,580.0,5800.0
2021093005001118,ULI,20,58,10,578.2,5782.0
2021093005001162,ULI,43,57,10,578.3,5783.0
2021093005001155,ULI,43,17,10,578.3,5783.0
2021093005001153,ULI,43,16,10,578.3,5783.0
2021093005001145,ULI,47,42,10,583.0,5830.0
2021093005001144,ULI,47,58,10,582.0,5820.0
2021093005001143,ULI,47,58,10,580.0,5800.0
2021093005001175,ULI,42,58,10,580.0,5800.0
2021093005001171,ULI,42,17,10,580.0,5800.0
2021093005001170,ULI,42,10,10,580.0,5800.0
2021093005001169,ULI,42,51,10,580.0,5800.0
2021093005001166,ULI,58,51,10,580.0,5800.0
2021093005001165,ULI,58,29,10,580.0,5800.0
2021093005001198,ULI,42,6,10,580.0,5800.0
2021093005001195,ULI,42,26,10,580.0,5800.0
2021093005001192,ULI,42,51,10,580.0,5800.0
2021093005001189,ULI,42,50,10,580.0,5800.0
2021093005001182,ULI,42,51,10,580.0,5800.0
2021093005001180,ULI,42,1,10,580.0,5800.0
2021093005000726,JBLB,25,42,10,4062.0,40620.0
2021093005000232,JBLB,33,21,10,4025.0,40250.0
2021093005000229,JBLB,36,42,10,4099.0,40990.0
2021093005000228,JBLB,36,29,10,4099.0,40990.0
2021093005000241,JBLB,4,50,10,4025.0,40250.0
2021093005000238,JBLB,29,50,20,4025.0,80500.0
2021093005000237,JBLB,56,50,50,4025.0,201250.0
2021093005000236,JBLB,55,50,10,4025.0,40250.0
2021093005000235,JBLB,33,50,10,4025.0,40250.0
2021093005000272,JBLB,49,1,10,4030.0,40300.0
2021093005000269,JBLB,49,36,20,4030.0,80600.0
2021093005000267,JBLB,49,33,10,4030.0,40300.0
2021093005000254,JBLB,21,39,10,4026.0,40260.0
2021093005000244,JBLB,28,49,10,4020.0,40200.0
2021093005000312,JBLB,45,45,10,4090.0,40900.0
2021093005000290,JBLB,14,53,10,4031.0,40310.0
2021093005000321,JBLB,45,57,10,4090.0,40900.0
2021093005000359,JBLB,55,43,20,4100.0,82000.0
2021093005000346,JBLB,49,34,10,4100.0,41000.0
2021093005000345,JBLB,49,57,10,4100.0,41000.0
2021093005000336,JBLB,11,41,10,4100.0,41000.0
2021093005000360,JBLB,56,45,10,4065.0,40650.0
2021093005000387,JBLB,55,40,20,4090.0,81800.0
2021093005000376,JBLB,39,58,50,4050.0,202500.0
2021093005000375,JBLB,1,58,10,4050.0,40500.0
2021093005000408,JBLB,43,34,10,4050.0,40500.0
2021093005000411,JBLB,49,49,5,4100.0,20500.0
2021093005000410,JBLB,45,19,10,4050.0,40500.0
2021093005000431,JBLB,43,6,10,4050.0,40500.0
2021093005000429,JBLB,55,49,10,4031.0,40310.0
2021093005000444,JBLB,55,46,10,4031.0,40310.0
2021093005000467,JBLB,14,34,10,4030.0,40300.0
2021093005000501,JBLB,4,44,10,4022.0,40220.0
2021093005000494,JBLB,4,49,10,4022.0,40220.0
2021093005000490,JBLB,4,56,10,4030.0,40300.0
2021093005000526,JBLB,51,17,10,4020.0,40200.0
2021093005000525,JBLB,4,17,10,4020.1,40201.0
2021093005000521,JBLB,4,44,10,4020.1,40201.0
2021093005000513,JBLB,4,44,10,4020.0,40200.0
2021093005000536,JBLB,51,3,10,4050.0,40500.0
2021093005000535,JBLB,51,40,10,4050.0,40500.0
2021093005000533,JBLB,51,46,10,4030.0,40300.0
2021093005000532,JBLB,51,21,10,4030.0,40300.0
2021093005000531,JBLB,51,4,10,4030.0,40300.0
2021093005000530,JBLB,51,37,20,4030.0,80600.0
2021093005000538,JBLB,51,58,10,4050.0,40500.0
2021093005000537,JBLB,51,58,40,4050.0,162000.0
2021093005000553,JBLB,19,14,10,4021.0,40210.0
2021093005000550,JBLB,45,26,10,4020.1,40201.0
2021093005000599,JBLB,51,7,50,4080.0,204000.0
2021093005000598,JBLB,51,49,10,4080.0,40800.0
2021093005000597,JBLB,51,56,10,4079.0,40790.0
2021093005000615,JBLB,29,56,10,4022.5,40225.0
2021093005000630,JBLB,39,1,10,4050.0,40500.0
2021093005000648,JBLB,58,1,10,4050.0,40500.0
2021093005000641,JBLB,58,46,10,4050.0,40500.0
2021093005000638,JBLB,29,17,10,4050.0,40500.0
2021093005000694,JBLB,58,38,10,4050.2,40502.0
2021093005000687,JBLB,49,22,10,4075.0,40750.0
2021093005000686,JBLB,49,48,10,4050.3,40503.0
2021093005000716,MKLB,57,50,10,2119.7,21197.0
2021093005000713,MKLB,57,55,10,2119.7,21197.0
2021093005000712,MKLB,57,48,10,2119.7,21197.0
2021093005000711,MKLB,17,29,10,2119.7,21197.0
2021093005000705,MKLB,17,1,10,2119.7,21197.0
2021093005000697,MKLB,17,17,10,2119.7,21197.0
2021093005000239,MKLB,16,7,10,2119.7,21197.0
2021093005000233,MKLB,16,21,10,2119.7,21197.0
2021093005000231,MKLB,7,45,10,2119.0,21190.0
2021093005000230,MKLB,55,57,10,2119.0,21190.0
2021093005000248,MKLB,42,29,10,2118.0,21180.0
2021093005000247,MKLB,59,14,10,2115.0,21150.0
2021093005000246,MKLB,11,43,10,2119.0,21190.0
2021093005000243,MKLB,3,52,10,2119.7,21197.0
2021093005000242,MKLB,16,25,10,2119.7,21197.0
2021093005000240,MKLB,16,49,10,2119.7,21197.0
2021093005000255,MKLB,25,55,10,2119.7,21197.0
2021093005000253,MKLB,50,3,10,2119.7,21197.0
2021093005000252,MKLB,50,8,10,2119.7,21197.0
2021093005000251,MKLB,50,58,10,2119.7,21197.0
2021093005000250,MKLB,50,48,10,2119.0,21190.0
2021093005000249,MKLB,50,26,10,2119.0,21190.0
2021093005000270,MKLB,42,48,10,2119.7,21197.0
2021093005000265,MKLB,52,25,10,2119.7,21197.0
2021093005000259,MKLB,52,19,10,2119.7,21197.0
2021093005000258,MKLB,50,29,10,2119.7,21197.0
2021093005000257,MKLB,28,16,10,2119.7,21197.0
2021093005000256,MKLB,28,58,10,2119.7,21197.0
2021093005000280,MKLB,59,52,10,2119.7,21197.0
2021093005000278,MKLB,59,34,10,2119.7,21197.0
2021093005000277,MKLB,59,8,10,2119.7,21197.0
2021093005000276,MKLB,34,38,10,2119.0,21190.0
2021093005000273,MKLB,36,57,10,2119.0,21190.0
2021093005000271,MKLB,42,26,10,2119.7,21197.0
2021093005000296,MKLB,59,1,10,2119.7,21197.0
2021093005000294,MKLB,59,14,10,2119.7,21197.0
2021093005000292,MKLB,59,29,10,2119.7,21197.0
2021093005000288,MKLB,59,38,10,2119.7,21197.0
2021093005000287,MKLB,59,38,10,2119.7,21197.0
2021093005000286,MKLB,59,19,10,2119.7,21197.0
2021093005000303,MKLB,59,45,10,2119.7,21197.0
2021093005000302,MKLB,59,28,10,2119.7,21197.0
2021093005000301,MKLB,59,49,10,2119.7,21197.0
2021093005000300,MKLB,59,39,10,2119.7,21197.0
2021093005000299,MKLB,59,29,10,2119.7,21197.0
2021093005000298,MKLB,59,52,10,2119.7,21197.0
2021093005000316,MKLB,48,39,10,2119.7,21197.0
2021093005000314,MKLB,48,45,10,2119.7,21197.0
2021093005000311,MKLB,48,6,10,2119.7,21197.0
2021093005000310,MKLB,48,39,10,2119.7,21197.0
2021093005000307,MKLB,48,29,10,2119.7,21197.0
2021093005000305,MKLB,59,53,10,2119.7,21197.0
2021093005000337,MKLB,16,4,10,2119.7,21197.0
2021093005000335,MKLB,16,38,10,2119.7,21197.0
2021093005000334,MKLB,16,59,10,2119.7,21197.0
2021093005000320,MKLB,41,13,10,2119.7,21197.0
2021093005000318,MKLB,41,45,10,2119.7,21197.0
2021093005000317,MKLB,45,21,10,2119.7,21197.0
2021093005000344,MKLB,16,17,10,2119.7,21197.0
2021093005000343,MKLB,16,38,10,2119.7,21197.0
2021093005000342,MKLB,16,29,10,2119.7,21197.0
2021093005000341,MKLB,16,19,10,2119.7,21197.0
2021093005000339,MKLB,16,39,10,2119.7,21197.0
2021093005000338,MKLB,16,19,10,2119.7,21197.0
2021093005000352,MKLB,57,38,10,2119.7,21197.0
2021093005000351,MKLB,57,35,10,2119.7,21197.0
2021093005000350,MKLB,57,56,10,2119.7,21197.0
2021093005000349,MKLB,57,58,10,2119.7,21197.0
2021093005000348,MKLB,57,17,10,2119.7,21197.0
2021093005000347,MKLB,16,4,10,2119.7,21197.0
2021093005000358,MKLB,35,1,45,2119.7,95386.5
2021093005000357,MKLB,57,1,10,2119.7,21197.0
2021093005000356,MKLB,57,17,10,2119.7,21197.0
2021093005000355,MKLB,57,38,10,2119.7,21197.0
2021093005000354,MKLB,57,52,10,2119.7,21197.0
2021093005000353,MKLB,57,17,10,2119.7,21197.0
2021093005000373,MKLB,48,47,10,2119.7,21197.0
2021093005000371,MKLB,21,1,10,2119.7,21197.0
2021093005000370,MKLB,21,49,10,2119.7,21197.0
2021093005000369,MKLB,51,38,10,2119.7,21197.0
2021093005000367,MKLB,34,4,10,2119.7,21197.0
2021093005000364,MKLB,34,54,10,2119.7,21197.0
2021093005000382,MKLB,48,29,10,2119.7,21197.0
2021093005000381,MKLB,48,45,10,2119.7,21197.0
2021093005000380,MKLB,48,56,10,2119.7,21197.0
2021093005000378,MKLB,48,49,10,2119.7,21197.0
2021093005000377,MKLB,48,49,10,2119.7,21197.0
2021093005000374,MKLB,48,52,10,2119.7,21197.0
2021093005000397,MKLB,28,43,10,2119.7,21197.0
2021093005000395,MKLB,28,47,10,2119.7,21197.0
2021093005000391,MKLB,28,43,10,2119.7,21197.0
2021093005000388,MKLB,48,56,10,2119.7,21197.0
2021093005000386,MKLB,48,18,10,2119.7,21197.0
2021093005000384,MKLB,48,49,10,2119.7,21197.0
2021093005000414,MKLB,28,47,10,2119.7,21197.0
2021093005000413,MKLB,28,38,10,2119.7,21197.0
2021093005000412,MKLB,28,44,10,2119.7,21197.0
2021093005000406,MKLB,28,58,10,2119.7,21197.0
2021093005000405,MKLB,28,41,10,2119.7,21197.0
2021093005000402,MKLB,28,38,10,2119.7,21197.0
2021093005000432,MKLB,28,35,10,2119.7,21197.0
2021093005000430,MKLB,28,10,10,2119.7,21197.0
2021093005000428,MKLB,28,10,10,2119.7,21197.0
2021093005000423,MKLB,28,35,10,2119.7,21197.0
2021093005000417,MKLB,28,10,10,2119.7,21197.0
2021093005000416,MKLB,28,45,10,2119.7,21197.0
2021093005000443,MKLB,6,42,10,2119.7,21197.0
2021093005000442,MKLB,6,50,10,2119.7,21197.0
2021093005000441,MKLB,6,39,10,2119.7,21197.0
2021093005000436,MKLB,6,8,10,2119.7,21197.0
2021093005000435,MKLB,6,14,10,2119.7,21197.0
2021093005000434,MKLB,43,46,10,2119.7,21197.0
2021093005000452,MKLB,6,49,10,2119.7,21197.0
2021093005000450,MKLB,6,34,10,2119.7,21197.0
2021093005000449,MKLB,6,17,10,2119.7,21197.0
2021093005000448,MKLB,6,38,10,2119.7,21197.0
2021093005000447,MKLB,6,44,10,2119.7,21197.0
2021093005000445,MKLB,6,51,10,2119.7,21197.0
2021093005000469,MKLB,6,45,10,2119.7,21197.0
2021093005000463,MKLB,6,38,10,2119.7,21197.0
2021093005000462,MKLB,6,57,10,2119.7,21197.0
2021093005000458,MKLB,6,6,10,2119.7,21197.0
2021093005000457,MKLB,6,52,10,2119.7,21197.0
2021093005000453,MKLB,6,8,10,2119.7,21197.0
2021093005000496,MKLB,59,10,10,2119.7,21197.0
2021093005000493,MKLB,52,10,10,2119.7,21197.0
2021093005000491,MKLB,52,16,10,2119.7,21197.0
2021093005000489,MKLB,6,37,10,2119.7,21197.0
2021093005000483,MKLB,6,25,10,2119.7,21197.0
2021093005000479,MKLB,6,6,10,2119.7,21197.0
2021093005000509,MKLB,59,58,10,2119.7,21197.0
2021093005000508,MKLB,59,34,10,2119.7,21197.0
2021093005000507,MKLB,59,56,10,2119.7,21197.0
2021093005000500,MKLB,59,10,10,2119.7,21197.0
2021093005000498,MKLB,59,16,10,2119.7,21197.0
2021093005000497,MKLB,59,56,10,2119.7,21197.0
2021093005000520,MKLB,17,14,10,2119.7,21197.0
2021093005000519,MKLB,17,51,10,2119.7,21197.0
2021093005000518,MKLB,42,45,10,2119.7,21197.0
2021093005000515,MKLB,59,17,10,2119.7,21197.0
2021093005000512,MKLB,59,28,10,2119.7,21197.0
2021093005000511,MKLB,59,21,10,2119.7,21197.0
2021093005000539,MKLB,28,58,10,2119.7,21197.0
2021093005000534,MKLB,17,17,10,2119.7,21197.0
2021093005000528,MKLB,17,11,10,2119.7,21197.0
2021093005000527,MKLB,17,48,10,2119.7,21197.0
2021093005000524,MKLB,17,25,10,2119.7,21197.0
2021093005000522,MKLB,17,58,10,2119.7,21197.0
2021093005000552,MKLB,28,54,10,2119.7,21197.0
2021093005000549,MKLB,28,38,10,2119.7,21197.0
2021093005000546,MKLB,28,17,10,2119.7,21197.0
2021093005000543,MKLB,28,36,10,2119.7,21197.0
2021093005000541,MKLB,28,7,10,2119.7,21197.0
2021093005000540,MKLB,28,19,10,2119.7,21197.0
2021093005000564,MKLB,57,22,10,2119.7,21197.0
2021093005000562,MKLB,57,28,10,2119.7,21197.0
2021093005000560,MKLB,28,42,100,2119.7,211970.0
2021093005000559,MKLB,28,45,10,2119.7,21197.0
2021093005000556,MKLB,28,28,10,2119.7,21197.0
2021093005000554,MKLB,28,21,10,2119.7,21197.0
2021093005000572,MKLB,55,47,10,2119.7,21197.0
2021093005000571,MKLB,59,47,10,2119.7,21197.0
2021093005000570,MKLB,59,46,10,2119.7,21197.0
2021093005000569,MKLB,59,17,10,2119.7,21197.0
2021093005000566,MKLB,16,17,10,2119.7,21197.0
2021093005000565,MKLB,57,16,10,2119.7,21197.0
2021093005000580,MKLB,55,57,10,2119.7,21197.0
2021093005000579,MKLB,55,45,10,2119.7,21197.0
2021093005000578,MKLB,55,38,10,2119.7,21197.0
2021093005000576,MKLB,55,8,10,2119.7,21197.0
2021093005000575,MKLB,55,28,10,2119.7,21197.0
2021093005000573,MKLB,55,35,10,2119.7,21197.0
2021093005000620,MKLB,55,56,10,2119.7,21197.0
2021093005000618,MKLB,55,45,10,2119.7,21197.0
2021093005000605,MKLB,55,49,10,2119.7,21197.0
2021093005000603,MKLB,55,38,10,2119.7,21197.0
2021093005000596,MKLB,55,47,10,2119.7,21197.0
2021093005000590,MKLB,55,44,10,2119.7,21197.0
2021093005000634,MKLB,55,5,10,2119.7,21197.0
2021093005000633,MKLB,55,38,10,2119.7,21197.0
2021093005000632,MKLB,55,37,10,2119.7,21197.0
2021093005000624,MKLB,55,38,10,2119.7,21197.0
2021093005000622,MKLB,55,55,10,2119.7,21197.0
2021093005000621,MKLB,55,51,10,2119.7,21197.0
2021093005000662,MKLB,55,32,10,2119.7,21197.0
2021093005000661,MKLB,55,58,10,2119.7,21197.0
2021093005000659,MKLB,55,49,10,2119.7,21197.0
2021093005000651,MKLB,55,52,10,2119.7,21197.0
2021093005000649,MKLB,55,40,10,2119.7,21197.0
2021093005000639,MKLB,55,38,10,2119.7,21197.0
2021093005000681,MKLB,55,58,10,2119.7,21197.0
2021093005000680,MKLB,55,26,10,2119.7,21197.0
2021093005000669,MKLB,55,22,10,2119.7,21197.0
2021093005000667,MKLB,55,6,10,2119.7,21197.0
2021093005000664,MKLB,55,39,10,2119.7,21197.0
2021093005000663,MKLB,55,50,10,2119.7,21197.0
2021093005000693,MKLB,58,19,10,2119.7,21197.0
2021093005000692,MKLB,58,17,10,2119.7,21197.0
2021093005000690,MKLB,55,34,10,2119.7,21197.0
2021093005000689,MKLB,55,47,10,2119.7,21197.0
2021093005000684,MKLB,55,21,10,2119.7,21197.0
2021093005000683,MKLB,55,49,10,2119.7,21197.0
2021093005000727,SLI,50,51,10,546.0,5460.0
2021093005000715,SLI,50,58,10,546.0,5460.0
2021093005000710,SLI,55,51,10,545.0,5450.0
2021093005000709,SLI,4,49,10,545.0,5450.0
2021093005000708,SLI,4,45,10,545.0,5450.0
