Transact. No.,Symbol,Buyer,Seller,Quantity,Rate,Amount
2021100505002453,JBLB,5,57,10,4020.0,40200.0
2021100505002452,JBLB,16,44,10,4020.0,40200.0
2021100505001957,JBLB,44,38,10,4000.0,40000.0
2021100505001963,JBLB,34,34,10,4006.0,40060.0
2021100505001962,JBLB,34,4,10,4006.0,40060.0
2021100505001959,JBLB,41,36,10,4000.0,40000.0
2021100505001958,JBLB,44,38,30,4000.0,120000.0
2021100505001970,JBLB,47,36,10,4000.1,40001.0
2021100505001967,JBLB,34,42,10,4006.0,40060.0
2021100505001966,JBLB,34,36,10,4006.0,40060.0
2021100505001965,JBLB,34,21,10,4006.0,40060.0
2021100505001991,JBLB,52,1,10,4000.0,40000.0
2021100505001990,JBLB,41,1,20,4000.0,80000.0
2021100505001989,JBLB,41,48,10,4000.0,40000.0
2021100505001988,JBLB,41,5,10,4000.0,40000.0
2021100505001986,JBLB,47,35,10,4000.1,40001.0
2021100505001998,JBLB,18,48,10,3995.0,39950.0
2021100505001997,JBLB,18,50,10,3995.0,39950.0
2021100505001996,JBLB,58,50,10,3995.0,39950.0
2021100505001994,JBLB,58,49,10,3995.0,39950.0
2021100505001993,JBLB,39,1,10,4000.0,40000.0
2021100505002003,JBLB,18,48,10,3995.0,39950.0
2021100505002002,JBLB,18,14,10,3995.0,39950.0
2021100505002001,JBLB,18,6,10,3995.0,39950.0
2021100505002000,JBLB,41,45,10,4000.0,40000.0
2021100505001999,JBLB,41,25,10,4000.0,40000.0
2021100505002010,JBLB,57,38,10,3990.1,39901.0
2021100505002008,JBLB,57,38,10,3990.1,39901.0
2021100505002006,JBLB,57,48,10,3990.1,39901.0
2021100505002005,JBLB,17,48,10,3990.1,39901.0
2021100505002018,JBLB,33,19,10,3991.0,39910.0
2021100505002016,JBLB,58,56,10,3990.0,39900.0
2021100505002012,JBLB,57,42,10,3990.1,39901.0
2021100505002030,JBLB,33,38,10,3991.0,39910.0
2021100505002023,JBLB,33,21,10,3991.0,39910.0
2021100505002036,JBLB,33,58,10,3991.0,39910.0
2021100505002035,JBLB,33,59,10,3991.0,39910.0
2021100505002033,JBLB,33,21,10,3991.0,39910.0
2021100505002049,JBLB,19,16,10,4000.0,40000.0
2021100505002048,JBLB,19,45,10,4000.0,40000.0
2021100505002047,JBLB,19,45,10,4000.0,40000.0
2021100505002046,JBLB,19,57,10,4000.0,40000.0
2021100505002059,JBLB,48,57,10,3995.0,39950.0
2021100505002052,JBLB,33,48,10,3991.0,39910.0
2021100505002050,JBLB,19,4,10,4000.0,40000.0
2021100505002070,JBLB,1,1,30,3995.0,119850.0
2021100505002064,JBLB,39,1,20,3995.0,79900.0
2021100505002062,JBLB,35,38,10,3995.0,39950.0
2021100505002060,JBLB,48,38,40,3995.0,159800.0
2021100505002078,JBLB,35,45,10,4000.0,40000.0
2021100505002077,JBLB,35,58,10,4000.0,40000.0
2021100505002076,JBLB,35,21,10,3995.0,39950.0
2021100505002090,JBLB,20,17,10,3991.1,39911.0
2021100505002086,JBLB,44,17,10,3991.2,39912.0
2021100505002085,JBLB,35,6,10,4005.0,40050.0
2021100505002080,JBLB,35,55,10,4000.0,40000.0
2021100505002079,JBLB,35,43,10,4000.0,40000.0
2021100505002095,JBLB,20,51,40,3991.1,159644.0
2021100505002094,JBLB,20,14,50,3991.1,199555.0
2021100505002092,JBLB,11,53,10,4000.0,40000.0
2021100505002114,JBLB,33,35,10,3991.0,39910.0
2021100505002110,JBLB,34,51,20,3991.1,79822.0
2021100505002116,JBLB,33,58,10,3991.0,39910.0
2021100505002115,JBLB,34,6,10,4000.0,40000.0
2021100505002126,JBLB,39,17,10,3992.0,39920.0
2021100505002122,JBLB,39,5,10,3992.0,39920.0
2021100505002151,JBLB,53,10,20,3991.2,79824.0
2021100505002148,JBLB,8,28,10,3991.2,39912.0
2021100505002160,JBLB,53,45,10,3991.2,39912.0
2021100505002170,JBLB,53,58,10,3991.2,39912.0
2021100505002164,JBLB,53,49,10,3991.2,39912.0
2021100505002185,JBLB,16,16,10,3991.1,39911.0
2021100505002184,JBLB,16,39,10,3991.1,39911.0
2021100505002201,JBLB,32,21,20,3994.0,79880.0
2021100505002197,JBLB,42,55,10,3991.2,39912.0
2021100505002210,JBLB,32,52,10,3998.0,39980.0
2021100505002209,JBLB,32,55,10,3998.0,39980.0
2021100505002203,JBLB,32,8,10,3994.0,39940.0
2021100505002226,JBLB,32,42,10,3994.0,39940.0
2021100505002215,JBLB,32,58,10,4000.0,40000.0
2021100505002214,JBLB,32,58,10,4000.0,40000.0
2021100505002213,JBLB,32,1,50,4000.0,200000.0
2021100505002212,JBLB,32,35,10,4000.0,40000.0
2021100505002245,JBLB,53,45,20,3995.0,79900.0
2021100505002279,JBLB,29,17,10,3992.0,39920.0
2021100505002298,JBLB,58,44,10,4000.0,40000.0
2021100505002297,JBLB,29,8,10,3992.0,39920.0
2021100505002312,JBLB,17,56,10,4005.0,40050.0
2021100505002311,JBLB,17,56,10,4005.0,40050.0
2021100505002310,JBLB,17,56,10,4005.0,40050.0
2021100505002309,JBLB,17,6,10,4000.0,40000.0
2021100505002308,JBLB,17,21,10,4000.0,40000.0
2021100505002317,JBLB,29,42,10,3992.0,39920.0
2021100505002315,JBLB,17,16,100,4007.0,400700.0
2021100505002314,JBLB,17,34,39,4006.9,156269.1
2021100505002313,JBLB,17,21,10,4006.9,40069.0
2021100505002331,JBLB,58,58,10,4005.0,40050.0
2021100505002330,JBLB,58,14,10,4005.0,40050.0
2021100505002329,JBLB,58,53,10,4005.0,40050.0
2021100505002340,JBLB,14,13,10,4010.0,40100.0
2021100505002339,JBLB,14,16,10,4007.0,40070.0
2021100505002337,JBLB,42,42,10,4000.0,40000.0
2021100505002332,JBLB,58,49,10,4005.0,40050.0
2021100505002346,JBLB,14,44,10,4015.0,40150.0
2021100505002345,JBLB,14,32,10,4014.0,40140.0
2021100505002344,JBLB,14,25,10,4013.0,40130.0
2021100505002343,JBLB,14,54,10,4010.0,40100.0
2021100505002342,JBLB,14,51,10,4010.0,40100.0
2021100505002341,JBLB,14,57,10,4010.0,40100.0
2021100505002352,JBLB,1,45,10,4015.0,40150.0
2021100505002351,JBLB,1,58,10,4015.0,40150.0
2021100505002350,JBLB,35,29,10,4000.0,40000.0
2021100505002348,JBLB,14,38,10,4015.0,40150.0
2021100505002347,JBLB,14,45,10,4015.0,40150.0
2021100505002359,JBLB,1,28,10,4019.0,40190.0
2021100505002374,JBLB,19,58,10,4010.0,40100.0
2021100505002371,JBLB,29,34,10,4005.0,40050.0
2021100505002387,JBLB,28,51,10,4019.0,40190.0
2021100505002386,JBLB,28,28,40,4019.0,160760.0
2021100505002385,JBLB,19,58,10,4010.0,40100.0
2021100505002381,JBLB,19,56,25,4015.0,100375.0
2021100505002379,JBLB,19,16,10,4010.0,40100.0
2021100505002389,JBLB,28,21,40,4020.0,160800.0
2021100505002388,JBLB,28,41,10,4020.0,40200.0
2021100505002402,JBLB,17,17,10,4006.0,40060.0
2021100505002401,JBLB,19,17,10,4010.0,40100.0
2021100505002400,JBLB,38,17,10,4015.0,40150.0
2021100505002420,JBLB,26,1,10,4010.0,40100.0
2021100505002412,JBLB,17,59,10,4006.0,40060.0
2021100505002411,JBLB,26,51,10,4014.0,40140.0
2021100505002410,JBLB,17,53,10,4006.0,40060.0
2021100505002408,JBLB,17,52,10,4006.0,40060.0
2021100505002435,JBLB,16,49,10,4020.0,40200.0
2021100505002434,JBLB,16,21,15,4020.0,60300.0
2021100505002433,JBLB,32,17,10,4010.0,40100.0
2021100505002432,JBLB,32,28,10,4008.0,40080.0
2021100505002429,JBLB,38,39,10,4008.0,40080.0
2021100505002441,JBLB,16,42,10,4020.0,40200.0
2021100505002438,JBLB,16,21,10,4020.0,40200.0
2021100505002437,JBLB,16,47,10,4020.0,40200.0
2021100505002436,JBLB,16,34,10,4020.0,40200.0
2021100505002454,MKLB,51,21,10,1920.0,19200.0
2021100505002451,MKLB,56,28,10,1950.0,19500.0
2021100505002450,MKLB,56,54,20,1938.0,38760.0
2021100505002449,MKLB,56,56,10,1925.0,19250.0
2021100505002448,MKLB,56,19,10,1925.0,19250.0
2021100505002447,MKLB,56,45,10,1921.0,19210.0
2021100505002031,MKLB,42,51,10,1881.6,18816.0
2021100505002026,MKLB,41,25,10,1882.6,18826.0
2021100505002025,MKLB,48,25,20,1882.7,37654.0
2021100505002017,MKLB,3,38,10,1900.0,19000.0
2021100505001987,MKLB,4,41,10,1920.0,19200.0
2021100505002131,MKLB,45,17,10,1856.0,18560.0
2021100505002113,MKLB,11,59,10,1853.0,18530.0
2021100505002084,MKLB,41,42,10,1890.0,18900.0
2021100505002081,MKLB,48,46,10,1880.0,18800.0
2021100505002058,MKLB,41,25,30,1882.0,56460.0
2021100505002043,MKLB,28,39,10,1846.0,18460.0
2021100505002166,MKLB,41,58,10,1860.0,18600.0
2021100505002156,MKLB,39,59,10,1860.0,18600.0
2021100505002153,MKLB,41,41,10,1877.0,18770.0
2021100505002150,MKLB,21,58,10,1892.0,18920.0
2021100505002133,MKLB,26,8,10,1855.1,18551.0
2021100505002132,MKLB,26,51,10,1855.2,18552.0
2021100505002195,MKLB,45,16,10,1856.0,18560.0
2021100505002179,MKLB,14,38,10,1855.1,18551.0
2021100505002178,MKLB,14,21,10,1855.1,18551.0
2021100505002171,MKLB,26,49,10,1855.0,18550.0
2021100505002168,MKLB,26,4,10,1855.0,18550.0
2021100505002167,MKLB,26,51,10,1855.0,18550.0
2021100505002230,MKLB,51,6,10,1890.0,18900.0
2021100505002229,MKLB,51,39,10,1890.0,18900.0
2021100505002228,MKLB,51,34,10,1890.0,18900.0
2021100505002227,MKLB,51,20,10,1889.8,18898.0
2021100505002208,MKLB,21,22,10,1889.7,18897.0
2021100505002198,MKLB,14,56,10,1855.1,18551.0
2021100505002254,MKLB,59,44,10,1892.2,18922.0
2021100505002244,MKLB,51,21,10,1890.0,18900.0
2021100505002242,MKLB,51,32,10,1890.0,18900.0
2021100505002239,MKLB,51,6,10,1890.0,18900.0
2021100505002235,MKLB,51,45,10,1890.0,18900.0
2021100505002231,MKLB,51,16,10,1890.0,18900.0
2021100505002296,MKLB,14,17,40,1900.0,76000.0
2021100505002274,MKLB,59,56,10,1900.0,19000.0
2021100505002258,MKLB,59,21,10,1900.0,19000.0
2021100505002257,MKLB,59,21,10,1900.0,19000.0
2021100505002256,MKLB,59,56,50,1900.0,95000.0
2021100505002255,MKLB,59,57,10,1900.0,19000.0
2021100505002336,MKLB,51,19,10,1910.0,19100.0
2021100505002335,MKLB,51,42,10,1910.0,19100.0
2021100505002334,MKLB,51,49,10,1900.0,19000.0
2021100505002327,MKLB,13,8,10,1900.0,19000.0
2021100505002323,MKLB,51,42,10,1900.0,19000.0
2021100505002307,MKLB,14,38,10,1890.1,18901.0
2021100505002373,MKLB,51,47,10,1915.0,19150.0
2021100505002365,MKLB,51,38,10,1915.0,19150.0
2021100505002358,MKLB,51,48,10,1915.0,19150.0
2021100505002356,MKLB,51,58,10,1915.0,19150.0
2021100505002355,MKLB,51,39,15,1914.5,28717.5
2021100505002353,MKLB,13,39,35,1914.5,67007.5
2021100505002398,MKLB,38,49,10,1915.0,19150.0
2021100505002396,MKLB,38,47,10,1915.0,19150.0
2021100505002394,MKLB,38,35,10,1915.0,19150.0
2021100505002393,MKLB,38,7,10,1915.0,19150.0
2021100505002380,MKLB,51,34,10,1915.0,19150.0
2021100505002375,MKLB,57,38,10,1919.0,19190.0
2021100505002439,MKLB,51,58,10,1920.0,19200.0
2021100505002418,MKLB,51,47,10,1920.0,19200.0
2021100505002417,MKLB,51,58,10,1920.0,19200.0
2021100505002416,MKLB,51,21,10,1920.0,19200.0
2021100505002415,MKLB,51,58,10,1920.0,19200.0
2021100505002414,MKLB,51,36,10,1920.0,19200.0
2021100505002456,SLI,7,58,10,507.0,5070.0
2021100505002455,SLI,7,32,20,507.0,10140.0
2021100505002446,SLI,38,32,100,507.0,50700.0
2021100505002445,SLI,44,32,30,507.0,15210.0
2021100505001961,SLI,47,36,10,513.0,5130.0
2021100505001960,SLI,47,17,10,513.0,5130.0
2021100505001969,SLI,14,5,10,512.0,5120.0
2021100505001968,SLI,47,36,10,513.0,5130.0
2021100505001976,SLI,41,51,10,510.0,5100.0
2021100505001975,SLI,22,51,10,511.0,5110.0
2021100505001974,SLI,33,51,20,511.0,10220.0
2021100505001973,SLI,7,51,50,511.1,25555.0
2021100505001972,SLI,58,51,30,512.0,15360.0
2021100505001971,SLI,57,51,40,512.0,20480.0
2021100505001982,SLI,44,51,52,510.0,26520.0
2021100505001981,SLI,32,51,40,510.0,20400.0
2021100505001980,SLI,26,51,100,510.0,51000.0
2021100505001979,SLI,42,51,50,510.0,25500.0
2021100505001978,SLI,41,51,20,510.0,10200.0
2021100505001977,SLI,14,51,20,510.0,10200.0
2021100505001992,SLI,44,48,10,510.0,5100.0
2021100505001995,SLI,58,41,10,512.0,5120.0
2021100505002004,SLI,44,5,10,510.0,5100.0
2021100505002011,SLI,44,38,10,510.0,5100.0
2021100505002007,SLI,44,41,10,510.0,5100.0
2021100505002020,SLI,44,21,10,510.0,5100.0
2021100505002015,SLI,44,58,10,510.0,5100.0
2021100505002014,SLI,44,21,10,510.0,5100.0
2021100505002032,SLI,44,56,10,510.0,5100.0
2021100505002027,SLI,44,51,10,510.0,5100.0
2021100505002024,SLI,44,56,10,510.0,5100.0
2021100505002022,SLI,44,21,10,510.0,5100.0
2021100505002042,SLI,44,56,10,510.0,5100.0
2021100505002039,SLI,44,21,10,510.0,5100.0
2021100505002038,SLI,44,45,10,510.0,5100.0
2021100505002045,SLI,16,56,10,512.0,5120.0
2021100505002044,SLI,16,22,10,512.0,5120.0
2021100505002056,SLI,34,42,10,511.0,5110.0
2021100505002054,SLI,44,41,10,510.0,5100.0
2021100505002051,SLI,44,19,10,510.0,5100.0
2021100505002066,SLI,34,56,10,511.0,5110.0
2021100505002063,SLI,34,57,10,512.0,5120.0
2021100505002075,SLI,34,21,10,511.0,5110.0
2021100505002073,SLI,34,47,10,511.0,5110.0
2021100505002071,SLI,34,28,10,511.0,5110.0
2021100505002088,SLI,6,6,10,511.0,5110.0
2021100505002099,SLI,39,49,10,511.0,5110.0
2021100505002098,SLI,39,42,10,511.0,5110.0
2021100505002091,SLI,44,6,10,510.0,5100.0
2021100505002105,SLI,39,32,10,513.0,5130.0
2021100505002104,SLI,39,46,10,513.0,5130.0
2021100505002103,SLI,39,36,10,512.0,5120.0
2021100505002102,SLI,39,50,10,512.0,5120.0
2021100505002101,SLI,39,34,10,512.0,5120.0
2021100505002100,SLI,39,46,10,511.5,5115.0
2021100505002111,SLI,39,57,10,513.0,5130.0
2021100505002108,SLI,39,46,10,513.0,5130.0
2021100505002107,SLI,39,38,10,513.0,5130.0
2021100505002106,SLI,39,17,10,513.0,5130.0
2021100505002120,SLI,39,10,10,513.0,5130.0
2021100505002119,SLI,39,48,10,513.0,5130.0
2021100505002118,SLI,39,29,10,513.0,5130.0
2021100505002117,SLI,39,17,10,513.0,5130.0
2021100505002129,SLI,39,6,10,513.0,5130.0
2021100505002125,SLI,39,38,10,513.0,5130.0
2021100505002123,SLI,39,1,10,513.0,5130.0
2021100505002121,SLI,39,58,10,513.0,5130.0
2021100505002141,SLI,44,59,10,510.0,5100.0
2021100505002138,SLI,44,38,10,510.0,5100.0
2021100505002137,SLI,48,45,10,513.0,5130.0
2021100505002136,SLI,48,58,10,513.0,5130.0
2021100505002134,SLI,44,17,10,510.0,5100.0
2021100505002130,SLI,44,39,10,510.0,5100.0
2021100505002149,SLI,4,58,10,511.0,5110.0
2021100505002144,SLI,44,35,10,510.0,5100.0
2021100505002143,SLI,44,16,10,510.0,5100.0
2021100505002142,SLI,44,29,10,510.0,5100.0
2021100505002162,SLI,44,3,10,510.0,5100.0
2021100505002158,SLI,44,40,10,510.0,5100.0
2021100505002157,SLI,44,40,10,510.0,5100.0
2021100505002154,SLI,44,58,10,510.0,5100.0
2021100505002152,SLI,44,42,110,510.0,56100.0
2021100505002175,SLI,58,40,10,511.0,5110.0
2021100505002173,SLI,58,42,10,511.0,5110.0
2021100505002172,SLI,44,58,10,510.0,5100.0
2021100505002169,SLI,21,40,10,510.5,5105.0
2021100505002182,SLI,26,58,10,511.1,5111.0
2021100505002181,SLI,26,34,10,511.1,5111.0
2021100505002180,SLI,26,17,10,511.1,5111.0
2021100505002176,SLI,58,42,10,511.0,5110.0
2021100505002194,SLI,48,38,10,512.0,5120.0
2021100505002193,SLI,48,43,10,512.0,5120.0
2021100505002192,SLI,48,58,10,512.0,5120.0
2021100505002191,SLI,48,51,10,511.1,5111.0
2021100505002211,SLI,58,58,10,511.0,5110.0
2021100505002204,SLI,58,57,10,512.0,5120.0
2021100505002202,SLI,58,33,10,511.1,5111.0
2021100505002219,SLI,58,49,10,511.0,5110.0
2021100505002246,SLI,44,34,10,510.0,5100.0
2021100505002243,SLI,58,6,10,511.0,5110.0
2021100505002241,SLI,58,17,10,511.0,5110.0
2021100505002233,SLI,58,25,10,511.0,5110.0
2021100505002232,SLI,58,38,10,511.0,5110.0
2021100505002262,SLI,20,57,10,511.0,5110.0
2021100505002261,SLI,20,4,10,511.0,5110.0
2021100505002260,SLI,20,35,10,511.0,5110.0
2021100505002252,SLI,38,38,10,510.0,5100.0
2021100505002250,SLI,44,59,10,510.0,5100.0
2021100505002248,SLI,44,26,10,510.0,5100.0
2021100505002268,SLI,52,32,100,510.0,51000.0
2021100505002267,SLI,25,32,50,510.0,25500.0
2021100505002266,SLI,6,32,10,510.0,5100.0
2021100505002265,SLI,36,32,20,510.0,10200.0
2021100505002264,SLI,11,32,20,510.0,10200.0
2021100505002263,SLI,20,32,70,511.0,35770.0
2021100505002278,SLI,49,32,20,509.0,10180.0
2021100505002277,SLI,42,32,10,509.0,5090.0
2021100505002276,SLI,7,32,10,509.0,5090.0
2021100505002275,SLI,53,21,10,509.0,5090.0
2021100505002271,SLI,53,38,10,509.0,5090.0
2021100505002269,SLI,58,32,95,509.1,48364.5
2021100505002284,SLI,29,32,50,508.0,25400.0
2021100505002283,SLI,42,32,50,508.0,25400.0
2021100505002282,SLI,42,32,110,508.1,55891.0
2021100505002281,SLI,53,32,5,509.0,2545.0
2021100505002280,SLI,39,32,10,509.0,5090.0
2021100505002295,SLI,45,32,30,508.0,15240.0
2021100505002294,SLI,52,32,70,508.0,35560.0
2021100505002286,SLI,52,32,30,508.0,15240.0
2021100505002285,SLI,58,32,10,508.0,5080.0
2021100505002305,SLI,42,57,10,510.0,5100.0
2021100505002304,SLI,42,39,10,510.0,5100.0
2021100505002303,SLI,42,49,10,509.9,5099.0
2021100505002302,SLI,42,41,10,508.1,5081.0
2021100505002301,SLI,42,53,10,508.0,5080.0
2021100505002300,SLI,45,38,10,507.7,5077.0
2021100505002306,SLI,42,50,40,510.0,20400.0
2021100505002321,SLI,41,8,10,507.2,5072.0
2021100505002320,SLI,41,58,10,507.2,5072.0
2021100505002325,SLI,54,14,10,507.5,5075.0
2021100505002324,SLI,28,50,10,508.0,5080.0
2021100505002322,SLI,32,42,10,507.0,5070.0
2021100505002338,SLI,8,42,10,507.5,5075.0
2021100505002333,SLI,54,42,10,507.5,5075.0
2021100505002349,SLI,32,38,10,507.0,5070.0
2021100505002362,SLI,41,32,150,509.0,76350.0
2021100505002361,SLI,1,26,10,508.0,5080.0
2021100505002360,SLI,1,49,10,508.0,5080.0
2021100505002357,SLI,32,38,10,507.0,5070.0
2021100505002354,SLI,26,32,50,509.0,25450.0
2021100505002378,SLI,36,55,10,507.5,5075.0
2021100505002376,SLI,8,26,10,508.0,5080.0
2021100505002372,SLI,25,18,10,507.1,5071.0
2021100505002363,SLI,1,45,10,508.0,5080.0
2021100505002382,SLI,25,29,10,507.1,5071.0
2021100505002397,SLI,32,22,10,507.0,5070.0
2021100505002392,SLI,32,16,10,507.0,5070.0
2021100505002391,SLI,32,38,10,507.0,5070.0
2021100505002390,SLI,16,56,10,507.5,5075.0
2021100505002407,SLI,32,58,10,507.0,5070.0
2021100505002405,SLI,32,59,10,507.0,5070.0
2021100505002399,SLI,32,4,10,507.0,5070.0
2021100505002413,SLI,22,32,20,509.0,10180.0
2021100505002426,SLI,38,32,50,507.0,25350.0
2021100505002425,SLI,42,32,20,507.0,10140.0
2021100505002424,SLI,8,32,50,507.0,25350.0
2021100505002423,SLI,32,32,10,507.0,5070.0
2021100505002422,SLI,58,32,110,507.1,55781.0
2021100505002421,SLI,57,32,10,508.0,5080.0
2021100505002427,SLI,44,32,50,507.0,25350.0
2021100505002444,SLI,44,22,10,507.0,5070.0
2021100505002440,SLI,44,14,10,507.0,5070.0
2021100505002443,ULI,45,57,10,565.0,5650.0
2021100505002442,ULI,45,45,10,565.0,5650.0
2021100505002431,ULI,22,34,37,563.7,20856.9
2021100505002430,ULI,22,38,10,563.7,5637.0
2021100505002428,ULI,8,56,10,563.8,5638.0
2021100505002419,ULI,22,45,10,563.7,5637.0
2021100505001983,ULI,5,36,10,565.0,5650.0
2021100505001964,ULI,22,52,10,565.1,5651.0
2021100505002021,ULI,48,58,10,566.0,5660.0
2021100505002019,ULI,48,56,10,566.0,5660.0
2021100505002013,ULI,48,38,10,566.0,5660.0
2021100505002009,ULI,48,34,10,566.0,5660.0
2021100505001985,ULI,5,58,10,565.0,5650.0
2021100505001984,ULI,5,38,10,565.0,5650.0
2021100505002041,ULI,13,45,10,566.0,5660.0
2021100505002040,ULI,13,58,10,566.0,5660.0
2021100505002037,ULI,35,50,10,565.0,5650.0
2021100505002034,ULI,35,33,10,565.0,5650.0
2021100505002029,ULI,35,6,10,565.0,5650.0
2021100505002028,ULI,35,26,10,565.0,5650.0
2021100505002067,ULI,13,5,30,566.0,16980.0
2021100505002065,ULI,13,51,10,566.0,5660.0
2021100505002061,ULI,13,35,10,566.0,5660.0
2021100505002057,ULI,13,57,10,566.0,5660.0
2021100505002055,ULI,13,38,10,566.0,5660.0
2021100505002053,ULI,13,42,10,566.0,5660.0
2021100505002083,ULI,35,5,60,565.0,33900.0
2021100505002082,ULI,13,5,80,565.5,45240.0
2021100505002074,ULI,13,42,10,565.5,5655.0
2021100505002072,ULI,13,38,10,565.5,5655.0
2021100505002069,ULI,10,5,10,566.0,5660.0
2021100505002068,ULI,22,5,20,566.0,11320.0
2021100505002109,ULI,49,38,10,565.0,5650.0
2021100505002097,ULI,7,38,10,565.0,5650.0
2021100505002096,ULI,7,17,10,565.0,5650.0
2021100505002093,ULI,7,4,10,565.0,5650.0
2021100505002089,ULI,7,45,10,565.0,5650.0
2021100505002087,ULI,7,34,10,565.0,5650.0
2021100505002139,ULI,14,7,10,564.5,5645.0
2021100505002135,ULI,16,6,10,565.0,5650.0
2021100505002128,ULI,22,10,90,564.0,50760.0
2021100505002127,ULI,39,10,10,564.0,5640.0
2021100505002124,ULI,39,17,10,564.0,5640.0
2021100505002112,ULI,34,49,10,565.0,5650.0
2021100505002159,ULI,57,58,10,565.0,5650.0
2021100505002155,ULI,8,40,10,564.1,5641.0
2021100505002147,ULI,55,38,10,566.0,5660.0
2021100505002146,ULI,55,34,10,566.0,5660.0
2021100505002145,ULI,55,35,10,565.0,5650.0
2021100505002140,ULI,14,6,10,565.0,5650.0
2021100505002183,ULI,8,38,10,564.1,5641.0
2021100505002177,ULI,6,50,10,565.0,5650.0
2021100505002174,ULI,6,49,10,565.0,5650.0
2021100505002165,ULI,57,19,10,565.0,5650.0
2021100505002163,ULI,8,3,10,564.1,5641.0
2021100505002161,ULI,8,35,10,564.1,5641.0
2021100505002196,ULI,41,16,10,565.0,5650.0
2021100505002190,ULI,32,57,10,566.0,5660.0
2021100505002189,ULI,32,34,10,566.0,5660.0
2021100505002188,ULI,32,58,10,565.0,5650.0
2021100505002187,ULI,32,51,10,565.0,5650.0
2021100505002186,ULI,32,49,10,565.0,5650.0
2021100505002216,ULI,41,49,10,566.5,5665.0
2021100505002207,ULI,41,16,100,566.5,56650.0
2021100505002206,ULI,41,45,10,565.0,5650.0
2021100505002205,ULI,22,45,100,564.0,56400.0
2021100505002200,ULI,41,55,10,566.0,5660.0
2021100505002199,ULI,41,55,10,565.0,5650.0
2021100505002223,ULI,41,36,10,567.0,5670.0
2021100505002222,ULI,41,34,10,566.8,5668.0
2021100505002221,ULI,41,35,10,566.0,5660.0
2021100505002220,ULI,41,8,10,565.0,5650.0
2021100505002218,ULI,41,58,10,565.0,5650.0
2021100505002217,ULI,41,46,10,566.8,5668.0
2021100505002238,ULI,58,43,10,567.0,5670.0
2021100505002237,ULI,58,35,10,567.0,5670.0
2021100505002236,ULI,58,35,10,567.0,5670.0
2021100505002234,ULI,41,16,20,565.0,11300.0
2021100505002225,ULI,41,32,10,567.0,5670.0
2021100505002224,ULI,41,25,10,567.0,5670.0
2021100505002259,ULI,20,32,10,565.0,5650.0
2021100505002253,ULI,20,32,10,565.0,5650.0
2021100505002251,ULI,20,59,10,565.0,5650.0
2021100505002249,ULI,22,17,10,564.0,5640.0
2021100505002247,ULI,41,38,10,565.0,5650.0
2021100505002240,ULI,58,14,10,567.0,5670.0
2021100505002289,ULI,45,3,10,567.0,5670.0
2021100505002288,ULI,45,13,10,566.0,5660.0
2021100505002287,ULI,54,42,10,565.0,5650.0
2021100505002273,ULI,20,58,10,565.0,5650.0
2021100505002272,ULI,20,55,50,565.0,28250.0
2021100505002270,ULI,20,55,10,565.0,5650.0
2021100505002316,ULI,45,58,10,565.0,5650.0
2021100505002299,ULI,54,41,10,565.0,5650.0
2021100505002293,ULI,45,36,10,568.0,5680.0
2021100505002292,ULI,45,49,10,568.0,5680.0
2021100505002291,ULI,45,53,200,568.0,113600.0
2021100505002290,ULI,45,19,10,567.0,5670.0
2021100505002366,ULI,45,47,140,565.0,79100.0
2021100505002364,ULI,45,44,10,565.0,5650.0
2021100505002328,ULI,45,57,10,565.0,5650.0
2021100505002326,ULI,45,49,10,565.0,5650.0
2021100505002319,ULI,45,50,10,565.0,5650.0
2021100505002318,ULI,45,17,10,565.0,5650.0
2021100505002383,ULI,22,16,10,563.7,5637.0
2021100505002377,ULI,22,25,10,563.7,5637.0
2021100505002370,ULI,50,47,10,563.5,5635.0
2021100505002369,ULI,32,47,10,564.0,5640.0
2021100505002368,ULI,22,47,100,564.0,56400.0
2021100505002367,ULI,49,47,40,565.0,22600.0
2021100505002409,ULI,22,6,10,563.7,5637.0
2021100505002406,ULI,1,57,30,565.7,16971.0
2021100505002404,ULI,45,20,10,565.0,5650.0
2021100505002403,ULI,45,54,10,565.0,5650.0
2021100505002395,ULI,22,6,10,563.7,5637.0
2021100505002384,ULI,22,42,10,563.7,5637.0
2021100505001956,JBLB,41,36,10,4006.0,40060.0
2021100505001951,JBLB,41,50,10,4006.0,40060.0
2021100505001944,JBLB,13,19,10,4007.0,40070.0
2021100505001458,JBLB,1,57,80,4031.0,322480.0
2021100505001457,JBLB,1,4,10,4030.0,40300.0
2021100505001470,JBLB,14,57,30,4031.0,120930.0
2021100505001469,JBLB,14,57,10,4025.0,40250.0
2021100505001462,JBLB,41,28,10,4020.0,40200.0
2021100505001476,JBLB,14,32,10,4040.0,40400.0
2021100505001475,JBLB,14,52,10,4040.0,40400.0
2021100505001474,JBLB,14,58,10,4040.0,40400.0
2021100505001473,JBLB,14,17,10,4040.0,40400.0
2021100505001472,JBLB,14,21,10,4039.0,40390.0
2021100505001471,JBLB,14,58,10,4032.0,40320.0
2021100505001487,JBLB,39,56,10,4015.0,40150.0
2021100505001485,JBLB,20,49,10,4012.1,40121.0
2021100505001483,JBLB,38,56,10,4012.0,40120.0
2021100505001494,JBLB,8,25,10,4030.0,40300.0
2021100505001493,JBLB,38,33,10,4015.1,40151.0
2021100505001491,JBLB,26,40,10,4015.0,40150.0
2021100505001514,JBLB,38,26,10,4030.0,40300.0
2021100505001530,JBLB,38,53,10,4030.0,40300.0
2021100505001529,JBLB,38,11,10,4030.0,40300.0
2021100505001521,JBLB,38,14,10,4030.0,40300.0
2021100505001538,JBLB,38,25,10,4030.0,40300.0
2021100505001536,JBLB,38,58,10,4030.0,40300.0
2021100505001535,JBLB,38,36,10,4030.0,40300.0
2021100505001547,JBLB,38,41,10,4030.0,40300.0
2021100505001543,JBLB,38,41,10,4030.0,40300.0
2021100505001541,JBLB,38,11,10,4030.0,40300.0
2021100505001578,JBLB,20,25,10,4042.0,40420.0
2021100505001577,JBLB,20,8,10,4040.0,40400.0
2021100505001576,JBLB,20,59,10,4040.0,40400.0
2021100505001575,JBLB,20,45,10,4039.9,40399.0
2021100505001574,JBLB,20,47,10,4038.0,40380.0
2021100505001572,JBLB,19,41,10,4032.0,40320.0
2021100505001585,JBLB,40,53,10,4038.0,40380.0
2021100505001584,JBLB,1,58,10,4044.9,40449.0
2021100505001581,JBLB,20,58,30,4044.9,121347.0
2021100505001580,JBLB,20,51,10,4043.0,40430.0
2021100505001579,JBLB,20,25,10,4043.0,40430.0
2021100505001602,JBLB,34,58,10,4045.0,40450.0
2021100505001601,JBLB,34,34,10,4045.0,40450.0
2021100505001600,JBLB,8,58,40,4045.0,161800.0
2021100505001599,JBLB,58,58,10,4044.9,40449.0
2021100505001608,JBLB,19,26,10,4032.0,40320.0
2021100505001628,JBLB,35,54,10,4044.9,40449.0
2021100505001624,JBLB,19,48,10,4040.0,40400.0
2021100505001623,JBLB,19,10,10,4032.0,40320.0
2021100505001622,JBLB,19,49,10,4032.0,40320.0
2021100505001618,JBLB,19,7,10,4032.0,40320.0
2021100505001647,JBLB,19,19,10,4035.0,40350.0
2021100505001635,JBLB,19,48,10,4040.0,40400.0
2021100505001655,JBLB,19,57,10,4040.0,40400.0
2021100505001654,JBLB,19,22,20,4040.0,80800.0
2021100505001653,JBLB,19,36,10,4040.0,40400.0
2021100505001652,JBLB,19,58,20,4033.0,80660.0
2021100505001651,JBLB,19,58,40,4035.0,161400.0
2021100505001650,JBLB,57,58,50,4035.1,201755.0
2021100505001661,JBLB,53,21,100,4044.0,404400.0
2021100505001660,JBLB,53,33,10,4044.0,40440.0
2021100505001656,JBLB,19,48,10,4040.0,40400.0
2021100505001670,JBLB,49,4,20,4045.0,80900.0
2021100505001669,JBLB,58,4,10,4045.0,40450.0
2021100505001664,JBLB,19,19,10,4033.0,40330.0
2021100505001662,JBLB,53,4,40,4045.0,161800.0
2021100505001680,JBLB,36,51,10,4045.0,40450.0
2021100505001677,JBLB,36,11,10,4045.0,40450.0
2021100505001676,JBLB,36,4,30,4045.0,121350.0
2021100505001706,JBLB,19,45,10,4033.0,40330.0
2021100505001681,JBLB,53,40,10,4045.0,40450.0
2021100505001737,JBLB,43,3,10,4020.0,40200.0
2021100505001736,JBLB,42,3,10,4028.0,40280.0
2021100505001735,JBLB,13,3,15,4028.0,60420.0
2021100505001713,JBLB,19,56,10,4033.0,40330.0
2021100505001761,JBLB,46,13,10,4030.0,40300.0
2021100505001759,JBLB,58,29,10,4020.0,40200.0
2021100505001742,JBLB,19,43,10,4033.0,40330.0
2021100505001738,JBLB,58,3,65,4020.0,261300.0
2021100505001797,JBLB,49,42,10,4030.0,40300.0
2021100505001820,JBLB,35,8,10,4033.0,40330.0
2021100505001819,JBLB,58,48,15,4020.0,60300.0
2021100505001833,JBLB,58,40,10,4020.0,40200.0
2021100505001832,JBLB,58,58,10,4027.0,40270.0
2021100505001828,JBLB,19,6,10,4025.0,40250.0
2021100505001844,JBLB,52,38,10,4015.0,40150.0
2021100505001839,JBLB,46,45,5,4020.0,20100.0
2021100505001838,JBLB,46,57,10,4020.0,40200.0
2021100505001860,JBLB,1,43,10,4012.2,40122.0
2021100505001857,JBLB,1,1,10,4012.2,40122.0
2021100505001870,JBLB,50,38,10,4011.0,40110.0
2021100505001865,JBLB,50,10,10,4011.0,40110.0
2021100505001863,JBLB,50,57,10,4011.0,40110.0
2021100505001877,JBLB,29,14,10,4010.0,40100.0
2021100505001874,JBLB,29,11,10,4010.0,40100.0
2021100505001871,JBLB,50,48,10,4011.0,40110.0
2021100505001890,JBLB,35,44,10,4012.2,40122.0
2021100505001888,JBLB,29,45,10,4010.0,40100.0
2021100505001882,JBLB,29,58,10,4010.0,40100.0
2021100505001898,JBLB,58,33,10,4007.0,40070.0
2021100505001892,JBLB,34,51,50,4010.0,200500.0
2021100505001891,JBLB,29,51,30,4010.0,120300.0
2021100505001908,JBLB,13,59,30,4007.0,120210.0
2021100505001907,JBLB,58,59,20,4007.0,80140.0
2021100505001905,JBLB,58,4,10,4007.0,40070.0
2021100505001902,JBLB,58,3,10,4007.0,40070.0
2021100505001915,JBLB,13,42,10,4007.0,40070.0
2021100505001914,JBLB,13,57,10,4007.0,40070.0
2021100505001909,JBLB,13,41,10,4007.0,40070.0
2021100505001923,JBLB,39,52,10,4009.0,40090.0
2021100505001921,JBLB,43,48,10,4008.0,40080.0
2021100505001918,JBLB,13,21,10,4007.0,40070.0
2021100505001925,JBLB,13,29,10,4007.0,40070.0
2021100505001924,JBLB,39,43,10,4009.0,40090.0
2021100505001937,JBLB,34,52,10,4010.0,40100.0
2021100505001935,JBLB,34,34,10,4010.0,40100.0
2021100505001934,JBLB,34,51,20,4010.0,80200.0
2021100505001943,JBLB,34,38,10,4015.0,40150.0
2021100505001942,JBLB,13,48,10,4007.0,40070.0
2021100505001955,MKLB,6,28,20,1920.0,38400.0
2021100505001954,MKLB,21,28,10,1921.0,19210.0
2021100505001946,MKLB,41,56,10,1950.0,19500.0
2021100505001919,MKLB,21,3,10,1921.0,19210.0
2021100505001911,MKLB,39,49,10,1959.1,19591.0
2021100505001883,MKLB,38,56,10,1958.0,19580.0
2021100505001478,MKLB,58,44,10,1804.2,18042.0
2021100505001477,MKLB,58,47,10,1805.3,18053.0
2021100505001467,MKLB,34,51,10,1820.0,18200.0
2021100505001466,MKLB,34,7,10,1820.0,18200.0
2021100505001465,MKLB,34,38,10,1819.0,18190.0
2021100505001460,MKLB,34,42,10,1817.0,18170.0
2021100505001502,MKLB,56,55,10,1820.0,18200.0
2021100505001501,MKLB,56,51,10,1820.0,18200.0
2021100505001500,MKLB,56,45,10,1820.0,18200.0
2021100505001499,MKLB,56,29,10,1820.0,18200.0
2021100505001486,MKLB,17,17,10,1806.0,18060.0
2021100505001481,MKLB,17,10,10,1805.0,18050.0
2021100505001510,MKLB,28,3,10,1820.0,18200.0
2021100505001507,MKLB,56,3,20,1820.0,36400.0
2021100505001506,MKLB,56,47,10,1820.0,18200.0
2021100505001505,MKLB,56,42,10,1820.0,18200.0
2021100505001504,MKLB,56,51,10,1820.0,18200.0
2021100505001503,MKLB,56,11,10,1820.0,18200.0
2021100505001531,MKLB,58,59,10,1821.0,18210.0
2021100505001522,MKLB,28,45,10,1820.0,18200.0
2021100505001520,MKLB,28,6,10,1820.0,18200.0
2021100505001513,MKLB,28,5,10,1820.0,18200.0
2021100505001512,MKLB,28,33,10,1820.0,18200.0
2021100505001511,MKLB,28,48,10,1820.0,18200.0
2021100505001552,MKLB,34,58,10,1822.0,18220.0
2021100505001551,MKLB,34,32,10,1822.0,18220.0
2021100505001550,MKLB,34,58,10,1821.0,18210.0
2021100505001544,MKLB,26,44,50,1821.8,91090.0
2021100505001533,MKLB,58,49,10,1821.0,18210.0
2021100505001532,MKLB,58,45,10,1821.0,18210.0
2021100505001589,MKLB,21,41,10,1809.0,18090.0
2021100505001573,MKLB,58,58,10,1809.0,18090.0
2021100505001563,MKLB,26,57,10,1808.3,18083.0
2021100505001561,MKLB,28,49,10,1810.0,18100.0
2021100505001554,MKLB,34,44,40,1822.0,72880.0
2021100505001553,MKLB,34,13,10,1822.0,18220.0
2021100505001620,MKLB,21,44,50,1820.9,91045.0
2021100505001619,MKLB,21,44,50,1820.0,91000.0
2021100505001616,MKLB,26,49,10,1820.0,18200.0
2021100505001605,MKLB,26,21,10,1815.0,18150.0
2021100505001604,MKLB,17,57,10,1809.0,18090.0
2021100505001597,MKLB,17,57,10,1809.0,18090.0
2021100505001638,MKLB,35,44,10,1821.8,18218.0
2021100505001637,MKLB,58,44,10,1822.0,18220.0
2021100505001636,MKLB,35,17,10,1821.8,18218.0
2021100505001634,MKLB,26,44,50,1821.8,91090.0
2021100505001626,MKLB,26,44,50,1820.9,91045.0
2021100505001621,MKLB,21,16,10,1820.9,18209.0
2021100505001682,MKLB,34,48,10,1820.0,18200.0
2021100505001674,MKLB,58,44,50,1822.5,91125.0
2021100505001667,MKLB,35,56,10,1821.8,18218.0
2021100505001665,MKLB,35,49,10,1821.8,18218.0
2021100505001663,MKLB,58,44,40,1822.0,72880.0
2021100505001648,MKLB,35,16,10,1821.8,18218.0
2021100505001695,MKLB,3,46,10,1824.0,18240.0
2021100505001694,MKLB,3,36,10,1823.5,18235.0
2021100505001693,MKLB,3,38,10,1823.0,18230.0
2021100505001692,MKLB,56,18,10,1822.9,18229.0
2021100505001687,MKLB,56,44,50,1822.5,91125.0
2021100505001683,MKLB,34,6,10,1820.0,18200.0
2021100505001701,MKLB,56,32,10,1825.0,18250.0
2021100505001700,MKLB,56,14,10,1825.0,18250.0
2021100505001699,MKLB,48,58,10,1825.0,18250.0
2021100505001698,MKLB,48,42,10,1825.0,18250.0
2021100505001697,MKLB,3,47,10,1825.0,18250.0
2021100505001696,MKLB,3,49,10,1825.0,18250.0
2021100505001716,MKLB,32,49,10,1824.9,18249.0
2021100505001711,MKLB,32,44,90,1824.9,164241.0
2021100505001710,MKLB,21,44,10,1824.9,18249.0
2021100505001704,MKLB,56,32,10,1825.0,18250.0
2021100505001703,MKLB,56,49,10,1825.0,18250.0
2021100505001702,MKLB,56,21,10,1825.0,18250.0
2021100505001722,MKLB,7,58,10,1830.0,18300.0
2021100505001721,MKLB,7,36,10,1827.0,18270.0
2021100505001720,MKLB,7,25,10,1826.8,18268.0
2021100505001719,MKLB,7,58,10,1826.0,18260.0
2021100505001718,MKLB,58,45,10,1826.0,18260.0
2021100505001717,MKLB,58,49,10,1825.0,18250.0
2021100505001729,MKLB,58,33,10,1838.0,18380.0
2021100505001728,MKLB,58,38,10,1835.0,18350.0
2021100505001727,MKLB,58,53,20,1835.0,36700.0
2021100505001726,MKLB,58,58,10,1835.0,18350.0
2021100505001724,MKLB,7,38,10,1830.0,18300.0
2021100505001723,MKLB,7,57,10,1830.0,18300.0
2021100505001739,MKLB,7,7,10,1842.0,18420.0
2021100505001734,MKLB,58,34,10,1842.0,18420.0
2021100505001733,MKLB,58,35,10,1840.0,18400.0
2021100505001732,MKLB,58,7,10,1840.0,18400.0
2021100505001731,MKLB,58,58,10,1840.0,18400.0
2021100505001730,MKLB,58,3,10,1840.0,18400.0
2021100505001746,MKLB,56,21,10,1847.0,18470.0
2021100505001745,MKLB,56,56,10,1847.0,18470.0
2021100505001744,MKLB,56,35,10,1846.0,18460.0
2021100505001743,MKLB,56,55,10,1846.0,18460.0
2021100505001741,MKLB,7,52,10,1845.0,18450.0
2021100505001740,MKLB,7,58,10,1845.0,18450.0
2021100505001754,MKLB,7,11,10,1851.0,18510.0
2021100505001753,MKLB,7,4,10,1850.2,18502.0
2021100505001752,MKLB,7,7,10,1850.0,18500.0
2021100505001751,MKLB,7,41,10,1850.0,18500.0
2021100505001750,MKLB,7,42,10,1850.0,18500.0
2021100505001747,MKLB,56,57,10,1848.0,18480.0
2021100505001763,MKLB,17,58,10,1900.0,19000.0
2021100505001760,MKLB,39,38,10,1862.5,18625.0
2021100505001758,MKLB,48,45,10,1858.0,18580.0
2021100505001757,MKLB,7,11,10,1857.3,18573.0
2021100505001756,MKLB,7,50,10,1857.0,18570.0
2021100505001755,MKLB,7,57,10,1851.0,18510.0
2021100505001826,MKLB,45,28,30,1960.0,58800.0
2021100505001811,MKLB,57,28,10,1960.0,19600.0
2021100505001809,MKLB,7,11,10,1961.1,19611.0
2021100505001766,MKLB,17,51,30,1922.7,57681.0
2021100505001765,MKLB,17,49,10,1922.0,19220.0
2021100505001764,MKLB,17,7,20,1920.1,38402.0
2021100505001841,MKLB,41,28,10,1995.0,19950.0
2021100505001836,MKLB,42,39,10,1960.0,19600.0
2021100505001835,MKLB,34,56,10,1962.0,19620.0
2021100505001834,MKLB,35,13,10,1961.1,19611.0
2021100505001830,MKLB,34,28,10,1960.0,19600.0
2021100505001829,MKLB,34,58,10,1959.0,19590.0
2021100505001858,MKLB,38,58,10,1959.1,19591.0
2021100505001855,MKLB,6,34,10,1959.1,19591.0
2021100505001847,MKLB,45,13,59,1999.0,117941.0
2021100505001846,MKLB,45,25,11,1995.0,21945.0
2021100505001845,MKLB,45,28,30,1995.0,59850.0
2021100505001842,MKLB,56,28,10,1995.0,19950.0
2021100505001952,SLI,41,52,10,513.2,5132.0
2021100505001948,SLI,25,51,15,514.0,7710.0
2021100505001945,SLI,41,28,10,513.2,5132.0
2021100505001459,SLI,14,48,10,514.0,5140.0
2021100505001468,SLI,57,58,10,515.0,5150.0
2021100505001463,SLI,57,58,10,515.0,5150.0
2021100505001461,SLI,57,35,10,515.0,5150.0
2021100505001488,SLI,57,17,10,515.0,5150.0
2021100505001484,SLI,57,48,10,515.0,5150.0
2021100505001479,SLI,57,6,10,515.0,5150.0
2021100505001492,SLI,57,49,10,515.0,5150.0
2021100505001490,SLI,57,33,10,515.0,5150.0
2021100505001489,SLI,57,38,10,515.0,5150.0
2021100505001515,SLI,7,58,10,515.0,5150.0
2021100505001498,SLI,7,49,10,515.0,5150.0
2021100505001497,SLI,38,21,10,515.0,5150.0
2021100505001496,SLI,38,42,10,515.0,5150.0
2021100505001495,SLI,57,33,10,515.0,5150.0
2021100505001528,SLI,7,47,10,515.0,5150.0
2021100505001526,SLI,7,47,10,515.0,5150.0
2021100505001519,SLI,7,38,10,515.0,5150.0
2021100505001539,SLI,57,52,10,516.0,5160.0
2021100505001537,SLI,57,8,10,516.0,5160.0
2021100505001534,SLI,7,34,10,515.0,5150.0
2021100505001546,SLI,57,53,10,516.0,5160.0
2021100505001545,SLI,57,34,10,516.0,5160.0
2021100505001542,SLI,57,8,10,516.0,5160.0
2021100505001565,SLI,57,46,10,517.0,5170.0
2021100505001564,SLI,57,49,10,517.0,5170.0
2021100505001560,SLI,19,41,10,516.1,5161.0
2021100505001559,SLI,19,8,10,516.1,5161.0
2021100505001558,SLI,45,41,10,517.0,5170.0
2021100505001549,SLI,57,34,10,516.0,5160.0
2021100505001571,SLI,57,49,10,517.0,5170.0
2021100505001570,SLI,57,35,10,517.0,5170.0
2021100505001569,SLI,57,46,10,517.0,5170.0
2021100505001568,SLI,57,58,10,517.0,5170.0
2021100505001567,SLI,57,49,10,517.0,5170.0
2021100505001566,SLI,57,58,10,517.0,5170.0
2021100505001582,SLI,57,32,10,517.0,5170.0
2021100505001593,SLI,57,35,10,517.0,5170.0
2021100505001591,SLI,57,58,10,517.0,5170.0
2021100505001590,SLI,57,38,10,517.0,5170.0
2021100505001588,SLI,47,42,10,518.0,5180.0
2021100505001587,SLI,47,45,10,518.0,5180.0
2021100505001586,SLI,47,21,10,518.0,5180.0
2021100505001606,SLI,14,48,10,518.0,5180.0
2021100505001596,SLI,57,21,10,517.0,5170.0
2021100505001614,SLI,38,49,10,518.0,5180.0
2021100505001613,SLI,38,58,10,518.0,5180.0
2021100505001612,SLI,38,7,10,518.0,5180.0
2021100505001611,SLI,38,58,10,518.0,5180.0
2021100505001610,SLI,57,26,10,517.0,5170.0
2021100505001617,SLI,38,35,10,518.0,5180.0
2021100505001632,SLI,17,49,10,519.0,5190.0
2021100505001631,SLI,17,58,10,519.0,5190.0
2021100505001630,SLI,17,49,10,519.0,5190.0
2021100505001629,SLI,17,35,10,519.0,5190.0
2021100505001659,SLI,35,58,10,519.0,5190.0
2021100505001658,SLI,35,21,10,519.0,5190.0
2021100505001657,SLI,38,45,10,519.0,5190.0
2021100505001671,SLI,4,58,10,519.0,5190.0
2021100505001666,SLI,6,58,10,518.0,5180.0
2021100505001679,SLI,35,58,10,518.0,5180.0
2021100505001678,SLI,35,57,10,518.0,5180.0
2021100505001672,SLI,4,49,10,519.9,5199.0
2021100505001708,SLI,45,45,10,518.0,5180.0
2021100505001690,SLI,35,51,10,518.0,5180.0
2021100505001686,SLI,4,32,10,519.8,5198.0
2021100505001685,SLI,4,17,10,519.0,5190.0
2021100505001712,SLI,45,57,10,518.0,5180.0
2021100505001709,SLI,45,45,10,518.0,5180.0
2021100505001768,SLI,57,38,10,517.0,5170.0
2021100505001762,SLI,57,48,10,517.0,5170.0
2021100505001801,SLI,1,35,10,518.0,5180.0
2021100505001800,SLI,57,8,10,517.0,5170.0
2021100505001798,SLI,11,48,7,517.0,3619.0
2021100505001795,SLI,57,48,10,517.0,5170.0
2021100505001794,SLI,57,38,10,517.0,5170.0
2021100505001822,SLI,18,38,10,517.0,5170.0
2021100505001814,SLI,57,18,10,517.0,5170.0
2021100505001810,SLI,49,49,40,518.0,20720.0
2021100505001808,SLI,49,6,10,518.0,5180.0
2021100505001837,SLI,57,13,10,516.0,5160.0
2021100505001827,SLI,57,46,10,516.0,5160.0
2021100505001825,SLI,57,38,10,516.0,5160.0
2021100505001851,SLI,57,51,10,516.0,5160.0
2021100505001850,SLI,57,4,10,516.0,5160.0
2021100505001840,SLI,51,57,10,518.0,5180.0
2021100505001859,SLI,57,40,10,516.0,5160.0
2021100505001854,SLI,57,38,10,516.0,5160.0
2021100505001853,SLI,4,35,10,517.0,5170.0
2021100505001852,SLI,57,36,10,516.0,5160.0
2021100505001869,SLI,57,11,10,518.0,5180.0
2021100505001868,SLI,57,56,10,517.0,5170.0
2021100505001861,SLI,57,38,10,516.0,5160.0
2021100505001879,SLI,57,46,10,516.0,5160.0
2021100505001876,SLI,57,1,10,516.0,5160.0
2021100505001872,SLI,57,46,10,516.0,5160.0
2021100505001889,SLI,42,58,10,517.0,5170.0
2021100505001887,SLI,42,1,10,517.0,5170.0
2021100505001881,SLI,57,45,10,516.0,5160.0
2021100505001899,SLI,57,1,10,516.0,5160.0
2021100505001897,SLI,57,45,10,516.0,5160.0
2021100505001894,SLI,57,1,10,516.0,5160.0
2021100505001906,SLI,57,36,10,516.0,5160.0
2021100505001901,SLI,57,33,10,516.0,5160.0
2021100505001913,SLI,57,44,10,516.0,5160.0
2021100505001912,SLI,57,54,10,516.0,5160.0
2021100505001910,SLI,57,54,10,516.0,5160.0
2021100505001922,SLI,57,1,10,516.0,5160.0
2021100505001920,SLI,57,55,10,516.0,5160.0
2021100505001916,SLI,57,58,10,516.0,5160.0
2021100505001930,SLI,42,51,90,515.0,46350.0
2021100505001929,SLI,7,51,48,515.0,24720.0
2021100505001928,SLI,42,51,15,516.0,7740.0
2021100505001927,SLI,57,51,10,516.0,5160.0
2021100505001933,SLI,58,51,100,515.0,51500.0
2021100505001932,SLI,45,51,30,515.0,15450.0
2021100505001931,SLI,53,51,10,515.0,5150.0
2021100505001941,SLI,22,51,200,514.0,102800.0
2021100505001940,SLI,14,51,30,514.0,15420.0
2021100505001939,SLI,41,51,10,514.5,5145.0
2021100505001938,SLI,41,40,10,514.5,5145.0
2021100505001953,ULI,22,40,10,565.1,5651.0
2021100505001950,ULI,22,36,10,565.1,5651.0
2021100505001949,ULI,22,1,10,565.1,5651.0
2021100505001947,ULI,22,45,10,565.1,5651.0
2021100505001936,ULI,17,36,10,567.0,5670.0
2021100505001926,ULI,49,22,10,566.0,5660.0
2021100505001509,ULI,58,53,20,565.0,11300.0
2021100505001508,ULI,47,53,10,565.1,5651.0
2021100505001482,ULI,49,26,10,566.0,5660.0
2021100505001480,ULI,49,45,90,566.0,50940.0
2021100505001464,ULI,58,21,10,565.0,5650.0
2021100505001525,ULI,21,40,10,565.1,5651.0
2021100505001524,ULI,21,26,10,562.7,5627.0
2021100505001523,ULI,21,40,70,562.7,39389.0
2021100505001518,ULI,22,40,70,562.7,39389.0
2021100505001517,ULI,22,53,60,562.7,33762.0
2021100505001516,ULI,22,45,10,562.7,5627.0
2021100505001557,ULI,22,8,10,562.7,5627.0
2021100505001556,ULI,19,40,30,565.1,16953.0
2021100505001555,ULI,19,45,10,565.0,5650.0
2021100505001548,ULI,22,53,10,562.7,5627.0
2021100505001540,ULI,32,58,10,562.5,5625.0
2021100505001527,ULI,32,33,10,562.5,5625.0
2021100505001598,ULI,22,21,10,563.1,5631.0
2021100505001595,ULI,22,36,10,563.1,5631.0
2021100505001594,ULI,22,8,10,563.1,5631.0
2021100505001592,ULI,22,40,10,563.1,5631.0
2021100505001583,ULI,22,21,10,563.1,5631.0
2021100505001562,ULI,38,58,10,563.0,5630.0
2021100505001627,ULI,57,40,40,563.3,22532.0
2021100505001625,ULI,57,10,10,563.3,5633.0
2021100505001615,ULI,58,3,10,563.2,5632.0
2021100505001609,ULI,58,21,10,563.2,5632.0
2021100505001607,ULI,22,58,10,563.1,5631.0
2021100505001603,ULI,22,21,10,563.1,5631.0
2021100505001643,ULI,1,46,10,565.0,5650.0
2021100505001642,ULI,1,46,10,565.0,5650.0
2021100505001641,ULI,1,58,10,564.0,5640.0
2021100505001640,ULI,1,37,10,564.0,5640.0
2021100505001639,ULI,1,40,10,563.3,5633.0
2021100505001633,ULI,58,10,10,563.2,5632.0
2021100505001673,ULI,49,40,50,566.0,28300.0
2021100505001668,ULI,48,45,10,564.0,5640.0
2021100505001649,ULI,6,41,20,566.0,11320.0
2021100505001646,ULI,6,43,10,566.0,5660.0
2021100505001645,ULI,6,58,10,566.0,5660.0
2021100505001644,ULI,6,40,10,565.1,5651.0
2021100505001705,ULI,49,51,10,565.0,5650.0
2021100505001691,ULI,49,36,10,565.0,5650.0
2021100505001689,ULI,49,39,10,565.0,5650.0
2021100505001688,ULI,49,53,10,565.0,5650.0
2021100505001684,ULI,49,58,10,565.0,5650.0
2021100505001675,ULI,38,35,10,564.0,5640.0
2021100505001749,ULI,5,14,10,565.0,5650.0
2021100505001748,ULI,49,8,10,565.0,5650.0
2021100505001725,ULI,49,21,10,565.0,5650.0
2021100505001715,ULI,49,38,10,565.0,5650.0
2021100505001714,ULI,49,57,10,565.0,5650.0
2021100505001707,ULI,49,21,10,565.0,5650.0
2021100505001773,ULI,38,49,10,567.0,5670.0
2021100505001772,ULI,38,58,10,567.0,5670.0
2021100505001771,ULI,38,58,10,567.0,5670.0
2021100505001770,ULI,38,6,10,566.0,5660.0
2021100505001769,ULI,38,58,10,566.0,5660.0
2021100505001767,ULI,5,49,10,565.0,5650.0
2021100505001779,ULI,38,58,10,570.0,5700.0
2021100505001778,ULI,38,35,10,569.0,5690.0
2021100505001777,ULI,38,38,10,569.0,5690.0
2021100505001776,ULI,38,36,10,568.0,5680.0
2021100505001775,ULI,38,49,10,568.0,5680.0
2021100505001774,ULI,38,55,20,568.0,11360.0
2021100505001785,ULI,38,58,10,570.0,5700.0
2021100505001784,ULI,38,58,10,570.0,5700.0
2021100505001783,ULI,38,11,10,570.0,5700.0
2021100505001782,ULI,38,16,10,570.0,5700.0
2021100505001781,ULI,38,38,10,570.0,5700.0
2021100505001780,ULI,38,33,10,570.0,5700.0
2021100505001791,ULI,38,32,10,570.0,5700.0
2021100505001790,ULI,38,32,10,570.0,5700.0
2021100505001789,ULI,38,4,10,570.0,5700.0
2021100505001788,ULI,38,7,10,570.0,5700.0
2021100505001787,ULI,38,58,10,570.0,5700.0
2021100505001786,ULI,38,34,10,570.0,5700.0
2021100505001803,ULI,38,49,10,571.0,5710.0
2021100505001802,ULI,38,38,10,570.0,5700.0
2021100505001799,ULI,38,58,10,570.0,5700.0
2021100505001796,ULI,38,58,10,570.0,5700.0
2021100505001793,ULI,38,58,10,570.0,5700.0
2021100505001792,ULI,38,39,10,570.0,5700.0
2021100505001813,ULI,38,49,10,572.0,5720.0
2021100505001812,ULI,38,45,10,572.0,5720.0
2021100505001807,ULI,38,14,500,572.0,286000.0
2021100505001806,ULI,38,11,100,572.0,57200.0
2021100505001805,ULI,38,47,25,571.2,14280.0
2021100505001804,ULI,38,49,10,571.0,5710.0
2021100505001823,ULI,34,45,10,571.0,5710.0
2021100505001821,ULI,38,43,25,572.0,14300.0
2021100505001818,ULI,38,49,10,572.0,5720.0
2021100505001817,ULI,38,18,10,572.0,5720.0
2021100505001816,ULI,38,22,10,572.0,5720.0
2021100505001815,ULI,38,29,10,572.0,5720.0
2021100505001856,ULI,49,1,10,566.0,5660.0
2021100505001849,ULI,49,44,10,566.0,5660.0
2021100505001848,ULI,49,17,10,566.0,5660.0
2021100505001843,ULI,22,39,10,565.1,5651.0
2021100505001831,ULI,38,55,10,570.0,5700.0
2021100505001824,ULI,34,6,10,571.0,5710.0
2021100505001875,ULI,22,45,10,566.0,5660.0
2021100505001873,ULI,22,48,10,566.0,5660.0
2021100505001867,ULI,22,10,150,565.1,84765.0
2021100505001866,ULI,49,10,50,566.0,28300.0
2021100505001864,ULI,49,39,10,566.0,5660.0
2021100505001862,ULI,49,38,10,566.0,5660.0
2021100505001893,ULI,22,1,10,566.0,5660.0
2021100505001886,ULI,32,49,10,570.0,5700.0
2021100505001885,ULI,32,48,10,570.0,5700.0
2021100505001884,ULI,32,11,10,568.0,5680.0
2021100505001880,ULI,22,1,10,566.0,5660.0
2021100505001878,ULI,22,45,10,566.0,5660.0
2021100505001917,ULI,49,6,10,566.0,5660.0
2021100505001904,ULI,49,58,10,566.0,5660.0
2021100505001903,ULI,49,33,10,566.0,5660.0
2021100505001900,ULI,49,29,10,566.0,5660.0
2021100505001896,ULI,32,46,10,570.0,5700.0
2021100505001895,ULI,32,45,10,570.0,5700.0
2021100505001456,JBLB,1,26,10,4030.0,40300.0
2021100505001453,JBLB,48,55,10,4030.0,40300.0
2021100505001452,JBLB,48,25,10,4029.0,40290.0
2021100505001451,JBLB,50,57,10,4011.0,40110.0
2021100505000959,JBLB,57,51,100,3955.0,395500.0
2021100505000957,JBLB,45,47,10,3955.0,39550.0
2021100505000962,JBLB,56,56,490,3954.0,1937460.0
2021100505000961,JBLB,42,56,10,3956.0,39560.0
2021100505000981,JBLB,6,45,10,3956.0,39560.0
2021100505000980,JBLB,42,32,10,3960.0,39600.0
2021100505000991,JBLB,21,25,100,3951.0,395100.0
2021100505000990,JBLB,20,25,100,3951.1,395110.0
2021100505000989,JBLB,14,25,10,3954.0,39540.0
2021100505000988,JBLB,56,25,27,3954.0,106758.0
2021100505000987,JBLB,39,25,10,3955.0,39550.0
2021100505000984,JBLB,39,43,10,3955.0,39550.0
2021100505001001,JBLB,35,32,10,3950.1,39501.0
2021100505000999,JBLB,35,58,10,3950.1,39501.0
2021100505000994,JBLB,17,32,10,3956.0,39560.0
2021100505001045,JBLB,3,29,10,3952.0,39520.0
2021100505001060,JBLB,22,51,10,3990.0,39900.0
2021100505001058,JBLB,22,52,10,3989.0,39890.0
2021100505001054,JBLB,22,17,10,3980.0,39800.0
2021100505001068,JBLB,14,13,10,4000.0,40000.0
2021100505001067,JBLB,14,7,10,4000.0,40000.0
2021100505001066,JBLB,14,57,10,4000.0,40000.0
2021100505001065,JBLB,14,38,10,4000.0,40000.0
2021100505001064,JBLB,14,49,10,4000.0,40000.0
2021100505001061,JBLB,22,36,10,3990.0,39900.0
2021100505001074,JBLB,14,57,10,4000.0,40000.0
2021100505001073,JBLB,14,48,10,4000.0,40000.0
2021100505001072,JBLB,14,59,10,4000.0,40000.0
2021100505001071,JBLB,14,16,10,4000.0,40000.0
2021100505001070,JBLB,14,49,10,4000.0,40000.0
2021100505001069,JBLB,14,49,10,4000.0,40000.0
2021100505001084,JBLB,57,53,10,4000.0,40000.0
2021100505001096,JBLB,49,41,10,4001.0,40010.0
2021100505001109,JBLB,49,49,10,4000.0,40000.0
2021100505001107,JBLB,49,38,10,4000.0,40000.0
2021100505001147,JBLB,34,21,10,4000.0,40000.0
2021100505001143,JBLB,38,38,10,3968.0,39680.0
2021100505001151,JBLB,14,56,55,4001.0,220055.0
2021100505001148,JBLB,34,35,10,4000.0,40000.0
2021100505001163,JBLB,49,51,10,3990.0,39900.0
2021100505001177,JBLB,57,34,10,3980.0,39800.0
2021100505001174,JBLB,34,38,10,3990.0,39900.0
2021100505001173,JBLB,57,38,10,3980.0,39800.0
2021100505001186,JBLB,28,16,10,4000.0,40000.0
2021100505001185,JBLB,28,45,10,4000.0,40000.0
2021100505001184,JBLB,28,35,10,4000.0,40000.0
2021100505001183,JBLB,28,46,10,4000.0,40000.0
2021100505001182,JBLB,28,26,10,4000.0,40000.0
2021100505001181,JBLB,28,53,10,3990.0,39900.0
2021100505001192,JBLB,28,19,10,4010.0,40100.0
2021100505001191,JBLB,28,49,21,4010.0,84210.0
2021100505001190,JBLB,28,59,10,4009.0,40090.0
2021100505001189,JBLB,28,21,10,4000.0,40000.0
2021100505001188,JBLB,28,58,10,4000.0,40000.0
2021100505001187,JBLB,28,22,10,4000.0,40000.0
2021100505001196,JBLB,28,36,10,4010.0,40100.0
2021100505001195,JBLB,28,49,10,4010.0,40100.0
2021100505001194,JBLB,28,19,10,4010.0,40100.0
2021100505001193,JBLB,28,58,10,4010.0,40100.0
2021100505001210,JBLB,17,38,10,3981.9,39819.0
2021100505001208,JBLB,17,41,10,3982.0,39820.0
2021100505001220,JBLB,49,6,10,3982.0,39820.0
2021100505001217,JBLB,34,50,10,3982.0,39820.0
2021100505001232,JBLB,17,32,10,3982.1,39821.0
2021100505001238,JBLB,17,52,10,3982.1,39821.0
2021100505001261,JBLB,47,58,10,3985.0,39850.0
2021100505001258,JBLB,57,53,10,3983.0,39830.0
2021100505001268,JBLB,17,38,10,3983.5,39835.0
2021100505001266,JBLB,17,34,10,3983.2,39832.0
2021100505001278,JBLB,47,21,10,3985.0,39850.0
2021100505001276,JBLB,56,49,10,3984.0,39840.0
2021100505001275,JBLB,56,45,10,3984.0,39840.0
2021100505001273,JBLB,17,29,10,3983.4,39834.0
2021100505001289,JBLB,29,38,10,3986.0,39860.0
2021100505001286,JBLB,29,40,10,3986.0,39860.0
2021100505001283,JBLB,29,51,10,3986.0,39860.0
2021100505001299,JBLB,14,58,10,3990.0,39900.0
2021100505001306,JBLB,26,50,10,4000.0,40000.0
2021100505001305,JBLB,26,59,20,4000.0,80000.0
2021100505001304,JBLB,26,58,10,3990.0,39900.0
2021100505001303,JBLB,57,59,20,4000.0,80000.0
2021100505001302,JBLB,57,51,10,4000.0,40000.0
2021100505001319,JBLB,56,26,10,4000.0,40000.0
2021100505001308,JBLB,42,58,10,4000.0,40000.0
2021100505001325,JBLB,56,16,10,4000.0,40000.0
2021100505001324,JBLB,56,59,10,4000.0,40000.0
2021100505001323,JBLB,56,58,10,4000.0,40000.0
2021100505001322,JBLB,56,58,10,4000.0,40000.0
2021100505001321,JBLB,56,46,10,4000.0,40000.0
2021100505001320,JBLB,56,58,10,4000.0,40000.0
2021100505001333,JBLB,39,19,10,4010.0,40100.0
2021100505001332,JBLB,39,26,10,4010.0,40100.0
2021100505001330,JBLB,56,47,10,4000.0,40000.0
2021100505001329,JBLB,45,32,10,4001.0,40010.0
2021100505001326,JBLB,56,29,10,4000.0,40000.0
2021100505001340,JBLB,44,33,10,4000.0,40000.0
2021100505001339,JBLB,56,19,10,4010.0,40100.0
2021100505001338,JBLB,39,45,10,4015.0,40150.0
2021100505001334,JBLB,39,19,10,4010.0,40100.0
2021100505001350,JBLB,14,57,10,4015.0,40150.0
2021100505001349,JBLB,14,49,10,4015.0,40150.0
2021100505001348,JBLB,14,59,10,4015.0,40150.0
2021100505001347,JBLB,14,56,10,4015.0,40150.0
2021100505001346,JBLB,14,17,10,4015.0,40150.0
2021100505001345,JBLB,14,28,10,4010.0,40100.0
2021100505001356,JBLB,14,38,315,4017.0,1265355.0
2021100505001355,JBLB,14,41,20,4016.9,80338.0
2021100505001354,JBLB,14,25,10,4016.0,40160.0
2021100505001353,JBLB,14,25,10,4016.0,40160.0
2021100505001352,JBLB,14,38,10,4015.0,40150.0
2021100505001351,JBLB,14,49,10,4015.0,40150.0
2021100505001360,JBLB,58,56,10,4005.0,40050.0
2021100505001357,JBLB,14,28,10,4017.0,40170.0
2021100505001380,JBLB,45,17,10,4010.0,40100.0
2021100505001374,JBLB,41,26,10,4019.0,40190.0
2021100505001373,JBLB,41,18,10,4019.0,40190.0
2021100505001389,JBLB,50,53,10,4020.0,40200.0
2021100505001388,JBLB,50,58,10,4020.0,40200.0
2021100505001387,JBLB,50,44,10,4020.0,40200.0
2021100505001386,JBLB,50,47,10,4020.0,40200.0
2021100505001385,JBLB,50,3,10,4020.0,40200.0
2021100505001397,JBLB,1,35,10,4023.0,40230.0
2021100505001396,JBLB,1,35,10,4021.0,40210.0
2021100505001395,JBLB,1,45,10,4021.0,40210.0
2021100505001392,JBLB,50,35,10,4020.0,40200.0
2021100505001390,JBLB,50,38,10,4020.0,40200.0
2021100505001405,JBLB,20,34,10,4025.0,40250.0
2021100505001404,JBLB,20,21,10,4025.0,40250.0
2021100505001403,JBLB,20,8,10,4025.0,40250.0
2021100505001402,JBLB,20,49,10,4025.0,40250.0
2021100505001399,JBLB,1,28,10,4025.0,40250.0
2021100505001398,JBLB,1,14,10,4025.0,40250.0
2021100505001412,JBLB,1,38,10,4030.0,40300.0
2021100505001411,JBLB,1,45,10,4030.0,40300.0
2021100505001410,JBLB,1,48,10,4029.0,40290.0
2021100505001408,JBLB,20,58,10,4028.0,40280.0
2021100505001407,JBLB,20,43,10,4028.0,40280.0
2021100505001406,JBLB,20,40,10,4027.9,40279.0
2021100505001419,JBLB,50,3,20,4020.0,80400.0
2021100505001418,JBLB,20,3,10,4028.0,40280.0
2021100505001416,JBLB,20,58,10,4028.0,40280.0
2021100505001414,JBLB,20,4,10,4028.0,40280.0
2021100505001413,JBLB,1,55,10,4030.0,40300.0
2021100505001427,JBLB,29,4,10,4010.0,40100.0
2021100505001426,JBLB,57,4,10,4011.0,40110.0
2021100505001420,JBLB,29,3,10,4010.0,40100.0
2021100505001446,JBLB,58,48,15,4025.0,60375.0
2021100505001445,JBLB,29,21,10,4010.0,40100.0
2021100505001444,JBLB,49,21,40,4011.0,160440.0
2021100505001455,MKLB,58,42,10,1804.0,18040.0
2021100505001449,MKLB,6,48,10,1804.0,18040.0
2021100505001448,MKLB,6,41,10,1804.0,18040.0
2021100505001443,MKLB,6,14,10,1804.0,18040.0
2021100505001442,MKLB,6,46,10,1804.0,18040.0
2021100505001430,MKLB,6,40,10,1804.0,18040.0
2021100505000978,MKLB,29,22,10,1815.0,18150.0
2021100505000973,MKLB,49,38,10,1810.0,18100.0
2021100505000972,MKLB,49,28,10,1810.0,18100.0
2021100505000969,MKLB,49,17,10,1810.0,18100.0
2021100505000964,MKLB,49,38,10,1810.0,18100.0
2021100505001023,MKLB,38,19,10,1815.0,18150.0
2021100505001013,MKLB,45,49,10,1815.0,18150.0
2021100505001012,MKLB,45,41,10,1815.0,18150.0
2021100505001003,MKLB,32,58,10,1806.0,18060.0
2021100505000996,MKLB,41,45,10,1805.0,18050.0
2021100505000986,MKLB,49,58,10,1810.0,18100.0
2021100505001049,MKLB,13,21,10,1810.0,18100.0
2021100505001048,MKLB,13,51,10,1810.0,18100.0
2021100505001044,MKLB,45,47,20,1818.0,36360.0
2021100505001043,MKLB,45,34,10,1815.0,18150.0
2021100505001042,MKLB,45,41,10,1815.0,18150.0
2021100505001025,MKLB,45,35,10,1810.0,18100.0
2021100505001089,MKLB,48,44,10,1810.0,18100.0
2021100505001088,MKLB,48,32,10,1810.0,18100.0
2021100505001086,MKLB,42,52,10,1810.0,18100.0
2021100505001059,MKLB,38,25,10,1807.0,18070.0
2021100505001057,MKLB,38,32,10,1807.0,18070.0
2021100505001051,MKLB,38,21,10,1807.0,18070.0
2021100505001100,MKLB,56,51,10,1815.0,18150.0
2021100505001099,MKLB,56,51,10,1807.2,18072.0
2021100505001097,MKLB,13,19,10,1807.2,18072.0
2021100505001095,MKLB,13,56,10,1807.2,18072.0
2021100505001093,MKLB,29,45,10,1808.0,18080.0
2021100505001090,MKLB,48,35,10,1810.0,18100.0
2021100505001153,MKLB,29,58,10,1807.0,18070.0
2021100505001149,MKLB,14,52,10,1806.1,18061.0
2021100505001142,MKLB,13,45,10,1806.1,18061.0
2021100505001141,MKLB,13,1,10,1806.1,18061.0
2021100505001138,MKLB,13,52,10,1806.1,18061.0
2021100505001105,MKLB,13,4,10,1806.1,18061.0
2021100505001203,MKLB,48,34,10,1807.0,18070.0
2021100505001198,MKLB,48,45,10,1807.0,18070.0
2021100505001167,MKLB,33,51,10,1810.0,18100.0
2021100505001165,MKLB,28,38,10,1806.1,18061.0
2021100505001164,MKLB,28,58,10,1806.1,18061.0
2021100505001160,MKLB,32,52,10,1806.0,18060.0
2021100505001243,MKLB,8,13,10,1815.0,18150.0
2021100505001242,MKLB,8,44,10,1815.0,18150.0
2021100505001241,MKLB,8,47,10,1810.0,18100.0
2021100505001230,MKLB,32,57,10,1806.0,18060.0
2021100505001214,MKLB,32,56,10,1806.0,18060.0
2021100505001207,MKLB,48,56,10,1807.0,18070.0
2021100505001249,MKLB,8,14,10,1820.0,18200.0
2021100505001248,MKLB,8,53,10,1820.0,18200.0
2021100505001247,MKLB,8,44,10,1820.0,18200.0
2021100505001246,MKLB,8,58,10,1820.0,18200.0
2021100505001245,MKLB,8,52,10,1820.0,18200.0
2021100505001244,MKLB,8,26,10,1815.0,18150.0
2021100505001271,MKLB,32,47,10,1806.0,18060.0
2021100505001265,MKLB,32,10,10,1806.0,18060.0
2021100505001260,MKLB,32,43,10,1806.0,18060.0
2021100505001259,MKLB,57,8,10,1806.1,18061.0
2021100505001255,MKLB,32,34,10,1806.0,18060.0
2021100505001250,MKLB,8,45,10,1820.0,18200.0
2021100505001314,MKLB,41,45,10,1805.0,18050.0
2021100505001298,MKLB,21,55,10,1806.0,18060.0
2021100505001297,MKLB,21,55,10,1806.0,18060.0
2021100505001281,MKLB,21,26,10,1806.0,18060.0
2021100505001280,MKLB,32,52,10,1806.0,18060.0
2021100505001279,MKLB,32,47,10,1806.0,18060.0
2021100505001336,MKLB,57,52,50,1803.1,90155.0
2021100505001331,MKLB,34,6,10,1805.0,18050.0
2021100505001328,MKLB,34,43,10,1805.0,18050.0
2021100505001317,MKLB,41,53,10,1805.0,18050.0
2021100505001316,MKLB,41,58,10,1805.0,18050.0
2021100505001315,MKLB,41,11,10,1805.0,18050.0
2021100505001378,MKLB,48,51,10,1805.0,18050.0
2021100505001372,MKLB,49,42,10,1820.0,18200.0
2021100505001371,MKLB,34,32,10,1819.9,18199.0
2021100505001358,MKLB,34,25,10,1805.0,18050.0
2021100505001344,MKLB,34,57,10,1803.1,18031.0
2021100505001337,MKLB,34,58,10,1806.0,18060.0
2021100505001425,MKLB,34,46,10,1803.0,18030.0
2021100505001415,MKLB,34,32,10,1803.0,18030.0
2021100505001401,MKLB,34,6,10,1803.0,18030.0
2021100505001400,MKLB,34,46,10,1805.0,18050.0
2021100505001391,MKLB,34,49,10,1803.0,18030.0
2021100505001379,MKLB,48,44,10,1805.0,18050.0
2021100505001450,SLI,52,56,10,515.0,5150.0
2021100505001447,SLI,52,32,10,515.0,5150.0
2021100505000960,SLI,58,29,10,517.5,5175.0
2021100505000958,SLI,58,50,10,519.0,5190.0
2021100505000971,SLI,11,45,10,517.0,5170.0
2021100505000970,SLI,11,47,23,517.0,11891.0
2021100505000966,SLI,58,47,10,517.5,5175.0
2021100505000963,SLI,58,47,10,517.5,5175.0
2021100505000983,SLI,6,4,10,517.0,5170.0
2021100505000979,SLI,38,43,10,515.0,5150.0
2021100505000976,SLI,11,58,10,517.0,5170.0
2021100505000974,SLI,11,34,10,517.0,5170.0
2021100505001000,SLI,6,7,10,517.0,5170.0
2021100505000997,SLI,6,58,10,517.0,5170.0
2021100505000992,SLI,6,51,10,517.0,5170.0
2021100505001015,SLI,20,58,10,515.0,5150.0
2021100505001010,SLI,20,38,10,515.0,5150.0
2021100505001009,SLI,20,59,10,515.0,5150.0
2021100505001008,SLI,20,51,10,515.0,5150.0
2021100505001007,SLI,38,53,10,515.0,5150.0
2021100505001002,SLI,6,38,10,517.0,5170.0
2021100505001021,SLI,20,17,10,515.0,5150.0
2021100505001020,SLI,20,17,10,515.0,5150.0
2021100505001019,SLI,20,49,10,515.0,5150.0
2021100505001018,SLI,20,17,10,515.0,5150.0
2021100505001017,SLI,20,38,10,515.0,5150.0
2021100505001016,SLI,20,6,10,515.0,5150.0
2021100505001031,SLI,42,14,100,512.0,51200.0
2021100505001030,SLI,11,14,200,513.0,102600.0
2021100505001029,SLI,34,14,60,513.0,30780.0
2021100505001028,SLI,39,14,12,515.0,6180.0
2021100505001027,SLI,37,14,300,515.0,154500.0
2021100505001026,SLI,20,14,100,515.0,51500.0
2021100505001037,SLI,4,14,50,510.0,25500.0
2021100505001036,SLI,7,14,100,510.5,51050.0
2021100505001035,SLI,8,14,10,510.5,5105.0
2021100505001034,SLI,19,14,50,511.0,25550.0
2021100505001033,SLI,55,14,80,511.0,40880.0
2021100505001032,SLI,59,14,40,512.0,20480.0
2021100505001052,SLI,16,38,10,510.5,5105.0
2021100505001047,SLI,16,58,10,510.5,5105.0
2021100505001040,SLI,18,49,18,510.0,9180.0
2021100505001039,SLI,18,14,58,510.0,29580.0
2021100505001038,SLI,42,14,10,510.0,5100.0
2021100505001056,SLI,58,51,10,512.0,5120.0
2021100505001055,SLI,16,57,10,510.5,5105.0
2021100505001053,SLI,16,49,10,510.5,5105.0
2021100505001091,SLI,37,51,10,515.0,5150.0
2021100505001085,SLI,3,26,10,515.0,5150.0
2021100505001083,SLI,16,51,10,512.0,5120.0
2021100505001082,SLI,59,21,10,511.0,5110.0
2021100505001080,SLI,59,58,10,511.0,5110.0
2021100505001104,SLI,59,41,10,511.0,5110.0
2021100505001103,SLI,57,49,10,512.0,5120.0
2021100505001102,SLI,8,3,10,515.0,5150.0
2021100505001101,SLI,8,14,10,515.0,5150.0
2021100505001092,SLI,37,41,10,515.0,5150.0
2021100505001113,SLI,1,38,10,511.0,5110.0
2021100505001112,SLI,1,41,10,511.0,5110.0
2021100505001111,SLI,1,41,10,511.0,5110.0
2021100505001106,SLI,59,22,60,511.0,30660.0
2021100505001119,SLI,52,58,10,516.0,5160.0
2021100505001118,SLI,52,58,10,516.0,5160.0
2021100505001117,SLI,52,58,10,516.0,5160.0
2021100505001116,SLI,52,51,10,516.0,5160.0
2021100505001115,SLI,52,58,10,515.0,5150.0
2021100505001114,SLI,52,58,10,515.0,5150.0
2021100505001128,SLI,1,36,10,511.0,5110.0
2021100505001127,SLI,1,41,10,511.0,5110.0
2021100505001123,SLI,52,45,10,517.0,5170.0
2021100505001122,SLI,52,58,10,517.0,5170.0
2021100505001121,SLI,52,49,10,517.0,5170.0
2021100505001120,SLI,52,58,10,517.0,5170.0
2021100505001144,SLI,1,49,10,511.0,5110.0
2021100505001137,SLI,1,53,10,511.0,5110.0
2021100505001136,SLI,1,58,10,511.0,5110.0
2021100505001129,SLI,1,41,10,511.0,5110.0
2021100505001157,SLI,16,47,10,510.5,5105.0
2021100505001156,SLI,16,47,10,510.5,5105.0
2021100505001154,SLI,16,58,10,510.5,5105.0
2021100505001150,SLI,16,25,10,510.5,5105.0
2021100505001169,SLI,22,51,10,510.1,5101.0
2021100505001166,SLI,22,26,10,510.1,5101.0
2021100505001161,SLI,8,38,10,510.5,5105.0
2021100505001159,SLI,16,47,10,510.5,5105.0
2021100505001158,SLI,16,51,10,510.5,5105.0
2021100505001179,SLI,22,48,10,510.1,5101.0
2021100505001171,SLI,13,58,10,511.0,5110.0
2021100505001170,SLI,13,58,10,511.0,5110.0
2021100505001199,SLI,18,57,10,510.0,5100.0
2021100505001197,SLI,22,51,10,510.1,5101.0
2021100505001213,SLI,56,57,10,510.1,5101.0
2021100505001212,SLI,56,57,10,510.1,5101.0
2021100505001206,SLI,51,51,10,512.0,5120.0
2021100505001201,SLI,18,38,10,510.0,5100.0
2021100505001219,SLI,56,8,10,510.1,5101.0
2021100505001218,SLI,35,58,10,511.0,5110.0
2021100505001216,SLI,56,8,10,510.1,5101.0
2021100505001215,SLI,56,19,10,510.1,5101.0
2021100505001229,SLI,41,57,10,510.0,5100.0
2021100505001228,SLI,41,20,10,510.0,5100.0
2021100505001226,SLI,41,50,10,510.0,5100.0
2021100505001225,SLI,4,51,10,510.1,5101.0
2021100505001223,SLI,49,8,10,510.0,5100.0
2021100505001252,SLI,33,57,10,511.0,5110.0
2021100505001237,SLI,58,46,10,512.0,5120.0
2021100505001236,SLI,58,33,10,512.0,5120.0
2021100505001235,SLI,41,45,10,510.0,5100.0
2021100505001233,SLI,58,52,10,511.0,5110.0
2021100505001257,SLI,33,36,10,511.0,5110.0
2021100505001256,SLI,33,21,10,511.0,5110.0
2021100505001254,SLI,33,16,10,511.0,5110.0
2021100505001253,SLI,58,21,10,513.0,5130.0
2021100505001272,SLI,33,57,10,511.0,5110.0
2021100505001269,SLI,33,58,10,511.0,5110.0
2021100505001263,SLI,49,34,10,514.0,5140.0
2021100505001262,SLI,49,45,10,513.0,5130.0
2021100505001277,SLI,33,52,10,511.0,5110.0
2021100505001274,SLI,33,58,10,511.0,5110.0
2021100505001290,SLI,26,49,10,512.0,5120.0
2021100505001287,SLI,7,21,10,511.1,5111.0
2021100505001285,SLI,7,38,10,511.1,5111.0
2021100505001301,SLI,25,52,10,514.0,5140.0
2021100505001296,SLI,25,48,10,514.0,5140.0
2021100505001295,SLI,25,45,10,513.0,5130.0
2021100505001294,SLI,25,38,10,513.0,5130.0
2021100505001291,SLI,26,49,10,512.0,5120.0
2021100505001307,SLI,25,55,10,514.0,5140.0
2021100505001313,SLI,25,57,10,514.0,5140.0
2021100505001312,SLI,26,39,10,515.0,5150.0
2021100505001311,SLI,26,57,10,515.0,5150.0
2021100505001310,SLI,26,14,10,515.0,5150.0
2021100505001327,SLI,14,49,10,514.1,5141.0
2021100505001343,SLI,14,48,10,514.2,5142.0
2021100505001335,SLI,14,16,10,514.2,5142.0
2021100505001363,SLI,33,58,10,515.0,5150.0
2021100505001362,SLI,33,36,10,515.0,5150.0
2021100505001361,SLI,33,47,10,514.5,5145.0
2021100505001359,SLI,14,58,10,514.2,5142.0
2021100505001369,SLI,14,17,10,514.2,5142.0
2021100505001368,SLI,33,21,30,518.0,15540.0
2021100505001367,SLI,33,51,10,517.5,5175.0
2021100505001366,SLI,33,35,10,517.5,5175.0
2021100505001365,SLI,33,58,10,516.0,5160.0
2021100505001364,SLI,33,29,10,515.0,5150.0
2021100505001377,SLI,3,44,10,514.2,5142.0
2021100505001376,SLI,14,32,10,514.1,5141.0
2021100505001370,SLI,14,7,10,514.2,5142.0
2021100505001381,SLI,14,55,10,514.1,5141.0
2021100505001394,SLI,8,49,10,515.0,5150.0
2021100505001417,SLI,14,45,10,514.1,5141.0
2021100505001429,SLI,33,41,10,515.0,5150.0
2021100505001428,SLI,33,38,10,514.2,5142.0
2021100505001424,SLI,14,34,10,514.1,5141.0
2021100505001433,SLI,34,57,10,516.0,5160.0
2021100505001432,SLI,58,35,10,516.0,5160.0
2021100505001431,SLI,14,41,10,514.0,5140.0
2021100505001454,ULI,49,28,10,563.0,5630.0
2021100505001441,ULI,19,58,10,565.0,5650.0
2021100505001440,ULI,19,58,10,565.0,5650.0
2021100505001439,ULI,19,4,10,565.0,5650.0
2021100505001438,ULI,19,45,10,565.0,5650.0
2021100505001437,ULI,19,52,10,565.0,5650.0
2021100505000977,ULI,53,51,10,563.0,5630.0
2021100505000975,ULI,53,47,10,563.0,5630.0
2021100505000968,ULI,53,21,10,563.0,5630.0
2021100505000967,ULI,53,57,10,563.0,5630.0
2021100505000965,ULI,22,8,10,562.2,5622.0
2021100505001004,ULI,22,33,10,562.2,5622.0
2021100505000998,ULI,22,25,20,562.2,11244.0
2021100505000995,ULI,22,38,10,562.2,5622.0
2021100505000993,ULI,22,41,10,562.2,5622.0
2021100505000985,ULI,22,21,10,562.2,5622.0
2021100505000982,ULI,22,45,10,562.2,5622.0
2021100505001024,ULI,22,58,10,562.2,5622.0
2021100505001022,ULI,22,48,10,562.2,5622.0
2021100505001014,ULI,22,49,10,562.2,5622.0
2021100505001011,ULI,22,38,10,562.2,5622.0
2021100505001006,ULI,22,38,10,562.2,5622.0
2021100505001005,ULI,22,36,10,562.2,5622.0
2021100505001075,ULI,58,36,10,562.3,5623.0
2021100505001063,ULI,58,10,10,562.3,5623.0
2021100505001062,ULI,58,25,10,562.3,5623.0
2021100505001050,ULI,58,21,10,562.3,5623.0
2021100505001046,ULI,58,38,10,562.3,5623.0
2021100505001041,ULI,58,13,10,562.3,5623.0
2021100505001087,ULI,58,58,10,562.3,5623.0
2021100505001081,ULI,58,10,10,562.3,5623.0
2021100505001079,ULI,58,43,10,562.3,5623.0
2021100505001078,ULI,58,10,10,562.3,5623.0
2021100505001077,ULI,58,38,10,562.3,5623.0
2021100505001076,ULI,58,43,10,562.3,5623.0
2021100505001125,ULI,22,49,10,562.2,5622.0
2021100505001124,ULI,22,41,10,562.2,5622.0
2021100505001110,ULI,58,49,10,562.3,5623.0
2021100505001108,ULI,58,41,10,562.3,5623.0
2021100505001098,ULI,37,28,10,562.9,5629.0
2021100505001094,ULI,58,35,10,562.3,5623.0
2021100505001134,ULI,57,14,10,563.0,5630.0
2021100505001133,ULI,57,56,10,563.0,5630.0
2021100505001132,ULI,57,59,10,563.0,5630.0
2021100505001131,ULI,57,58,10,563.0,5630.0
2021100505001130,ULI,22,38,10,562.2,5622.0
2021100505001126,ULI,22,26,10,562.2,5622.0
2021100505001152,ULI,57,58,10,562.3,5623.0
2021100505001146,ULI,57,49,10,562.3,5623.0
2021100505001145,ULI,57,38,10,562.3,5623.0
2021100505001140,ULI,56,56,10,564.0,5640.0
2021100505001139,ULI,56,58,10,564.0,5640.0
2021100505001135,ULI,22,41,10,562.2,5622.0
2021100505001176,ULI,22,38,10,562.2,5622.0
2021100505001175,ULI,22,51,10,562.2,5622.0
2021100505001172,ULI,22,34,10,562.2,5622.0
2021100505001168,ULI,22,22,10,562.2,5622.0
2021100505001162,ULI,57,47,10,562.3,5623.0
2021100505001155,ULI,57,58,10,562.3,5623.0
2021100505001205,ULI,34,58,10,563.0,5630.0
2021100505001204,ULI,34,51,10,563.0,5630.0
2021100505001202,ULI,22,38,10,562.2,5622.0
2021100505001200,ULI,22,58,10,562.2,5622.0
2021100505001180,ULI,22,38,10,562.2,5622.0
2021100505001178,ULI,22,16,10,562.2,5622.0
2021100505001227,ULI,57,58,10,563.0,5630.0
2021100505001224,ULI,57,6,10,563.0,5630.0
2021100505001222,ULI,57,19,10,563.0,5630.0
2021100505001221,ULI,57,58,10,563.0,5630.0
2021100505001211,ULI,57,57,10,563.0,5630.0
2021100505001209,ULI,57,38,10,563.0,5630.0
2021100505001264,ULI,22,38,10,563.0,5630.0
2021100505001251,ULI,22,58,10,563.0,5630.0
2021100505001240,ULI,22,58,10,563.0,5630.0
2021100505001239,ULI,58,34,10,564.0,5640.0
2021100505001234,ULI,57,51,10,563.0,5630.0
2021100505001231,ULI,57,42,10,563.0,5630.0
2021100505001292,ULI,57,6,10,563.0,5630.0
2021100505001288,ULI,25,8,10,562.1,5621.0
2021100505001284,ULI,25,49,10,562.1,5621.0
2021100505001282,ULI,25,52,10,562.1,5621.0
2021100505001270,ULI,34,41,10,563.0,5630.0
2021100505001267,ULI,22,6,10,563.0,5630.0
2021100505001342,ULI,46,49,10,562.4,5624.0
2021100505001341,ULI,46,47,10,562.4,5624.0
2021100505001318,ULI,46,38,10,562.2,5622.0
2021100505001309,ULI,46,38,10,562.2,5622.0
2021100505001300,ULI,25,49,10,562.1,5621.0
2021100505001293,ULI,57,6,10,563.0,5630.0
2021100505001409,ULI,47,58,10,563.0,5630.0
2021100505001393,ULI,47,21,10,563.0,5630.0
2021100505001384,ULI,8,48,10,562.2,5622.0
2021100505001383,ULI,51,32,10,562.5,5625.0
2021100505001382,ULI,51,47,10,562.5,5625.0
2021100505001375,ULI,42,34,10,563.0,5630.0
2021100505001436,ULI,19,17,10,565.0,5650.0
2021100505001435,ULI,19,58,10,565.0,5650.0
2021100505001434,ULI,19,58,10,565.0,5650.0
2021100505001423,ULI,47,41,10,563.0,5630.0
2021100505001422,ULI,47,57,10,563.0,5630.0
2021100505001421,ULI,47,44,10,563.0,5630.0
2021100505000953,JBLB,45,45,10,3955.0,39550.0
2021100505000463,JBLB,26,38,10,3927.0,39270.0
2021100505000462,JBLB,48,38,70,3928.0,274960.0
2021100505000461,JBLB,3,38,10,3929.0,39290.0
2021100505000460,JBLB,52,38,27,3949.0,106623.0
2021100505000458,JBLB,52,16,17,3949.0,67133.0
2021100505000457,JBLB,14,16,10,3949.0,39490.0
2021100505000474,JBLB,48,42,10,3949.0,39490.0
2021100505000473,JBLB,48,25,10,3949.0,39490.0
2021100505000467,JBLB,56,38,473,3925.0,1856525.0
2021100505000466,JBLB,4,38,10,3926.0,39260.0
2021100505000465,JBLB,16,38,10,3926.0,39260.0
2021100505000464,JBLB,57,38,100,3926.0,392600.0
2021100505000479,JBLB,20,58,10,3950.0,39500.0
2021100505000478,JBLB,20,34,10,3950.0,39500.0
2021100505000477,JBLB,20,57,10,3950.0,39500.0
2021100505000476,JBLB,20,59,10,3950.0,39500.0
2021100505000475,JBLB,48,51,10,3950.0,39500.0
2021100505000483,JBLB,20,38,10,3950.0,39500.0
2021100505000504,JBLB,40,45,10,3950.0,39500.0
2021100505000503,JBLB,40,41,10,3950.0,39500.0
2021100505000523,JBLB,14,28,10,3950.0,39500.0
2021100505000516,JBLB,35,39,10,3950.0,39500.0
2021100505000514,JBLB,21,14,20,3960.0,79200.0
2021100505000508,JBLB,49,11,10,3950.0,39500.0
2021100505000527,JBLB,56,43,10,3950.0,39500.0
2021100505000540,JBLB,26,8,10,3950.0,39500.0
2021100505000535,JBLB,26,52,10,3950.0,39500.0
2021100505000553,JBLB,3,57,10,3935.0,39350.0
2021100505000551,JBLB,19,58,10,3949.0,39490.0
2021100505000579,JBLB,38,56,10,3940.0,39400.0
2021100505000573,JBLB,6,57,10,3938.0,39380.0
2021100505000607,JBLB,6,28,10,3942.2,39422.0
2021100505000599,JBLB,56,38,10,3949.5,39495.0
2021100505000598,JBLB,34,41,10,3950.0,39500.0
2021100505000597,JBLB,34,45,10,3949.5,39495.0
2021100505000621,JBLB,6,7,10,3942.2,39422.0
2021100505000620,JBLB,19,7,10,3945.0,39450.0
2021100505000614,JBLB,6,51,10,3942.2,39422.0
2021100505000628,JBLB,32,47,10,3945.0,39450.0
2021100505000626,JBLB,6,38,10,3942.2,39422.0
2021100505000656,JBLB,32,45,10,3945.0,39450.0
2021100505000642,JBLB,7,17,10,3950.0,39500.0
2021100505000638,JBLB,7,45,10,3950.0,39500.0
2021100505000636,JBLB,41,58,10,3950.0,39500.0
2021100505000671,JBLB,1,21,10,3961.0,39610.0
2021100505000670,JBLB,1,13,10,3961.0,39610.0
2021100505000669,JBLB,1,48,10,3960.0,39600.0
2021100505000692,JBLB,5,58,10,3992.0,39920.0
2021100505000691,JBLB,5,54,30,3992.0,119760.0
2021100505000682,JBLB,45,58,10,3980.0,39800.0
2021100505000706,JBLB,57,39,10,4000.0,40000.0
2021100505000705,JBLB,57,59,10,4000.0,40000.0
2021100505000704,JBLB,57,28,10,4000.0,40000.0
2021100505000703,JBLB,57,7,50,4000.0,200000.0
2021100505000702,JBLB,57,41,10,4000.0,40000.0
2021100505000701,JBLB,57,49,10,3998.3,39983.0
2021100505000712,JBLB,57,59,10,4000.0,40000.0
2021100505000711,JBLB,57,49,10,4000.0,40000.0
2021100505000710,JBLB,57,56,10,4000.0,40000.0
2021100505000709,JBLB,57,50,10,4000.0,40000.0
2021100505000708,JBLB,57,21,10,4000.0,40000.0
2021100505000707,JBLB,57,34,10,4000.0,40000.0
2021100505000717,JBLB,57,41,10,4000.0,40000.0
2021100505000716,JBLB,57,42,10,4000.0,40000.0
2021100505000715,JBLB,57,5,10,4000.0,40000.0
2021100505000714,JBLB,57,10,10,4000.0,40000.0
2021100505000713,JBLB,57,58,10,4000.0,40000.0
2021100505000732,JBLB,57,26,10,4009.0,40090.0
2021100505000727,JBLB,22,16,10,4010.0,40100.0
2021100505000723,JBLB,14,33,10,4010.0,40100.0
2021100505000773,JBLB,45,48,10,4010.0,40100.0
2021100505000733,JBLB,36,58,10,4010.0,40100.0
2021100505000776,JBLB,19,52,10,4010.0,40100.0
2021100505000789,JBLB,19,32,10,4011.0,40110.0
2021100505000808,JBLB,19,17,10,4015.0,40150.0
2021100505000805,JBLB,19,1,30,4015.0,120450.0
2021100505000803,JBLB,21,1,10,4015.0,40150.0
2021100505000802,JBLB,21,56,90,4011.0,360990.0
2021100505000823,JBLB,19,57,20,4015.0,80300.0
2021100505000822,JBLB,1,33,10,4018.0,40180.0
2021100505000821,JBLB,1,49,10,4018.0,40180.0
2021100505000820,JBLB,19,43,20,4015.0,80300.0
2021100505000831,JBLB,34,56,40,4015.0,160600.0
2021100505000828,JBLB,42,56,70,4015.0,281050.0
2021100505000826,JBLB,32,14,15,4018.0,60270.0
2021100505000836,JBLB,34,58,10,4015.0,40150.0
2021100505000834,JBLB,34,38,10,4015.0,40150.0
2021100505000833,JBLB,32,29,10,4018.0,40180.0
2021100505000832,JBLB,34,57,10,4015.0,40150.0
2021100505000845,JBLB,49,28,20,4015.0,80300.0
2021100505000844,JBLB,21,28,20,4015.0,80300.0
2021100505000843,JBLB,34,28,10,4015.0,40150.0
2021100505000841,JBLB,34,3,30,4015.0,120450.0
2021100505000839,JBLB,35,58,10,4020.0,40200.0
2021100505000838,JBLB,35,34,10,4018.0,40180.0
2021100505000851,JBLB,45,3,10,3998.0,39980.0
2021100505000848,JBLB,38,3,10,4010.0,40100.0
2021100505000847,JBLB,45,19,20,4011.0,80220.0
2021100505000846,JBLB,45,38,20,4011.0,80220.0
2021100505000862,JBLB,58,29,10,3980.0,39800.0
2021100505000860,JBLB,58,29,10,3980.0,39800.0
2021100505000885,JBLB,28,35,10,4010.0,40100.0
2021100505000884,JBLB,28,34,10,4010.0,40100.0
2021100505000883,JBLB,28,19,50,4009.0,200450.0
2021100505000882,JBLB,28,29,10,3980.0,39800.0
2021100505000863,JBLB,58,29,10,3980.0,39800.0
2021100505000891,JBLB,28,56,10,4015.0,40150.0
2021100505000890,JBLB,28,58,10,4015.0,40150.0
2021100505000889,JBLB,28,28,40,4015.0,160600.0
2021100505000888,JBLB,28,34,10,4010.0,40100.0
2021100505000887,JBLB,28,58,10,4010.0,40100.0
2021100505000886,JBLB,28,47,20,4010.0,80200.0
2021100505000895,JBLB,28,38,100,4017.0,401700.0
2021100505000894,JBLB,26,47,10,3951.0,39510.0
2021100505000893,JBLB,28,38,100,4017.0,401700.0
2021100505000892,JBLB,28,38,20,4017.0,80340.0
2021100505000916,JBLB,56,13,10,3953.0,39530.0
2021100505000902,JBLB,57,57,10,4000.0,40000.0
2021100505000935,JBLB,58,22,10,3999.0,39990.0
2021100505000934,JBLB,58,28,55,3999.0,219945.0
2021100505000938,JBLB,58,57,15,4000.0,60000.0
2021100505000937,JBLB,58,21,10,4000.0,40000.0
2021100505000936,JBLB,58,21,10,4000.0,40000.0
2021100505000947,MKLB,49,33,10,1810.0,18100.0
2021100505000946,MKLB,13,4,10,1815.0,18150.0
2021100505000931,MKLB,17,42,10,1820.0,18200.0
2021100505000930,MKLB,17,21,10,1819.9,18199.0
2021100505000929,MKLB,17,17,10,1815.0,18150.0
2021100505000928,MKLB,17,51,10,1815.0,18150.0
2021100505000482,MKLB,14,39,10,1800.0,18000.0
2021100505000459,MKLB,38,38,10,1795.0,17950.0
2021100505000501,MKLB,14,35,10,1790.1,17901.0
2021100505000498,MKLB,50,55,10,1791.0,17910.0
2021100505000496,MKLB,28,58,10,1792.0,17920.0
2021100505000495,MKLB,28,36,10,1792.0,17920.0
2021100505000487,MKLB,28,25,10,1791.0,17910.0
2021100505000484,MKLB,16,42,10,1792.0,17920.0
2021100505000515,MKLB,14,42,10,1790.1,17901.0
2021100505000513,MKLB,14,32,10,1790.1,17901.0
2021100505000512,MKLB,28,22,10,1800.0,18000.0
2021100505000511,MKLB,28,21,10,1800.0,18000.0
2021100505000510,MKLB,28,44,10,1800.0,18000.0
2021100505000506,MKLB,21,57,10,1799.0,17990.0
2021100505000529,MKLB,28,43,10,1791.0,17910.0
2021100505000528,MKLB,28,38,10,1791.0,17910.0
2021100505000525,MKLB,14,49,10,1800.0,18000.0
2021100505000520,MKLB,14,39,10,1790.1,17901.0
2021100505000519,MKLB,14,7,10,1790.1,17901.0
2021100505000517,MKLB,14,32,10,1790.1,17901.0
2021100505000581,MKLB,28,58,10,1791.0,17910.0
2021100505000580,MKLB,28,7,10,1791.0,17910.0
2021100505000565,MKLB,28,13,10,1790.2,17902.0
2021100505000562,MKLB,28,57,10,1791.0,17910.0
2021100505000557,MKLB,28,57,10,1791.0,17910.0
2021100505000556,MKLB,28,6,10,1791.0,17910.0
2021100505000603,MKLB,28,10,10,1792.0,17920.0
2021100505000596,MKLB,7,48,40,1791.0,71640.0
2021100505000595,MKLB,7,16,10,1791.0,17910.0
2021100505000589,MKLB,28,48,10,1790.3,17903.0
2021100505000586,MKLB,28,49,10,1791.0,17910.0
2021100505000583,MKLB,28,8,20,1791.0,35820.0
2021100505000617,MKLB,7,34,10,1791.0,17910.0
2021100505000615,MKLB,7,35,10,1791.0,17910.0
2021100505000611,MKLB,7,28,10,1791.0,17910.0
2021100505000608,MKLB,7,38,10,1791.0,17910.0
2021100505000605,MKLB,56,44,10,1793.0,17930.0
2021100505000604,MKLB,28,51,10,1793.0,17930.0
2021100505000633,MKLB,7,35,10,1791.0,17910.0
2021100505000632,MKLB,7,49,10,1791.0,17910.0
2021100505000629,MKLB,7,39,10,1791.0,17910.0
2021100505000625,MKLB,7,39,10,1791.0,17910.0
2021100505000624,MKLB,7,39,10,1791.0,17910.0
2021100505000622,MKLB,7,49,10,1791.0,17910.0
2021100505000648,MKLB,17,35,10,1800.0,18000.0
2021100505000647,MKLB,17,17,30,1800.0,54000.0
2021100505000646,MKLB,17,58,10,1800.0,18000.0
2021100505000645,MKLB,17,32,10,1800.0,18000.0
2021100505000644,MKLB,17,58,10,1800.0,18000.0
2021100505000639,MKLB,29,48,10,1795.0,17950.0
2021100505000655,MKLB,29,38,10,1795.0,17950.0
2021100505000653,MKLB,17,14,10,1800.0,18000.0
2021100505000652,MKLB,17,35,10,1800.0,18000.0
2021100505000651,MKLB,17,45,10,1800.0,18000.0
2021100505000650,MKLB,17,7,10,1800.0,18000.0
2021100505000649,MKLB,17,20,10,1800.0,18000.0
2021100505000675,MKLB,45,58,10,1792.0,17920.0
2021100505000674,MKLB,45,34,10,1792.0,17920.0
2021100505000672,MKLB,45,57,10,1792.0,17920.0
2021100505000667,MKLB,45,34,10,1792.0,17920.0
2021100505000666,MKLB,38,22,10,1795.0,17950.0
2021100505000657,MKLB,45,57,10,1792.0,17920.0
2021100505000687,MKLB,57,45,10,1805.0,18050.0
2021100505000686,MKLB,57,13,10,1801.0,18010.0
2021100505000685,MKLB,57,21,10,1800.0,18000.0
2021100505000683,MKLB,45,36,10,1792.0,17920.0
2021100505000681,MKLB,57,21,10,1795.0,17950.0
2021100505000680,MKLB,45,21,10,1792.0,17920.0
2021100505000696,MKLB,29,39,10,1810.0,18100.0
2021100505000695,MKLB,45,38,10,1792.0,17920.0
2021100505000694,MKLB,57,25,10,1805.0,18050.0
2021100505000693,MKLB,57,58,10,1805.0,18050.0
2021100505000690,MKLB,57,57,10,1800.0,18000.0
2021100505000689,MKLB,45,55,10,1792.0,17920.0
2021100505000725,MKLB,32,56,10,1810.0,18100.0
2021100505000718,MKLB,32,52,10,1810.0,18100.0
2021100505000700,MKLB,57,29,10,1810.0,18100.0
2021100505000699,MKLB,57,38,10,1810.0,18100.0
2021100505000698,MKLB,57,51,10,1810.0,18100.0
2021100505000697,MKLB,29,58,10,1810.0,18100.0
2021100505000742,MKLB,32,35,10,1810.0,18100.0
2021100505000736,MKLB,32,38,10,1810.0,18100.0
2021100505000735,MKLB,51,33,10,1812.0,18120.0
2021100505000730,MKLB,51,22,10,1812.0,18120.0
2021100505000729,MKLB,51,34,10,1812.0,18120.0
2021100505000728,MKLB,51,44,10,1812.0,18120.0
2021100505000784,MKLB,58,44,10,1814.0,18140.0
2021100505000783,MKLB,58,49,10,1813.0,18130.0
2021100505000782,MKLB,58,1,10,1810.0,18100.0
2021100505000774,MKLB,56,51,10,1813.0,18130.0
2021100505000772,MKLB,49,57,10,1800.0,18000.0
2021100505000743,MKLB,32,58,10,1810.0,18100.0
2021100505000814,MKLB,17,44,40,1814.0,72560.0
2021100505000813,MKLB,17,21,10,1813.9,18139.0
2021100505000788,MKLB,49,45,10,1800.0,18000.0
2021100505000787,MKLB,21,39,10,1813.0,18130.0
2021100505000786,MKLB,49,29,10,1800.0,18000.0
2021100505000785,MKLB,49,6,10,1800.0,18000.0
2021100505000842,MKLB,48,6,10,1801.0,18010.0
2021100505000819,MKLB,17,45,10,1815.0,18150.0
2021100505000818,MKLB,17,14,210,1815.0,381150.0
2021100505000817,MKLB,17,45,10,1815.0,18150.0
2021100505000816,MKLB,17,58,10,1815.0,18150.0
2021100505000815,MKLB,17,38,10,1815.0,18150.0
2021100505000901,MKLB,51,43,10,1809.8,18098.0
2021100505000880,MKLB,17,21,10,1809.9,18099.0
2021100505000864,MKLB,14,13,10,1802.1,18021.0
2021100505000861,MKLB,14,34,10,1802.1,18021.0
2021100505000857,MKLB,14,17,10,1802.1,18021.0
2021100505000852,MKLB,14,29,10,1802.1,18021.0
2021100505000917,MKLB,41,57,10,1802.3,18023.0
2021100505000914,MKLB,14,38,10,1810.0,18100.0
2021100505000913,MKLB,14,57,10,1810.0,18100.0
2021100505000912,MKLB,14,21,10,1808.0,18080.0
2021100505000907,MKLB,14,36,10,1802.1,18021.0
2021100505000904,MKLB,14,14,10,1802.1,18021.0
2021100505000927,MKLB,17,45,10,1815.0,18150.0
2021100505000926,MKLB,17,41,10,1815.0,18150.0
2021100505000925,MKLB,17,28,10,1812.0,18120.0
2021100505000924,MKLB,17,6,10,1812.0,18120.0
2021100505000923,MKLB,17,38,10,1810.0,18100.0
2021100505000922,MKLB,17,59,10,1810.0,18100.0
2021100505000954,SLI,58,38,10,519.0,5190.0
2021100505000950,SLI,58,51,10,519.0,5190.0
2021100505000949,SLI,58,16,10,519.0,5190.0
2021100505000945,SLI,58,48,10,519.0,5190.0
2021100505000944,SLI,56,52,20,519.9,10398.0
2021100505000480,SLI,28,42,10,511.0,5110.0
2021100505000492,SLI,28,16,10,511.0,5110.0
2021100505000491,SLI,46,49,10,512.0,5120.0
2021100505000490,SLI,46,49,10,512.0,5120.0
2021100505000489,SLI,28,8,10,511.0,5110.0
2021100505000485,SLI,28,17,10,511.0,5110.0
2021100505000507,SLI,7,57,10,510.1,5101.0
2021100505000505,SLI,7,58,10,510.1,5101.0
2021100505000500,SLI,38,42,10,510.0,5100.0
2021100505000493,SLI,28,42,10,511.0,5110.0
2021100505000522,SLI,7,21,10,510.1,5101.0
2021100505000521,SLI,7,17,10,510.1,5101.0
2021100505000534,SLI,7,38,10,510.1,5101.0
2021100505000533,SLI,7,1,10,510.1,5101.0
2021100505000532,SLI,7,43,10,510.1,5101.0
2021100505000531,SLI,8,41,10,510.5,5105.0
2021100505000530,SLI,7,58,10,510.1,5101.0
2021100505000542,SLI,7,22,10,510.1,5101.0
2021100505000541,SLI,7,43,10,510.1,5101.0
2021100505000538,SLI,7,28,10,510.1,5101.0
2021100505000537,SLI,7,49,10,510.1,5101.0
2021100505000549,SLI,7,17,10,511.0,5110.0
2021100505000548,SLI,45,54,10,510.6,5106.0
2021100505000547,SLI,45,54,10,510.6,5106.0
2021100505000545,SLI,7,35,10,510.1,5101.0
2021100505000544,SLI,7,58,10,510.1,5101.0
2021100505000543,SLI,7,52,10,510.1,5101.0
2021100505000560,SLI,58,44,10,515.0,5150.0
2021100505000558,SLI,7,57,10,511.1,5111.0
2021100505000552,SLI,7,35,10,511.1,5111.0
2021100505000550,SLI,7,17,10,511.1,5111.0
2021100505000574,SLI,7,38,10,511.1,5111.0
2021100505000572,SLI,38,16,10,512.1,5121.0
2021100505000564,SLI,46,21,10,512.1,5121.0
2021100505000561,SLI,46,38,10,512.1,5121.0
2021100505000593,SLI,52,38,10,510.7,5107.0
2021100505000592,SLI,52,26,10,510.7,5107.0
2021100505000591,SLI,52,58,10,510.7,5107.0
2021100505000590,SLI,1,49,10,511.0,5110.0
2021100505000585,SLI,58,49,10,511.1,5111.0
2021100505000584,SLI,52,53,10,510.7,5107.0
2021100505000610,SLI,52,38,10,510.7,5107.0
2021100505000606,SLI,52,21,10,510.7,5107.0
2021100505000619,SLI,1,32,10,513.0,5130.0
2021100505000616,SLI,52,49,10,510.7,5107.0
2021100505000613,SLI,1,32,10,513.0,5130.0
2021100505000631,SLI,52,56,10,510.7,5107.0
2021100505000630,SLI,7,47,10,511.0,5110.0
2021100505000627,SLI,57,19,10,513.0,5130.0
2021100505000623,SLI,57,32,10,513.0,5130.0
2021100505000662,SLI,46,56,10,511.1,5111.0
2021100505000641,SLI,52,49,10,510.7,5107.0
2021100505000676,SLI,52,46,10,510.7,5107.0
2021100505000668,SLI,35,7,10,511.0,5110.0
2021100505000665,SLI,35,6,10,511.0,5110.0
2021100505000688,SLI,58,38,10,511.0,5110.0
2021100505000684,SLI,58,39,10,511.0,5110.0
2021100505000678,SLI,45,38,10,510.6,5106.0
2021100505000719,SLI,36,53,10,514.0,5140.0
2021100505000724,SLI,57,56,10,512.0,5120.0
2021100505000721,SLI,57,28,10,512.0,5120.0
2021100505000720,SLI,36,13,10,514.0,5140.0
2021100505000771,SLI,45,25,10,510.6,5106.0
2021100505000741,SLI,58,59,10,511.0,5110.0
2021100505000739,SLI,58,58,10,511.0,5110.0
2021100505000734,SLI,58,8,10,511.0,5110.0
2021100505000781,SLI,45,56,10,510.6,5106.0
2021100505000780,SLI,58,51,10,514.0,5140.0
2021100505000779,SLI,58,41,10,511.0,5110.0
2021100505000778,SLI,58,25,10,511.0,5110.0
2021100505000775,SLI,38,14,10,511.0,5110.0
2021100505000795,SLI,19,26,10,515.0,5150.0
2021100505000794,SLI,19,40,500,515.0,257500.0
2021100505000793,SLI,19,42,10,515.0,5150.0
2021100505000792,SLI,19,4,10,515.0,5150.0
2021100505000791,SLI,19,11,10,515.0,5150.0
2021100505000801,SLI,19,4,10,515.0,5150.0
2021100505000800,SLI,19,55,10,515.0,5150.0
2021100505000799,SLI,19,58,10,515.0,5150.0
2021100505000798,SLI,19,26,10,515.0,5150.0
2021100505000797,SLI,19,41,10,515.0,5150.0
2021100505000796,SLI,19,45,10,515.0,5150.0
2021100505000807,SLI,55,45,10,511.0,5110.0
2021100505000804,SLI,55,38,10,511.0,5110.0
2021100505000824,SLI,29,21,10,515.0,5150.0
2021100505000810,SLI,29,21,10,515.0,5150.0
2021100505000830,SLI,29,38,10,515.0,5150.0
2021100505000829,SLI,29,17,10,515.0,5150.0
2021100505000827,SLI,29,45,10,515.0,5150.0
2021100505000837,SLI,29,57,10,515.0,5150.0
2021100505000835,SLI,6,39,10,518.0,5180.0
2021100505000854,SLI,57,58,10,520.0,5200.0
2021100505000853,SLI,29,29,10,515.0,5150.0
2021100505000859,SLI,29,38,10,515.0,5150.0
2021100505000858,SLI,29,4,10,515.0,5150.0
2021100505000856,SLI,57,52,10,520.0,5200.0
2021100505000855,SLI,57,47,10,520.0,5200.0
2021100505000881,SLI,29,38,10,515.0,5150.0
2021100505000899,SLI,11,8,10,517.0,5170.0
2021100505000898,SLI,11,45,10,517.0,5170.0
2021100505000919,SLI,58,32,10,519.0,5190.0
2021100505000918,SLI,58,45,10,519.0,5190.0
2021100505000915,SLI,11,47,10,517.0,5170.0
2021100505000905,SLI,11,56,10,517.0,5170.0
2021100505000933,SLI,58,52,10,519.9,5199.0
2021100505000932,SLI,58,7,10,519.0,5190.0
2021100505000921,SLI,58,49,10,519.0,5190.0
2021100505000920,SLI,58,35,10,519.0,5190.0
2021100505000942,SLI,58,33,10,519.0,5190.0
2021100505000941,SLI,58,22,10,519.0,5190.0
2021100505000939,SLI,58,21,10,519.0,5190.0
2021100505000956,ULI,42,55,20,563.0,11260.0
2021100505000955,ULI,42,22,10,563.0,5630.0
2021100505000952,ULI,42,4,30,563.0,16890.0
2021100505000951,ULI,34,4,60,563.0,33780.0
2021100505000948,ULI,34,22,10,563.0,5630.0
2021100505000943,ULI,34,55,10,563.0,5630.0
2021100505000481,ULI,29,42,10,560.0,5600.0
2021100505000472,ULI,29,17,10,560.0,5600.0
2021100505000471,ULI,29,35,10,560.0,5600.0
2021100505000470,ULI,29,49,10,560.0,5600.0
2021100505000469,ULI,29,48,100,560.0,56000.0
2021100505000468,ULI,29,36,10,558.0,5580.0
2021100505000502,ULI,29,42,10,559.0,5590.0
2021100505000499,ULI,29,47,10,560.0,5600.0
2021100505000497,ULI,29,42,10,560.0,5600.0
2021100505000494,ULI,29,6,10,560.0,5600.0
2021100505000488,ULI,29,17,10,560.0,5600.0
2021100505000486,ULI,29,35,10,560.0,5600.0
2021100505000539,ULI,29,28,10,557.0,5570.0
2021100505000536,ULI,57,8,10,557.0,5570.0
2021100505000526,ULI,22,17,10,556.0,5560.0
2021100505000524,ULI,22,57,10,556.0,5560.0
2021100505000518,ULI,22,28,10,556.0,5560.0
2021100505000509,ULI,29,8,10,559.0,5590.0
2021100505000566,ULI,47,49,10,558.0,5580.0
2021100505000563,ULI,29,32,10,556.1,5561.0
2021100505000559,ULI,29,21,10,556.1,5561.0
2021100505000555,ULI,52,38,10,557.0,5570.0
2021100505000554,ULI,52,38,10,557.0,5570.0
2021100505000546,ULI,52,43,10,557.0,5570.0
2021100505000575,ULI,29,21,10,556.1,5561.0
2021100505000571,ULI,47,49,10,560.0,5600.0
2021100505000570,ULI,47,26,10,560.0,5600.0
2021100505000569,ULI,47,54,10,560.0,5600.0
2021100505000568,ULI,47,4,10,560.0,5600.0
2021100505000567,ULI,47,54,10,558.0,5580.0
2021100505000588,ULI,43,38,10,556.1,5561.0
2021100505000587,ULI,43,52,10,556.1,5561.0
2021100505000582,ULI,47,45,10,563.0,5630.0
2021100505000578,ULI,47,21,10,563.0,5630.0
2021100505000577,ULI,47,56,10,562.0,5620.0
2021100505000576,ULI,47,58,10,560.0,5600.0
2021100505000612,ULI,22,38,10,556.0,5560.0
2021100505000609,ULI,22,38,10,556.0,5560.0
2021100505000602,ULI,22,16,10,556.0,5560.0
2021100505000601,ULI,22,58,10,556.0,5560.0
2021100505000600,ULI,22,8,10,556.0,5560.0
2021100505000594,ULI,43,37,10,556.1,5561.0
2021100505000643,ULI,29,52,10,558.1,5581.0
2021100505000640,ULI,29,58,10,558.1,5581.0
2021100505000637,ULI,29,58,10,558.1,5581.0
2021100505000635,ULI,29,38,10,558.1,5581.0
2021100505000634,ULI,22,32,70,558.0,39060.0
2021100505000618,ULI,22,58,10,558.0,5580.0
2021100505000663,ULI,57,38,10,559.0,5590.0
2021100505000661,ULI,34,47,80,562.0,44960.0
2021100505000660,ULI,34,49,10,560.0,5600.0
2021100505000659,ULI,34,45,10,560.0,5600.0
2021100505000658,ULI,57,57,10,559.0,5590.0
2021100505000654,ULI,29,58,10,558.1,5581.0
2021100505000726,ULI,57,56,10,560.0,5600.0
2021100505000722,ULI,47,58,10,559.0,5590.0
2021100505000679,ULI,47,49,10,559.0,5590.0
2021100505000677,ULI,47,38,10,559.0,5590.0
2021100505000673,ULI,13,38,10,558.3,5583.0
2021100505000664,ULI,8,21,10,558.2,5582.0
2021100505000745,ULI,34,42,10,563.0,5630.0
2021100505000744,ULI,34,36,10,562.0,5620.0
2021100505000740,ULI,57,38,10,560.0,5600.0
2021100505000738,ULI,57,38,10,560.0,5600.0
2021100505000737,ULI,57,59,10,560.0,5600.0
2021100505000731,ULI,57,45,10,560.0,5600.0
2021100505000751,ULI,34,34,10,565.0,5650.0
2021100505000750,ULI,34,6,10,565.0,5650.0
2021100505000749,ULI,34,57,10,565.0,5650.0
2021100505000748,ULI,34,39,10,565.0,5650.0
2021100505000747,ULI,34,52,10,565.0,5650.0
2021100505000746,ULI,34,49,10,563.0,5630.0
2021100505000757,ULI,34,45,10,567.0,5670.0
2021100505000756,ULI,34,49,10,566.0,5660.0
2021100505000755,ULI,34,44,10,566.0,5660.0
2021100505000754,ULI,34,58,10,566.0,5660.0
2021100505000753,ULI,34,14,10,565.0,5650.0
2021100505000752,ULI,34,58,10,565.0,5650.0
2021100505000763,ULI,34,49,10,567.0,5670.0
2021100505000762,ULI,34,38,10,567.0,5670.0
2021100505000761,ULI,34,7,10,567.0,5670.0
2021100505000760,ULI,34,45,10,567.0,5670.0
2021100505000759,ULI,34,34,10,567.0,5670.0
2021100505000758,ULI,34,58,10,567.0,5670.0
2021100505000769,ULI,34,20,10,569.0,5690.0
2021100505000768,ULI,34,41,10,569.0,5690.0
2021100505000767,ULI,34,32,10,568.0,5680.0
2021100505000766,ULI,34,34,10,568.0,5680.0
2021100505000765,ULI,34,19,10,568.0,5680.0
2021100505000764,ULI,34,58,10,568.0,5680.0
2021100505000811,ULI,46,38,10,562.1,5621.0
2021100505000809,ULI,46,43,10,562.1,5621.0
2021100505000806,ULI,46,38,10,562.1,5621.0
2021100505000790,ULI,46,45,10,562.1,5621.0
2021100505000777,ULI,34,52,10,560.1,5601.0
2021100505000770,ULI,34,47,40,569.9,22796.0
2021100505000865,ULI,34,34,10,569.0,5690.0
2021100505000850,ULI,22,33,10,562.2,5622.0
2021100505000849,ULI,22,54,10,562.2,5622.0
2021100505000840,ULI,22,51,10,562.2,5622.0
2021100505000825,ULI,46,45,10,562.1,5621.0
2021100505000812,ULI,46,38,10,562.1,5621.0
2021100505000871,ULI,34,45,10,570.0,5700.0
2021100505000870,ULI,34,49,10,570.0,5700.0
2021100505000869,ULI,34,26,20,570.0,11400.0
2021100505000868,ULI,34,45,10,569.9,5699.0
2021100505000867,ULI,34,47,60,569.9,34194.0
2021100505000866,ULI,34,58,10,569.5,5695.0
2021100505000877,ULI,34,49,10,571.0,5710.0
2021100505000876,ULI,34,58,10,571.0,5710.0
2021100505000875,ULI,34,34,10,570.0,5700.0
2021100505000874,ULI,34,56,10,570.0,5700.0
2021100505000873,ULI,34,21,10,570.0,5700.0
2021100505000872,ULI,34,52,10,570.0,5700.0
2021100505000903,ULI,34,38,10,563.0,5630.0
2021100505000900,ULI,34,38,10,563.0,5630.0
2021100505000897,ULI,34,43,10,563.0,5630.0
2021100505000896,ULI,34,47,10,563.0,5630.0
2021100505000879,ULI,34,57,10,571.2,5712.0
2021100505000878,ULI,34,53,100,571.2,57120.0
2021100505000940,ULI,34,47,10,563.0,5630.0
2021100505000911,ULI,39,47,25,571.2,14280.0
2021100505000910,ULI,39,13,10,571.2,5712.0
2021100505000909,ULI,39,8,10,565.0,5650.0
2021100505000908,ULI,39,58,10,565.0,5650.0
2021100505000906,ULI,34,38,10,563.0,5630.0
2021100504011683,BARUN,53,6,120,418.0,50160.0
2021100504011682,BARUN,53,29,50,417.9,20895.0
2021100504011681,BARUN,53,34,30,417.5,12525.0
2021100504011679,BARUN,3,34,70,417.5,29225.0
2021100504011684,GIC,17,53,92,548.0,50416.0
2021100504011669,HPPL,42,58,"1,000",431.2,431200.0
2021100504011668,HPPL,42,8,100,431.2,43120.0
2021100504011667,HPPL,42,42,200,431.2,86240.0
2021100504011666,HPPL,42,33,100,431.2,43120.0
2021100504011665,HPPL,42,41,10,431.2,4312.0
2021100504011664,HPPL,42,35,100,431.2,43120.0
2021100504011651,HPPL,42,21,"1,000",424.0,424000.0
2021100504011650,HPPL,42,39,280,424.0,118720.0
2021100504011657,HPPL,42,57,200,430.0,86000.0
2021100504011656,HPPL,42,50,50,429.0,21450.0
2021100504011655,HPPL,42,4,100,427.0,42700.0
2021100504011654,HPPL,42,35,25,426.3,10657.5
2021100504011653,HPPL,42,36,"1,100",426.0,468600.0
2021100504011652,HPPL,42,58,20,426.0,8520.0
2021100504011663,HPPL,42,58,100,431.0,43100.0
2021100504011662,HPPL,42,50,210,431.0,90510.0
2021100504011661,HPPL,42,33,100,430.9,43090.0
2021100504011660,HPPL,42,50,50,430.5,21525.0
2021100504011659,HPPL,42,38,50,430.0,21500.0
2021100504011658,HPPL,42,14,60,430.0,25800.0
2021100504011685,IGI,26,49,10,970.0,9700.0
2021100505000444,JBLB,19,16,13,3949.0,51337.0
2021100505000006,JBLB,57,48,10,3900.0,39000.0
2021100505000019,JBLB,56,53,20,3930.0,78600.0
2021100505000016,JBLB,44,58,10,3900.0,39000.0
2021100505000010,JBLB,49,59,10,3900.0,39000.0
2021100505000009,JBLB,41,59,10,3901.0,39010.0
2021100505000028,JBLB,26,40,10,3910.0,39100.0
2021100505000057,JBLB,16,29,10,3912.0,39120.0
2021100505000040,JBLB,17,53,10,3930.0,39300.0
2021100505000071,JBLB,14,41,10,3945.0,39450.0
2021100505000061,JBLB,6,49,10,3930.0,39300.0
2021100505000060,JBLB,6,53,10,3930.0,39300.0
2021100505000058,JBLB,19,7,100,3929.0,392900.0
2021100505000077,JBLB,21,52,10,3945.0,39450.0
2021100505000076,JBLB,14,57,50,3988.0,199400.0
2021100505000075,JBLB,14,56,10,3970.0,39700.0
2021100505000074,JBLB,14,45,10,3950.0,39500.0
2021100505000073,JBLB,14,43,10,3950.0,39500.0
2021100505000072,JBLB,14,50,10,3947.0,39470.0
2021100505000084,JBLB,28,38,10,3929.0,39290.0
2021100505000082,JBLB,14,42,10,4000.0,40000.0
2021100505000081,JBLB,14,56,10,4000.0,40000.0
2021100505000080,JBLB,14,21,10,4000.0,40000.0
2021100505000079,JBLB,14,57,50,3988.0,199400.0
2021100505000078,JBLB,14,19,20,3985.0,79700.0
2021100505000101,JBLB,43,6,10,4000.0,40000.0
2021100505000096,JBLB,19,57,10,4000.0,40000.0
2021100505000085,JBLB,28,8,10,3945.0,39450.0
2021100505000108,JBLB,1,34,20,4023.0,80460.0
2021100505000107,JBLB,1,57,50,4008.6,200430.0
2021100505000106,JBLB,1,58,10,4005.0,40050.0
2021100505000105,JBLB,1,17,10,4001.0,40010.0
2021100505000104,JBLB,1,7,100,4000.0,400000.0
2021100505000103,JBLB,1,6,10,4000.0,40000.0
2021100505000126,JBLB,44,55,10,4000.0,40000.0
2021100505000125,JBLB,57,7,20,4020.0,80400.0
2021100505000115,JBLB,19,50,10,4000.0,40000.0
2021100505000143,JBLB,14,58,10,3990.0,39900.0
2021100505000142,JBLB,1,58,10,4000.0,40000.0
2021100505000141,JBLB,1,49,10,4000.0,40000.0
2021100505000135,JBLB,14,49,10,3990.0,39900.0
2021100505000157,JBLB,14,58,90,4040.0,363600.0
2021100505000155,JBLB,14,41,10,4040.0,40400.0
2021100505000154,JBLB,14,42,10,3990.0,39900.0
2021100505000178,JBLB,36,58,10,4040.0,40400.0
2021100505000177,JBLB,36,13,10,4040.0,40400.0
2021100505000176,JBLB,36,19,10,4040.0,40400.0
2021100505000169,JBLB,34,6,10,4040.0,40400.0
2021100505000168,JBLB,34,49,10,4040.0,40400.0
2021100505000185,JBLB,41,37,30,4040.0,121200.0
2021100505000184,JBLB,1,42,20,4044.0,80880.0
2021100505000183,JBLB,1,29,20,4044.0,80880.0
2021100505000192,JBLB,41,7,10,4044.0,40440.0
2021100505000191,JBLB,45,36,10,4044.0,40440.0
2021100505000190,JBLB,45,20,10,4044.0,40440.0
2021100505000198,JBLB,41,20,20,4044.0,80880.0
2021100505000197,JBLB,41,50,10,4044.0,40440.0
2021100505000196,JBLB,42,58,10,4045.0,40450.0
2021100505000193,JBLB,26,58,50,4045.0,202250.0
2021100505000212,JBLB,34,57,10,4040.0,40400.0
2021100505000221,JBLB,14,7,10,4039.0,40390.0
2021100505000220,JBLB,14,38,10,4039.0,40390.0
2021100505000252,JBLB,18,7,10,3995.0,39950.0
2021100505000251,JBLB,41,7,10,3996.0,39960.0
2021100505000250,JBLB,35,7,10,3996.1,39961.0
2021100505000249,JBLB,20,7,60,3996.1,239766.0
2021100505000243,JBLB,41,56,10,3997.0,39970.0
2021100505000270,JBLB,45,58,10,3980.0,39800.0
2021100505000256,JBLB,14,21,80,3990.0,319200.0
2021100505000255,JBLB,7,21,10,3991.0,39910.0
2021100505000254,JBLB,18,21,100,3995.0,399500.0
2021100505000253,JBLB,19,58,10,4025.0,40250.0
2021100505000280,JBLB,45,39,10,3980.0,39800.0
2021100505000279,JBLB,45,58,10,3980.0,39800.0
2021100505000275,JBLB,45,38,10,3980.0,39800.0
2021100505000293,JBLB,45,36,10,3980.0,39800.0
2021100505000291,JBLB,45,41,10,3980.0,39800.0
2021100505000290,JBLB,45,21,10,3980.0,39800.0
2021100505000284,JBLB,45,41,10,3980.0,39800.0
2021100505000281,JBLB,45,49,10,3980.0,39800.0
2021100505000306,JBLB,39,1,100,3963.2,396320.0
2021100505000305,JBLB,51,1,60,3980.0,238800.0
2021100505000304,JBLB,51,59,20,3980.0,79600.0
2021100505000303,JBLB,51,7,20,3980.0,79600.0
2021100505000298,JBLB,45,39,40,3980.0,159200.0
2021100505000295,JBLB,45,38,20,3980.0,79600.0
2021100505000307,JBLB,58,1,20,3963.0,79260.0
2021100505000319,JBLB,57,1,10,3963.0,39630.0
2021100505000318,JBLB,19,54,10,3955.0,39550.0
2021100505000334,JBLB,1,58,10,3950.0,39500.0
2021100505000333,JBLB,1,13,10,3950.0,39500.0
2021100505000339,JBLB,47,56,10,3945.0,39450.0
2021100505000337,JBLB,16,38,20,3963.0,79260.0
2021100505000336,JBLB,16,52,16,3963.0,63408.0
2021100505000335,JBLB,16,1,10,3963.0,39630.0
2021100505000347,JBLB,47,56,10,3945.0,39450.0
2021100505000345,JBLB,47,21,20,3945.0,78900.0
2021100505000365,JBLB,47,48,40,3945.0,157800.0
2021100505000363,JBLB,47,17,10,3945.0,39450.0
2021100505000362,JBLB,45,21,100,3946.0,394600.0
2021100505000353,JBLB,47,13,10,3945.0,39450.0
2021100505000352,JBLB,58,48,10,3980.0,39800.0
2021100505000370,JBLB,58,39,10,3945.0,39450.0
2021100505000369,JBLB,1,14,10,3946.0,39460.0
2021100505000366,JBLB,58,48,30,3945.0,118350.0
2021100505000387,JBLB,16,7,10,3926.0,39260.0
2021100505000380,JBLB,42,57,10,3945.0,39450.0
2021100505000379,JBLB,41,4,10,3943.0,39430.0
2021100505000377,JBLB,58,57,10,3945.0,39450.0
2021100505000394,JBLB,58,58,10,3945.0,39450.0
2021100505000393,JBLB,58,41,10,3945.0,39450.0
2021100505000392,JBLB,28,53,20,3927.0,78540.0
2021100505000391,JBLB,28,7,10,3927.0,39270.0
2021100505000402,JBLB,28,7,10,3927.0,39270.0
2021100505000400,JBLB,58,11,10,3945.0,39450.0
2021100505000397,JBLB,28,7,10,3927.0,39270.0
2021100505000396,JBLB,58,36,10,3945.0,39450.0
2021100505000409,JBLB,6,38,10,3920.0,39200.0
2021100505000406,JBLB,6,57,20,3920.0,78400.0
2021100505000405,JBLB,13,57,20,3925.0,78500.0
2021100505000417,JBLB,42,17,10,3927.0,39270.0
2021100505000442,JBLB,40,47,10,3926.0,39260.0
2021100505000438,JBLB,3,50,10,3927.0,39270.0
2021100504011677,LEC,1,56,200,343.0,68600.0
2021100504011680,MEN,32,50,10,1077.0,10770.0
2021100504011672,MEN,47,7,20,1124.9,22498.0
2021100504011671,MEN,47,38,130,1115.0,144950.0
2021100504011678,MHNL,51,6,10,389.0,3890.0
2021100505000453,MKLB,16,50,10,1792.0,17920.0
2021100505000452,MKLB,26,54,10,1800.0,18000.0
2021100505000451,MKLB,26,4,10,1800.0,18000.0
2021100505000450,MKLB,26,49,10,1800.0,18000.0
2021100505000437,MKLB,28,47,10,1791.0,17910.0
2021100505000435,MKLB,32,7,10,1800.0,18000.0
2021100505000003,MKLB,43,38,10,1848.0,18480.0
2021100505000002,MKLB,56,58,10,1885.0,18850.0
2021100505000001,MKLB,56,22,10,1885.0,18850.0
2021100505000013,MKLB,33,53,10,1813.0,18130.0
2021100505000012,MKLB,33,4,10,1813.0,18130.0
2021100505000011,MKLB,34,4,10,1815.0,18150.0
2021100505000007,MKLB,25,38,10,1813.1,18131.0
2021100505000005,MKLB,57,57,10,1848.0,18480.0
2021100505000004,MKLB,8,32,10,1848.0,18480.0
2021100505000024,MKLB,57,58,10,1812.0,18120.0
2021100505000023,MKLB,21,44,10,1813.0,18130.0
2021100505000022,MKLB,13,36,10,1812.0,18120.0
2021100505000018,MKLB,13,58,10,1812.0,18120.0
2021100505000017,MKLB,57,58,10,1813.0,18130.0
2021100505000014,MKLB,13,41,10,1812.0,18120.0
2021100505000033,MKLB,43,41,10,1813.0,18130.0
2021100505000032,MKLB,21,49,10,1812.0,18120.0
2021100505000031,MKLB,56,49,10,1813.0,18130.0
2021100505000029,MKLB,21,6,10,1812.0,18120.0
2021100505000026,MKLB,21,56,10,1812.0,18120.0
2021100505000025,MKLB,21,22,10,1812.0,18120.0
2021100505000041,MKLB,45,55,23,1808.0,41584.0
2021100505000038,MKLB,28,55,17,1811.1,30788.7
2021100505000037,MKLB,28,49,23,1811.1,41655.3
2021100505000036,MKLB,28,49,10,1811.1,18111.0
2021100505000035,MKLB,21,57,10,1812.0,18120.0
2021100505000034,MKLB,57,42,10,1813.0,18130.0
2021100505000049,MKLB,34,57,10,1800.0,18000.0
2021100505000048,MKLB,25,57,10,1800.1,18001.0
2021100505000046,MKLB,45,58,10,1808.0,18080.0
2021100505000045,MKLB,17,50,10,1811.0,18110.0
2021100505000044,MKLB,17,56,10,1811.0,18110.0
2021100505000042,MKLB,45,40,10,1808.0,18080.0
2021100505000063,MKLB,25,55,10,1780.2,17802.0
2021100505000062,MKLB,25,57,10,1780.2,17802.0
2021100505000056,MKLB,57,57,10,1800.0,18000.0
2021100505000055,MKLB,8,57,10,1800.0,18000.0
2021100505000054,MKLB,57,57,40,1800.0,72000.0
2021100505000053,MKLB,57,36,10,1800.0,18000.0
2021100505000070,MKLB,57,38,10,1780.1,17801.0
2021100505000069,MKLB,32,48,10,1800.0,18000.0
2021100505000068,MKLB,32,6,10,1800.0,18000.0
2021100505000067,MKLB,32,43,10,1799.9,17999.0
2021100505000066,MKLB,32,17,50,1799.8,89990.0
2021100505000065,MKLB,57,41,10,1780.1,17801.0
2021100505000092,MKLB,35,35,10,1780.0,17800.0
2021100505000089,MKLB,35,21,10,1780.0,17800.0
2021100505000088,MKLB,35,21,10,1780.0,17800.0
2021100505000087,MKLB,35,47,10,1780.0,17800.0
2021100505000086,MKLB,13,52,10,1777.0,17770.0
2021100505000083,MKLB,13,22,10,1777.0,17770.0
2021100505000111,MKLB,35,49,10,1780.0,17800.0
2021100505000100,MKLB,35,43,10,1780.0,17800.0
2021100505000099,MKLB,35,38,10,1780.0,17800.0
2021100505000095,MKLB,35,49,10,1780.0,17800.0
2021100505000094,MKLB,35,38,10,1780.0,17800.0
2021100505000093,MKLB,35,58,10,1780.0,17800.0
2021100505000122,MKLB,35,22,10,1780.0,17800.0
2021100505000120,MKLB,35,32,10,1780.0,17800.0
2021100505000119,MKLB,33,8,10,1780.2,17802.0
2021100505000118,MKLB,33,16,10,1780.2,17802.0
2021100505000113,MKLB,25,8,10,1780.2,17802.0
2021100505000112,MKLB,25,34,10,1780.2,17802.0
2021100505000132,MKLB,43,43,10,1782.0,17820.0
2021100505000130,MKLB,3,49,10,1780.2,17802.0
2021100505000128,MKLB,35,35,10,1780.0,17800.0
2021100505000127,MKLB,35,50,10,1780.0,17800.0
2021100505000124,MKLB,43,25,10,1799.0,17990.0
2021100505000123,MKLB,35,34,10,1780.0,17800.0
2021100505000156,MKLB,21,25,10,1780.2,17802.0
2021100505000152,MKLB,48,34,10,1781.0,17810.0
2021100505000151,MKLB,22,14,10,1782.0,17820.0
2021100505000150,MKLB,41,35,10,1781.0,17810.0
2021100505000134,MKLB,3,49,10,1780.3,17803.0
2021100505000133,MKLB,56,48,10,1800.0,18000.0
2021100505000167,MKLB,21,16,10,1780.3,17803.0
2021100505000165,MKLB,45,47,10,1780.2,17802.0
2021100505000164,MKLB,45,56,10,1780.2,17802.0
2021100505000163,MKLB,34,59,10,1780.2,17802.0
2021100505000161,MKLB,34,49,10,1780.2,17802.0
2021100505000160,MKLB,21,21,10,1780.2,17802.0
2021100505000175,MKLB,40,14,100,1782.0,178200.0
2021100505000174,MKLB,45,41,10,1780.2,17802.0
2021100505000173,MKLB,51,17,10,1781.0,17810.0
2021100505000172,MKLB,8,39,10,1781.0,17810.0
