Transact. No.,Symbol,Buyer,Seller,Quantity,Rate,Amount
2021100405003314,JBLB,28,21,10,3871.0,38710.0
2021100405003312,JBLB,39,7,10,3874.0,38740.0
2021100405003311,JBLB,26,36,10,3871.0,38710.0
2021100405003302,JBLB,39,36,10,3871.0,38710.0
2021100405003296,JBLB,18,47,10,3868.0,38680.0
2021100405002823,JBLB,19,49,10,3891.0,38910.0
2021100405002818,JBLB,39,49,10,3895.0,38950.0
2021100405002829,JBLB,19,41,10,3891.0,38910.0
2021100405002828,JBLB,19,58,10,3891.0,38910.0
2021100405002826,JBLB,19,38,10,3891.0,38910.0
2021100405002825,JBLB,19,38,10,3891.0,38910.0
2021100405002839,JBLB,32,59,10,3891.0,38910.0
2021100405002838,JBLB,32,41,40,3891.0,155640.0
2021100405002853,JBLB,43,7,10,3890.0,38900.0
2021100405002852,JBLB,59,7,10,3890.0,38900.0
2021100405002844,JBLB,32,43,50,3892.0,194600.0
2021100405002868,JBLB,28,58,10,3882.0,38820.0
2021100405002866,JBLB,14,13,10,3888.2,38882.0
2021100405002864,JBLB,8,58,5,3890.0,19450.0
2021100405002863,JBLB,49,7,50,3890.0,194500.0
2021100405002883,JBLB,32,29,10,3882.0,38820.0
2021100405002895,JBLB,32,56,10,3882.0,38820.0
2021100405002892,JBLB,32,34,10,3882.0,38820.0
2021100405002886,JBLB,32,49,10,3882.0,38820.0
2021100405002903,JBLB,32,41,10,3882.0,38820.0
2021100405002917,JBLB,39,14,10,3880.0,38800.0
2021100405002926,JBLB,39,38,10,3876.0,38760.0
2021100405002925,JBLB,51,6,10,3880.0,38800.0
2021100405002924,JBLB,52,59,40,3880.0,155200.0
2021100405002921,JBLB,51,59,10,3880.0,38800.0
2021100405002940,JBLB,47,45,10,3881.0,38810.0
2021100405002939,JBLB,47,13,10,3880.0,38800.0
2021100405002931,JBLB,57,53,10,3872.0,38720.0
2021100405002949,JBLB,51,49,10,3881.0,38810.0
2021100405002944,JBLB,57,38,10,3872.0,38720.0
2021100405002956,JBLB,51,38,10,3881.0,38810.0
2021100405002980,JBLB,20,3,40,3870.1,154804.0
2021100405002973,JBLB,51,49,10,3881.0,38810.0
2021100405003000,JBLB,56,35,10,3870.0,38700.0
2021100405002991,JBLB,56,50,10,3870.0,38700.0
2021100405003007,JBLB,34,16,10,3870.0,38700.0
2021100405003004,JBLB,34,59,30,3870.0,116100.0
2021100405003002,JBLB,34,42,10,3870.0,38700.0
2021100405003020,JBLB,3,54,10,3871.0,38710.0
2021100405003035,JBLB,38,36,10,3872.0,38720.0
2021100405003046,JBLB,38,54,10,3872.0,38720.0
2021100405003053,JBLB,3,35,10,3871.0,38710.0
2021100405003074,JBLB,33,58,125,3870.0,483750.0
2021100405003073,JBLB,34,58,50,3870.0,193500.0
2021100405003072,JBLB,3,58,70,3871.0,270970.0
2021100405003071,JBLB,4,58,15,3871.5,58072.5
2021100405003061,JBLB,3,58,10,3871.0,38710.0
2021100405003084,JBLB,8,58,10,3861.0,38610.0
2021100405003081,JBLB,26,8,10,3862.0,38620.0
2021100405003092,JBLB,35,45,10,3862.0,38620.0
2021100405003090,JBLB,8,45,10,3861.0,38610.0
2021100405003103,JBLB,8,45,10,3861.0,38610.0
2021100405003095,JBLB,35,20,10,3870.0,38700.0
2021100405003130,JBLB,57,52,10,3861.0,38610.0
2021100405003126,JBLB,57,53,10,3862.0,38620.0
2021100405003141,JBLB,19,49,10,3870.0,38700.0
2021100405003140,JBLB,7,38,10,3861.0,38610.0
2021100405003137,JBLB,56,38,10,3861.0,38610.0
2021100405003134,JBLB,10,58,10,3861.0,38610.0
2021100405003150,JBLB,41,34,10,3861.0,38610.0
2021100405003147,JBLB,58,38,10,3860.0,38600.0
2021100405003170,JBLB,13,36,10,3865.0,38650.0
2021100405003169,JBLB,13,49,10,3861.0,38610.0
2021100405003166,JBLB,58,42,10,3860.0,38600.0
2021100405003158,JBLB,35,56,10,3861.0,38610.0
2021100405003183,JBLB,41,11,10,3861.0,38610.0
2021100405003173,JBLB,58,29,10,3860.0,38600.0
2021100405003172,JBLB,58,38,10,3860.0,38600.0
2021100405003193,JBLB,58,17,10,3860.0,38600.0
2021100405003189,JBLB,13,6,10,3865.0,38650.0
2021100405003188,JBLB,13,36,10,3865.0,38650.0
2021100405003204,JBLB,21,49,30,3870.0,116100.0
2021100405003202,JBLB,14,25,10,3865.0,38650.0
2021100405003199,JBLB,14,58,10,3865.0,38650.0
2021100405003198,JBLB,58,17,10,3860.0,38600.0
2021100405003214,JBLB,33,35,10,3861.0,38610.0
2021100405003213,JBLB,33,6,10,3861.0,38610.0
2021100405003208,JBLB,41,21,10,3861.0,38610.0
2021100405003231,JBLB,58,49,10,3865.0,38650.0
2021100405003228,JBLB,41,26,10,3865.0,38650.0
2021100405003227,JBLB,41,13,10,3865.0,38650.0
2021100405003239,JBLB,58,41,10,3865.0,38650.0
2021100405003238,JBLB,58,58,10,3865.0,38650.0
2021100405003237,JBLB,58,56,10,3865.0,38650.0
2021100405003256,JBLB,58,49,10,3870.0,38700.0
2021100405003254,JBLB,52,49,50,3870.0,193500.0
2021100405003286,JBLB,42,49,10,3870.0,38700.0
2021100405003272,JBLB,52,42,10,3870.0,38700.0
2021100405003267,JBLB,41,45,10,3866.0,38660.0
2021100405003258,JBLB,41,49,10,3866.0,38660.0
2021100405003292,JBLB,49,42,10,3875.0,38750.0
2021100405003291,JBLB,49,52,10,3872.0,38720.0
2021100405003290,JBLB,42,41,10,3870.0,38700.0
2021100405003313,MKLB,49,21,10,1885.0,18850.0
2021100405003310,MKLB,41,34,10,1886.6,18866.0
2021100405003309,MKLB,41,4,10,1886.6,18866.0
2021100405003308,MKLB,41,48,10,1886.5,18865.0
2021100405003307,MKLB,41,57,20,1885.0,37700.0
2021100405003304,MKLB,38,17,10,1882.6,18826.0
2021100405002816,MKLB,45,44,10,1890.1,18901.0
2021100405002815,MKLB,52,38,10,1890.3,18903.0
2021100405002836,MKLB,52,42,10,1900.0,19000.0
2021100405002835,MKLB,52,41,10,1900.0,19000.0
2021100405002834,MKLB,52,35,10,1900.0,19000.0
2021100405002833,MKLB,52,57,10,1900.0,19000.0
2021100405002831,MKLB,45,38,10,1890.1,18901.0
2021100405002821,MKLB,45,16,10,1890.1,18901.0
2021100405002856,MKLB,52,42,10,1900.0,19000.0
2021100405002855,MKLB,52,35,10,1890.1,18901.0
2021100405002854,MKLB,52,58,10,1899.0,18990.0
2021100405002849,MKLB,14,11,60,1890.0,113400.0
2021100405002847,MKLB,21,38,10,1890.1,18901.0
2021100405002837,MKLB,52,11,10,1900.0,19000.0
2021100405002884,MKLB,21,57,10,1890.1,18901.0
2021100405002880,MKLB,21,41,10,1891.0,18910.0
2021100405002878,MKLB,57,35,10,1895.0,18950.0
2021100405002862,MKLB,14,57,10,1890.0,18900.0
2021100405002861,MKLB,21,34,10,1891.0,18910.0
2021100405002857,MKLB,52,54,10,1900.0,19000.0
2021100405002908,MKLB,14,41,10,1890.0,18900.0
2021100405002906,MKLB,14,52,10,1890.0,18900.0
2021100405002900,MKLB,14,38,10,1890.0,18900.0
2021100405002897,MKLB,14,52,10,1890.0,18900.0
2021100405002893,MKLB,14,45,10,1890.0,18900.0
2021100405002891,MKLB,14,28,10,1890.0,18900.0
2021100405002933,MKLB,41,35,40,1891.0,75640.0
2021100405002922,MKLB,26,58,10,1895.0,18950.0
2021100405002919,MKLB,41,38,10,1891.0,18910.0
2021100405002916,MKLB,14,8,10,1890.0,18900.0
2021100405002915,MKLB,14,57,10,1890.0,18900.0
2021100405002914,MKLB,14,49,10,1890.0,18900.0
2021100405002948,MKLB,45,4,10,1895.0,18950.0
2021100405002947,MKLB,45,43,10,1894.9,18949.0
2021100405002937,MKLB,35,35,66,1890.0,124740.0
2021100405002936,MKLB,7,35,60,1890.0,113400.0
2021100405002935,MKLB,57,35,10,1890.0,18900.0
2021100405002934,MKLB,14,35,120,1890.0,226800.0
2021100405002969,MKLB,45,13,10,1890.0,18900.0
2021100405002968,MKLB,43,16,10,1888.0,18880.0
2021100405002966,MKLB,43,56,10,1888.0,18880.0
2021100405002952,MKLB,35,26,10,1890.0,18900.0
2021100405002951,MKLB,35,52,10,1890.0,18900.0
2021100405002950,MKLB,35,16,10,1890.0,18900.0
2021100405002985,MKLB,45,49,10,1890.0,18900.0
2021100405002984,MKLB,21,47,10,1888.0,18880.0
2021100405002983,MKLB,43,19,10,1888.0,18880.0
2021100405002982,MKLB,43,58,10,1888.0,18880.0
2021100405002971,MKLB,45,17,10,1890.0,18900.0
2021100405002970,MKLB,45,45,10,1890.0,18900.0
2021100405002999,MKLB,35,21,10,1890.0,18900.0
2021100405002997,MKLB,35,34,10,1890.0,18900.0
2021100405002996,MKLB,35,58,10,1890.0,18900.0
2021100405002995,MKLB,21,42,10,1888.0,18880.0
2021100405002987,MKLB,45,35,10,1890.0,18900.0
2021100405002986,MKLB,45,38,10,1890.0,18900.0
2021100405003060,MKLB,21,22,10,1887.5,18875.0
2021100405003044,MKLB,21,19,30,1887.5,56625.0
2021100405003043,MKLB,21,19,20,1888.0,37760.0
2021100405003041,MKLB,43,35,10,1890.0,18900.0
2021100405003019,MKLB,35,58,10,1890.0,18900.0
2021100405003017,MKLB,35,17,10,1890.0,18900.0
2021100405003067,MKLB,21,13,10,1887.5,18875.0
2021100405003066,MKLB,21,49,10,1889.0,18890.0
2021100405003065,MKLB,45,58,10,1889.0,18890.0
2021100405003064,MKLB,45,48,10,1889.0,18890.0
2021100405003063,MKLB,21,58,10,1887.5,18875.0
2021100405003062,MKLB,21,19,10,1887.5,18875.0
2021100405003098,MKLB,56,53,10,1887.0,18870.0
2021100405003096,MKLB,56,49,50,1887.0,94350.0
2021100405003087,MKLB,56,57,50,1887.0,94350.0
2021100405003078,MKLB,7,22,10,1887.2,18872.0
2021100405003069,MKLB,21,22,10,1887.5,18875.0
2021100405003068,MKLB,21,34,10,1887.5,18875.0
2021100405003113,MKLB,56,26,10,1887.0,18870.0
2021100405003107,MKLB,56,26,10,1887.0,18870.0
2021100405003102,MKLB,56,46,10,1887.0,18870.0
2021100405003101,MKLB,45,26,10,1887.2,18872.0
2021100405003100,MKLB,56,41,10,1887.0,18870.0
2021100405003099,MKLB,41,34,10,1887.2,18872.0
2021100405003127,MKLB,41,35,10,1887.1,18871.0
2021100405003125,MKLB,56,32,10,1887.0,18870.0
2021100405003123,MKLB,56,22,10,1887.0,18870.0
2021100405003121,MKLB,56,16,10,1887.0,18870.0
2021100405003120,MKLB,56,34,10,1887.0,18870.0
2021100405003114,MKLB,56,41,30,1887.0,56610.0
2021100405003139,MKLB,56,58,160,1887.0,301920.0
2021100405003138,MKLB,21,58,30,1887.1,56613.0
2021100405003136,MKLB,28,26,10,1887.5,18875.0
2021100405003135,MKLB,28,25,40,1887.5,75500.0
2021100405003133,MKLB,21,5,10,1887.1,18871.0
2021100405003132,MKLB,21,58,10,1887.1,18871.0
2021100405003162,MKLB,56,47,10,1887.0,18870.0
2021100405003160,MKLB,56,59,10,1887.0,18870.0
2021100405003159,MKLB,56,59,10,1887.0,18870.0
2021100405003157,MKLB,56,41,10,1887.0,18870.0
2021100405003149,MKLB,38,56,10,1887.1,18871.0
2021100405003146,MKLB,38,38,10,1887.1,18871.0
2021100405003181,MKLB,11,21,10,1887.1,18871.0
2021100405003180,MKLB,56,42,10,1887.0,18870.0
2021100405003178,MKLB,51,38,10,1887.1,18871.0
2021100405003176,MKLB,56,58,10,1887.0,18870.0
2021100405003165,MKLB,56,47,10,1887.0,18870.0
2021100405003163,MKLB,3,38,10,1887.1,18871.0
2021100405003212,MKLB,56,47,10,1887.0,18870.0
2021100405003205,MKLB,56,8,10,1887.0,18870.0
2021100405003201,MKLB,56,57,10,1887.0,18870.0
2021100405003197,MKLB,56,53,10,1887.0,18870.0
2021100405003191,MKLB,56,58,10,1887.0,18870.0
2021100405003185,MKLB,56,58,10,1887.0,18870.0
2021100405003243,MKLB,56,22,30,1887.0,56610.0
2021100405003240,MKLB,56,48,70,1887.0,132090.0
2021100405003235,MKLB,56,50,10,1887.0,18870.0
2021100405003226,MKLB,49,57,10,1888.0,18880.0
2021100405003225,MKLB,56,35,10,1887.0,18870.0
2021100405003221,MKLB,35,17,10,1887.2,18872.0
2021100405003253,MKLB,56,7,50,1887.0,94350.0
2021100405003249,MKLB,56,58,10,1887.0,18870.0
2021100405003248,MKLB,56,59,85,1887.0,160395.0
2021100405003247,MKLB,45,59,15,1887.1,28306.5
2021100405003246,MKLB,56,32,10,1887.0,18870.0
2021100405003244,MKLB,56,45,30,1887.0,56610.0
2021100405003264,MKLB,14,34,10,1887.2,18872.0
2021100405003262,MKLB,56,6,10,1887.0,18870.0
2021100405003260,MKLB,56,35,10,1887.0,18870.0
2021100405003259,MKLB,56,38,10,1887.0,18870.0
2021100405003257,MKLB,56,49,10,1887.0,18870.0
2021100405003255,MKLB,56,34,10,1887.0,18870.0
2021100405003273,MKLB,34,35,10,1887.5,18875.0
2021100405003271,MKLB,56,49,10,1887.0,18870.0
2021100405003270,MKLB,56,8,10,1887.0,18870.0
2021100405003269,MKLB,56,36,10,1887.0,18870.0
2021100405003266,MKLB,56,58,10,1887.0,18870.0
2021100405003265,MKLB,14,38,10,1887.2,18872.0
2021100405003284,MKLB,13,6,10,1887.0,18870.0
2021100405003283,MKLB,50,22,10,1887.0,18870.0
2021100405003282,MKLB,56,34,10,1887.0,18870.0
2021100405003281,MKLB,34,49,10,1888.0,18880.0
2021100405003276,MKLB,56,38,50,1887.0,94350.0
2021100405003274,MKLB,56,33,30,1887.0,56610.0
2021100405003301,MKLB,14,57,10,1885.0,18850.0
2021100405003299,MKLB,41,38,10,1883.0,18830.0
2021100405003298,MKLB,38,10,10,1886.5,18865.0
2021100405003295,MKLB,38,38,10,1886.6,18866.0
2021100405003287,MKLB,38,47,10,1886.6,18866.0
2021100405003285,MKLB,13,57,20,1887.0,37740.0
2021100405003300,SLI,54,3,10,507.0,5070.0
2021100405002822,SLI,50,28,10,511.0,5110.0
2021100405002817,SLI,50,36,10,511.0,5110.0
2021100405002830,SLI,57,47,10,512.0,5120.0
2021100405002824,SLI,57,43,10,512.0,5120.0
2021100405002842,SLI,57,49,10,512.0,5120.0
2021100405002841,SLI,57,38,10,512.0,5120.0
2021100405002840,SLI,57,38,10,512.0,5120.0
2021100405002832,SLI,57,45,10,512.0,5120.0
2021100405002859,SLI,57,49,10,512.0,5120.0
2021100405002848,SLI,57,38,10,512.0,5120.0
2021100405002846,SLI,57,49,10,512.0,5120.0
2021100405002867,SLI,50,34,10,511.0,5110.0
2021100405002860,SLI,57,58,10,512.0,5120.0
2021100405002882,SLI,44,44,10,510.0,5100.0
2021100405002881,SLI,57,58,10,510.0,5100.0
2021100405002879,SLI,57,6,10,510.0,5100.0
2021100405002870,SLI,4,58,10,511.0,5110.0
2021100405002869,SLI,50,11,10,511.0,5110.0
2021100405002894,SLI,44,19,10,510.0,5100.0
2021100405002890,SLI,44,11,10,510.0,5100.0
2021100405002887,SLI,44,44,10,510.0,5100.0
2021100405002905,SLI,44,47,10,510.0,5100.0
2021100405002904,SLI,44,44,10,510.0,5100.0
2021100405002902,SLI,44,38,10,510.0,5100.0
2021100405002901,SLI,44,44,10,510.0,5100.0
2021100405002898,SLI,44,35,10,510.0,5100.0
2021100405002913,SLI,6,55,10,511.0,5110.0
2021100405002912,SLI,6,58,10,511.0,5110.0
2021100405002911,SLI,6,49,10,511.0,5110.0
2021100405002910,SLI,6,17,10,511.0,5110.0
2021100405002909,SLI,6,34,10,511.0,5110.0
2021100405002930,SLI,32,38,10,510.0,5100.0
2021100405002927,SLI,44,6,10,510.0,5100.0
2021100405002942,SLI,1,14,10,510.0,5100.0
2021100405002941,SLI,1,49,10,510.0,5100.0
2021100405002938,SLI,43,45,10,510.0,5100.0
2021100405002954,SLI,1,25,10,510.0,5100.0
2021100405002953,SLI,1,38,10,510.0,5100.0
2021100405002946,SLI,1,38,10,510.0,5100.0
2021100405002945,SLI,1,58,10,510.0,5100.0
2021100405002963,SLI,22,35,10,510.0,5100.0
2021100405002962,SLI,22,50,10,510.0,5100.0
2021100405002961,SLI,4,58,10,510.0,5100.0
2021100405002960,SLI,4,34,10,510.0,5100.0
2021100405002959,SLI,1,34,40,510.0,20400.0
2021100405002978,SLI,55,38,10,508.2,5082.0
2021100405002976,SLI,55,16,10,508.2,5082.0
2021100405002972,SLI,6,45,10,510.0,5100.0
2021100405002967,SLI,6,38,10,510.0,5100.0
2021100405002994,SLI,57,56,10,508.0,5080.0
2021100405002992,SLI,55,34,10,508.2,5082.0
2021100405002990,SLI,55,22,10,508.2,5082.0
2021100405002989,SLI,55,54,10,508.2,5082.0
2021100405003008,SLI,57,45,10,508.0,5080.0
2021100405003005,SLI,57,58,10,508.0,5080.0
2021100405003001,SLI,57,58,40,508.0,20320.0
2021100405003014,SLI,22,43,15,508.0,7620.0
2021100405003013,SLI,58,43,15,508.0,7620.0
2021100405003012,SLI,44,43,20,508.0,10160.0
2021100405003011,SLI,57,43,20,508.0,10160.0
2021100405003010,SLI,21,43,100,508.2,50820.0
2021100405003009,SLI,57,58,10,508.0,5080.0
2021100405003028,SLI,7,16,10,507.5,5075.0
2021100405003027,SLI,7,45,10,507.5,5075.0
2021100405003026,SLI,7,22,10,507.5,5075.0
2021100405003022,SLI,47,43,40,508.0,20320.0
2021100405003015,SLI,43,43,100,508.0,50800.0
2021100405003038,SLI,17,17,10,507.0,5070.0
2021100405003037,SLI,47,43,30,508.0,15240.0
2021100405003036,SLI,47,52,10,507.9,5079.0
2021100405003031,SLI,51,39,10,507.5,5075.0
2021100405003029,SLI,17,58,10,507.0,5070.0
2021100405003049,SLI,17,48,10,507.0,5070.0
2021100405003048,SLI,17,58,10,507.0,5070.0
2021100405003047,SLI,17,16,10,507.0,5070.0
2021100405003040,SLI,17,26,10,507.0,5070.0
2021100405003039,SLI,17,45,10,507.0,5070.0
2021100405003059,SLI,17,58,10,507.0,5070.0
2021100405003058,SLI,17,14,10,507.0,5070.0
2021100405003057,SLI,17,58,10,507.0,5070.0
2021100405003056,SLI,17,54,10,507.0,5070.0
2021100405003050,SLI,17,39,10,507.0,5070.0
2021100405003075,SLI,17,13,10,507.0,5070.0
2021100405003083,SLI,58,21,10,507.5,5075.0
2021100405003080,SLI,42,43,10,508.0,5080.0
2021100405003077,SLI,58,1,10,507.5,5075.0
2021100405003076,SLI,35,43,170,508.0,86360.0
2021100405003093,SLI,55,58,10,507.5,5075.0
2021100405003091,SLI,17,1,10,507.0,5070.0
2021100405003088,SLI,17,6,10,507.0,5070.0
2021100405003085,SLI,17,56,10,507.0,5070.0
2021100405003106,SLI,17,34,10,507.0,5070.0
2021100405003105,SLI,17,1,10,507.0,5070.0
2021100405003104,SLI,17,58,10,507.0,5070.0
2021100405003094,SLI,55,6,10,507.5,5075.0
2021100405003117,SLI,32,45,10,507.0,5070.0
2021100405003116,SLI,32,28,10,507.0,5070.0
2021100405003115,SLI,32,38,10,507.0,5070.0
2021100405003112,SLI,42,8,10,507.0,5070.0
2021100405003111,SLI,42,41,10,507.0,5070.0
2021100405003108,SLI,17,42,10,507.0,5070.0
2021100405003131,SLI,29,40,10,507.0,5070.0
2021100405003129,SLI,32,26,10,507.0,5070.0
2021100405003128,SLI,42,43,10,508.0,5080.0
2021100405003122,SLI,32,34,10,507.0,5070.0
2021100405003144,SLI,29,34,10,507.0,5070.0
2021100405003143,SLI,29,38,10,507.0,5070.0
2021100405003153,SLI,7,14,10,507.0,5070.0
2021100405003152,SLI,7,49,10,507.0,5070.0
2021100405003151,SLI,29,35,10,507.0,5070.0
2021100405003145,SLI,29,38,10,507.0,5070.0
2021100405003164,SLI,7,28,10,507.0,5070.0
2021100405003161,SLI,21,43,20,508.0,10160.0
2021100405003184,SLI,7,58,10,507.0,5070.0
2021100405003175,SLI,7,26,10,507.0,5070.0
2021100405003174,SLI,7,38,10,507.0,5070.0
2021100405003195,SLI,57,58,10,508.0,5080.0
2021100405003194,SLI,57,43,20,508.0,10160.0
2021100405003187,SLI,7,59,10,507.0,5070.0
2021100405003203,SLI,57,35,10,508.0,5080.0
2021100405003196,SLI,57,45,10,508.0,5080.0
2021100405003215,SLI,58,58,10,508.0,5080.0
2021100405003207,SLI,11,58,10,509.0,5090.0
2021100405003206,SLI,11,49,10,509.0,5090.0
2021100405003223,SLI,7,35,10,507.0,5070.0
2021100405003222,SLI,7,38,10,507.0,5070.0
2021100405003220,SLI,7,38,10,507.0,5070.0
2021100405003236,SLI,28,58,10,508.0,5080.0
2021100405003234,SLI,28,34,10,508.0,5080.0
2021100405003233,SLI,54,25,10,507.0,5070.0
2021100405003252,SLI,28,42,10,509.0,5090.0
2021100405003251,SLI,28,16,10,509.0,5090.0
2021100405003250,SLI,28,21,10,509.0,5090.0
2021100405003245,SLI,28,56,10,508.0,5080.0
2021100405003288,SLI,55,19,10,508.0,5080.0
2021100405003275,SLI,54,52,10,507.0,5070.0
2021100405003294,SLI,35,50,90,509.0,45810.0
2021100405003293,SLI,35,58,10,509.0,5090.0
2021100405003289,SLI,55,22,10,508.9,5089.0
2021100405003306,ULI,39,28,90,552.0,49680.0
2021100405003305,ULI,29,28,30,552.1,16563.0
2021100405003303,ULI,17,28,10,553.0,5530.0
2021100405003297,ULI,13,57,10,552.8,5528.0
2021100405003280,ULI,47,28,50,553.0,27650.0
2021100405003279,ULI,33,28,50,553.0,27650.0
2021100405002820,ULI,57,6,10,558.5,5585.0
2021100405002819,ULI,57,38,10,558.5,5585.0
2021100405002858,ULI,44,49,10,556.2,5562.0
2021100405002851,ULI,44,49,10,556.2,5562.0
2021100405002850,ULI,44,46,10,556.2,5562.0
2021100405002845,ULI,44,6,10,556.2,5562.0
2021100405002843,ULI,44,14,10,556.2,5562.0
2021100405002827,ULI,19,43,10,558.4,5584.0
2021100405002875,ULI,38,45,10,556.0,5560.0
2021100405002874,ULI,1,45,80,556.0,44480.0
2021100405002873,ULI,57,45,50,556.2,27810.0
2021100405002872,ULI,44,45,110,556.2,61182.0
2021100405002871,ULI,22,45,200,556.3,111260.0
2021100405002865,ULI,44,47,10,556.2,5562.0
2021100405002896,ULI,13,38,10,555.0,5550.0
2021100405002889,ULI,13,58,10,555.0,5550.0
2021100405002888,ULI,13,29,10,555.0,5550.0
2021100405002885,ULI,13,33,10,555.0,5550.0
2021100405002877,ULI,11,45,10,556.0,5560.0
2021100405002876,ULI,57,45,50,556.0,27800.0
2021100405002928,ULI,42,41,10,555.5,5555.0
2021100405002923,ULI,13,21,10,555.0,5550.0
2021100405002920,ULI,13,38,10,555.0,5550.0
2021100405002918,ULI,58,58,10,555.5,5555.0
2021100405002907,ULI,13,16,10,555.0,5550.0
2021100405002899,ULI,13,19,10,555.0,5550.0
2021100405002958,ULI,13,35,10,555.0,5550.0
2021100405002957,ULI,13,49,10,555.0,5550.0
2021100405002955,ULI,13,40,10,555.0,5550.0
2021100405002943,ULI,13,38,10,555.0,5550.0
2021100405002932,ULI,13,38,10,555.0,5550.0
2021100405002929,ULI,42,41,10,556.0,5560.0
2021100405002979,ULI,49,49,10,555.0,5550.0
2021100405002977,ULI,58,49,10,555.0,5550.0
2021100405002975,ULI,58,50,10,555.0,5550.0
2021100405002974,ULI,13,6,50,555.0,27750.0
2021100405002965,ULI,13,38,10,555.0,5550.0
2021100405002964,ULI,13,58,10,555.0,5550.0
2021100405003006,ULI,45,54,10,553.0,5530.0
2021100405003003,ULI,35,57,10,553.1,5531.0
2021100405002998,ULI,42,35,10,555.0,5550.0
2021100405002993,ULI,42,42,10,555.0,5550.0
2021100405002988,ULI,42,33,10,555.0,5550.0
2021100405002981,ULI,49,38,10,555.0,5550.0
2021100405003025,ULI,13,8,10,553.0,5530.0
2021100405003024,ULI,13,56,10,553.0,5530.0
2021100405003023,ULI,13,47,10,553.0,5530.0
2021100405003021,ULI,13,45,10,553.0,5530.0
2021100405003018,ULI,13,58,10,553.0,5530.0
2021100405003016,ULI,45,56,10,553.0,5530.0
2021100405003045,ULI,43,38,10,551.2,5512.0
2021100405003042,ULI,43,28,10,551.2,5512.0
2021100405003034,ULI,50,38,10,553.0,5530.0
2021100405003033,ULI,50,6,10,553.0,5530.0
2021100405003032,ULI,48,45,10,552.0,5520.0
2021100405003030,ULI,38,16,10,552.0,5520.0
2021100405003079,ULI,57,45,10,552.0,5520.0
2021100405003070,ULI,28,40,10,553.0,5530.0
2021100405003055,ULI,57,38,10,552.0,5520.0
2021100405003054,ULI,35,39,10,551.2,5512.0
2021100405003052,ULI,35,19,10,551.2,5512.0
2021100405003051,ULI,35,35,10,551.2,5512.0
2021100405003110,ULI,42,16,30,552.0,16560.0
2021100405003109,ULI,58,16,10,552.0,5520.0
2021100405003097,ULI,38,16,40,553.0,22120.0
2021100405003089,ULI,38,48,10,553.0,5530.0
2021100405003086,ULI,16,45,10,552.0,5520.0
2021100405003082,ULI,57,38,10,552.0,5520.0
2021100405003154,ULI,39,32,10,552.0,5520.0
2021100405003148,ULI,17,58,10,551.1,5511.0
2021100405003142,ULI,17,11,10,551.1,5511.0
2021100405003124,ULI,17,41,10,551.1,5511.0
2021100405003119,ULI,17,45,10,551.1,5511.0
2021100405003118,ULI,32,16,50,551.2,27560.0
2021100405003177,ULI,32,17,10,551.2,5512.0
2021100405003171,ULI,17,35,10,551.1,5511.0
2021100405003168,ULI,17,48,10,551.1,5511.0
2021100405003167,ULI,17,35,10,551.1,5511.0
2021100405003156,ULI,17,16,120,551.1,66132.0
2021100405003155,ULI,17,56,50,551.1,27555.0
2021100405003200,ULI,47,14,10,552.0,5520.0
2021100405003192,ULI,47,41,10,552.0,5520.0
2021100405003190,ULI,32,34,10,551.2,5512.0
2021100405003186,ULI,32,42,10,551.2,5512.0
2021100405003182,ULI,32,13,10,551.2,5512.0
2021100405003179,ULI,32,50,10,551.2,5512.0
2021100405003218,ULI,32,34,10,555.0,5550.0
2021100405003217,ULI,32,49,10,554.0,5540.0
2021100405003216,ULI,32,38,20,553.0,11060.0
2021100405003211,ULI,39,35,10,552.0,5520.0
2021100405003210,ULI,52,42,10,553.0,5530.0
2021100405003209,ULI,52,54,10,553.0,5530.0
2021100405003241,ULI,29,13,10,556.0,5560.0
2021100405003232,ULI,13,17,10,552.8,5528.0
2021100405003230,ULI,13,42,10,552.8,5528.0
2021100405003229,ULI,13,45,10,552.8,5528.0
2021100405003224,ULI,13,25,10,552.8,5528.0
2021100405003219,ULI,32,50,10,555.0,5550.0
2021100405003278,ULI,33,28,40,553.0,22120.0
2021100405003277,ULI,58,28,20,556.0,11120.0
2021100405003268,ULI,58,35,10,556.0,5560.0
2021100405003263,ULI,29,25,10,556.0,5560.0
2021100405003261,ULI,29,45,10,556.0,5560.0
2021100405003242,ULI,29,7,10,556.0,5560.0
2021100405002809,JBLB,58,58,10,3895.0,38950.0
2021100405002808,JBLB,19,45,10,3891.0,38910.0
2021100405002804,JBLB,19,35,10,3891.0,38910.0
2021100405002319,JBLB,57,38,10,3876.0,38760.0
2021100405002318,JBLB,57,40,10,3876.0,38760.0
2021100405002317,JBLB,50,58,10,3885.0,38850.0
2021100405002340,JBLB,57,38,10,3876.0,38760.0
2021100405002364,JBLB,3,58,10,3878.0,38780.0
2021100405002379,JBLB,8,17,10,3890.0,38900.0
2021100405002378,JBLB,8,48,10,3890.0,38900.0
2021100405002368,JBLB,3,26,10,3873.0,38730.0
2021100405002395,JBLB,58,38,10,3892.0,38920.0
2021100405002393,JBLB,32,34,10,3890.0,38900.0
2021100405002391,JBLB,3,52,10,3881.0,38810.0
2021100405002416,JBLB,50,40,10,3880.1,38801.0
2021100405002410,JBLB,58,19,10,3892.0,38920.0
2021100405002408,JBLB,58,17,10,3892.0,38920.0
2021100405002431,JBLB,11,14,10,3880.0,38800.0
2021100405002427,JBLB,3,45,10,3873.0,38730.0
2021100405002449,JBLB,45,48,10,3880.0,38800.0
2021100405002447,JBLB,8,32,10,3880.0,38800.0
2021100405002446,JBLB,8,49,10,3880.0,38800.0
2021100405002483,JBLB,56,32,10,3880.0,38800.0
2021100405002508,JBLB,35,38,10,3880.0,38800.0
2021100405002504,JBLB,35,38,10,3880.0,38800.0
2021100405002522,JBLB,33,33,10,3881.2,38812.0
2021100405002520,JBLB,47,10,10,3881.0,38810.0
2021100405002519,JBLB,47,49,10,3881.0,38810.0
2021100405002528,JBLB,56,57,10,3880.0,38800.0
2021100405002527,JBLB,35,57,30,3880.0,116400.0
2021100405002526,JBLB,33,57,10,3881.0,38810.0
2021100405002525,JBLB,47,57,30,3881.0,116430.0
2021100405002537,JBLB,36,57,10,3880.0,38800.0
2021100405002554,JBLB,38,57,10,3880.0,38800.0
2021100405002550,JBLB,45,34,10,3876.0,38760.0
2021100405002579,JBLB,19,38,10,3882.0,38820.0
2021100405002577,JBLB,47,45,10,3899.0,38990.0
2021100405002576,JBLB,47,45,10,3898.0,38980.0
2021100405002572,JBLB,19,41,10,3882.0,38820.0
2021100405002557,JBLB,10,38,10,3880.0,38800.0
2021100405002583,JBLB,3,19,10,3882.1,38821.0
2021100405002593,JBLB,6,19,10,3882.2,38822.0
2021100405002622,JBLB,57,58,10,3882.3,38823.0
2021100405002609,JBLB,42,38,10,3882.2,38822.0
2021100405002608,JBLB,42,59,10,3882.2,38822.0
2021100405002633,JBLB,29,22,10,3882.3,38823.0
2021100405002644,JBLB,22,34,10,3883.0,38830.0
2021100405002665,JBLB,35,58,10,3885.0,38850.0
2021100405002692,JBLB,16,6,10,3887.0,38870.0
2021100405002687,JBLB,16,43,10,3887.0,38870.0
2021100405002702,JBLB,54,45,10,3899.0,38990.0
2021100405002700,JBLB,28,35,10,3890.0,38900.0
2021100405002719,JBLB,17,38,10,3890.0,38900.0
2021100405002718,JBLB,4,49,10,3899.0,38990.0
2021100405002717,JBLB,4,41,10,3898.9,38989.0
2021100405002716,JBLB,14,49,10,3895.0,38950.0
2021100405002708,JBLB,28,48,10,3895.0,38950.0
2021100405002752,JBLB,14,10,10,3888.2,38882.0
2021100405002727,JBLB,17,36,10,3890.0,38900.0
2021100405002721,JBLB,53,57,10,3892.0,38920.0
2021100405002770,JBLB,59,4,10,3890.0,38900.0
2021100405002769,JBLB,59,41,10,3890.0,38900.0
2021100405002784,JBLB,40,58,10,3895.0,38950.0
2021100405002800,JBLB,19,4,10,3891.0,38910.0
2021100405002794,JBLB,59,34,10,3890.0,38900.0
2021100405002813,MKLB,21,38,10,1890.3,18903.0
2021100405002810,MKLB,21,6,10,1890.3,18903.0
2021100405002807,MKLB,52,38,10,1891.0,18910.0
2021100405002805,MKLB,52,38,10,1892.0,18920.0
2021100405002798,MKLB,14,45,10,1890.0,18900.0
2021100405002797,MKLB,14,34,10,1890.0,18900.0
2021100405002334,MKLB,51,21,10,1900.0,19000.0
2021100405002333,MKLB,51,42,20,1900.0,38000.0
2021100405002332,MKLB,51,17,10,1900.0,19000.0
2021100405002328,MKLB,51,48,10,1900.0,19000.0
2021100405002324,MKLB,51,44,10,1900.0,19000.0
2021100405002320,MKLB,51,32,10,1900.0,19000.0
2021100405002357,MKLB,57,47,10,1900.1,19001.0
2021100405002355,MKLB,51,25,10,1900.0,19000.0
2021100405002351,MKLB,51,13,10,1900.0,19000.0
2021100405002348,MKLB,51,58,10,1900.0,19000.0
2021100405002345,MKLB,34,41,3,1900.0,5700.0
2021100405002343,MKLB,51,51,10,1900.0,19000.0
2021100405002385,MKLB,57,40,40,1895.0,75800.0
2021100405002381,MKLB,34,40,10,1896.3,18963.0
2021100405002377,MKLB,57,52,10,1895.0,18950.0
2021100405002375,MKLB,34,45,10,1897.0,18970.0
2021100405002373,MKLB,45,59,10,1896.3,18963.0
2021100405002370,MKLB,45,32,10,1896.3,18963.0
2021100405002397,MKLB,28,4,10,1893.0,18930.0
2021100405002396,MKLB,28,58,10,1893.0,18930.0
2021100405002389,MKLB,49,40,10,1895.0,18950.0
2021100405002388,MKLB,34,40,10,1895.0,18950.0
2021100405002387,MKLB,34,40,10,1895.0,18950.0
2021100405002386,MKLB,57,40,50,1895.0,94750.0
2021100405002419,MKLB,34,36,10,1892.0,18920.0
2021100405002417,MKLB,17,21,10,1892.0,18920.0
2021100405002414,MKLB,17,51,10,1892.0,18920.0
2021100405002413,MKLB,13,40,10,1892.1,18921.0
2021100405002412,MKLB,28,40,20,1892.1,37842.0
2021100405002398,MKLB,8,17,10,1892.5,18925.0
2021100405002426,MKLB,51,58,10,1892.1,18921.0
2021100405002424,MKLB,46,45,10,1892.5,18925.0
2021100405002423,MKLB,46,28,10,1892.5,18925.0
2021100405002422,MKLB,46,35,10,1892.5,18925.0
2021100405002421,MKLB,13,21,10,1892.0,18920.0
2021100405002420,MKLB,13,49,10,1892.0,18920.0
2021100405002474,MKLB,28,21,10,1891.5,18915.0
2021100405002472,MKLB,28,14,10,1891.5,18915.0
2021100405002452,MKLB,28,58,10,1891.5,18915.0
2021100405002445,MKLB,39,52,10,1893.0,18930.0
2021100405002433,MKLB,39,19,10,1893.0,18930.0
2021100405002429,MKLB,41,58,10,1891.6,18916.0
2021100405002488,MKLB,22,35,10,1896.3,18963.0
2021100405002487,MKLB,22,36,10,1895.0,18950.0
2021100405002486,MKLB,22,49,10,1895.0,18950.0
2021100405002485,MKLB,22,58,10,1895.0,18950.0
2021100405002484,MKLB,28,42,10,1891.5,18915.0
2021100405002475,MKLB,28,38,10,1891.5,18915.0
2021100405002494,MKLB,22,38,10,1900.0,19000.0
2021100405002493,MKLB,22,32,10,1900.0,19000.0
2021100405002492,MKLB,22,58,10,1900.0,19000.0
2021100405002491,MKLB,22,45,10,1900.0,19000.0
2021100405002490,MKLB,22,57,10,1900.0,19000.0
2021100405002489,MKLB,22,1,10,1900.0,19000.0
2021100405002516,MKLB,3,4,10,1892.0,18920.0
2021100405002515,MKLB,17,55,10,1892.1,18921.0
2021100405002513,MKLB,17,38,10,1892.1,18921.0
2021100405002510,MKLB,17,58,10,1896.0,18960.0
2021100405002503,MKLB,3,3,10,1892.0,18920.0
2021100405002497,MKLB,3,59,10,1891.6,18916.0
2021100405002558,MKLB,26,38,10,1900.0,19000.0
2021100405002555,MKLB,28,38,10,1891.5,18915.0
2021100405002551,MKLB,28,55,10,1891.5,18915.0
2021100405002549,MKLB,28,6,10,1891.5,18915.0
2021100405002524,MKLB,28,38,10,1891.5,18915.0
2021100405002521,MKLB,6,34,10,1892.0,18920.0
2021100405002564,MKLB,26,49,10,1900.0,19000.0
2021100405002563,MKLB,26,52,10,1900.0,19000.0
2021100405002562,MKLB,26,52,10,1900.0,19000.0
2021100405002561,MKLB,26,51,10,1900.0,19000.0
2021100405002560,MKLB,26,38,10,1900.0,19000.0
2021100405002559,MKLB,26,58,10,1900.0,19000.0
2021100405002581,MKLB,41,35,10,1900.0,19000.0
2021100405002573,MKLB,57,51,10,1904.0,19040.0
2021100405002570,MKLB,41,46,10,1900.0,19000.0
2021100405002567,MKLB,57,57,10,1899.0,18990.0
2021100405002566,MKLB,26,52,10,1900.0,19000.0
2021100405002565,MKLB,26,57,20,1900.0,38000.0
2021100405002600,MKLB,48,51,10,1890.0,18900.0
2021100405002597,MKLB,38,58,10,1891.0,18910.0
2021100405002595,MKLB,36,58,10,1891.0,18910.0
2021100405002592,MKLB,28,25,10,1891.5,18915.0
2021100405002589,MKLB,58,43,10,1891.7,18917.0
2021100405002586,MKLB,16,13,10,1900.0,19000.0
2021100405002614,MKLB,48,57,10,1890.0,18900.0
2021100405002613,MKLB,25,57,20,1890.0,37800.0
2021100405002612,MKLB,45,57,50,1890.0,94500.0
2021100405002611,MKLB,48,57,20,1890.0,37800.0
2021100405002607,MKLB,48,37,10,1890.0,18900.0
2021100405002602,MKLB,48,49,10,1890.0,18900.0
2021100405002627,MKLB,52,52,10,1900.0,19000.0
2021100405002626,MKLB,52,48,10,1900.0,19000.0
2021100405002624,MKLB,48,5,10,1891.0,18910.0
2021100405002619,MKLB,48,46,10,1891.0,18910.0
2021100405002618,MKLB,48,11,10,1891.0,18910.0
2021100405002617,MKLB,48,14,10,1891.0,18910.0
2021100405002639,MKLB,48,38,10,1891.0,18910.0
2021100405002636,MKLB,48,32,10,1891.0,18910.0
2021100405002634,MKLB,48,32,10,1891.0,18910.0
2021100405002632,MKLB,57,33,10,1900.0,19000.0
2021100405002629,MKLB,52,35,10,1900.0,19000.0
2021100405002628,MKLB,52,57,10,1900.0,19000.0
2021100405002671,MKLB,46,58,10,1898.0,18980.0
2021100405002667,MKLB,52,40,10,1892.0,18920.0
2021100405002648,MKLB,52,7,10,1900.0,19000.0
2021100405002646,MKLB,52,58,10,1900.0,19000.0
2021100405002645,MKLB,52,42,10,1900.0,19000.0
2021100405002643,MKLB,48,53,10,1891.0,18910.0
2021100405002696,MKLB,21,21,10,1891.1,18911.0
2021100405002694,MKLB,21,22,10,1891.1,18911.0
2021100405002678,MKLB,48,22,10,1891.0,18910.0
2021100405002676,MKLB,52,47,10,1900.0,19000.0
2021100405002675,MKLB,52,42,10,1900.0,19000.0
2021100405002674,MKLB,52,49,10,1900.0,19000.0
2021100405002711,MKLB,49,17,10,1889.1,18891.0
2021100405002709,MKLB,48,8,10,1890.0,18900.0
2021100405002701,MKLB,48,4,10,1891.0,18910.0
2021100405002699,MKLB,52,58,10,1900.0,19000.0
2021100405002698,MKLB,52,45,10,1900.0,19000.0
2021100405002697,MKLB,52,57,10,1892.0,18920.0
2021100405002730,MKLB,52,3,10,1890.0,18900.0
2021100405002729,MKLB,7,59,10,1889.0,18890.0
2021100405002715,MKLB,21,17,10,1887.5,18875.0
2021100405002714,MKLB,13,17,20,1888.0,37760.0
2021100405002713,MKLB,6,17,50,1888.0,94400.0
2021100405002712,MKLB,39,17,10,1889.0,18890.0
2021100405002761,MKLB,52,46,10,1900.0,19000.0
2021100405002760,MKLB,52,58,10,1900.0,19000.0
2021100405002759,MKLB,52,44,10,1900.0,19000.0
2021100405002758,MKLB,52,34,10,1900.0,19000.0
2021100405002757,MKLB,52,49,10,1900.0,19000.0
2021100405002732,MKLB,7,57,10,1889.0,18890.0
2021100405002773,MKLB,14,17,10,1890.0,18900.0
2021100405002768,MKLB,14,48,70,1890.0,132300.0
2021100405002765,MKLB,14,26,10,1890.0,18900.0
2021100405002764,MKLB,14,40,10,1890.0,18900.0
2021100405002763,MKLB,52,57,90,1900.0,171000.0
2021100405002762,MKLB,52,45,10,1900.0,19000.0
2021100405002780,MKLB,58,8,10,1905.0,19050.0
2021100405002779,MKLB,58,52,10,1902.0,19020.0
2021100405002778,MKLB,58,59,10,1900.0,19000.0
2021100405002777,MKLB,58,45,10,1900.0,19000.0
2021100405002776,MKLB,58,19,10,1900.0,19000.0
2021100405002775,MKLB,58,45,10,1900.0,19000.0
2021100405002795,MKLB,52,42,10,1905.0,19050.0
2021100405002793,MKLB,42,21,10,1890.2,18902.0
2021100405002791,MKLB,42,58,10,1890.2,18902.0
2021100405002789,MKLB,57,38,10,1905.0,19050.0
2021100405002786,MKLB,52,6,30,1908.0,57240.0
2021100405002785,MKLB,52,58,10,1900.0,19000.0
2021100405002811,SLI,42,54,10,511.1,5111.0
2021100405002806,SLI,42,56,10,511.1,5111.0
2021100405002803,SLI,42,38,10,511.1,5111.0
2021100405002322,SLI,57,52,10,512.0,5120.0
2021100405002315,SLI,57,38,10,512.0,5120.0
2021100405002337,SLI,57,57,50,512.0,25600.0
2021100405002336,SLI,57,39,10,512.0,5120.0
2021100405002330,SLI,57,46,20,512.0,10240.0
2021100405002329,SLI,57,22,10,512.0,5120.0
2021100405002326,SLI,57,48,10,512.0,5120.0
2021100405002352,SLI,57,47,10,512.0,5120.0
2021100405002349,SLI,57,34,10,512.0,5120.0
2021100405002347,SLI,57,47,10,512.0,5120.0
2021100405002346,SLI,57,5,10,512.0,5120.0
2021100405002342,SLI,57,47,10,512.0,5120.0
2021100405002341,SLI,57,58,10,512.0,5120.0
2021100405002363,SLI,42,49,10,510.0,5100.0
2021100405002362,SLI,42,16,10,510.0,5100.0
2021100405002361,SLI,42,49,10,510.0,5100.0
2021100405002359,SLI,4,14,10,510.0,5100.0
2021100405002353,SLI,57,38,10,512.0,5120.0
2021100405002384,SLI,36,22,10,510.0,5100.0
2021100405002374,SLI,42,34,10,510.0,5100.0
2021100405002366,SLI,42,47,10,510.0,5100.0
2021100405002405,SLI,36,34,10,510.0,5100.0
2021100405002403,SLI,36,52,10,510.0,5100.0
2021100405002400,SLI,36,38,10,510.0,5100.0
2021100405002415,SLI,36,38,10,510.0,5100.0
2021100405002411,SLI,36,35,10,510.0,5100.0
2021100405002407,SLI,36,49,10,510.0,5100.0
2021100405002435,SLI,33,49,10,512.0,5120.0
2021100405002434,SLI,33,11,10,512.0,5120.0
2021100405002430,SLI,17,58,10,511.0,5110.0
2021100405002425,SLI,36,21,10,510.0,5100.0
2021100405002441,SLI,33,17,10,515.0,5150.0
2021100405002440,SLI,33,48,10,515.0,5150.0
2021100405002439,SLI,33,58,10,514.0,5140.0
2021100405002438,SLI,33,57,10,514.0,5140.0
2021100405002437,SLI,33,16,10,514.0,5140.0
2021100405002436,SLI,33,58,10,513.0,5130.0
2021100405002448,SLI,17,17,10,511.0,5110.0
2021100405002443,SLI,33,57,10,515.0,5150.0
2021100405002442,SLI,33,48,10,515.0,5150.0
2021100405002496,SLI,58,38,10,512.0,5120.0
2021100405002495,SLI,58,45,10,512.0,5120.0
2021100405002477,SLI,58,35,10,512.0,5120.0
2021100405002473,SLI,17,17,10,511.0,5110.0
2021100405002451,SLI,17,58,10,511.0,5110.0
2021100405002506,SLI,39,56,10,512.0,5120.0
2021100405002502,SLI,53,56,10,512.0,5120.0
2021100405002501,SLI,58,38,10,512.0,5120.0
2021100405002498,SLI,58,57,10,512.0,5120.0
2021100405002523,SLI,39,59,10,512.0,5120.0
2021100405002517,SLI,39,59,10,512.0,5120.0
2021100405002511,SLI,39,59,10,512.0,5120.0
2021100405002531,SLI,38,38,10,514.0,5140.0
2021100405002530,SLI,38,49,10,514.0,5140.0
2021100405002539,SLI,17,16,10,515.0,5150.0
2021100405002538,SLI,17,22,10,511.0,5110.0
2021100405002534,SLI,39,59,10,512.0,5120.0
2021100405002533,SLI,39,59,10,512.0,5120.0
2021100405002532,SLI,38,59,10,514.0,5140.0
2021100405002545,SLI,17,41,10,515.0,5150.0
2021100405002544,SLI,17,45,10,515.0,5150.0
2021100405002543,SLI,17,45,10,515.0,5150.0
2021100405002542,SLI,17,58,10,515.0,5150.0
2021100405002541,SLI,17,7,10,515.0,5150.0
2021100405002540,SLI,17,45,10,515.0,5150.0
2021100405002553,SLI,17,45,10,511.0,5110.0
2021100405002548,SLI,17,45,10,515.0,5150.0
2021100405002547,SLI,17,21,10,515.0,5150.0
2021100405002546,SLI,17,45,10,515.0,5150.0
2021100405002578,SLI,17,22,10,511.0,5110.0
2021100405002591,SLI,36,8,10,510.0,5100.0
2021100405002590,SLI,36,46,10,510.0,5100.0
2021100405002588,SLI,17,50,10,511.0,5110.0
2021100405002582,SLI,17,8,10,511.0,5110.0
2021100405002580,SLI,17,57,10,511.0,5110.0
2021100405002604,SLI,26,7,10,510.0,5100.0
2021100405002601,SLI,26,35,10,510.0,5100.0
2021100405002599,SLI,26,38,10,510.0,5100.0
2021100405002598,SLI,26,58,10,510.0,5100.0
2021100405002596,SLI,26,35,10,510.0,5100.0
2021100405002621,SLI,38,5,10,512.0,5120.0
2021100405002620,SLI,38,5,10,512.0,5120.0
2021100405002610,SLI,21,35,10,510.0,5100.0
2021100405002638,SLI,21,55,10,510.0,5100.0
2021100405002637,SLI,34,58,10,512.0,5120.0
2021100405002635,SLI,34,58,10,512.0,5120.0
2021100405002630,SLI,34,36,10,512.0,5120.0
2021100405002623,SLI,21,58,10,510.0,5100.0
2021100405002650,SLI,57,50,50,510.0,25500.0
2021100405002649,SLI,47,50,40,510.0,20400.0
2021100405002647,SLI,47,58,10,510.0,5100.0
2021100405002642,SLI,21,21,10,510.0,5100.0
2021100405002641,SLI,21,55,10,510.0,5100.0
2021100405002656,SLI,51,50,31,510.0,15810.0
2021100405002655,SLI,4,50,10,510.0,5100.0
2021100405002654,SLI,54,50,10,510.0,5100.0
2021100405002653,SLI,21,50,300,510.0,153000.0
2021100405002652,SLI,41,50,50,510.0,25500.0
2021100405002651,SLI,8,50,100,510.0,51000.0
2021100405002662,SLI,42,58,10,515.0,5150.0
2021100405002661,SLI,42,1,10,515.0,5150.0
2021100405002660,SLI,42,38,10,515.0,5150.0
2021100405002659,SLI,42,6,10,515.0,5150.0
2021100405002658,SLI,42,45,10,515.0,5150.0
2021100405002657,SLI,42,58,10,515.0,5150.0
2021100405002669,SLI,51,13,10,510.0,5100.0
2021100405002668,SLI,51,58,10,510.0,5100.0
2021100405002666,SLI,51,57,10,510.0,5100.0
2021100405002664,SLI,42,58,10,515.0,5150.0
2021100405002663,SLI,42,50,10,515.0,5150.0
2021100405002684,SLI,42,55,10,510.0,5100.0
2021100405002683,SLI,42,34,30,510.0,15300.0
2021100405002681,SLI,42,38,10,510.0,5100.0
2021100405002677,SLI,51,41,10,510.0,5100.0
2021100405002673,SLI,51,41,10,510.0,5100.0
2021100405002670,SLI,51,13,10,510.0,5100.0
2021100405002693,SLI,57,59,10,510.0,5100.0
2021100405002691,SLI,57,39,10,510.0,5100.0
2021100405002689,SLI,57,58,10,510.0,5100.0
2021100405002685,SLI,57,40,10,510.0,5100.0
2021100405002707,SLI,57,22,10,510.0,5100.0
2021100405002705,SLI,57,57,10,510.0,5100.0
2021100405002704,SLI,57,17,10,510.0,5100.0
2021100405002703,SLI,57,50,10,510.0,5100.0
2021100405002720,SLI,34,38,10,511.0,5110.0
2021100405002753,SLI,34,58,10,511.0,5110.0
2021100405002728,SLI,34,38,10,511.0,5110.0
2021100405002726,SLI,34,38,10,511.0,5110.0
2021100405002771,SLI,34,49,10,511.0,5110.0
2021100405002756,SLI,34,49,10,511.0,5110.0
2021100405002755,SLI,34,49,10,511.0,5110.0
2021100405002754,SLI,34,3,10,511.0,5110.0
2021100405002790,SLI,50,38,10,511.0,5110.0
2021100405002788,SLI,50,38,10,511.0,5110.0
2021100405002787,SLI,50,6,10,511.0,5110.0
2021100405002782,SLI,34,6,10,511.0,5110.0
2021100405002772,SLI,34,58,10,511.0,5110.0
2021100405002802,SLI,42,3,10,511.1,5111.0
2021100405002799,SLI,42,21,10,511.1,5111.0
2021100405002796,SLI,50,43,10,511.0,5110.0
2021100405002792,SLI,50,38,10,511.0,5110.0
2021100405002814,ULI,57,46,10,558.5,5585.0
2021100405002812,ULI,57,58,10,558.5,5585.0
2021100405002801,ULI,45,46,10,558.5,5585.0
2021100405002783,ULI,45,4,10,558.5,5585.0
2021100405002781,ULI,45,22,10,558.5,5585.0
2021100405002774,ULI,45,52,20,558.5,11170.0
2021100405002323,ULI,11,38,10,557.0,5570.0
2021100405002321,ULI,11,51,10,557.0,5570.0
2021100405002316,ULI,11,14,10,557.0,5570.0
2021100405002339,ULI,11,5,10,557.0,5570.0
2021100405002338,ULI,11,58,10,557.0,5570.0
2021100405002335,ULI,57,45,20,559.9,11198.0
2021100405002331,ULI,11,39,10,557.0,5570.0
2021100405002327,ULI,11,39,10,557.0,5570.0
2021100405002325,ULI,11,42,10,557.0,5570.0
2021100405002360,ULI,11,38,10,557.0,5570.0
2021100405002358,ULI,11,47,10,557.0,5570.0
2021100405002356,ULI,11,14,10,557.0,5570.0
2021100405002354,ULI,11,47,10,557.0,5570.0
2021100405002350,ULI,11,47,10,557.0,5570.0
2021100405002344,ULI,11,38,10,557.0,5570.0
2021100405002376,ULI,22,17,10,557.1,5571.0
2021100405002372,ULI,22,17,10,557.1,5571.0
2021100405002371,ULI,22,17,10,557.1,5571.0
2021100405002369,ULI,22,39,10,557.1,5571.0
2021100405002367,ULI,22,38,10,557.1,5571.0
2021100405002365,ULI,22,14,10,557.1,5571.0
2021100405002394,ULI,22,38,10,557.1,5571.0
2021100405002392,ULI,22,17,10,557.1,5571.0
2021100405002390,ULI,22,56,10,557.1,5571.0
2021100405002383,ULI,22,17,10,557.1,5571.0
2021100405002382,ULI,22,17,10,557.1,5571.0
2021100405002380,ULI,22,38,10,557.1,5571.0
2021100405002409,ULI,26,38,10,559.9,5599.0
2021100405002406,ULI,26,16,10,559.9,5599.0
2021100405002404,ULI,32,17,10,557.2,5572.0
2021100405002402,ULI,22,17,10,557.1,5571.0
2021100405002401,ULI,22,38,10,557.1,5571.0
2021100405002399,ULI,22,38,10,557.1,5571.0
2021100405002453,ULI,50,38,10,558.0,5580.0
2021100405002450,ULI,32,41,10,557.2,5572.0
2021100405002444,ULI,32,35,10,557.2,5572.0
2021100405002432,ULI,32,57,80,557.2,44576.0
2021100405002428,ULI,32,38,10,557.2,5572.0
2021100405002418,ULI,32,51,10,557.2,5572.0
2021100405002459,ULI,32,34,10,560.0,5600.0
2021100405002458,ULI,32,42,10,560.0,5600.0
2021100405002457,ULI,32,39,10,559.8,5598.0
2021100405002456,ULI,32,41,10,558.3,5583.0
2021100405002455,ULI,32,35,10,558.0,5580.0
2021100405002454,ULI,50,52,10,558.0,5580.0
2021100405002465,ULI,32,49,10,560.0,5600.0
2021100405002464,ULI,32,17,10,560.0,5600.0
2021100405002463,ULI,32,49,10,560.0,5600.0
2021100405002462,ULI,32,56,10,560.0,5600.0
2021100405002461,ULI,32,21,10,560.0,5600.0
2021100405002460,ULI,32,57,10,560.0,5600.0
2021100405002471,ULI,32,34,10,560.0,5600.0
2021100405002470,ULI,32,14,50,560.0,28000.0
2021100405002469,ULI,32,44,10,560.0,5600.0
2021100405002468,ULI,32,58,10,560.0,5600.0
2021100405002467,ULI,32,58,10,560.0,5600.0
2021100405002466,ULI,32,45,10,560.0,5600.0
2021100405002482,ULI,16,36,20,560.0,11200.0
2021100405002481,ULI,16,22,10,560.0,5600.0
2021100405002480,ULI,16,45,10,560.0,5600.0
2021100405002479,ULI,16,38,10,560.0,5600.0
2021100405002478,ULI,16,34,10,558.0,5580.0
2021100405002476,ULI,45,8,10,558.0,5580.0
2021100405002512,ULI,22,59,10,557.1,5571.0
2021100405002509,ULI,22,59,10,557.1,5571.0
2021100405002507,ULI,32,38,10,557.2,5572.0
2021100405002505,ULI,16,42,10,560.0,5600.0
2021100405002500,ULI,16,26,10,560.0,5600.0
2021100405002499,ULI,16,58,10,560.0,5600.0
2021100405002552,ULI,34,34,10,558.0,5580.0
2021100405002536,ULI,34,42,10,558.0,5580.0
2021100405002535,ULI,22,38,10,557.1,5571.0
2021100405002529,ULI,22,59,10,557.1,5571.0
2021100405002518,ULI,22,59,10,557.1,5571.0
2021100405002514,ULI,22,59,10,557.1,5571.0
2021100405002575,ULI,42,38,10,556.4,5564.0
2021100405002574,ULI,58,58,10,557.0,5570.0
2021100405002571,ULI,11,41,10,557.0,5570.0
2021100405002569,ULI,11,56,10,557.0,5570.0
2021100405002568,ULI,34,45,10,560.0,5600.0
2021100405002556,ULI,59,49,10,558.0,5580.0
2021100405002605,ULI,7,13,10,556.3,5563.0
2021100405002603,ULI,32,33,10,556.3,5563.0
2021100405002594,ULI,32,46,10,556.3,5563.0
2021100405002587,ULI,32,38,10,556.3,5563.0
2021100405002585,ULI,42,13,10,556.4,5564.0
2021100405002584,ULI,34,57,10,557.0,5570.0
2021100405002640,ULI,44,58,10,556.2,5562.0
2021100405002631,ULI,44,58,10,556.2,5562.0
2021100405002625,ULI,44,58,10,556.2,5562.0
2021100405002616,ULI,44,19,10,556.2,5562.0
2021100405002615,ULI,7,41,90,558.0,50220.0
2021100405002606,ULI,7,17,10,557.0,5570.0
2021100405002688,ULI,45,38,10,558.5,5585.0
2021100405002686,ULI,45,42,10,558.5,5585.0
2021100405002682,ULI,45,58,10,557.0,5570.0
2021100405002680,ULI,44,49,10,556.2,5562.0
2021100405002679,ULI,44,38,10,556.2,5562.0
2021100405002672,ULI,44,55,10,556.2,5562.0
2021100405002723,ULI,45,56,10,558.5,5585.0
2021100405002722,ULI,45,17,10,558.5,5585.0
2021100405002710,ULI,45,32,10,558.5,5585.0
2021100405002706,ULI,45,42,10,558.5,5585.0
2021100405002695,ULI,45,59,10,558.5,5585.0
2021100405002690,ULI,45,56,10,558.5,5585.0
2021100405002735,ULI,13,19,10,558.9,5589.0
2021100405002734,ULI,13,45,200,558.6,111720.0
2021100405002733,ULI,45,38,10,558.5,5585.0
2021100405002731,ULI,45,38,10,558.5,5585.0
2021100405002725,ULI,45,56,10,558.5,5585.0
2021100405002724,ULI,45,38,10,558.5,5585.0
2021100405002741,ULI,13,49,10,560.0,5600.0
2021100405002740,ULI,13,16,10,560.0,5600.0
2021100405002739,ULI,13,58,10,560.0,5600.0
2021100405002738,ULI,13,49,10,559.0,5590.0
2021100405002737,ULI,13,29,10,559.0,5590.0
2021100405002736,ULI,13,32,10,559.0,5590.0
2021100405002747,ULI,13,58,10,560.0,5600.0
2021100405002746,ULI,13,1,10,560.0,5600.0
2021100405002745,ULI,13,42,10,560.0,5600.0
2021100405002744,ULI,13,49,10,560.0,5600.0
2021100405002743,ULI,13,58,10,560.0,5600.0
2021100405002742,ULI,13,39,10,560.0,5600.0
2021100405002767,ULI,45,58,10,558.5,5585.0
2021100405002766,ULI,45,42,10,558.5,5585.0
2021100405002751,ULI,13,58,10,560.0,5600.0
2021100405002750,ULI,13,45,10,560.0,5600.0
2021100405002749,ULI,13,58,10,560.0,5600.0
2021100405002748,ULI,13,56,10,560.0,5600.0
2021100405002313,JBLB,57,32,10,3876.0,38760.0
2021100405002303,JBLB,57,43,10,3876.0,38760.0
2021100405001821,JBLB,58,11,10,3906.1,39061.0
2021100405001820,JBLB,58,58,10,3902.0,39020.0
2021100405001819,JBLB,58,41,10,3900.0,39000.0
2021100405001823,JBLB,58,28,10,3908.0,39080.0
2021100405001822,JBLB,58,42,10,3908.0,39080.0
2021100405001839,JBLB,28,54,10,3920.0,39200.0
2021100405001838,JBLB,28,21,10,3910.0,39100.0
2021100405001837,JBLB,28,16,10,3908.6,39086.0
2021100405001836,JBLB,56,57,10,3908.0,39080.0
2021100405001835,JBLB,56,58,10,3907.0,39070.0
2021100405001845,JBLB,28,57,10,3920.0,39200.0
2021100405001840,JBLB,28,58,10,3920.0,39200.0
2021100405001855,JBLB,28,42,10,3925.0,39250.0
2021100405001851,JBLB,28,58,10,3925.0,39250.0
2021100405001850,JBLB,28,57,10,3921.0,39210.0
2021100405001846,JBLB,28,59,10,3920.0,39200.0
2021100405001862,JBLB,41,38,10,3930.0,39300.0
2021100405001861,JBLB,41,11,10,3930.0,39300.0
2021100405001860,JBLB,41,36,20,3929.0,78580.0
2021100405001859,JBLB,41,55,10,3927.1,39271.0
2021100405001856,JBLB,42,53,10,3927.0,39270.0
2021100405001868,JBLB,45,56,10,3935.0,39350.0
2021100405001866,JBLB,41,49,10,3930.0,39300.0
2021100405001863,JBLB,4,1,10,3935.0,39350.0
2021100405001875,JBLB,19,53,10,3950.0,39500.0
2021100405001874,JBLB,19,43,17,3950.0,67150.0
2021100405001873,JBLB,19,42,10,3947.0,39470.0
2021100405001872,JBLB,19,22,10,3940.0,39400.0
2021100405001869,JBLB,41,53,10,3930.0,39300.0
2021100405001882,JBLB,28,52,10,3950.0,39500.0
2021100405001880,JBLB,28,45,10,3950.0,39500.0
2021100405001879,JBLB,28,47,20,3950.0,79000.0
2021100405001878,JBLB,28,44,10,3950.0,39500.0
2021100405001877,JBLB,28,13,10,3950.0,39500.0
2021100405001890,JBLB,19,16,10,3955.0,39550.0
2021100405001889,JBLB,51,53,10,3950.0,39500.0
2021100405001884,JBLB,51,49,10,3950.0,39500.0
2021100405001906,JBLB,28,22,10,3957.0,39570.0
2021100405001905,JBLB,28,51,20,3955.0,79100.0
2021100405001904,JBLB,28,51,10,3955.0,39550.0
2021100405001901,JBLB,38,58,10,3950.0,39500.0
2021100405001894,JBLB,17,1,10,3950.0,39500.0
2021100405001918,JBLB,1,22,10,3950.0,39500.0
2021100405001911,JBLB,45,14,10,3950.0,39500.0
2021100405001929,JBLB,8,58,10,3959.0,39590.0
2021100405001924,JBLB,43,53,19,3954.0,75126.0
2021100405001919,JBLB,58,53,11,3950.0,43450.0
2021100405001936,JBLB,19,50,10,3965.0,39650.0
2021100405001935,JBLB,19,57,10,3965.0,39650.0
2021100405001934,JBLB,19,50,10,3964.9,39649.0
2021100405001933,JBLB,19,56,20,3958.0,79160.0
2021100405001932,JBLB,8,56,40,3959.0,158360.0
2021100405001930,JBLB,8,25,200,3959.0,791800.0
2021100405001951,JBLB,19,4,10,3970.0,39700.0
2021100405001950,JBLB,19,39,40,3970.0,158800.0
2021100405001942,JBLB,19,21,10,3965.0,39650.0
2021100405001938,JBLB,19,21,40,3965.0,158600.0
2021100405001956,JBLB,57,33,70,3955.0,276850.0
2021100405001955,JBLB,28,45,70,3965.0,277550.0
2021100405001953,JBLB,57,22,10,3955.0,39550.0
2021100405001963,JBLB,20,1,40,3937.0,157480.0
2021100405001960,JBLB,32,21,10,3941.0,39410.0
2021100405001959,JBLB,32,52,10,3941.0,39410.0
2021100405001979,JBLB,28,8,10,3937.0,39370.0
2021100405001970,JBLB,28,58,10,3937.0,39370.0
2021100405001969,JBLB,28,1,10,3937.0,39370.0
2021100405001984,JBLB,56,47,10,3908.0,39080.0
2021100405001983,JBLB,19,59,50,3935.0,196750.0
2021100405001982,JBLB,20,59,10,3935.2,39352.0
2021100405001980,JBLB,34,8,10,3937.0,39370.0
2021100405002007,JBLB,56,7,10,3906.1,39061.0
2021100405002005,JBLB,50,4,10,3908.0,39080.0
2021100405001996,JBLB,50,42,10,3908.0,39080.0
2021100405002011,JBLB,16,7,20,3891.0,77820.0
2021100405002010,JBLB,33,7,20,3895.0,77900.0
2021100405002009,JBLB,48,7,10,3900.0,39000.0
2021100405002008,JBLB,56,7,10,3902.0,39020.0
2021100405002037,JBLB,19,58,10,3900.0,39000.0
2021100405002036,JBLB,19,46,10,3900.0,39000.0
2021100405002035,JBLB,19,10,10,3900.0,39000.0
2021100405002032,JBLB,16,3,10,3891.0,38910.0
2021100405002067,JBLB,43,4,10,3906.0,39060.0
2021100405002060,JBLB,25,47,10,3900.0,39000.0
2021100405002058,JBLB,25,21,10,3900.0,39000.0
2021100405002076,JBLB,19,25,10,3900.0,39000.0
2021100405002075,JBLB,19,7,90,3900.0,351000.0
2021100405002074,JBLB,34,7,10,3900.0,39000.0
2021100405002088,JBLB,44,22,10,3906.0,39060.0
2021100405002087,JBLB,44,4,80,3906.0,312480.0
2021100405002084,JBLB,51,58,10,3900.0,39000.0
2021100405002104,JBLB,51,51,10,3900.0,39000.0
2021100405002100,JBLB,51,38,10,3900.0,39000.0
2021100405002112,JBLB,48,1,10,3892.0,38920.0
2021100405002106,JBLB,51,29,10,3900.0,39000.0
2021100405002139,JBLB,45,35,10,3892.0,38920.0
2021100405002181,JBLB,51,58,10,3892.0,38920.0
2021100405002177,JBLB,51,13,10,3892.0,38920.0
2021100405002174,JBLB,51,41,10,3892.0,38920.0
2021100405002171,JBLB,51,58,10,3892.0,38920.0
2021100405002191,JBLB,51,1,10,3892.0,38920.0
2021100405002211,JBLB,16,34,20,3891.0,77820.0
2021100405002207,JBLB,56,38,10,3892.0,38920.0
2021100405002235,JBLB,34,39,30,3885.0,116550.0
2021100405002234,JBLB,50,39,10,3885.1,38851.0
2021100405002233,JBLB,53,39,10,3890.0,38900.0
2021100405002228,JBLB,49,34,10,3891.0,38910.0
2021100405002245,JBLB,17,28,10,3880.0,38800.0
2021100405002243,JBLB,17,34,10,3880.0,38800.0
2021100405002239,JBLB,17,39,40,3880.0,155200.0
2021100405002238,JBLB,17,39,100,3880.0,388000.0
2021100405002237,JBLB,25,39,50,3882.0,194100.0
2021100405002236,JBLB,41,39,10,3885.0,38850.0
2021100405002264,JBLB,17,52,10,3880.0,38800.0
2021100405002247,JBLB,17,38,10,3880.0,38800.0
2021100405002274,JBLB,17,14,10,3880.0,38800.0
2021100405002288,JBLB,54,53,10,3890.0,38900.0
2021100405002284,JBLB,17,38,10,3880.0,38800.0
2021100405002295,JBLB,21,45,10,3880.0,38800.0
2021100405002311,MKLB,51,7,10,1900.0,19000.0
2021100405002302,MKLB,35,59,10,1903.0,19030.0
2021100405002297,MKLB,51,49,10,1900.0,19000.0
2021100405002292,MKLB,51,6,10,1900.0,19000.0
2021100405002289,MKLB,51,58,10,1900.0,19000.0
2021100405002283,MKLB,35,58,10,1900.0,19000.0
2021100405001824,MKLB,21,22,10,1932.0,19320.0
2021100405001818,MKLB,21,42,10,1932.0,19320.0
2021100405001854,MKLB,34,58,10,1930.1,19301.0
2021100405001849,MKLB,34,51,10,1930.1,19301.0
2021100405001847,MKLB,52,58,10,1931.0,19310.0
2021100405001834,MKLB,38,6,10,1931.1,19311.0
2021100405001832,MKLB,21,28,10,1932.0,19320.0
2021100405001831,MKLB,21,42,10,1932.0,19320.0
2021100405001903,MKLB,21,8,10,1931.1,19311.0
2021100405001902,MKLB,11,58,10,1931.1,19311.0
2021100405001895,MKLB,6,21,10,1931.1,19311.0
2021100405001887,MKLB,49,8,10,1931.1,19311.0
2021100405001876,MKLB,34,25,10,1930.1,19301.0
2021100405001858,MKLB,34,48,10,1930.1,19301.0
2021100405001943,MKLB,34,38,10,1930.1,19301.0
2021100405001940,MKLB,6,56,10,1947.0,19470.0
2021100405001927,MKLB,6,52,10,1947.0,19470.0
2021100405001925,MKLB,6,51,10,1947.0,19470.0
2021100405001915,MKLB,53,45,10,1931.1,19311.0
2021100405001908,MKLB,34,58,10,1935.0,19350.0
2021100405001961,MKLB,22,7,10,1930.1,19301.0
2021100405001949,MKLB,29,22,10,1950.0,19500.0
2021100405001948,MKLB,29,49,10,1950.0,19500.0
2021100405001947,MKLB,29,45,10,1950.0,19500.0
2021100405001946,MKLB,29,42,10,1950.0,19500.0
2021100405001945,MKLB,29,34,10,1948.0,19480.0
2021100405002027,MKLB,58,16,10,1928.3,19283.0
2021100405002017,MKLB,26,20,10,1930.0,19300.0
2021100405002015,MKLB,26,45,10,1931.0,19310.0
2021100405001986,MKLB,49,32,10,1931.0,19310.0
2021100405001968,MKLB,34,28,10,1930.0,19300.0
2021100405001964,MKLB,38,58,10,1930.1,19301.0
2021100405002040,MKLB,14,34,70,1927.1,134897.0
2021100405002039,MKLB,34,34,90,1928.0,173520.0
2021100405002038,MKLB,34,34,80,1928.1,154248.0
2021100405002034,MKLB,34,33,10,1928.1,19281.0
2021100405002031,MKLB,58,38,80,1928.3,154264.0
2021100405002028,MKLB,58,10,10,1928.3,19283.0
2021100405002061,MKLB,21,38,10,1918.2,19182.0
2021100405002048,MKLB,45,34,10,1920.0,19200.0
2021100405002044,MKLB,21,34,20,1920.0,38400.0
2021100405002043,MKLB,45,34,10,1920.0,19200.0
2021100405002042,MKLB,14,34,130,1920.1,249613.0
2021100405002041,MKLB,14,34,80,1926.1,154088.0
2021100405002068,MKLB,17,38,20,1920.0,38400.0
2021100405002066,MKLB,21,42,10,1918.2,19182.0
2021100405002065,MKLB,21,49,10,1918.2,19182.0
2021100405002064,MKLB,21,22,10,1918.2,19182.0
2021100405002063,MKLB,34,48,10,1920.0,19200.0
2021100405002062,MKLB,34,34,60,1920.0,115200.0
2021100405002079,MKLB,56,47,10,1915.0,19150.0
2021100405002077,MKLB,56,44,10,1915.0,19150.0
2021100405002072,MKLB,56,41,10,1915.0,19150.0
2021100405002071,MKLB,56,38,230,1915.0,440450.0
2021100405002070,MKLB,22,38,10,1918.0,19180.0
2021100405002069,MKLB,21,38,40,1918.2,76728.0
2021100405002116,MKLB,21,11,10,1912.0,19120.0
2021100405002114,MKLB,21,8,10,1912.0,19120.0
2021100405002107,MKLB,45,42,10,1913.0,19130.0
2021100405002086,MKLB,21,47,10,1915.0,19150.0
2021100405002085,MKLB,56,49,10,1915.0,19150.0
2021100405002083,MKLB,56,42,10,1915.0,19150.0
2021100405002123,MKLB,51,32,45,1911.1,85999.5
2021100405002122,MKLB,45,32,100,1911.1,191110.0
2021100405002121,MKLB,56,32,10,1912.0,19120.0
2021100405002120,MKLB,21,32,10,1912.0,19120.0
2021100405002119,MKLB,21,32,30,1912.0,57360.0
2021100405002118,MKLB,22,32,10,1912.5,19125.0
2021100405002129,MKLB,28,32,420,1907.0,800940.0
2021100405002128,MKLB,45,32,50,1907.1,95355.0
2021100405002127,MKLB,35,32,100,1909.0,190900.0
2021100405002126,MKLB,13,32,40,1910.0,76400.0
2021100405002125,MKLB,21,32,10,1910.0,19100.0
2021100405002124,MKLB,38,32,10,1910.1,19101.0
2021100405002138,MKLB,28,48,10,1900.0,19000.0
2021100405002134,MKLB,21,32,50,1900.0,95000.0
2021100405002133,MKLB,6,32,30,1900.0,57000.0
2021100405002132,MKLB,6,32,10,1901.2,19012.0
2021100405002131,MKLB,42,32,25,1906.1,47652.5
2021100405002130,MKLB,42,32,40,1906.1,76244.0
2021100405002159,MKLB,59,58,10,1900.0,19000.0
2021100405002148,MKLB,58,58,10,1905.0,19050.0
2021100405002146,MKLB,22,59,10,1900.0,19000.0
2021100405002145,MKLB,22,35,10,1900.0,19000.0
2021100405002142,MKLB,54,38,50,1900.0,95000.0
2021100405002141,MKLB,28,38,50,1900.0,95000.0
2021100405002188,MKLB,56,46,10,1897.0,18970.0
2021100405002183,MKLB,21,58,10,1897.1,18971.0
2021100405002168,MKLB,7,34,10,1912.1,19121.0
2021100405002166,MKLB,6,38,10,1900.0,19000.0
2021100405002165,MKLB,39,38,10,1900.0,19000.0
2021100405002164,MKLB,41,57,10,1900.0,19000.0
2021100405002203,MKLB,35,5,10,1898.0,18980.0
2021100405002198,MKLB,58,32,10,1897.0,18970.0
2021100405002196,MKLB,57,46,10,1897.0,18970.0
2021100405002194,MKLB,57,38,80,1897.0,151760.0
2021100405002192,MKLB,57,29,10,1897.0,18970.0
2021100405002189,MKLB,56,29,10,1897.0,18970.0
2021100405002222,MKLB,35,49,10,1898.0,18980.0
2021100405002221,MKLB,41,49,10,1900.0,19000.0
2021100405002220,MKLB,35,21,10,1898.0,18980.0
2021100405002206,MKLB,35,38,100,1898.0,189800.0
2021100405002205,MKLB,46,38,10,1900.0,19000.0
2021100405002204,MKLB,46,42,10,1900.0,19000.0
2021100405002246,MKLB,26,58,10,1900.0,19000.0
2021100405002244,MKLB,51,19,10,1899.0,18990.0
2021100405002242,MKLB,41,16,10,1898.0,18980.0
2021100405002240,MKLB,35,3,10,1898.0,18980.0
2021100405002227,MKLB,35,3,10,1898.0,18980.0
2021100405002224,MKLB,35,57,10,1898.0,18980.0
2021100405002266,MKLB,58,38,20,1904.0,38080.0
2021100405002265,MKLB,28,34,10,1900.0,19000.0
2021100405002259,MKLB,34,49,10,1900.0,19000.0
2021100405002253,MKLB,34,42,10,1900.0,19000.0
2021100405002252,MKLB,34,25,10,1900.0,19000.0
2021100405002249,MKLB,51,20,10,1899.0,18990.0
2021100405002278,MKLB,28,1,10,1900.0,19000.0
2021100405002271,MKLB,58,57,10,1905.0,19050.0
2021100405002270,MKLB,58,21,10,1905.0,19050.0
2021100405002269,MKLB,58,38,30,1904.0,57120.0
2021100405002268,MKLB,58,54,10,1904.0,19040.0
2021100405002267,MKLB,58,51,10,1904.0,19040.0
2021100405002314,SLI,57,14,10,512.0,5120.0
2021100405002312,SLI,57,48,10,512.0,5120.0
2021100405002307,SLI,57,58,10,512.0,5120.0
2021100405002305,SLI,57,39,10,512.0,5120.0
2021100405001817,SLI,49,38,10,520.0,5200.0
2021100405001829,SLI,50,52,10,521.0,5210.0
2021100405001827,SLI,50,49,10,521.0,5210.0
2021100405001826,SLI,50,25,10,521.0,5210.0
2021100405001825,SLI,49,49,10,520.0,5200.0
2021100405001833,SLI,49,52,10,520.0,5200.0
2021100405001844,SLI,5,58,10,522.0,5220.0
2021100405001843,SLI,5,38,10,522.0,5220.0
2021100405001842,SLI,5,7,10,520.0,5200.0
2021100405001841,SLI,33,10,10,517.1,5171.0
2021100405001852,SLI,33,52,10,517.1,5171.0
2021100405001848,SLI,33,59,10,517.1,5171.0
2021100405001857,SLI,33,58,10,517.1,5171.0
2021100405001867,SLI,55,58,10,520.0,5200.0
2021100405001865,SLI,33,58,10,517.1,5171.0
2021100405001864,SLI,4,35,10,518.0,5180.0
2021100405001870,SLI,58,51,10,518.0,5180.0
2021100405001881,SLI,58,59,10,520.0,5200.0
2021100405001892,SLI,45,51,10,521.0,5210.0
2021100405001891,SLI,45,43,10,521.0,5210.0
2021100405001888,SLI,58,58,10,520.0,5200.0
2021100405001893,SLI,45,58,30,522.0,15660.0
2021100405001917,SLI,48,57,10,522.0,5220.0
2021100405001916,SLI,51,58,10,520.0,5200.0
2021100405001912,SLI,58,58,10,520.0,5200.0
2021100405001907,SLI,58,17,10,520.0,5200.0
2021100405001928,SLI,16,51,10,517.0,5170.0
2021100405001926,SLI,34,4,10,518.0,5180.0
2021100405001920,SLI,16,38,10,517.0,5170.0
2021100405001941,SLI,16,19,10,517.0,5170.0
2021100405001939,SLI,16,21,10,517.0,5170.0
2021100405001957,SLI,16,49,10,517.0,5170.0
2021100405001954,SLI,16,57,10,517.0,5170.0
2021100405001952,SLI,56,35,10,518.0,5180.0
2021100405001966,SLI,16,1,10,517.0,5170.0
2021100405001965,SLI,16,52,10,517.0,5170.0
2021100405001962,SLI,16,46,10,517.0,5170.0
2021100405001978,SLI,53,47,10,518.0,5180.0
2021100405001977,SLI,53,54,10,518.0,5180.0
2021100405001975,SLI,33,42,10,517.0,5170.0
2021100405001987,SLI,41,50,10,518.0,5180.0
2021100405001981,SLI,41,57,10,518.0,5180.0
2021100405001994,SLI,41,22,50,518.0,25900.0
2021100405001992,SLI,41,20,10,518.0,5180.0
2021100405001991,SLI,41,25,10,518.0,5180.0
2021100405002016,SLI,33,41,10,517.0,5170.0
2021100405002014,SLI,41,45,10,518.0,5180.0
2021100405002026,SLI,33,49,10,517.0,5170.0
2021100405002025,SLI,33,56,10,517.0,5170.0
2021100405002024,SLI,33,5,10,517.0,5170.0
2021100405002022,SLI,33,32,10,517.0,5170.0
2021100405002019,SLI,33,49,10,517.0,5170.0
2021100405002018,SLI,33,34,10,517.0,5170.0
2021100405002033,SLI,33,14,10,517.0,5170.0
2021100405002030,SLI,33,38,10,517.0,5170.0
2021100405002052,SLI,51,35,10,518.0,5180.0
2021100405002051,SLI,51,7,10,518.0,5180.0
2021100405002050,SLI,51,51,10,518.0,5180.0
2021100405002049,SLI,51,49,10,518.0,5180.0
2021100405002047,SLI,39,39,30,517.0,15510.0
2021100405002046,SLI,39,21,10,517.0,5170.0
2021100405002059,SLI,38,22,10,517.0,5170.0
2021100405002057,SLI,39,51,10,517.0,5170.0
2021100405002055,SLI,51,49,10,518.0,5180.0
2021100405002080,SLI,57,58,10,516.0,5160.0
2021100405002078,SLI,57,52,10,516.0,5160.0
2021100405002073,SLI,57,49,10,516.0,5160.0
2021100405002097,SLI,29,28,10,515.0,5150.0
2021100405002096,SLI,29,6,10,515.0,5150.0
2021100405002095,SLI,29,57,10,515.0,5150.0
2021100405002102,SLI,49,38,10,512.0,5120.0
2021100405002101,SLI,49,16,10,512.0,5120.0
2021100405002099,SLI,45,35,10,515.0,5150.0
2021100405002098,SLI,29,35,70,515.0,36050.0
2021100405002117,SLI,41,8,10,512.0,5120.0
2021100405002115,SLI,41,21,10,512.0,5120.0
2021100405002113,SLI,49,45,10,512.0,5120.0
2021100405002110,SLI,49,58,10,512.0,5120.0
2021100405002152,SLI,57,59,10,512.0,5120.0
2021100405002151,SLI,57,1,10,512.0,5120.0
2021100405002149,SLI,41,14,10,512.0,5120.0
2021100405002137,SLI,51,14,10,515.0,5150.0
2021100405002136,SLI,51,35,30,515.0,15450.0
2021100405002163,SLI,59,48,10,517.0,5170.0
2021100405002162,SLI,59,49,10,517.0,5170.0
2021100405002161,SLI,42,35,10,515.0,5150.0
2021100405002160,SLI,42,57,10,515.0,5150.0
2021100405002158,SLI,58,34,10,517.0,5170.0
2021100405002155,SLI,42,22,10,515.0,5150.0
2021100405002178,SLI,58,17,10,514.0,5140.0
2021100405002170,SLI,42,22,10,515.0,5150.0
2021100405002199,SLI,57,21,10,512.0,5120.0
2021100405002195,SLI,57,46,10,512.0,5120.0
2021100405002190,SLI,57,6,10,512.0,5120.0
2021100405002187,SLI,57,21,10,512.0,5120.0
2021100405002185,SLI,57,38,10,512.0,5120.0
2021100405002214,SLI,57,1,10,512.0,5120.0
2021100405002213,SLI,57,32,10,512.0,5120.0
2021100405002202,SLI,57,47,10,512.0,5120.0
2021100405002201,SLI,57,1,10,512.0,5120.0
2021100405002226,SLI,59,35,10,513.0,5130.0
2021100405002225,SLI,59,21,10,513.0,5130.0
2021100405002219,SLI,57,38,10,512.0,5120.0
2021100405002218,SLI,57,17,10,512.0,5120.0
2021100405002217,SLI,57,38,10,512.0,5120.0
2021100405002215,SLI,57,33,10,512.0,5120.0
2021100405002232,SLI,13,57,10,512.1,5121.0
2021100405002230,SLI,57,54,10,512.0,5120.0
2021100405002260,SLI,13,6,10,512.1,5121.0
2021100405002258,SLI,13,14,10,512.1,5121.0
2021100405002255,SLI,13,41,10,512.1,5121.0
2021100405002251,SLI,13,14,10,512.1,5121.0
2021100405002279,SLI,57,58,10,512.0,5120.0
2021100405002276,SLI,13,38,10,512.1,5121.0
2021100405002275,SLI,13,6,10,512.1,5121.0
2021100405002273,SLI,13,48,10,512.1,5121.0
2021100405002272,SLI,13,34,10,512.1,5121.0
2021100405002290,SLI,57,53,10,512.0,5120.0
2021100405002286,SLI,57,56,10,512.0,5120.0
2021100405002285,SLI,57,6,10,512.0,5120.0
2021100405002281,SLI,57,6,10,512.0,5120.0
2021100405002300,SLI,57,58,10,512.0,5120.0
2021100405002299,SLI,57,4,10,512.0,5120.0
2021100405002294,SLI,57,58,10,512.0,5120.0
2021100405002293,SLI,57,39,10,512.0,5120.0
2021100405002291,SLI,57,4,10,512.0,5120.0
2021100405002310,ULI,11,42,10,557.0,5570.0
2021100405002309,ULI,11,14,10,557.0,5570.0
2021100405002308,ULI,11,58,10,557.0,5570.0
2021100405002306,ULI,11,48,10,557.0,5570.0
2021100405002304,ULI,32,58,10,556.4,5564.0
2021100405002301,ULI,32,39,10,556.4,5564.0
2021100405001816,ULI,45,58,10,568.0,5680.0
2021100405001815,ULI,45,13,10,568.0,5680.0
2021100405001885,ULI,22,42,10,566.1,5661.0
2021100405001883,ULI,22,58,10,566.1,5661.0
2021100405001871,ULI,22,8,10,566.1,5661.0
2021100405001853,ULI,22,58,10,566.0,5660.0
2021100405001830,ULI,22,35,10,566.0,5660.0
2021100405001828,ULI,22,38,10,566.0,5660.0
2021100405001900,ULI,53,47,50,566.1,28305.0
2021100405001899,ULI,22,47,50,566.1,28305.0
2021100405001898,ULI,22,58,10,566.1,5661.0
2021100405001897,ULI,22,42,10,566.1,5661.0
2021100405001896,ULI,22,6,10,566.1,5661.0
2021100405001886,ULI,22,51,10,566.1,5661.0
2021100405001922,ULI,22,6,10,566.0,5660.0
2021100405001921,ULI,22,45,10,566.0,5660.0
2021100405001914,ULI,22,56,10,566.0,5660.0
2021100405001913,ULI,22,56,10,566.0,5660.0
2021100405001910,ULI,22,6,10,566.0,5660.0
2021100405001909,ULI,22,38,10,566.0,5660.0
2021100405001967,ULI,22,52,10,566.0,5660.0
2021100405001958,ULI,39,21,10,566.1,5661.0
2021100405001944,ULI,25,58,10,566.1,5661.0
2021100405001937,ULI,22,58,10,566.0,5660.0
2021100405001931,ULI,22,51,10,566.0,5660.0
2021100405001923,ULI,22,32,10,566.0,5660.0
2021100405001985,ULI,41,11,20,566.0,11320.0
2021100405001976,ULI,38,49,10,565.0,5650.0
2021100405001974,ULI,6,11,20,566.0,11320.0
2021100405001973,ULI,48,11,20,566.0,11320.0
2021100405001972,ULI,58,11,10,566.0,5660.0
2021100405001971,ULI,22,11,70,566.0,39620.0
2021100405001997,ULI,38,47,20,565.0,11300.0
2021100405001995,ULI,38,41,10,565.0,5650.0
2021100405001993,ULI,38,20,10,565.0,5650.0
2021100405001990,ULI,41,52,10,566.0,5660.0
2021100405001989,ULI,41,38,10,566.0,5660.0
2021100405001988,ULI,41,29,10,566.0,5660.0
2021100405002003,ULI,41,57,10,567.0,5670.0
2021100405002002,ULI,41,34,10,566.0,5660.0
2021100405002001,ULI,41,21,10,566.0,5660.0
2021100405002000,ULI,41,14,10,566.0,5660.0
2021100405001999,ULI,41,47,50,565.0,28250.0
2021100405001998,ULI,50,47,30,565.0,16950.0
2021100405002021,ULI,38,32,10,560.0,5600.0
2021100405002020,ULI,38,45,10,560.0,5600.0
2021100405002013,ULI,38,56,10,560.0,5600.0
2021100405002012,ULI,41,29,10,567.0,5670.0
2021100405002006,ULI,41,55,50,567.0,28350.0
2021100405002004,ULI,41,42,50,567.0,28350.0
2021100405002056,ULI,36,5,10,557.0,5570.0
2021100405002054,ULI,47,16,10,558.0,5580.0
2021100405002053,ULI,47,34,10,558.0,5580.0
2021100405002045,ULI,58,35,10,558.0,5580.0
2021100405002029,ULI,38,52,10,560.0,5600.0
2021100405002023,ULI,38,49,10,560.0,5600.0
2021100405002092,ULI,36,58,10,557.0,5570.0
2021100405002091,ULI,36,14,10,557.0,5570.0
2021100405002090,ULI,36,7,10,557.0,5570.0
2021100405002089,ULI,36,38,10,557.0,5570.0
2021100405002082,ULI,36,49,10,557.0,5570.0
2021100405002081,ULI,36,38,10,557.0,5570.0
2021100405002109,ULI,38,52,10,557.0,5570.0
2021100405002108,ULI,6,50,10,557.0,5570.0
2021100405002105,ULI,6,38,10,557.0,5570.0
2021100405002103,ULI,36,51,10,557.0,5570.0
2021100405002094,ULI,36,56,10,557.0,5570.0
2021100405002093,ULI,36,56,10,557.0,5570.0
2021100405002147,ULI,22,6,10,556.3,5563.0
2021100405002144,ULI,22,45,10,556.3,5563.0
2021100405002143,ULI,22,42,10,556.3,5563.0
2021100405002140,ULI,22,11,10,556.3,5563.0
2021100405002135,ULI,22,45,10,556.3,5563.0
2021100405002111,ULI,43,52,10,556.4,5564.0
2021100405002167,ULI,22,38,10,556.3,5563.0
2021100405002157,ULI,22,58,10,556.3,5563.0
2021100405002156,ULI,22,1,10,556.3,5563.0
2021100405002154,ULI,22,14,10,556.3,5563.0
2021100405002153,ULI,22,38,10,556.3,5563.0
2021100405002150,ULI,22,38,10,556.3,5563.0
2021100405002179,ULI,59,45,10,557.0,5570.0
2021100405002176,ULI,22,50,10,556.3,5563.0
2021100405002175,ULI,22,22,10,556.3,5563.0
2021100405002173,ULI,22,38,10,556.3,5563.0
2021100405002172,ULI,22,50,10,556.3,5563.0
2021100405002169,ULI,22,48,10,556.3,5563.0
2021100405002197,ULI,22,54,10,556.3,5563.0
2021100405002193,ULI,22,45,10,556.3,5563.0
2021100405002186,ULI,22,56,10,556.3,5563.0
2021100405002184,ULI,22,1,10,556.3,5563.0
2021100405002182,ULI,22,13,10,556.3,5563.0
2021100405002180,ULI,59,51,10,557.0,5570.0
2021100405002216,ULI,22,17,10,556.3,5563.0
2021100405002212,ULI,22,17,10,556.3,5563.0
2021100405002210,ULI,26,36,10,557.0,5570.0
2021100405002209,ULI,22,17,10,556.3,5563.0
2021100405002208,ULI,22,34,10,556.3,5563.0
2021100405002200,ULI,22,1,10,556.3,5563.0
2021100405002250,ULI,44,17,10,556.2,5562.0
2021100405002248,ULI,44,37,10,556.2,5562.0
2021100405002241,ULI,22,14,10,556.3,5563.0
2021100405002231,ULI,22,34,10,556.3,5563.0
2021100405002229,ULI,42,35,10,556.4,5564.0
2021100405002223,ULI,22,45,10,556.3,5563.0
2021100405002263,ULI,22,57,10,556.3,5563.0
2021100405002262,ULI,22,19,30,556.3,16689.0
2021100405002261,ULI,22,57,10,556.3,5563.0
2021100405002257,ULI,44,6,10,556.2,5562.0
2021100405002256,ULI,44,38,10,556.2,5562.0
2021100405002254,ULI,44,41,10,556.2,5562.0
2021100405002298,ULI,32,39,10,556.4,5564.0
2021100405002296,ULI,32,4,10,556.4,5564.0
2021100405002287,ULI,32,4,10,556.4,5564.0
2021100405002282,ULI,32,38,10,556.4,5564.0
2021100405002280,ULI,22,6,10,556.3,5563.0
2021100405002277,ULI,22,6,10,556.3,5563.0
2021100405001813,JBLB,6,43,10,3895.0,38950.0
2021100405001805,JBLB,6,1,10,3895.0,38950.0
2021100405001320,JBLB,29,14,10,3860.0,38600.0
2021100405001317,JBLB,50,17,10,3865.0,38650.0
2021100405001331,JBLB,38,17,10,3850.1,38501.0
2021100405001352,JBLB,22,58,10,3860.0,38600.0
2021100405001349,JBLB,38,43,10,3850.1,38501.0
2021100405001340,JBLB,22,56,10,3870.0,38700.0
2021100405001364,JBLB,13,56,10,3860.0,38600.0
2021100405001361,JBLB,38,8,10,3850.1,38501.0
2021100405001385,JBLB,49,50,10,3878.0,38780.0
2021100405001384,JBLB,49,58,10,3878.0,38780.0
2021100405001391,JBLB,49,36,100,3900.0,390000.0
2021100405001390,JBLB,49,42,10,3900.0,39000.0
2021100405001389,JBLB,49,28,10,3890.0,38900.0
2021100405001388,JBLB,49,58,10,3880.0,38800.0
2021100405001387,JBLB,49,4,40,3880.0,155200.0
2021100405001386,JBLB,49,34,10,3880.0,38800.0
2021100405001397,JBLB,49,38,10,3900.0,39000.0
2021100405001395,JBLB,49,48,10,3900.0,39000.0
2021100405001394,JBLB,49,32,10,3900.0,39000.0
2021100405001393,JBLB,49,34,10,3900.0,39000.0
2021100405001392,JBLB,49,36,10,3900.0,39000.0
2021100405001400,JBLB,56,14,10,3900.0,39000.0
2021100405001399,JBLB,49,14,50,3900.0,195000.0
2021100405001436,JBLB,19,25,10,3859.0,38590.0
2021100405001415,JBLB,45,57,10,3851.0,38510.0
2021100405001458,JBLB,22,42,10,3859.2,38592.0
2021100405001487,JBLB,14,42,10,3860.0,38600.0
2021100405001496,JBLB,19,11,10,3870.0,38700.0
2021100405001495,JBLB,38,58,10,3861.0,38610.0
2021100405001491,JBLB,28,48,10,3852.0,38520.0
2021100405001503,JBLB,38,42,10,3861.0,38610.0
2021100405001520,JBLB,25,14,40,3880.0,155200.0
2021100405001518,JBLB,57,52,10,3870.0,38700.0
2021100405001513,JBLB,38,17,10,3861.0,38610.0
2021100405001534,JBLB,57,42,10,3870.0,38700.0
2021100405001544,JBLB,41,49,10,3880.0,38800.0
2021100405001543,JBLB,41,17,10,3880.0,38800.0
2021100405001586,JBLB,26,55,10,3872.1,38721.0
2021100405001585,JBLB,42,55,10,3872.2,38722.0
2021100405001577,JBLB,38,42,10,3872.0,38720.0
2021100405001595,JBLB,57,32,20,3872.0,77440.0
2021100405001601,JBLB,28,32,10,3872.0,38720.0
2021100405001633,JBLB,58,14,10,3900.0,39000.0
2021100405001632,JBLB,58,58,10,3900.0,39000.0
2021100405001638,JBLB,58,58,10,3907.0,39070.0
2021100405001637,JBLB,58,44,10,3907.0,39070.0
2021100405001636,JBLB,58,34,10,3900.0,39000.0
2021100405001635,JBLB,58,33,50,3900.0,195000.0
2021100405001634,JBLB,58,41,10,3900.0,39000.0
2021100405001647,JBLB,13,33,10,3875.0,38750.0
2021100405001665,JBLB,38,6,10,3899.0,38990.0
2021100405001660,JBLB,34,45,10,3880.0,38800.0
2021100405001673,JBLB,22,22,10,3900.0,39000.0
2021100405001700,JBLB,6,6,10,3902.0,39020.0
2021100405001693,JBLB,42,45,10,3907.0,39070.0
2021100405001692,JBLB,42,11,30,3907.0,117210.0
2021100405001715,JBLB,58,48,10,3900.0,39000.0
2021100405001709,JBLB,6,45,10,3900.0,39000.0
2021100405001738,JBLB,49,59,10,3900.0,39000.0
2021100405001736,JBLB,42,43,10,3902.0,39020.0
2021100405001754,JBLB,57,45,10,3890.0,38900.0
2021100405001752,JBLB,13,14,20,3900.0,78000.0
2021100405001751,JBLB,13,57,10,3900.0,39000.0
2021100405001781,JBLB,13,58,10,3902.0,39020.0
2021100405001780,JBLB,13,52,10,3902.0,39020.0
2021100405001792,JBLB,33,52,10,3906.0,39060.0
2021100405001791,JBLB,33,29,10,3903.0,39030.0
2021100405001784,JBLB,34,57,10,3900.0,39000.0
2021100405001811,MKLB,52,16,10,1931.0,19310.0
2021100405001810,MKLB,52,16,10,1931.0,19310.0
2021100405001809,MKLB,42,32,10,1931.0,19310.0
2021100405001804,MKLB,42,34,10,1931.0,19310.0
2021100405001803,MKLB,3,41,10,1931.1,19311.0
2021100405001795,MKLB,28,58,10,1931.1,19311.0
2021100405001319,MKLB,13,58,10,1918.0,19180.0
2021100405001318,MKLB,3,58,10,1916.0,19160.0
2021100405001315,MKLB,56,44,10,1915.0,19150.0
2021100405001338,MKLB,21,48,10,1918.2,19182.0
2021100405001335,MKLB,14,42,10,1918.1,19181.0
2021100405001329,MKLB,3,49,10,1920.0,19200.0
2021100405001328,MKLB,3,52,10,1920.0,19200.0
2021100405001327,MKLB,3,8,10,1920.0,19200.0
2021100405001326,MKLB,3,49,10,1920.0,19200.0
2021100405001345,MKLB,3,8,10,1930.0,19300.0
2021100405001344,MKLB,3,42,10,1930.0,19300.0
2021100405001343,MKLB,3,45,10,1930.0,19300.0
2021100405001342,MKLB,3,11,10,1930.0,19300.0
2021100405001341,MKLB,3,58,10,1924.0,19240.0
2021100405001339,MKLB,21,21,10,1918.2,19182.0
2021100405001369,MKLB,45,49,10,1935.0,19350.0
2021100405001368,MKLB,45,32,10,1935.0,19350.0
2021100405001367,MKLB,22,35,10,1930.0,19300.0
2021100405001360,MKLB,33,29,10,1930.0,19300.0
2021100405001359,MKLB,51,14,10,1920.0,19200.0
2021100405001346,MKLB,3,57,10,1930.0,19300.0
2021100405001418,MKLB,42,32,10,1921.1,19211.0
2021100405001417,MKLB,44,58,10,1921.0,19210.0
2021100405001382,MKLB,14,51,10,1920.1,19201.0
2021100405001374,MKLB,14,46,10,1920.1,19201.0
2021100405001371,MKLB,45,58,10,1935.0,19350.0
2021100405001370,MKLB,45,42,10,1935.0,19350.0
2021100405001443,MKLB,41,10,10,1926.0,19260.0
2021100405001441,MKLB,14,35,10,1926.0,19260.0
2021100405001440,MKLB,14,11,10,1925.0,19250.0
2021100405001439,MKLB,4,38,10,1922.0,19220.0
2021100405001437,MKLB,4,11,10,1922.0,19220.0
2021100405001420,MKLB,42,1,10,1921.1,19211.0
2021100405001453,MKLB,3,58,10,1930.0,19300.0
2021100405001451,MKLB,3,38,10,1930.0,19300.0
2021100405001450,MKLB,3,58,10,1930.0,19300.0
2021100405001449,MKLB,3,32,10,1930.0,19300.0
2021100405001448,MKLB,3,58,10,1930.0,19300.0
2021100405001447,MKLB,3,55,10,1926.0,19260.0
2021100405001493,MKLB,6,57,10,1930.0,19300.0
2021100405001492,MKLB,3,39,10,1931.0,19310.0
2021100405001482,MKLB,3,51,10,1930.0,19300.0
2021100405001472,MKLB,58,33,10,1931.0,19310.0
2021100405001462,MKLB,3,57,10,1930.0,19300.0
2021100405001459,MKLB,3,58,10,1930.0,19300.0
2021100405001519,MKLB,3,58,10,1935.0,19350.0
2021100405001517,MKLB,3,43,10,1925.1,19251.0
2021100405001516,MKLB,3,59,10,1925.1,19251.0
2021100405001514,MKLB,3,55,10,1930.0,19300.0
2021100405001507,MKLB,6,52,10,1925.0,19250.0
2021100405001501,MKLB,36,35,10,1930.0,19300.0
2021100405001598,MKLB,46,54,10,1927.0,19270.0
2021100405001588,MKLB,46,1,10,1927.0,19270.0
2021100405001555,MKLB,45,21,10,1926.0,19260.0
2021100405001545,MKLB,41,42,10,1926.1,19261.0
2021100405001540,MKLB,3,58,10,1926.1,19261.0
2021100405001536,MKLB,3,42,10,1926.1,19261.0
2021100405001645,MKLB,14,8,10,1927.1,19271.0
2021100405001631,MKLB,34,35,10,1927.0,19270.0
2021100405001610,MKLB,34,4,10,1927.0,19270.0
2021100405001606,MKLB,34,4,10,1927.0,19270.0
2021100405001605,MKLB,34,56,10,1927.0,19270.0
2021100405001603,MKLB,14,4,20,1926.1,38522.0
2021100405001661,MKLB,42,36,10,1929.0,19290.0
2021100405001655,MKLB,34,49,10,1928.0,19280.0
2021100405001653,MKLB,14,35,10,1927.1,19271.0
2021100405001649,MKLB,14,47,10,1927.1,19271.0
2021100405001648,MKLB,45,50,10,1928.0,19280.0
2021100405001646,MKLB,45,58,10,1930.0,19300.0
2021100405001671,MKLB,58,42,100,1949.9,194990.0
2021100405001670,MKLB,58,6,10,1939.0,19390.0
2021100405001669,MKLB,58,33,10,1935.0,19350.0
2021100405001668,MKLB,58,34,10,1930.0,19300.0
2021100405001667,MKLB,58,44,10,1930.0,19300.0
2021100405001664,MKLB,42,22,10,1929.0,19290.0
2021100405001682,MKLB,16,55,10,1950.0,19500.0
2021100405001681,MKLB,16,16,10,1950.0,19500.0
2021100405001680,MKLB,16,58,10,1950.0,19500.0
2021100405001679,MKLB,16,17,10,1950.0,19500.0
2021100405001678,MKLB,42,7,10,1929.0,19290.0
2021100405001672,MKLB,58,34,10,1950.0,19500.0
2021100405001688,MKLB,16,45,10,1950.0,19500.0
2021100405001687,MKLB,16,35,10,1950.0,19500.0
2021100405001686,MKLB,16,6,10,1950.0,19500.0
2021100405001685,MKLB,16,45,10,1950.0,19500.0
2021100405001684,MKLB,16,59,10,1950.0,19500.0
2021100405001683,MKLB,16,10,10,1950.0,19500.0
2021100405001712,MKLB,48,58,10,1939.0,19390.0
2021100405001711,MKLB,4,55,10,1931.0,19310.0
2021100405001707,MKLB,46,41,10,1939.0,19390.0
2021100405001698,MKLB,21,7,10,1930.0,19300.0
2021100405001694,MKLB,6,33,10,1930.0,19300.0
2021100405001690,MKLB,42,38,10,1929.0,19290.0
2021100405001739,MKLB,58,21,10,1931.0,19310.0
2021100405001724,MKLB,34,32,10,1930.1,19301.0
2021100405001720,MKLB,4,38,10,1931.0,19310.0
2021100405001719,MKLB,4,59,10,1931.0,19310.0
2021100405001718,MKLB,58,32,10,1935.0,19350.0
2021100405001716,MKLB,48,59,90,1940.0,174600.0
2021100405001794,MKLB,28,13,10,1931.1,19311.0
2021100405001778,MKLB,42,29,10,1931.0,19310.0
2021100405001772,MKLB,42,5,10,1931.0,19310.0
2021100405001768,MKLB,59,58,10,1940.0,19400.0
2021100405001767,MKLB,14,35,10,1931.0,19310.0
2021100405001756,MKLB,58,16,10,1940.0,19400.0
2021100405001808,SLI,49,25,10,520.0,5200.0
2021100405001806,SLI,49,1,10,520.0,5200.0
2021100405001799,SLI,51,21,10,520.0,5200.0
2021100405001798,SLI,50,59,10,521.0,5210.0
2021100405001321,SLI,32,58,10,510.0,5100.0
2021100405001334,SLI,32,49,10,510.0,5100.0
2021100405001333,SLI,35,26,10,511.0,5110.0
2021100405001332,SLI,35,49,10,511.0,5110.0
2021100405001325,SLI,32,49,10,510.0,5100.0
2021100405001324,SLI,32,57,10,510.0,5100.0
2021100405001354,SLI,28,42,10,506.0,5060.0
2021100405001347,SLI,28,8,10,506.0,5060.0
2021100405001336,SLI,32,35,10,510.0,5100.0
2021100405001376,SLI,52,36,10,506.1,5061.0
2021100405001366,SLI,52,35,10,506.1,5061.0
2021100405001363,SLI,28,56,10,506.0,5060.0
2021100405001355,SLI,28,1,10,506.0,5060.0
2021100405001383,SLI,17,18,10,510.0,5100.0
2021100405001381,SLI,52,36,10,506.1,5061.0
2021100405001378,SLI,57,6,10,511.0,5110.0
2021100405001377,SLI,57,58,10,510.0,5100.0
2021100405001396,SLI,52,45,10,506.1,5061.0
2021100405001414,SLI,52,50,10,506.1,5061.0
2021100405001413,SLI,52,19,10,506.1,5061.0
2021100405001412,SLI,17,34,10,513.0,5130.0
2021100405001411,SLI,17,38,10,510.0,5100.0
2021100405001445,SLI,33,36,10,506.3,5063.0
2021100405001438,SLI,33,52,10,506.2,5062.0
2021100405001419,SLI,52,34,10,506.1,5061.0
2021100405001416,SLI,52,36,10,506.1,5061.0
2021100405001457,SLI,22,58,10,510.0,5100.0
2021100405001456,SLI,22,51,10,510.0,5100.0
2021100405001455,SLI,22,58,10,510.0,5100.0
2021100405001454,SLI,22,14,10,509.0,5090.0
2021100405001452,SLI,39,45,10,506.4,5064.0
2021100405001446,SLI,33,19,10,506.3,5063.0
2021100405001470,SLI,22,42,10,510.0,5100.0
2021100405001469,SLI,22,38,10,510.0,5100.0
2021100405001464,SLI,22,58,10,510.0,5100.0
2021100405001461,SLI,22,58,10,510.0,5100.0
2021100405001460,SLI,22,38,10,510.0,5100.0
2021100405001486,SLI,49,42,10,506.6,5066.0
2021100405001485,SLI,44,56,10,510.0,5100.0
2021100405001484,SLI,44,38,10,510.0,5100.0
2021100405001483,SLI,44,58,10,510.0,5100.0
2021100405001471,SLI,22,49,10,510.0,5100.0
2021100405001498,SLI,52,38,10,506.7,5067.0
2021100405001490,SLI,49,17,10,506.6,5066.0
2021100405001488,SLI,44,49,10,507.0,5070.0
2021100405001509,SLI,52,42,10,507.2,5072.0
2021100405001508,SLI,17,36,10,510.0,5100.0
2021100405001505,SLI,17,46,10,510.0,5100.0
2021100405001500,SLI,52,7,10,506.8,5068.0
2021100405001499,SLI,52,38,10,506.8,5068.0
2021100405001521,SLI,57,42,10,510.0,5100.0
2021100405001515,SLI,57,42,10,510.0,5100.0
2021100405001512,SLI,57,21,10,510.0,5100.0
2021100405001538,SLI,57,38,10,510.0,5100.0
2021100405001537,SLI,57,49,10,510.0,5100.0
2021100405001535,SLI,57,28,10,510.0,5100.0
2021100405001523,SLI,5,42,10,513.0,5130.0
2021100405001522,SLI,17,11,10,512.0,5120.0
2021100405001547,SLI,42,34,10,510.0,5100.0
2021100405001546,SLI,52,43,10,507.4,5074.0
2021100405001541,SLI,57,1,10,510.0,5100.0
2021100405001539,SLI,57,58,10,510.0,5100.0
2021100405001558,SLI,36,38,10,514.9,5149.0
2021100405001557,SLI,36,7,10,514.0,5140.0
2021100405001556,SLI,36,58,10,513.0,5130.0
2021100405001554,SLI,52,29,10,507.4,5074.0
2021100405001553,SLI,52,1,10,507.4,5074.0
2021100405001551,SLI,52,16,10,507.4,5074.0
2021100405001564,SLI,36,16,10,515.0,5150.0
2021100405001563,SLI,36,8,10,515.0,5150.0
2021100405001562,SLI,36,52,10,515.0,5150.0
2021100405001561,SLI,36,56,10,515.0,5150.0
2021100405001560,SLI,36,55,20,514.9,10298.0
2021100405001559,SLI,36,14,10,514.9,5149.0
2021100405001570,SLI,36,52,10,515.0,5150.0
2021100405001569,SLI,36,58,10,515.0,5150.0
2021100405001568,SLI,36,49,10,515.0,5150.0
2021100405001567,SLI,36,38,10,515.0,5150.0
2021100405001566,SLI,36,45,10,515.0,5150.0
2021100405001565,SLI,36,11,10,515.0,5150.0
2021100405001578,SLI,4,7,10,510.0,5100.0
2021100405001572,SLI,36,16,10,516.0,5160.0
2021100405001571,SLI,36,21,10,515.0,5150.0
2021100405001596,SLI,26,43,10,515.0,5150.0
2021100405001594,SLI,26,43,10,515.0,5150.0
2021100405001593,SLI,26,51,10,515.0,5150.0
2021100405001592,SLI,26,58,10,515.0,5150.0
2021100405001590,SLI,4,58,10,515.0,5150.0
2021100405001609,SLI,26,42,10,515.0,5150.0
2021100405001604,SLI,26,28,10,515.0,5150.0
2021100405001602,SLI,26,58,10,515.0,5150.0
2021100405001600,SLI,26,28,10,515.0,5150.0
2021100405001597,SLI,26,32,10,515.0,5150.0
2021100405001620,SLI,52,26,10,520.0,5200.0
2021100405001619,SLI,52,28,10,519.9,5199.0
2021100405001618,SLI,26,36,10,515.0,5150.0
2021100405001617,SLI,16,37,10,517.0,5170.0
2021100405001612,SLI,16,25,10,517.0,5170.0
2021100405001611,SLI,16,58,10,516.0,5160.0
2021100405001626,SLI,52,4,10,520.0,5200.0
2021100405001625,SLI,52,38,10,520.0,5200.0
2021100405001624,SLI,52,40,10,520.0,5200.0
2021100405001623,SLI,52,58,10,520.0,5200.0
2021100405001622,SLI,52,22,10,520.0,5200.0
2021100405001621,SLI,52,28,10,520.0,5200.0
2021100405001630,SLI,52,55,170,520.0,88400.0
2021100405001629,SLI,52,54,40,520.0,20800.0
2021100405001628,SLI,52,34,20,520.0,10400.0
2021100405001627,SLI,52,55,10,520.0,5200.0
2021100405001639,SLI,16,55,10,520.0,5200.0
2021100405001654,SLI,16,38,10,517.0,5170.0
2021100405001651,SLI,52,47,10,516.0,5160.0
2021100405001644,SLI,16,45,10,519.9,5199.0
2021100405001643,SLI,16,57,10,520.0,5200.0
2021100405001641,SLI,16,52,10,520.0,5200.0
2021100405001663,SLI,16,58,10,519.9,5199.0
2021100405001659,SLI,16,56,10,519.0,5190.0
2021100405001658,SLI,52,35,10,516.0,5160.0
2021100405001657,SLI,16,14,10,517.0,5170.0
2021100405001691,SLI,51,35,10,519.0,5190.0
2021100405001677,SLI,16,14,10,520.0,5200.0
2021100405001676,SLI,16,49,10,520.0,5200.0
2021100405001675,SLI,16,48,10,520.0,5200.0
2021100405001674,SLI,16,6,10,519.0,5190.0
2021100405001704,SLI,51,34,10,520.0,5200.0
2021100405001702,SLI,52,57,70,516.0,36120.0
2021100405001695,SLI,52,42,10,516.0,5160.0
2021100405001717,SLI,6,21,10,517.0,5170.0
2021100405001713,SLI,57,55,10,516.0,5160.0
2021100405001710,SLI,16,35,10,517.0,5170.0
2021100405001705,SLI,51,53,10,520.0,5200.0
2021100405001734,SLI,51,4,10,520.0,5200.0
2021100405001733,SLI,51,58,10,520.0,5200.0
2021100405001722,SLI,16,58,10,517.0,5170.0
2021100405001721,SLI,57,38,10,516.0,5160.0
2021100405001745,SLI,32,49,10,521.0,5210.0
2021100405001744,SLI,32,45,10,520.0,5200.0
2021100405001743,SLI,32,35,10,520.0,5200.0
2021100405001742,SLI,32,49,10,520.0,5200.0
2021100405001741,SLI,32,59,10,519.0,5190.0
2021100405001740,SLI,32,59,10,519.0,5190.0
2021100405001749,SLI,32,52,10,522.0,5220.0
2021100405001747,SLI,32,48,60,522.0,31320.0
2021100405001746,SLI,32,8,10,522.0,5220.0
2021100405001779,SLI,51,38,10,520.0,5200.0
2021100405001777,SLI,51,58,10,520.0,5200.0
2021100405001776,SLI,33,47,10,517.1,5171.0
2021100405001766,SLI,32,44,10,522.0,5220.0
2021100405001797,SLI,50,59,10,521.0,5210.0
2021100405001796,SLI,44,36,10,520.0,5200.0
2021100405001793,SLI,44,56,10,520.0,5200.0
2021100405001814,ULI,45,14,10,568.0,5680.0
2021100405001812,ULI,22,49,10,565.1,5651.0
2021100405001807,ULI,22,58,10,565.1,5651.0
2021100405001802,ULI,22,57,10,565.1,5651.0
2021100405001801,ULI,22,40,10,565.1,5651.0
2021100405001800,ULI,22,38,30,565.1,16953.0
2021100405001322,ULI,45,58,10,551.0,5510.0
2021100405001316,ULI,32,48,10,552.0,5520.0
2021100405001351,ULI,45,50,10,551.0,5510.0
2021100405001350,ULI,45,21,10,551.0,5510.0
2021100405001348,ULI,45,8,10,551.0,5510.0
2021100405001337,ULI,45,58,10,551.0,5510.0
2021100405001330,ULI,45,58,10,551.0,5510.0
2021100405001323,ULI,45,45,10,551.0,5510.0
2021100405001365,ULI,45,49,120,555.0,66600.0
2021100405001362,ULI,42,44,40,551.1,22044.0
2021100405001358,ULI,33,49,70,555.0,38850.0
2021100405001357,ULI,33,58,10,555.0,5550.0
2021100405001356,ULI,33,49,10,555.0,5550.0
2021100405001353,ULI,45,52,10,551.0,5510.0
2021100405001398,ULI,39,45,200,551.0,110200.0
2021100405001380,ULI,17,35,70,550.0,38500.0
2021100405001379,ULI,42,35,30,550.1,16503.0
2021100405001375,ULI,42,11,10,550.1,5501.0
2021100405001373,ULI,33,41,10,551.0,5510.0
2021100405001372,ULI,42,52,10,550.1,5501.0
2021100405001406,ULI,17,42,10,555.0,5550.0
2021100405001405,ULI,17,42,10,555.0,5550.0
2021100405001404,ULI,17,53,350,555.0,194250.0
2021100405001403,ULI,17,38,10,555.0,5550.0
2021100405001402,ULI,17,42,10,555.0,5550.0
2021100405001401,ULI,17,49,25,555.0,13875.0
2021100405001422,ULI,33,58,10,555.0,5550.0
2021100405001421,ULI,17,43,10,551.1,5511.0
2021100405001410,ULI,17,47,10,555.0,5550.0
2021100405001409,ULI,17,55,10,555.0,5550.0
2021100405001408,ULI,17,16,10,555.0,5550.0
2021100405001407,ULI,17,35,10,555.0,5550.0
2021100405001428,ULI,33,58,10,560.0,5600.0
2021100405001427,ULI,33,58,10,558.0,5580.0
2021100405001426,ULI,33,19,10,557.0,5570.0
2021100405001425,ULI,33,56,10,557.0,5570.0
2021100405001424,ULI,33,14,10,556.0,5560.0
2021100405001423,ULI,33,35,10,556.0,5560.0
2021100405001434,ULI,33,58,10,561.0,5610.0
2021100405001433,ULI,33,21,10,560.0,5600.0
2021100405001432,ULI,33,11,10,560.0,5600.0
2021100405001431,ULI,33,49,10,560.0,5600.0
2021100405001430,ULI,33,4,10,560.0,5600.0
2021100405001429,ULI,33,56,10,560.0,5600.0
2021100405001466,ULI,39,38,10,552.0,5520.0
2021100405001465,ULI,39,42,10,552.0,5520.0
2021100405001463,ULI,39,42,10,552.0,5520.0
2021100405001444,ULI,47,21,10,553.0,5530.0
2021100405001442,ULI,39,33,10,552.0,5520.0
2021100405001435,ULI,33,3,200,561.0,112200.0
2021100405001476,ULI,33,16,10,561.0,5610.0
2021100405001475,ULI,33,1,10,561.0,5610.0
2021100405001474,ULI,33,22,10,555.0,5550.0
2021100405001473,ULI,22,43,10,553.0,5530.0
2021100405001468,ULI,22,58,10,553.0,5530.0
2021100405001467,ULI,39,42,10,552.0,5520.0
2021100405001489,ULI,22,42,10,553.0,5530.0
2021100405001481,ULI,33,58,10,564.0,5640.0
2021100405001480,ULI,33,44,10,564.0,5640.0
2021100405001479,ULI,33,58,10,563.0,5630.0
2021100405001478,ULI,33,50,200,563.0,112600.0
2021100405001477,ULI,33,21,10,563.0,5630.0
2021100405001510,ULI,36,47,100,564.0,56400.0
2021100405001506,ULI,42,38,10,554.0,5540.0
2021100405001504,ULI,36,25,10,562.0,5620.0
2021100405001502,ULI,36,51,10,561.0,5610.0
2021100405001497,ULI,22,38,10,553.0,5530.0
2021100405001494,ULI,22,42,10,553.0,5530.0
2021100405001528,ULI,36,22,10,565.0,5650.0
2021100405001527,ULI,36,7,10,565.0,5650.0
2021100405001526,ULI,36,58,10,564.3,5643.0
2021100405001525,ULI,36,58,10,564.0,5640.0
2021100405001524,ULI,36,38,10,561.0,5610.0
2021100405001511,ULI,36,49,10,564.0,5640.0
2021100405001542,ULI,22,29,10,555.0,5550.0
2021100405001533,ULI,36,49,90,565.0,50850.0
2021100405001532,ULI,36,29,10,565.0,5650.0
2021100405001531,ULI,36,58,10,565.0,5650.0
2021100405001530,ULI,36,43,30,565.0,16950.0
2021100405001529,ULI,36,21,10,565.0,5650.0
2021100405001574,ULI,22,57,10,555.0,5550.0
2021100405001573,ULI,22,43,10,555.0,5550.0
2021100405001552,ULI,22,58,10,555.0,5550.0
2021100405001550,ULI,58,49,10,560.0,5600.0
2021100405001549,ULI,58,6,10,560.0,5600.0
2021100405001548,ULI,22,42,10,555.0,5550.0
2021100405001582,ULI,22,49,10,565.0,5650.0
2021100405001581,ULI,22,34,10,560.0,5600.0
2021100405001580,ULI,32,38,10,564.0,5640.0
2021100405001579,ULI,32,32,10,561.0,5610.0
2021100405001576,ULI,1,43,10,556.0,5560.0
2021100405001575,ULI,1,38,10,556.0,5560.0
2021100405001599,ULI,22,7,10,556.1,5561.0
2021100405001591,ULI,21,52,30,558.0,16740.0
2021100405001589,ULI,21,59,10,558.0,5580.0
2021100405001587,ULI,21,10,10,558.0,5580.0
2021100405001584,ULI,22,58,10,565.0,5650.0
2021100405001583,ULI,22,16,10,565.0,5650.0
2021100405001616,ULI,44,36,10,565.0,5650.0
2021100405001615,ULI,44,49,10,565.0,5650.0
2021100405001614,ULI,44,21,10,565.0,5650.0
2021100405001613,ULI,44,58,10,564.3,5643.0
2021100405001608,ULI,44,59,10,556.2,5562.0
2021100405001607,ULI,32,11,10,564.3,5643.0
2021100405001662,ULI,44,42,10,566.0,5660.0
2021100405001656,ULI,44,57,10,566.0,5660.0
2021100405001652,ULI,44,34,10,565.0,5650.0
2021100405001650,ULI,44,56,10,565.0,5650.0
2021100405001642,ULI,44,52,10,565.0,5650.0
2021100405001640,ULI,44,49,10,565.0,5650.0
2021100405001701,ULI,38,58,10,566.0,5660.0
2021100405001699,ULI,38,34,10,566.0,5660.0
2021100405001697,ULI,44,34,65,566.0,36790.0
2021100405001696,ULI,44,50,10,566.0,5660.0
2021100405001689,ULI,44,34,15,566.0,8490.0
2021100405001666,ULI,44,6,10,566.0,5660.0
2021100405001725,ULI,56,1,100,566.0,56600.0
2021100405001723,ULI,22,41,10,565.1,5651.0
2021100405001714,ULI,43,49,10,566.0,5660.0
2021100405001708,ULI,38,41,10,566.0,5660.0
2021100405001706,ULI,38,58,10,566.0,5660.0
2021100405001703,ULI,38,49,10,566.0,5660.0
2021100405001731,ULI,56,52,100,568.0,56800.0
2021100405001730,ULI,56,42,10,567.7,5677.0
2021100405001729,ULI,56,49,10,567.0,5670.0
2021100405001728,ULI,56,29,10,567.0,5670.0
2021100405001727,ULI,56,48,10,567.0,5670.0
2021100405001726,ULI,56,34,10,566.0,5660.0
2021100405001753,ULI,56,59,10,568.0,5680.0
2021100405001750,ULI,56,57,10,568.0,5680.0
2021100405001748,ULI,56,38,10,568.0,5680.0
2021100405001737,ULI,56,21,10,568.0,5680.0
2021100405001735,ULI,56,51,10,568.0,5680.0
2021100405001732,ULI,56,49,10,568.0,5680.0
2021100405001761,ULI,7,52,10,570.0,5700.0
2021100405001760,ULI,7,6,10,570.0,5700.0
2021100405001759,ULI,7,34,10,570.0,5700.0
2021100405001758,ULI,7,42,10,569.0,5690.0
2021100405001757,ULI,7,41,10,569.0,5690.0
2021100405001755,ULI,56,21,10,568.0,5680.0
2021100405001770,ULI,7,17,10,570.0,5700.0
2021100405001769,ULI,7,38,20,569.0,11380.0
2021100405001765,ULI,7,57,20,570.0,11400.0
2021100405001764,ULI,7,45,10,570.0,5700.0
2021100405001763,ULI,7,14,10,570.0,5700.0
2021100405001762,ULI,7,21,10,570.0,5700.0
2021100405001783,ULI,56,58,10,568.0,5680.0
2021100405001782,ULI,56,38,10,568.0,5680.0
2021100405001775,ULI,56,38,10,568.0,5680.0
2021100405001774,ULI,56,21,10,568.0,5680.0
2021100405001773,ULI,56,56,10,568.0,5680.0
2021100405001771,ULI,7,56,10,570.0,5700.0
2021100405001790,ULI,49,38,10,568.0,5680.0
2021100405001789,ULI,56,38,30,568.0,17040.0
2021100405001788,ULI,48,38,30,569.0,17070.0
2021100405001787,ULI,48,14,10,569.0,5690.0
2021100405001786,ULI,48,1,150,569.0,85350.0
2021100405001785,ULI,48,59,10,569.0,5690.0
2021100405001312,JBLB,22,21,10,3860.0,38600.0
2021100405000817,JBLB,40,42,10,3832.0,38320.0
2021100405000826,JBLB,32,55,10,3845.0,38450.0
2021100405000824,JBLB,53,58,10,3832.0,38320.0
2021100405000829,JBLB,6,38,20,3860.1,77202.0
2021100405000871,JBLB,6,58,10,3861.0,38610.0
2021100405000869,JBLB,6,58,10,3861.0,38610.0
2021100405000865,JBLB,8,35,10,3870.0,38700.0
2021100405000859,JBLB,6,58,10,3861.0,38610.0
2021100405000885,JBLB,49,47,10,3865.0,38650.0
2021100405000884,JBLB,40,52,10,3878.0,38780.0
2021100405000911,JBLB,55,35,10,3880.0,38800.0
2021100405000910,JBLB,55,45,10,3880.0,38800.0
2021100405000909,JBLB,55,42,10,3880.0,38800.0
2021100405000908,JBLB,55,58,10,3879.0,38790.0
2021100405000907,JBLB,42,8,10,3878.0,38780.0
2021100405000892,JBLB,46,32,10,3878.0,38780.0
2021100405000916,JBLB,37,38,10,3882.0,38820.0
2021100405000915,JBLB,37,44,10,3882.0,38820.0
2021100405000914,JBLB,37,49,10,3881.0,38810.0
2021100405000912,JBLB,55,4,10,3880.0,38800.0
2021100405000922,JBLB,46,58,10,3882.1,38821.0
2021100405000947,JBLB,37,6,10,3882.0,38820.0
2021100405000954,JBLB,58,38,10,3883.0,38830.0
2021100405000962,JBLB,38,48,10,3885.0,38850.0
2021100405000961,JBLB,17,17,10,3883.0,38830.0
2021100405000974,JBLB,39,43,10,3900.0,39000.0
2021100405000972,JBLB,51,11,10,3900.0,39000.0
2021100405000969,JBLB,40,58,10,3891.0,38910.0
2021100405000965,JBLB,10,49,10,3890.0,38900.0
2021100405000995,JBLB,57,43,40,3900.0,156000.0
2021100405001007,JBLB,42,21,10,3905.0,39050.0
2021100405001006,JBLB,39,38,10,3900.0,39000.0
2021100405001025,JBLB,28,57,20,3915.0,78300.0
2021100405001021,JBLB,38,43,10,3910.0,39100.0
2021100405001013,JBLB,17,43,40,3910.0,156400.0
2021100405001012,JBLB,17,43,50,3910.0,195500.0
2021100405001008,JBLB,42,49,10,3905.0,39050.0
2021100405001060,JBLB,48,54,10,3927.0,39270.0
2021100405001055,JBLB,50,33,10,3925.0,39250.0
2021100405001042,JBLB,44,35,10,3925.0,39250.0
2021100405001089,JBLB,3,8,10,3950.0,39500.0
2021100405001088,JBLB,3,41,10,3950.0,39500.0
2021100405001075,JBLB,57,48,10,3938.0,39380.0
2021100405001061,JBLB,48,49,10,3927.0,39270.0
2021100405001098,JBLB,14,42,10,3955.0,39550.0
2021100405001097,JBLB,14,16,10,3950.0,39500.0
2021100405001096,JBLB,14,4,10,3940.0,39400.0
2021100405001093,JBLB,28,8,50,3950.0,197500.0
2021100405001090,JBLB,21,8,40,3950.0,158000.0
2021100405001104,JBLB,21,43,13,3950.0,51350.0
2021100405001103,JBLB,52,43,20,3950.0,79000.0
2021100405001116,JBLB,21,59,40,3920.0,156800.0
2021100405001114,JBLB,54,13,10,3927.0,39270.0
2021100405001111,JBLB,48,1,10,3930.0,39300.0
2021100405001123,JBLB,42,47,20,3905.0,78100.0
2021100405001122,JBLB,42,28,10,3905.0,39050.0
2021100405001120,JBLB,42,43,10,3905.0,39050.0
2021100405001119,JBLB,42,38,10,3905.0,39050.0
2021100405001117,JBLB,57,59,60,3907.0,234420.0
2021100405001129,JBLB,39,57,10,3900.0,39000.0
2021100405001124,JBLB,42,57,20,3905.0,78100.0
2021100405001137,JBLB,57,28,10,3890.0,38900.0
2021100405001136,JBLB,21,28,10,3890.0,38900.0
2021100405001135,JBLB,55,28,10,3890.0,38900.0
2021100405001131,JBLB,55,38,10,3890.0,38900.0
2021100405001152,JBLB,38,1,10,3882.0,38820.0
2021100405001149,JBLB,37,1,30,3882.0,116460.0
2021100405001148,JBLB,37,52,10,3882.0,38820.0
2021100405001144,JBLB,37,33,20,3882.0,77640.0
2021100405001143,JBLB,21,33,10,3884.0,38840.0
2021100405001169,JBLB,14,49,10,3860.0,38600.0
2021100405001167,JBLB,49,13,10,3865.0,38650.0
2021100405001159,JBLB,28,52,20,3870.0,77400.0
2021100405001156,JBLB,19,39,10,3878.0,38780.0
2021100405001184,JBLB,33,43,10,3859.3,38593.0
2021100405001186,JBLB,6,38,10,3850.0,38500.0
2021100405001198,JBLB,26,59,10,3832.0,38320.0
2021100405001235,JBLB,45,4,10,3831.0,38310.0
2021100405001231,JBLB,45,45,10,3831.0,38310.0
2021100405001247,JBLB,8,29,10,3832.0,38320.0
2021100405001246,JBLB,55,35,10,3850.0,38500.0
2021100405001245,JBLB,55,17,10,3850.0,38500.0
2021100405001244,JBLB,55,58,10,3850.0,38500.0
2021100405001242,JBLB,33,32,10,3832.0,38320.0
2021100405001237,JBLB,45,43,10,3831.0,38310.0
2021100405001253,JBLB,8,43,10,3832.0,38320.0
2021100405001266,JBLB,58,49,30,3840.0,115200.0
2021100405001265,JBLB,58,58,10,3832.0,38320.0
2021100405001258,JBLB,51,58,10,3831.0,38310.0
2021100405001276,JBLB,17,45,10,3840.0,38400.0
2021100405001272,JBLB,38,38,10,3832.0,38320.0
2021100405001268,JBLB,51,51,10,3835.0,38350.0
2021100405001288,JBLB,37,21,10,3849.0,38490.0
2021100405001300,JBLB,48,58,10,3850.0,38500.0
2021100405001313,MKLB,56,45,10,1915.0,19150.0
2021100405001311,MKLB,56,52,10,1915.0,19150.0
2021100405001310,MKLB,56,43,10,1915.0,19150.0
2021100405001290,MKLB,56,45,170,1915.0,325550.0
2021100405001289,MKLB,35,58,5,1910.0,9550.0
2021100405001277,MKLB,53,32,10,1920.0,19200.0
2021100405000825,MKLB,41,17,10,1908.0,19080.0
2021100405000823,MKLB,21,56,10,1908.0,19080.0
2021100405000820,MKLB,41,3,10,1910.0,19100.0
2021100405000866,MKLB,41,46,10,1920.0,19200.0
2021100405000863,MKLB,41,58,10,1911.0,19110.0
2021100405000860,MKLB,56,38,10,1920.0,19200.0
2021100405000857,MKLB,14,49,10,1915.0,19150.0
2021100405000856,MKLB,41,38,10,1911.0,19110.0
2021100405000852,MKLB,4,45,10,1915.0,19150.0
2021100405000876,MKLB,41,58,10,1911.0,19110.0
2021100405000875,MKLB,41,43,10,1911.0,19110.0
2021100405000874,MKLB,42,45,10,1920.0,19200.0
2021100405000870,MKLB,42,44,10,1920.0,19200.0
2021100405000868,MKLB,41,28,10,1920.0,19200.0
2021100405000867,MKLB,41,35,10,1920.0,19200.0
2021100405000904,MKLB,36,22,10,1924.0,19240.0
2021100405000903,MKLB,41,49,10,1912.0,19120.0
2021100405000901,MKLB,41,20,10,1912.0,19120.0
2021100405000895,MKLB,17,8,10,1920.0,19200.0
2021100405000890,MKLB,17,58,10,1920.0,19200.0
2021100405000887,MKLB,17,6,10,1912.0,19120.0
2021100405000924,MKLB,41,6,10,1912.0,19120.0
2021100405000923,MKLB,21,46,10,1925.0,19250.0
2021100405000921,MKLB,42,17,10,1925.0,19250.0
2021100405000918,MKLB,41,13,10,1921.0,19210.0
2021100405000906,MKLB,36,38,10,1924.0,19240.0
2021100405000905,MKLB,36,29,10,1924.0,19240.0
2021100405000976,MKLB,51,49,10,1913.0,19130.0
2021100405000973,MKLB,14,38,10,1915.0,19150.0
2021100405000966,MKLB,34,44,10,1914.0,19140.0
2021100405000959,MKLB,51,32,10,1924.0,19240.0
2021100405000951,MKLB,26,38,10,1915.0,19150.0
2021100405000948,MKLB,51,38,10,1913.0,19130.0
2021100405001001,MKLB,14,58,10,1929.0,19290.0
2021100405001000,MKLB,14,13,10,1928.0,19280.0
2021100405000984,MKLB,58,56,10,1925.0,19250.0
2021100405000983,MKLB,58,19,10,1925.0,19250.0
2021100405000982,MKLB,58,38,10,1925.0,19250.0
2021100405000981,MKLB,58,35,10,1920.0,19200.0
2021100405001011,MKLB,22,53,10,1940.0,19400.0
2021100405001010,MKLB,22,42,10,1940.0,19400.0
2021100405001009,MKLB,22,16,10,1940.0,19400.0
2021100405001004,MKLB,14,38,10,1930.0,19300.0
2021100405001003,MKLB,14,38,10,1930.0,19300.0
2021100405001002,MKLB,14,34,10,1930.0,19300.0
2021100405001020,MKLB,58,26,10,1945.0,19450.0
2021100405001019,MKLB,58,45,10,1945.0,19450.0
2021100405001018,MKLB,58,26,10,1945.0,19450.0
2021100405001017,MKLB,58,48,10,1945.0,19450.0
2021100405001016,MKLB,58,46,10,1945.0,19450.0
2021100405001015,MKLB,58,58,10,1945.0,19450.0
2021100405001030,MKLB,52,28,10,1950.0,19500.0
2021100405001029,MKLB,52,6,10,1950.0,19500.0
2021100405001028,MKLB,52,7,10,1949.0,19490.0
2021100405001026,MKLB,34,35,10,1948.2,19482.0
2021100405001024,MKLB,34,13,10,1948.2,19482.0
2021100405001022,MKLB,34,38,10,1948.2,19482.0
2021100405001036,MKLB,56,49,10,1950.0,19500.0
2021100405001035,MKLB,56,58,10,1950.0,19500.0
2021100405001034,MKLB,56,44,10,1950.0,19500.0
2021100405001033,MKLB,56,58,10,1950.0,19500.0
2021100405001032,MKLB,56,22,10,1950.0,19500.0
2021100405001031,MKLB,56,28,10,1950.0,19500.0
2021100405001045,MKLB,56,47,10,1950.0,19500.0
2021100405001044,MKLB,56,22,10,1950.0,19500.0
2021100405001040,MKLB,56,25,10,1950.0,19500.0
2021100405001039,MKLB,56,42,10,1950.0,19500.0
2021100405001038,MKLB,56,21,10,1950.0,19500.0
2021100405001037,MKLB,56,14,10,1950.0,19500.0
2021100405001053,MKLB,56,49,10,1955.0,19550.0
2021100405001052,MKLB,56,19,10,1954.0,19540.0
2021100405001051,MKLB,56,38,10,1952.0,19520.0
2021100405001048,MKLB,45,46,10,1951.0,19510.0
2021100405001047,MKLB,8,22,10,1950.2,19502.0
2021100405001046,MKLB,56,49,10,1950.0,19500.0
2021100405001065,MKLB,7,56,10,1963.0,19630.0
2021100405001064,MKLB,47,1,10,1960.0,19600.0
2021100405001058,MKLB,1,21,10,1960.0,19600.0
2021100405001057,MKLB,47,49,10,1956.0,19560.0
2021100405001056,MKLB,56,51,10,1955.0,19550.0
2021100405001054,MKLB,56,59,10,1955.0,19550.0
2021100405001071,MKLB,7,59,10,1970.0,19700.0
2021100405001070,MKLB,7,48,10,1970.0,19700.0
2021100405001069,MKLB,7,58,10,1968.6,19686.0
2021100405001068,MKLB,7,21,10,1968.0,19680.0
2021100405001067,MKLB,7,49,10,1965.0,19650.0
2021100405001066,MKLB,7,43,10,1963.5,19635.0
2021100405001079,MKLB,7,44,10,1970.0,19700.0
2021100405001078,MKLB,6,44,10,1975.0,19750.0
2021100405001077,MKLB,6,49,10,1975.0,19750.0
2021100405001074,MKLB,7,17,10,1970.0,19700.0
2021100405001073,MKLB,32,49,10,1975.0,19750.0
2021100405001072,MKLB,32,45,10,1975.0,19750.0
2021100405001099,MKLB,7,21,10,1989.0,19890.0
2021100405001091,MKLB,44,44,50,1990.0,99500.0
2021100405001083,MKLB,7,21,10,1989.0,19890.0
2021100405001082,MKLB,7,33,10,1985.0,19850.0
2021100405001081,MKLB,7,38,10,1980.0,19800.0
2021100405001080,MKLB,7,16,10,1980.0,19800.0
2021100405001130,MKLB,56,4,10,1955.0,19550.0
2021100405001121,MKLB,7,25,10,1970.0,19700.0
2021100405001115,MKLB,6,39,10,1980.0,19800.0
2021100405001112,MKLB,6,58,10,1980.0,19800.0
2021100405001110,MKLB,7,38,10,1989.0,19890.0
2021100405001100,MKLB,7,58,10,1989.0,19890.0
2021100405001153,MKLB,35,32,10,1955.0,19550.0
2021100405001147,MKLB,35,3,10,1955.0,19550.0
2021100405001146,MKLB,56,3,10,1955.0,19550.0
2021100405001145,MKLB,56,20,10,1955.0,19550.0
2021100405001139,MKLB,56,46,10,1955.0,19550.0
2021100405001133,MKLB,56,16,10,1955.0,19550.0
2021100405001162,MKLB,57,8,10,1955.0,19550.0
2021100405001161,MKLB,35,8,49,1955.0,95795.0
2021100405001160,MKLB,35,52,10,1955.0,19550.0
2021100405001158,MKLB,35,51,10,1955.0,19550.0
2021100405001157,MKLB,35,32,10,1955.0,19550.0
2021100405001155,MKLB,35,38,10,1955.0,19550.0
2021100405001178,MKLB,14,8,41,1956.0,80196.0
2021100405001172,MKLB,14,6,10,1956.0,19560.0
2021100405001171,MKLB,14,53,10,1955.0,19550.0
2021100405001170,MKLB,14,43,10,1955.0,19550.0
2021100405001164,MKLB,57,38,60,1955.0,117300.0
2021100405001163,MKLB,57,57,10,1955.0,19550.0
2021100405001203,MKLB,42,38,10,1952.0,19520.0
2021100405001202,MKLB,14,25,49,1956.0,95844.0
2021100405001197,MKLB,14,45,30,1956.0,58680.0
2021100405001195,MKLB,14,6,30,1956.0,58680.0
2021100405001191,MKLB,14,38,10,1956.0,19560.0
2021100405001179,MKLB,14,5,10,1956.0,19560.0
2021100405001222,MKLB,25,35,20,1950.0,39000.0
2021100405001221,MKLB,25,35,10,1950.0,19500.0
2021100405001220,MKLB,56,35,20,1950.0,39000.0
2021100405001217,MKLB,45,58,10,1951.0,19510.0
2021100405001211,MKLB,42,57,30,1952.0,58560.0
2021100405001205,MKLB,42,38,10,1952.0,19520.0
2021100405001240,MKLB,6,25,10,1930.0,19300.0
2021100405001239,MKLB,14,25,50,1930.0,96500.0
2021100405001232,MKLB,34,45,10,1948.2,19482.0
2021100405001230,MKLB,34,57,10,1948.2,19482.0
2021100405001225,MKLB,29,57,30,1952.0,58560.0
2021100405001224,MKLB,29,35,10,1950.0,19500.0
2021100405001275,MKLB,56,13,10,1915.0,19150.0
2021100405001269,MKLB,29,20,10,1920.0,19200.0
2021100405001262,MKLB,25,29,10,1920.0,19200.0
2021100405001261,MKLB,25,43,10,1920.0,19200.0
2021100405001259,MKLB,36,42,10,1920.0,19200.0
2021100405001255,MKLB,38,58,10,1920.0,19200.0
