Transact. No.,Symbol,Buyer,Seller,Quantity,Rate,Amount
2021100605002282,JBLB,21,6,10,4287.7,42877.0
2021100605002281,JBLB,57,21,25,4286.1,107152.5
2021100605002280,JBLB,35,6,10,4287.7,42877.0
2021100605002278,JBLB,26,57,30,4286.0,128580.0
2021100605001788,JBLB,58,21,10,4310.0,43100.0
2021100605001803,JBLB,35,58,10,4283.0,42830.0
2021100605001802,JBLB,36,58,20,4300.0,86000.0
2021100605001813,JBLB,4,33,10,4282.0,42820.0
2021100605001811,JBLB,13,11,10,4300.0,43000.0
2021100605001810,JBLB,13,58,30,4300.0,129000.0
2021100605001806,JBLB,35,28,10,4283.0,42830.0
2021100605001822,JBLB,4,45,10,4282.0,42820.0
2021100605001820,JBLB,19,55,10,4310.0,43100.0
2021100605001819,JBLB,19,22,10,4310.0,43100.0
2021100605001818,JBLB,19,7,10,4305.0,43050.0
2021100605001817,JBLB,14,13,10,4300.0,43000.0
2021100605001845,JBLB,49,44,10,4300.0,43000.0
2021100605001834,JBLB,19,21,15,4300.0,64500.0
2021100605001832,JBLB,58,58,10,4299.0,42990.0
2021100605001851,JBLB,41,34,10,4300.0,43000.0
2021100605001846,JBLB,41,52,22,4300.0,94600.0
2021100605001866,JBLB,42,51,10,4300.0,43000.0
2021100605001863,JBLB,42,34,10,4300.0,43000.0
2021100605001892,JBLB,45,47,10,4300.0,43000.0
2021100605001891,JBLB,14,35,20,4305.0,86100.0
2021100605001890,JBLB,45,17,10,4300.0,43000.0
2021100605001899,JBLB,51,39,10,4300.0,43000.0
2021100605001898,JBLB,42,39,10,4300.0,43000.0
2021100605001897,JBLB,42,57,10,4300.0,43000.0
2021100605001895,JBLB,42,54,10,4300.0,43000.0
2021100605001893,JBLB,42,17,10,4300.0,43000.0
2021100605001934,JBLB,42,5,10,4300.0,43000.0
2021100605001933,JBLB,41,38,10,4300.0,43000.0
2021100605001942,JBLB,34,42,10,4304.0,43040.0
2021100605001941,JBLB,42,28,10,4300.0,43000.0
2021100605001940,JBLB,42,38,10,4300.0,43000.0
2021100605001939,JBLB,42,6,10,4300.0,43000.0
2021100605001935,JBLB,42,58,10,4300.0,43000.0
2021100605001967,JBLB,42,39,40,4300.0,172000.0
2021100605001984,JBLB,42,22,10,4304.0,43040.0
2021100605001972,JBLB,19,16,10,4307.0,43070.0
2021100605001969,JBLB,40,42,10,4304.0,43040.0
2021100605001968,JBLB,40,42,10,4300.0,43000.0
2021100605001986,JBLB,4,14,10,4305.0,43050.0
2021100605001985,JBLB,42,56,10,4307.0,43070.0
2021100605002004,JBLB,4,38,10,4307.0,43070.0
2021100605002003,JBLB,41,3,10,4309.0,43090.0
2021100605002001,JBLB,4,35,10,4307.0,43070.0
2021100605001999,JBLB,42,56,10,4309.0,43090.0
2021100605001998,JBLB,4,58,10,4307.0,43070.0
2021100605002008,JBLB,4,36,10,4307.0,43070.0
2021100605002005,JBLB,4,55,50,4307.0,215350.0
2021100605002018,JBLB,50,8,10,4305.0,43050.0
2021100605002017,JBLB,50,58,20,4305.0,86100.0
2021100605002016,JBLB,54,58,10,4305.0,43050.0
2021100605002015,JBLB,45,36,10,4307.0,43070.0
2021100605002026,JBLB,58,1,10,4295.0,42950.0
2021100605002025,JBLB,58,10,10,4295.0,42950.0
2021100605002035,JBLB,58,28,20,4295.0,85900.0
2021100605002046,JBLB,4,6,10,4282.0,42820.0
2021100605002049,JBLB,42,16,10,4280.0,42800.0
2021100605002061,JBLB,33,41,10,4282.0,42820.0
2021100605002059,JBLB,57,59,10,4280.1,42801.0
2021100605002058,JBLB,8,58,10,4280.0,42800.0
2021100605002057,JBLB,41,58,10,4280.0,42800.0
2021100605002055,JBLB,42,4,10,4280.0,42800.0
2021100605002066,JBLB,36,6,10,4282.0,42820.0
2021100605002062,JBLB,33,11,10,4282.0,42820.0
2021100605002077,JBLB,26,51,10,4282.0,42820.0
2021100605002073,JBLB,47,58,10,4280.2,42802.0
2021100605002097,JBLB,57,57,10,4280.1,42801.0
2021100605002095,JBLB,33,36,30,4282.0,128460.0
2021100605002092,JBLB,57,38,10,4280.1,42801.0
2021100605002091,JBLB,17,36,10,4282.0,42820.0
2021100605002105,JBLB,44,58,50,4285.0,214250.0
2021100605002100,JBLB,57,42,20,4280.1,85602.0
2021100605002099,JBLB,42,38,10,4285.0,42850.0
2021100605002098,JBLB,48,45,10,4285.0,42850.0
2021100605002122,JBLB,26,58,50,4281.0,214050.0
2021100605002121,JBLB,33,58,50,4282.0,214100.0
2021100605002118,JBLB,45,42,10,4294.0,42940.0
2021100605002123,JBLB,8,38,10,4280.0,42800.0
2021100605002135,JBLB,11,33,10,4285.0,42850.0
2021100605002146,JBLB,21,42,20,4294.0,85880.0
2021100605002151,JBLB,11,34,10,4285.0,42850.0
2021100605002150,JBLB,21,58,40,4295.0,171800.0
2021100605002149,JBLB,21,13,10,4295.0,42950.0
2021100605002148,JBLB,21,28,20,4295.0,85900.0
2021100605002147,JBLB,21,3,10,4294.9,42949.0
2021100605002163,JBLB,45,50,10,4293.0,42930.0
2021100605002162,JBLB,11,7,30,4285.0,128550.0
2021100605002164,JBLB,45,58,10,4295.0,42950.0
2021100605002177,JBLB,52,44,20,4285.0,85700.0
2021100605002176,JBLB,14,44,20,4285.0,85700.0
2021100605002173,JBLB,19,44,10,4285.0,42850.0
2021100605002182,JBLB,32,35,10,4283.1,42831.0
2021100605002179,JBLB,52,58,20,4295.0,85900.0
2021100605002178,JBLB,52,11,10,4290.0,42900.0
2021100605002227,JBLB,52,17,10,4285.0,42850.0
2021100605002225,JBLB,33,1,20,4285.0,85700.0
2021100605002219,JBLB,29,14,10,4283.2,42832.0
2021100605002203,JBLB,5,1,30,4285.0,128550.0
2021100605002228,JBLB,52,57,10,4285.0,42850.0
2021100605002254,JBLB,52,56,30,4295.0,128850.0
2021100605002253,JBLB,52,56,10,4295.0,42950.0
2021100605002252,JBLB,52,58,30,4295.0,128850.0
2021100605002251,JBLB,57,57,10,4285.7,42857.0
2021100605002246,JBLB,26,42,40,4285.4,171416.0
2021100605002260,JBLB,52,6,10,4300.0,43000.0
2021100605002259,JBLB,52,51,10,4299.0,42990.0
2021100605002258,JBLB,52,53,30,4299.0,128970.0
2021100605002257,JBLB,52,39,25,4299.0,107475.0
2021100605002256,JBLB,52,57,10,4299.0,42990.0
2021100605002255,JBLB,52,29,20,4298.0,85960.0
2021100605002267,JBLB,26,38,10,4286.0,42860.0
2021100605002261,JBLB,52,21,25,4300.0,107500.0
2021100605002265,MKLB,45,17,10,2015.0,20150.0
2021100605002250,MKLB,28,45,20,2024.0,40480.0
2021100605002249,MKLB,28,6,10,2020.0,20200.0
2021100605002248,MKLB,28,58,10,2020.0,20200.0
2021100605002247,MKLB,28,17,10,2015.0,20150.0
2021100605002243,MKLB,58,17,10,2010.0,20100.0
2021100605001809,MKLB,28,54,10,1975.0,19750.0
2021100605001849,MKLB,17,45,20,1980.0,39600.0
2021100605001833,MKLB,57,7,10,1980.0,19800.0
2021100605001827,MKLB,57,59,10,1980.0,19800.0
2021100605001823,MKLB,57,58,10,1980.0,19800.0
2021100605001815,MKLB,57,26,10,1980.0,19800.0
2021100605001814,MKLB,57,32,10,1979.0,19790.0
2021100605001886,MKLB,58,49,10,1985.0,19850.0
2021100605001885,MKLB,58,50,10,1985.0,19850.0
2021100605001884,MKLB,58,1,10,1985.0,19850.0
2021100605001883,MKLB,58,54,10,1985.0,19850.0
2021100605001882,MKLB,58,48,50,1985.0,99250.0
2021100605001881,MKLB,58,35,10,1984.0,19840.0
2021100605001902,MKLB,58,25,100,1989.0,198900.0
2021100605001901,MKLB,58,22,10,1988.0,19880.0
2021100605001900,MKLB,58,55,10,1988.0,19880.0
2021100605001889,MKLB,58,34,10,1986.0,19860.0
2021100605001888,MKLB,58,47,50,1986.0,99300.0
2021100605001887,MKLB,58,45,10,1985.9,19859.0
2021100605001926,MKLB,14,34,10,1994.1,19941.0
2021100605001925,MKLB,14,42,10,1993.0,19930.0
2021100605001911,MKLB,28,58,10,1990.0,19900.0
2021100605001905,MKLB,58,50,10,1990.0,19900.0
2021100605001904,MKLB,58,55,10,1990.0,19900.0
2021100605001903,MKLB,58,45,10,1989.0,19890.0
2021100605001974,MKLB,58,6,10,1999.0,19990.0
2021100605001970,MKLB,28,20,10,1990.0,19900.0
2021100605001966,MKLB,28,7,10,1990.0,19900.0
2021100605001955,MKLB,28,21,10,1990.0,19900.0
2021100605001936,MKLB,28,7,10,1990.0,19900.0
2021100605001927,MKLB,14,45,10,1997.0,19970.0
2021100605001980,MKLB,58,45,20,2000.0,40000.0
2021100605001979,MKLB,58,6,10,2000.0,20000.0
2021100605001978,MKLB,58,34,10,2000.0,20000.0
2021100605001977,MKLB,58,48,30,1999.2,59976.0
2021100605001976,MKLB,58,58,10,1999.0,19990.0
2021100605001975,MKLB,58,20,10,1999.0,19990.0
2021100605002022,MKLB,58,16,10,1999.0,19990.0
2021100605002014,MKLB,58,45,"1,272",2000.0,2544000.0
2021100605002007,MKLB,14,35,10,2000.0,20000.0
2021100605002006,MKLB,58,58,10,1991.0,19910.0
2021100605001982,MKLB,58,49,10,2000.0,20000.0
2021100605001981,MKLB,58,46,10,2000.0,20000.0
2021100605002078,MKLB,45,45,10,1999.0,19990.0
2021100605002072,MKLB,58,1,10,1994.0,19940.0
2021100605002056,MKLB,58,34,10,1993.0,19930.0
2021100605002050,MKLB,58,38,10,1993.2,19932.0
2021100605002043,MKLB,58,34,10,1992.0,19920.0
2021100605002034,MKLB,58,58,10,1999.0,19990.0
2021100605002086,MKLB,58,59,10,2000.0,20000.0
2021100605002085,MKLB,58,22,10,2000.0,20000.0
2021100605002084,MKLB,58,35,20,2000.0,40000.0
2021100605002083,MKLB,58,7,20,1999.9,39998.0
2021100605002081,MKLB,45,50,10,1998.0,19980.0
2021100605002079,MKLB,45,35,10,1999.0,19990.0
2021100605002104,MKLB,58,38,10,2000.0,20000.0
2021100605002103,MKLB,58,32,10,2000.0,20000.0
2021100605002102,MKLB,58,58,10,2000.0,20000.0
2021100605002101,MKLB,58,42,10,2000.0,20000.0
2021100605002088,MKLB,58,38,20,2000.0,40000.0
2021100605002087,MKLB,58,48,50,2000.0,100000.0
2021100605002158,MKLB,58,45,10,2002.0,20020.0
2021100605002157,MKLB,58,56,10,2002.0,20020.0
2021100605002155,MKLB,58,45,10,2002.0,20020.0
2021100605002129,MKLB,28,56,10,2000.0,20000.0
2021100605002116,MKLB,58,14,10,2000.0,20000.0
2021100605002114,MKLB,58,6,10,2000.0,20000.0
2021100605002208,MKLB,58,32,10,2004.0,20040.0
2021100605002207,MKLB,58,32,10,2004.0,20040.0
2021100605002206,MKLB,58,42,10,2004.0,20040.0
2021100605002205,MKLB,58,17,10,2004.0,20040.0
2021100605002204,MKLB,58,49,10,2002.0,20020.0
2021100605002181,MKLB,22,43,10,2004.0,20040.0
2021100605002214,MKLB,58,58,10,2010.0,20100.0
2021100605002213,MKLB,58,8,10,2009.0,20090.0
2021100605002212,MKLB,58,35,10,2007.0,20070.0
2021100605002211,MKLB,58,35,20,2007.0,40140.0
2021100605002210,MKLB,58,44,10,2004.3,20043.0
2021100605002209,MKLB,58,56,10,2004.0,20040.0
2021100605002239,MKLB,58,47,10,2010.0,20100.0
2021100605002232,MKLB,58,14,10,2010.0,20100.0
2021100605002221,MKLB,58,58,10,2010.0,20100.0
2021100605002217,MKLB,58,22,10,2010.0,20100.0
2021100605002216,MKLB,58,51,10,2010.0,20100.0
2021100605002215,MKLB,58,58,10,2010.0,20100.0
2021100605002287,SLI,54,44,10,519.0,5190.0
2021100605002279,SLI,57,35,10,519.0,5190.0
2021100605001791,SLI,45,21,10,517.0,5170.0
2021100605001790,SLI,45,14,10,517.0,5170.0
2021100605001789,SLI,45,49,10,517.0,5170.0
2021100605001797,SLI,59,57,10,516.0,5160.0
2021100605001796,SLI,59,21,10,516.0,5160.0
2021100605001795,SLI,59,38,10,516.0,5160.0
2021100605001794,SLI,59,58,10,516.0,5160.0
2021100605001793,SLI,59,14,10,516.0,5160.0
2021100605001792,SLI,59,48,10,516.0,5160.0
2021100605001805,SLI,59,58,10,516.0,5160.0
2021100605001804,SLI,59,14,10,516.0,5160.0
2021100605001799,SLI,59,58,10,516.0,5160.0
2021100605001798,SLI,59,49,10,516.0,5160.0
2021100605001808,SLI,16,14,10,516.0,5160.0
2021100605001807,SLI,59,52,10,516.0,5160.0
2021100605001828,SLI,38,26,10,518.0,5180.0
2021100605001837,SLI,25,11,10,517.0,5170.0
2021100605001836,SLI,25,39,10,517.0,5170.0
2021100605001835,SLI,25,58,10,517.0,5170.0
2021100605001858,SLI,14,47,10,517.9,5179.0
2021100605001856,SLI,21,48,10,517.0,5170.0
2021100605001852,SLI,25,58,10,517.0,5170.0
2021100605001850,SLI,25,1,10,517.0,5170.0
2021100605001867,SLI,22,58,10,517.0,5170.0
2021100605001862,SLI,22,49,10,517.0,5170.0
2021100605001860,SLI,14,45,10,518.0,5180.0
2021100605001859,SLI,14,47,10,518.0,5180.0
2021100605001872,SLI,22,49,10,517.0,5170.0
2021100605001869,SLI,22,57,10,517.0,5170.0
2021100605001868,SLI,22,34,10,517.0,5170.0
2021100605001896,SLI,41,56,10,518.0,5180.0
2021100605001914,SLI,41,58,10,518.0,5180.0
2021100605001913,SLI,38,58,10,519.0,5190.0
2021100605001912,SLI,38,58,10,519.0,5190.0
2021100605001910,SLI,41,56,10,518.0,5180.0
2021100605001909,SLI,35,42,10,519.0,5190.0
2021100605001908,SLI,35,42,10,519.0,5190.0
2021100605001920,SLI,43,3,10,520.0,5200.0
2021100605001919,SLI,43,8,10,520.0,5200.0
2021100605001918,SLI,43,34,10,520.0,5200.0
2021100605001917,SLI,43,32,10,520.0,5200.0
2021100605001916,SLI,43,11,10,520.0,5200.0
2021100605001915,SLI,43,38,10,520.0,5200.0
2021100605001924,SLI,43,22,10,520.0,5200.0
2021100605001923,SLI,43,35,10,520.0,5200.0
2021100605001922,SLI,43,38,10,520.0,5200.0
2021100605001921,SLI,43,49,10,520.0,5200.0
2021100605001946,SLI,6,4,10,520.0,5200.0
2021100605001953,SLI,41,58,10,518.0,5180.0
2021100605001951,SLI,41,29,10,518.0,5180.0
2021100605001950,SLI,41,28,10,518.0,5180.0
2021100605001948,SLI,6,17,10,520.0,5200.0
2021100605001947,SLI,6,13,30,520.0,15600.0
2021100605001983,SLI,41,3,10,518.0,5180.0
2021100605001971,SLI,41,45,10,518.0,5180.0
2021100605001990,SLI,3,8,10,520.0,5200.0
2021100605001989,SLI,3,14,10,519.0,5190.0
2021100605001988,SLI,3,34,10,519.0,5190.0
2021100605001987,SLI,41,11,10,518.0,5180.0
2021100605001996,SLI,41,58,10,518.0,5180.0
2021100605001995,SLI,3,57,10,520.0,5200.0
2021100605001994,SLI,3,58,10,520.0,5200.0
2021100605001993,SLI,3,55,10,520.0,5200.0
2021100605001992,SLI,3,29,10,520.0,5200.0
2021100605001991,SLI,3,21,10,520.0,5200.0
2021100605002000,SLI,13,49,10,518.0,5180.0
2021100605002013,SLI,42,34,10,518.0,5180.0
2021100605002012,SLI,42,7,40,518.0,20720.0
2021100605002011,SLI,42,17,10,518.0,5180.0
2021100605002010,SLI,42,49,10,518.0,5180.0
2021100605002020,SLI,13,41,10,519.0,5190.0
2021100605002019,SLI,13,41,10,519.0,5190.0
2021100605002027,SLI,39,21,10,519.0,5190.0
2021100605002024,SLI,39,57,10,519.0,5190.0
2021100605002023,SLI,39,59,360,519.0,186840.0
2021100605002021,SLI,42,41,10,518.0,5180.0
2021100605002037,SLI,45,38,10,520.0,5200.0
2021100605002036,SLI,39,28,10,519.0,5190.0
2021100605002033,SLI,39,46,10,519.0,5190.0
2021100605002031,SLI,39,56,10,519.0,5190.0
2021100605002029,SLI,39,10,10,519.0,5190.0
2021100605002044,SLI,39,36,10,519.0,5190.0
2021100605002042,SLI,39,52,10,519.0,5190.0
2021100605002040,SLI,45,35,70,520.0,36400.0
2021100605002039,SLI,45,58,10,520.0,5200.0
2021100605002038,SLI,45,44,10,520.0,5200.0
2021100605002053,SLI,39,58,10,519.0,5190.0
2021100605002052,SLI,39,56,10,519.0,5190.0
2021100605002051,SLI,39,13,10,519.0,5190.0
2021100605002048,SLI,39,59,10,519.0,5190.0
2021100605002047,SLI,39,1,10,519.0,5190.0
2021100605002060,SLI,39,45,10,519.0,5190.0
2021100605002071,SLI,14,3,10,519.0,5190.0
2021100605002068,SLI,14,49,10,519.0,5190.0
2021100605002065,SLI,48,29,40,519.0,20760.0
2021100605002064,SLI,48,49,10,519.0,5190.0
2021100605002089,SLI,14,17,10,519.0,5190.0
2021100605002082,SLI,14,49,10,519.0,5190.0
2021100605002075,SLI,48,26,20,519.6,10392.0
2021100605002074,SLI,48,49,10,519.6,5196.0
2021100605002093,SLI,14,29,60,519.0,31140.0
2021100605002090,SLI,14,58,10,519.0,5190.0
2021100605002110,SLI,45,29,50,519.0,25950.0
2021100605002106,SLI,49,56,10,518.2,5182.0
2021100605002117,SLI,49,58,10,518.2,5182.0
2021100605002112,SLI,35,36,10,519.0,5190.0
2021100605002111,SLI,35,54,10,519.0,5190.0
2021100605002131,SLI,42,46,10,518.0,5180.0
2021100605002130,SLI,41,21,10,518.2,5182.0
2021100605002127,SLI,49,19,10,518.2,5182.0
2021100605002125,SLI,49,53,10,518.2,5182.0
2021100605002124,SLI,49,17,10,518.2,5182.0
2021100605002139,SLI,42,34,10,518.0,5180.0
2021100605002138,SLI,42,32,10,518.0,5180.0
2021100605002136,SLI,42,54,10,518.0,5180.0
2021100605002133,SLI,42,58,10,518.0,5180.0
2021100605002132,SLI,42,17,10,518.0,5180.0
2021100605002145,SLI,42,38,10,518.0,5180.0
2021100605002144,SLI,42,36,10,518.0,5180.0
2021100605002143,SLI,42,58,10,518.0,5180.0
2021100605002142,SLI,42,58,10,518.0,5180.0
2021100605002141,SLI,42,8,10,518.0,5180.0
2021100605002153,SLI,42,21,10,518.0,5180.0
2021100605002161,SLI,6,3,10,518.2,5182.0
2021100605002160,SLI,42,34,10,518.0,5180.0
2021100605002159,SLI,42,51,10,518.0,5180.0
2021100605002154,SLI,42,32,10,518.0,5180.0
2021100605002170,SLI,6,21,10,519.0,5190.0
2021100605002169,SLI,6,32,10,519.0,5190.0
2021100605002168,SLI,6,55,10,519.0,5190.0
2021100605002167,SLI,6,56,10,519.0,5190.0
2021100605002166,SLI,6,45,10,518.9,5189.0
2021100605002175,SLI,6,45,10,519.0,5190.0
2021100605002172,SLI,6,49,10,519.0,5190.0
2021100605002171,SLI,6,45,10,519.0,5190.0
2021100605002188,SLI,42,49,10,518.0,5180.0
2021100605002187,SLI,42,32,10,518.0,5180.0
2021100605002180,SLI,6,34,10,519.0,5190.0
2021100605002202,SLI,42,3,10,518.0,5180.0
2021100605002201,SLI,38,35,30,520.0,15600.0
2021100605002200,SLI,38,47,10,519.4,5194.0
2021100605002199,SLI,38,42,10,519.0,5190.0
2021100605002190,SLI,48,47,10,519.4,5194.0
2021100605002189,SLI,48,55,10,519.0,5190.0
2021100605002220,SLI,42,59,10,518.5,5185.0
2021100605002218,SLI,42,32,10,518.5,5185.0
2021100605002235,SLI,48,22,10,520.0,5200.0
2021100605002234,SLI,48,35,100,520.0,52000.0
2021100605002233,SLI,48,10,10,519.0,5190.0
2021100605002231,SLI,42,46,10,518.0,5180.0
2021100605002230,SLI,42,58,10,518.0,5180.0
2021100605002244,SLI,25,49,10,518.0,5180.0
2021100605002242,SLI,25,4,10,518.0,5180.0
2021100605002240,SLI,25,28,10,518.0,5180.0
2021100605002238,SLI,48,32,10,520.0,5200.0
2021100605002237,SLI,48,21,10,520.0,5200.0
2021100605002236,SLI,48,58,10,520.0,5200.0
2021100605002245,SLI,19,58,10,518.0,5180.0
2021100605002271,SLI,48,49,10,520.0,5200.0
2021100605002270,SLI,48,34,10,520.0,5200.0
2021100605002269,SLI,48,34,10,520.0,5200.0
2021100605002266,SLI,57,57,10,519.0,5190.0
2021100605002277,SLI,48,45,10,520.0,5200.0
2021100605002276,SLI,48,49,10,520.0,5200.0
2021100605002275,SLI,48,58,10,520.0,5200.0
2021100605002274,SLI,48,42,10,520.0,5200.0
2021100605002273,SLI,48,58,10,520.0,5200.0
2021100605002272,SLI,48,58,10,520.0,5200.0
2021100605002286,ULI,52,4,55,581.0,31955.0
2021100605002285,ULI,47,4,10,581.0,5810.0
2021100605002284,ULI,34,4,20,581.0,11620.0
2021100605002283,ULI,44,4,15,581.0,8715.0
2021100605002268,ULI,44,21,10,581.0,5810.0
2021100605002264,ULI,44,43,45,581.0,26145.0
2021100605001812,ULI,59,46,10,576.6,5766.0
2021100605001801,ULI,59,38,10,576.6,5766.0
2021100605001800,ULI,59,14,10,576.6,5766.0
2021100605001829,ULI,14,47,10,577.0,5770.0
2021100605001826,ULI,59,58,10,576.6,5766.0
2021100605001825,ULI,59,34,10,576.6,5766.0
2021100605001824,ULI,59,51,10,576.6,5766.0
2021100605001821,ULI,59,13,10,576.6,5766.0
2021100605001816,ULI,59,13,10,576.6,5766.0
2021100605001841,ULI,29,58,10,580.0,5800.0
2021100605001840,ULI,29,22,10,580.0,5800.0
2021100605001839,ULI,29,6,10,580.0,5800.0
2021100605001838,ULI,29,38,10,580.0,5800.0
2021100605001831,ULI,14,58,10,577.2,5772.0
2021100605001830,ULI,14,47,10,577.0,5770.0
2021100605001853,ULI,45,29,10,581.0,5810.0
2021100605001848,ULI,29,4,10,580.0,5800.0
2021100605001847,ULI,29,14,10,580.0,5800.0
2021100605001844,ULI,29,8,10,580.0,5800.0
2021100605001843,ULI,29,22,10,580.0,5800.0
2021100605001842,ULI,29,58,10,580.0,5800.0
2021100605001865,ULI,38,57,80,581.9,46552.0
2021100605001864,ULI,38,22,10,581.0,5810.0
2021100605001861,ULI,38,57,10,580.0,5800.0
2021100605001857,ULI,29,11,10,580.0,5800.0
2021100605001855,ULI,45,45,10,581.0,5810.0
2021100605001854,ULI,45,45,30,581.0,17430.0
2021100605001876,ULI,7,52,10,584.0,5840.0
2021100605001875,ULI,7,42,10,583.0,5830.0
2021100605001874,ULI,14,44,10,582.0,5820.0
2021100605001873,ULI,14,51,10,582.0,5820.0
2021100605001871,ULI,47,38,10,582.0,5820.0
2021100605001870,ULI,47,38,10,582.0,5820.0
2021100605001906,ULI,7,57,10,585.0,5850.0
2021100605001894,ULI,14,16,100,587.0,58700.0
2021100605001880,ULI,7,8,10,585.0,5850.0
2021100605001879,ULI,7,8,10,585.0,5850.0
2021100605001878,ULI,7,46,10,585.0,5850.0
2021100605001877,ULI,7,38,10,585.0,5850.0
2021100605001932,ULI,16,34,10,587.0,5870.0
2021100605001931,ULI,16,38,30,587.0,17610.0
2021100605001930,ULI,16,58,10,587.0,5870.0
2021100605001929,ULI,16,16,100,587.0,58700.0
2021100605001928,ULI,16,43,10,586.9,5869.0
2021100605001907,ULI,7,34,10,585.0,5850.0
2021100605001949,ULI,16,58,10,587.0,5870.0
2021100605001945,ULI,58,36,10,587.2,5872.0
2021100605001944,ULI,58,38,10,587.2,5872.0
2021100605001943,ULI,58,46,10,587.2,5872.0
2021100605001938,ULI,16,11,10,587.0,5870.0
2021100605001937,ULI,16,58,10,587.0,5870.0
2021100605001959,ULI,17,43,10,589.9,5899.0
2021100605001958,ULI,17,43,10,587.6,5876.0
2021100605001957,ULI,17,17,10,587.5,5875.0
2021100605001956,ULI,17,8,10,587.5,5875.0
2021100605001954,ULI,16,34,10,587.0,5870.0
2021100605001952,ULI,16,28,10,587.0,5870.0
2021100605001965,ULI,17,1,10,590.0,5900.0
2021100605001964,ULI,17,44,10,590.0,5900.0
2021100605001963,ULI,17,57,10,590.0,5900.0
2021100605001962,ULI,17,45,10,590.0,5900.0
2021100605001961,ULI,17,34,10,590.0,5900.0
2021100605001960,ULI,17,35,10,590.0,5900.0
2021100605002030,ULI,55,21,10,582.5,5825.0
2021100605002028,ULI,7,21,10,585.0,5850.0
2021100605002009,ULI,7,17,10,585.0,5850.0
2021100605002002,ULI,16,19,270,587.0,158490.0
2021100605001997,ULI,16,13,10,587.0,5870.0
2021100605001973,ULI,16,57,10,587.0,5870.0
2021100605002067,ULI,55,58,10,580.5,5805.0
2021100605002063,ULI,25,39,30,581.0,17430.0
2021100605002054,ULI,25,57,10,581.0,5810.0
2021100605002045,ULI,25,1,10,581.0,5810.0
2021100605002041,ULI,55,1,10,582.5,5825.0
2021100605002032,ULI,55,58,10,582.5,5825.0
2021100605002096,ULI,19,19,10,580.0,5800.0
2021100605002094,ULI,19,58,10,580.0,5800.0
2021100605002080,ULI,19,14,10,580.0,5800.0
2021100605002076,ULI,55,20,10,580.5,5805.0
2021100605002070,ULI,13,34,10,581.0,5810.0
2021100605002069,ULI,13,39,70,581.0,40670.0
2021100605002119,ULI,19,36,10,580.0,5800.0
2021100605002115,ULI,19,56,10,580.0,5800.0
2021100605002113,ULI,19,8,10,580.0,5800.0
2021100605002109,ULI,19,58,10,580.0,5800.0
2021100605002108,ULI,19,14,10,580.0,5800.0
2021100605002107,ULI,19,19,10,580.0,5800.0
2021100605002140,ULI,47,17,10,581.0,5810.0
2021100605002137,ULI,47,16,10,581.0,5810.0
2021100605002134,ULI,47,53,10,581.0,5810.0
2021100605002128,ULI,19,17,10,580.0,5800.0
2021100605002126,ULI,19,41,10,580.0,5800.0
2021100605002120,ULI,19,58,10,580.0,5800.0
2021100605002184,ULI,19,6,10,580.0,5800.0
2021100605002183,ULI,19,56,10,580.0,5800.0
2021100605002174,ULI,42,8,10,580.1,5801.0
2021100605002165,ULI,42,49,10,580.1,5801.0
2021100605002156,ULI,47,4,10,581.0,5810.0
2021100605002152,ULI,47,49,10,581.0,5810.0
2021100605002194,ULI,22,35,10,580.0,5800.0
2021100605002193,ULI,39,35,40,580.0,23200.0
2021100605002192,ULI,57,35,15,580.0,8700.0
2021100605002191,ULI,19,35,10,580.0,5800.0
2021100605002186,ULI,19,38,10,580.0,5800.0
2021100605002185,ULI,19,41,10,580.0,5800.0
2021100605002223,ULI,45,51,10,581.0,5810.0
2021100605002222,ULI,38,41,10,580.0,5800.0
2021100605002198,ULI,38,49,10,580.0,5800.0
2021100605002197,ULI,38,43,15,580.0,8700.0
2021100605002196,ULI,58,43,30,580.0,17400.0
2021100605002195,ULI,56,35,5,580.0,2900.0
2021100605002263,ULI,44,47,20,581.0,11620.0
2021100605002262,ULI,44,41,10,581.0,5810.0
2021100605002241,ULI,58,43,35,581.0,20335.0
2021100605002229,ULI,38,25,10,580.0,5800.0
2021100605002226,ULI,45,43,20,581.0,11620.0
2021100605002224,ULI,45,32,10,581.0,5810.0
2021100605001782,JBLB,58,43,10,4310.0,43100.0
2021100605001295,JBLB,59,58,20,4300.1,86002.0
2021100605001294,JBLB,16,58,50,4312.0,215600.0
2021100605001293,JBLB,41,38,10,4312.4,43124.0
2021100605001292,JBLB,35,1,10,4315.0,43150.0
2021100605001291,JBLB,42,1,10,4315.0,43150.0
2021100605001304,JBLB,49,26,20,4300.0,86000.0
2021100605001300,JBLB,49,58,95,4300.0,408500.0
2021100605001299,JBLB,53,58,10,4300.0,43000.0
2021100605001298,JBLB,29,58,25,4300.0,107500.0
2021100605001297,JBLB,53,58,100,4300.0,430000.0
2021100605001296,JBLB,53,58,100,4300.0,430000.0
2021100605001315,JBLB,13,49,10,4280.0,42800.0
2021100605001314,JBLB,14,49,10,4290.0,42900.0
2021100605001313,JBLB,35,49,10,4291.0,42910.0
2021100605001307,JBLB,19,58,10,4291.0,42910.0
2021100605001306,JBLB,49,1,85,4300.0,365500.0
2021100605001316,JBLB,38,49,10,4278.9,42789.0
2021100605001330,JBLB,42,6,10,4280.0,42800.0
2021100605001325,JBLB,57,1,10,4291.0,42910.0
2021100605001324,JBLB,50,1,20,4300.0,86000.0
2021100605001358,JBLB,38,42,10,4277.1,42771.0
2021100605001335,JBLB,42,7,10,4279.0,42790.0
2021100605001331,JBLB,42,11,10,4280.0,42800.0
2021100605001365,JBLB,50,52,10,4276.0,42760.0
2021100605001363,JBLB,22,35,10,4276.0,42760.0
2021100605001359,JBLB,41,42,10,4277.0,42770.0
2021100605001372,JBLB,29,51,10,4290.0,42900.0
2021100605001371,JBLB,50,59,10,4270.0,42700.0
2021100605001369,JBLB,14,58,10,4268.0,42680.0
2021100605001368,JBLB,38,48,10,4269.0,42690.0
2021100605001367,JBLB,7,52,10,4270.0,42700.0
2021100605001366,JBLB,7,49,10,4270.0,42700.0
2021100605001383,JBLB,26,57,10,4270.0,42700.0
2021100605001377,JBLB,42,57,10,4270.0,42700.0
2021100605001373,JBLB,25,16,10,4269.0,42690.0
2021100605001396,JBLB,57,49,10,4270.0,42700.0
2021100605001392,JBLB,57,57,10,4270.0,42700.0
2021100605001391,JBLB,38,58,10,4270.0,42700.0
2021100605001405,JBLB,14,55,10,4299.0,42990.0
2021100605001404,JBLB,14,8,10,4290.0,42900.0
2021100605001397,JBLB,57,39,10,4300.0,43000.0
2021100605001419,JBLB,36,49,10,4290.0,42900.0
2021100605001411,JBLB,14,34,10,4300.0,43000.0
2021100605001406,JBLB,14,34,10,4300.0,43000.0
2021100605001423,JBLB,1,22,10,4290.0,42900.0
2021100605001421,JBLB,36,17,28,4300.0,120400.0
2021100605001420,JBLB,36,46,30,4300.0,129000.0
2021100605001430,JBLB,42,59,10,4272.0,42720.0
2021100605001429,JBLB,14,4,10,4289.0,42890.0
2021100605001439,JBLB,57,25,10,4270.0,42700.0
2021100605001438,JBLB,35,25,10,4270.0,42700.0
2021100605001437,JBLB,35,25,10,4270.0,42700.0
2021100605001436,JBLB,16,25,20,4271.0,85420.0
2021100605001435,JBLB,42,50,10,4272.0,42720.0
2021100605001452,JBLB,47,52,10,4270.0,42700.0
2021100605001451,JBLB,47,41,50,4270.0,213500.0
2021100605001450,JBLB,47,38,90,4270.0,384300.0
2021100605001449,JBLB,57,38,10,4270.0,42700.0
2021100605001457,JBLB,1,48,10,4271.0,42710.0
2021100605001468,JBLB,35,42,10,4280.0,42800.0
2021100605001467,JBLB,29,6,10,4280.0,42800.0
2021100605001476,JBLB,14,17,40,4268.0,170720.0
2021100605001473,JBLB,7,41,10,4271.0,42710.0
2021100605001470,JBLB,47,17,12,4270.0,51240.0
2021100605001469,JBLB,45,17,50,4271.0,213550.0
2021100605001482,JBLB,49,17,100,4260.0,426000.0
2021100605001481,JBLB,47,17,10,4262.0,42620.0
2021100605001480,JBLB,45,17,20,4265.0,85300.0
2021100605001479,JBLB,42,17,10,4265.0,42650.0
2021100605001478,JBLB,49,17,10,4265.0,42650.0
2021100605001477,JBLB,42,17,30,4265.0,127950.0
2021100605001492,JBLB,26,17,30,4260.0,127800.0
2021100605001491,JBLB,42,17,10,4260.0,42600.0
2021100605001489,JBLB,46,4,30,4250.0,127500.0
2021100605001488,JBLB,40,4,20,4250.0,85000.0
2021100605001484,JBLB,7,17,40,4260.0,170400.0
2021100605001500,JBLB,45,17,30,4260.0,127800.0
2021100605001499,JBLB,47,38,10,4250.1,42501.0
2021100605001498,JBLB,47,45,10,4250.1,42501.0
2021100605001496,JBLB,53,38,10,4251.0,42510.0
2021100605001507,JBLB,38,13,10,4250.2,42502.0
2021100605001503,JBLB,32,17,10,4260.0,42600.0
2021100605001511,JBLB,16,19,10,4271.0,42710.0
2021100605001510,JBLB,26,25,10,4290.0,42900.0
2021100605001509,JBLB,26,45,10,4290.0,42900.0
2021100605001525,JBLB,26,36,10,4269.0,42690.0
2021100605001524,JBLB,44,13,20,4255.0,85100.0
2021100605001523,JBLB,57,13,20,4269.0,85380.0
2021100605001533,JBLB,44,42,10,4251.0,42510.0
2021100605001532,JBLB,14,42,50,4252.0,212600.0
2021100605001531,JBLB,42,42,10,4252.0,42520.0
2021100605001530,JBLB,25,42,90,4253.0,382770.0
2021100605001538,JBLB,58,42,45,4230.0,190350.0
2021100605001537,JBLB,38,42,10,4240.0,42400.0
2021100605001536,JBLB,6,42,25,4250.0,106250.0
2021100605001535,JBLB,57,42,20,4250.0,85000.0
2021100605001534,JBLB,34,42,40,4250.0,170000.0
2021100605001545,JBLB,45,35,20,4230.0,84600.0
2021100605001544,JBLB,58,35,50,4230.0,211500.0
2021100605001543,JBLB,58,6,10,4230.0,42300.0
2021100605001560,JBLB,13,52,10,4250.0,42500.0
2021100605001552,JBLB,46,22,10,4240.0,42400.0
2021100605001574,JBLB,7,35,10,4241.0,42410.0
2021100605001573,JBLB,13,49,10,4250.0,42500.0
2021100605001572,JBLB,13,35,10,4250.0,42500.0
2021100605001570,JBLB,7,32,20,4241.0,84820.0
2021100605001569,JBLB,8,32,10,4245.0,42450.0
2021100605001562,JBLB,22,38,10,4240.0,42400.0
2021100605001581,JBLB,1,7,95,4270.0,405650.0
2021100605001580,JBLB,50,58,10,4251.0,42510.0
2021100605001578,JBLB,1,4,10,4250.0,42500.0
2021100605001576,JBLB,1,57,10,4250.0,42500.0
2021100605001575,JBLB,1,32,10,4250.0,42500.0
2021100605001588,JBLB,1,34,10,4266.0,42660.0
2021100605001586,JBLB,1,32,20,4266.0,85320.0
2021100605001582,JBLB,41,32,10,4266.0,42660.0
2021100605001594,JBLB,1,7,30,4270.0,128100.0
2021100605001591,JBLB,28,7,20,4270.0,85400.0
2021100605001590,JBLB,38,7,30,4270.0,128100.0
2021100605001589,JBLB,1,19,10,4266.0,42660.0
2021100605001599,JBLB,16,47,10,4270.0,42700.0
2021100605001598,JBLB,16,38,10,4270.0,42700.0
2021100605001597,JBLB,16,10,10,4270.0,42700.0
2021100605001596,JBLB,16,56,10,4270.0,42700.0
2021100605001595,JBLB,16,7,25,4270.0,106750.0
2021100605001608,JBLB,26,29,10,4275.0,42750.0
2021100605001604,JBLB,58,19,10,4274.9,42749.0
2021100605001603,JBLB,58,1,15,4270.0,64050.0
2021100605001601,JBLB,16,1,35,4270.0,149450.0
2021100605001619,JBLB,26,14,10,4255.0,42550.0
2021100605001618,JBLB,33,1,50,4275.0,213750.0
2021100605001616,JBLB,50,7,10,4275.0,42750.0
2021100605001627,JBLB,50,52,10,4235.0,42350.0
2021100605001622,JBLB,7,7,10,4240.0,42400.0
2021100605001621,JBLB,19,14,20,4241.0,84820.0
2021100605001620,JBLB,7,14,20,4241.0,84820.0
2021100605001633,JBLB,58,20,10,4237.0,42370.0
2021100605001629,JBLB,28,36,10,4275.0,42750.0
2021100605001658,JBLB,26,32,10,4245.0,42450.0
2021100605001654,JBLB,28,48,10,4275.0,42750.0
2021100605001674,JBLB,42,6,10,4250.0,42500.0
2021100605001669,JBLB,36,52,10,4270.0,42700.0
2021100605001684,JBLB,1,7,10,4250.0,42500.0
2021100605001679,JBLB,16,8,10,4250.0,42500.0
2021100605001678,JBLB,16,19,10,4250.0,42500.0
2021100605001692,JBLB,57,57,10,4245.0,42450.0
2021100605001690,JBLB,57,45,10,4245.0,42450.0
2021100605001689,JBLB,3,13,10,4242.1,42421.0
2021100605001687,JBLB,50,25,10,4242.0,42420.0
2021100605001685,JBLB,26,22,10,4250.0,42500.0
2021100605001699,JBLB,51,16,10,4250.0,42500.0
2021100605001698,JBLB,51,48,10,4250.0,42500.0
2021100605001696,JBLB,11,57,10,4245.0,42450.0
2021100605001711,JBLB,3,48,10,4275.0,42750.0
2021100605001708,JBLB,36,13,10,4268.0,42680.0
2021100605001705,JBLB,45,52,10,4268.0,42680.0
2021100605001702,JBLB,41,58,10,4250.0,42500.0
2021100605001720,JBLB,57,46,10,4280.0,42800.0
2021100605001719,JBLB,57,38,10,4280.0,42800.0
2021100605001731,JBLB,4,55,10,4299.0,42990.0
2021100605001730,JBLB,4,58,10,4295.0,42950.0
2021100605001729,JBLB,4,52,10,4290.0,42900.0
2021100605001728,JBLB,4,21,10,4290.0,42900.0
2021100605001727,JBLB,4,29,10,4290.0,42900.0
2021100605001726,JBLB,4,41,10,4284.0,42840.0
2021100605001741,JBLB,57,38,10,4300.0,43000.0
2021100605001740,JBLB,36,22,10,4300.0,43000.0
2021100605001739,JBLB,8,7,10,4300.0,43000.0
2021100605001732,JBLB,4,58,10,4299.9,42999.0
2021100605001748,JBLB,13,48,10,4300.0,43000.0
2021100605001747,JBLB,8,4,5,4300.0,21500.0
2021100605001746,JBLB,56,4,10,4300.0,43000.0
2021100605001743,JBLB,57,14,10,4300.0,43000.0
2021100605001742,JBLB,57,38,10,4300.0,43000.0
2021100605001754,JBLB,13,43,10,4300.0,43000.0
2021100605001753,JBLB,13,35,10,4300.0,43000.0
2021100605001752,JBLB,13,11,10,4300.0,43000.0
2021100605001751,JBLB,13,57,10,4300.0,43000.0
2021100605001750,JBLB,13,36,10,4300.0,43000.0
2021100605001749,JBLB,13,58,10,4300.0,43000.0
2021100605001763,JBLB,13,48,10,4300.0,43000.0
2021100605001756,JBLB,13,38,10,4300.0,43000.0
2021100605001755,JBLB,13,45,10,4300.0,43000.0
2021100605001772,JBLB,58,21,10,4305.0,43050.0
2021100605001771,JBLB,1,58,10,4300.0,43000.0
2021100605001764,JBLB,13,58,5,4300.0,21500.0
2021100605001774,MKLB,14,35,10,1979.0,19790.0
2021100605001769,MKLB,14,58,10,1980.0,19800.0
2021100605001768,MKLB,14,32,10,1980.0,19800.0
2021100605001767,MKLB,14,48,10,1980.0,19800.0
2021100605001766,MKLB,14,45,10,1980.0,19800.0
2021100605001760,MKLB,28,49,10,1975.0,19750.0
2021100605001312,MKLB,58,35,50,1955.0,97750.0
2021100605001311,MKLB,29,35,50,1955.0,97750.0
2021100605001310,MKLB,45,35,30,1955.0,58650.0
2021100605001309,MKLB,22,49,10,1957.0,19570.0
2021100605001338,MKLB,29,58,10,1953.0,19530.0
2021100605001337,MKLB,26,58,10,1953.0,19530.0
2021100605001336,MKLB,26,58,10,1954.0,19540.0
2021100605001334,MKLB,45,8,10,1957.0,19570.0
2021100605001328,MKLB,26,35,40,1960.0,78400.0
2021100605001326,MKLB,26,58,10,1960.0,19600.0
2021100605001385,MKLB,38,42,20,1960.0,39200.0
2021100605001384,MKLB,38,35,20,1960.0,39200.0
2021100605001378,MKLB,55,29,10,1952.0,19520.0
2021100605001376,MKLB,55,29,10,1952.0,19520.0
2021100605001370,MKLB,55,22,10,1952.0,19520.0
2021100605001339,MKLB,55,58,60,1952.0,117120.0
2021100605001501,MKLB,6,34,10,1975.0,19750.0
2021100605001495,MKLB,17,18,10,1965.0,19650.0
2021100605001494,MKLB,17,45,10,1960.0,19600.0
2021100605001454,MKLB,14,47,10,1951.0,19510.0
2021100605001431,MKLB,42,45,70,1964.8,137536.0
2021100605001414,MKLB,55,34,10,1952.0,19520.0
2021100605001554,MKLB,39,42,10,1950.0,19500.0
2021100605001553,MKLB,22,42,10,1950.0,19500.0
2021100605001515,MKLB,35,14,10,1985.0,19850.0
2021100605001514,MKLB,35,47,20,1985.0,39700.0
2021100605001513,MKLB,35,42,10,1980.0,19800.0
2021100605001512,MKLB,35,32,10,1980.0,19800.0
2021100605001676,MKLB,5,28,10,1950.1,19501.0
2021100605001643,MKLB,5,38,10,1950.1,19501.0
2021100605001585,MKLB,58,34,10,1960.0,19600.0
2021100605001566,MKLB,7,13,10,1950.0,19500.0
2021100605001561,MKLB,7,58,10,1950.0,19500.0
2021100605001555,MKLB,7,42,34,1950.0,66300.0
2021100605001759,MKLB,28,57,10,1975.0,19750.0
2021100605001758,MKLB,28,35,30,1975.0,59250.0
2021100605001736,MKLB,57,38,10,1965.0,19650.0
2021100605001709,MKLB,57,28,10,1965.0,19650.0
2021100605001694,MKLB,5,13,10,1950.1,19501.0
2021100605001677,MKLB,5,58,10,1950.1,19501.0
2021100605001785,SLI,59,34,10,516.0,5160.0
2021100605001784,SLI,59,35,10,516.0,5160.0
2021100605001783,SLI,59,58,10,516.0,5160.0
2021100605001780,SLI,59,49,10,516.0,5160.0
2021100605001779,SLI,59,22,10,516.0,5160.0
2021100605001308,SLI,58,34,10,515.3,5153.0
2021100605001321,SLI,58,38,10,516.0,5160.0
2021100605001320,SLI,58,46,10,516.0,5160.0
2021100605001319,SLI,58,50,10,516.0,5160.0
2021100605001318,SLI,58,46,10,516.0,5160.0
2021100605001317,SLI,59,38,10,515.4,5154.0
2021100605001329,SLI,59,46,10,516.0,5160.0
2021100605001327,SLI,55,41,10,515.5,5155.0
2021100605001322,SLI,59,34,10,515.4,5154.0
2021100605001357,SLI,59,21,10,516.0,5160.0
2021100605001340,SLI,59,49,10,516.0,5160.0
2021100605001332,SLI,59,37,10,516.0,5160.0
2021100605001364,SLI,59,45,10,516.0,5160.0
2021100605001362,SLI,59,58,10,516.0,5160.0
2021100605001361,SLI,59,17,10,516.0,5160.0
2021100605001386,SLI,19,57,10,516.1,5161.0
2021100605001382,SLI,19,42,10,516.1,5161.0
2021100605001375,SLI,19,38,10,516.1,5161.0
2021100605001395,SLI,19,38,10,516.1,5161.0
2021100605001394,SLI,19,13,10,516.1,5161.0
2021100605001393,SLI,19,38,10,516.1,5161.0
2021100605001403,SLI,19,1,10,516.1,5161.0
2021100605001401,SLI,19,56,10,516.1,5161.0
2021100605001398,SLI,19,38,10,516.1,5161.0
2021100605001417,SLI,56,26,10,519.0,5190.0
2021100605001416,SLI,56,58,10,518.0,5180.0
2021100605001415,SLI,14,18,10,517.0,5170.0
2021100605001425,SLI,14,56,10,517.0,5170.0
2021100605001424,SLI,14,4,10,517.0,5170.0
2021100605001422,SLI,14,7,10,517.0,5170.0
2021100605001434,SLI,19,13,10,516.1,5161.0
2021100605001433,SLI,43,59,10,516.2,5162.0
2021100605001432,SLI,43,50,10,516.2,5162.0
2021100605001426,SLI,14,22,10,517.0,5170.0
2021100605001440,SLI,19,55,10,516.1,5161.0
2021100605001444,SLI,19,56,10,516.1,5161.0
2021100605001442,SLI,19,7,10,516.1,5161.0
2021100605001461,SLI,55,52,10,517.0,5170.0
2021100605001460,SLI,19,38,10,516.1,5161.0
2021100605001458,SLI,19,34,10,516.1,5161.0
2021100605001455,SLI,19,38,10,516.1,5161.0
2021100605001453,SLI,19,6,10,516.1,5161.0
2021100605001466,SLI,28,50,10,516.1,5161.0
2021100605001465,SLI,19,38,10,516.1,5161.0
2021100605001464,SLI,19,56,10,516.1,5161.0
2021100605001462,SLI,19,52,10,516.1,5161.0
2021100605001475,SLI,17,34,10,516.2,5162.0
2021100605001474,SLI,17,36,10,516.2,5162.0
2021100605001487,SLI,17,56,10,516.2,5162.0
2021100605001502,SLI,17,58,10,516.2,5162.0
2021100605001493,SLI,17,21,10,516.2,5162.0
2021100605001508,SLI,17,48,10,516.2,5162.0
2021100605001506,SLI,17,34,10,516.2,5162.0
2021100605001505,SLI,17,59,10,516.2,5162.0
2021100605001504,SLI,17,43,10,516.2,5162.0
2021100605001519,SLI,17,34,100,516.2,51620.0
2021100605001518,SLI,17,17,10,516.2,5162.0
2021100605001516,SLI,17,17,10,516.2,5162.0
2021100605001522,SLI,17,32,10,516.2,5162.0
2021100605001521,SLI,17,17,10,516.2,5162.0
2021100605001520,SLI,17,56,10,516.2,5162.0
2021100605001529,SLI,28,45,10,516.1,5161.0
2021100605001527,SLI,17,34,140,516.2,72268.0
2021100605001539,SLI,28,55,10,516.1,5161.0
2021100605001548,SLI,28,34,10,516.1,5161.0
2021100605001541,SLI,28,58,10,516.1,5161.0
2021100605001540,SLI,28,34,20,516.1,10322.0
2021100605001559,SLI,28,38,10,516.1,5161.0
2021100605001558,SLI,28,42,10,516.1,5161.0
2021100605001557,SLI,28,56,30,516.1,15483.0
2021100605001551,SLI,28,42,10,516.1,5161.0
2021100605001577,SLI,28,16,10,516.1,5161.0
2021100605001587,SLI,28,38,10,516.1,5161.0
2021100605001584,SLI,28,47,10,516.1,5161.0
2021100605001583,SLI,28,57,10,516.1,5161.0
2021100605001593,SLI,28,45,10,516.1,5161.0
2021100605001592,SLI,28,16,10,516.1,5161.0
2021100605001600,SLI,28,56,10,516.1,5161.0
2021100605001609,SLI,16,49,10,516.2,5162.0
2021100605001602,SLI,59,58,10,516.0,5160.0
2021100605001617,SLI,49,58,10,516.2,5162.0
2021100605001615,SLI,49,7,10,516.2,5162.0
2021100605001610,SLI,59,35,10,516.0,5160.0
2021100605001626,SLI,51,58,10,516.2,5162.0
2021100605001625,SLI,49,38,10,516.2,5162.0
2021100605001632,SLI,51,38,10,516.2,5162.0
2021100605001631,SLI,51,25,10,516.2,5162.0
2021100605001630,SLI,51,6,10,516.2,5162.0
2021100605001628,SLI,51,46,10,516.2,5162.0
2021100605001642,SLI,59,43,10,516.0,5160.0
2021100605001641,SLI,59,34,10,516.0,5160.0
2021100605001640,SLI,59,43,10,516.0,5160.0
2021100605001639,SLI,59,43,10,516.0,5160.0
2021100605001638,SLI,59,43,10,516.0,5160.0
2021100605001634,SLI,59,58,10,516.0,5160.0
2021100605001653,SLI,58,25,10,517.0,5170.0
2021100605001649,SLI,58,49,10,517.0,5170.0
2021100605001648,SLI,58,34,10,517.0,5170.0
2021100605001647,SLI,58,13,10,517.0,5170.0
2021100605001646,SLI,58,20,10,516.9,5169.0
2021100605001644,SLI,59,53,10,516.0,5160.0
2021100605001660,SLI,53,8,10,518.0,5180.0
2021100605001659,SLI,53,41,10,518.0,5180.0
2021100605001657,SLI,25,1,10,516.5,5165.0
2021100605001656,SLI,58,38,10,517.0,5170.0
2021100605001666,SLI,58,58,10,518.0,5180.0
2021100605001665,SLI,59,1,10,516.0,5160.0
2021100605001664,SLI,59,53,10,516.0,5160.0
2021100605001663,SLI,53,58,10,518.0,5180.0
2021100605001662,SLI,53,1,10,518.0,5180.0
2021100605001661,SLI,53,49,10,518.0,5180.0
2021100605001673,SLI,59,53,10,516.0,5160.0
2021100605001671,SLI,59,36,10,516.0,5160.0
2021100605001670,SLI,59,53,10,516.0,5160.0
2021100605001668,SLI,58,53,10,518.0,5180.0
2021100605001683,SLI,59,7,10,516.0,5160.0
2021100605001681,SLI,59,53,10,516.0,5160.0
2021100605001675,SLI,59,35,10,516.0,5160.0
2021100605001688,SLI,59,25,10,516.0,5160.0
2021100605001701,SLI,59,52,10,516.0,5160.0
2021100605001697,SLI,59,21,10,516.0,5160.0
2021100605001695,SLI,59,52,10,516.0,5160.0
2021100605001716,SLI,26,58,10,516.5,5165.0
2021100605001715,SLI,43,49,10,516.1,5161.0
2021100605001723,SLI,26,58,10,516.5,5165.0
2021100605001722,SLI,26,58,10,516.5,5165.0
2021100605001721,SLI,26,14,10,516.5,5165.0
2021100605001717,SLI,26,58,10,516.5,5165.0
2021100605001738,SLI,43,43,10,516.1,5161.0
2021100605001733,SLI,43,44,10,516.1,5161.0
2021100605001744,SLI,43,32,10,516.1,5161.0
2021100605001762,SLI,59,34,10,516.0,5160.0
2021100605001761,SLI,59,58,10,516.0,5160.0
2021100605001757,SLI,59,49,10,516.0,5160.0
2021100605001775,SLI,59,14,10,516.0,5160.0
2021100605001770,SLI,59,34,10,516.0,5160.0
2021100605001765,SLI,59,22,10,516.0,5160.0
2021100605001787,ULI,48,35,10,580.0,5800.0
2021100605001786,ULI,48,21,10,580.0,5800.0
2021100605001781,ULI,56,36,10,581.0,5810.0
2021100605001778,ULI,34,41,10,580.0,5800.0
2021100605001777,ULI,34,34,10,580.0,5800.0
2021100605001776,ULI,34,26,10,580.0,5800.0
2021100605001302,ULI,47,21,40,585.0,23400.0
2021100605001301,ULI,47,6,10,580.0,5800.0
2021100605001290,ULI,6,21,10,585.0,5850.0
2021100605001289,ULI,47,36,10,586.0,5860.0
2021100605001288,ULI,47,45,10,585.0,5850.0
2021100605001342,ULI,7,35,10,586.0,5860.0
2021100605001341,ULI,7,45,10,586.0,5860.0
2021100605001333,ULI,34,37,10,579.0,5790.0
2021100605001323,ULI,47,39,10,586.0,5860.0
2021100605001305,ULI,19,42,10,576.1,5761.0
2021100605001303,ULI,47,10,10,585.0,5850.0
2021100605001348,ULI,7,6,10,588.0,5880.0
2021100605001347,ULI,7,20,10,587.9,5879.0
2021100605001346,ULI,7,6,10,587.4,5874.0
2021100605001345,ULI,7,38,10,587.1,5871.0
2021100605001344,ULI,7,21,10,587.0,5870.0
2021100605001343,ULI,7,7,10,587.0,5870.0
2021100605001354,ULI,7,59,10,591.0,5910.0
2021100605001353,ULI,7,7,10,590.0,5900.0
2021100605001352,ULI,7,48,10,588.5,5885.0
2021100605001351,ULI,7,48,10,588.5,5885.0
2021100605001350,ULI,7,33,10,588.0,5880.0
2021100605001349,ULI,7,57,20,588.0,11760.0
2021100605001380,ULI,45,49,10,581.1,5811.0
2021100605001379,ULI,45,47,10,581.1,5811.0
2021100605001374,ULI,29,38,10,581.0,5810.0
2021100605001360,ULI,43,57,200,587.0,117400.0
2021100605001356,ULI,7,43,40,597.2,23888.0
2021100605001355,ULI,7,56,10,597.0,5970.0
2021100605001399,ULI,45,35,10,581.1,5811.0
2021100605001390,ULI,33,36,30,590.0,17700.0
2021100605001389,ULI,33,8,10,588.0,5880.0
2021100605001388,ULI,33,41,10,585.0,5850.0
2021100605001387,ULI,33,34,10,585.0,5850.0
2021100605001381,ULI,45,58,10,581.1,5811.0
2021100605001410,ULI,55,18,10,581.0,5810.0
2021100605001409,ULI,55,50,40,581.0,23240.0
2021100605001408,ULI,29,50,20,581.0,11620.0
2021100605001407,ULI,45,50,140,581.1,81354.0
2021100605001402,ULI,45,22,10,581.1,5811.0
2021100605001400,ULI,45,52,10,581.1,5811.0
2021100605001441,ULI,51,13,10,578.2,5782.0
2021100605001428,ULI,34,19,490,579.0,283710.0
2021100605001427,ULI,22,6,10,580.0,5800.0
2021100605001418,ULI,55,55,30,581.0,17430.0
2021100605001413,ULI,55,34,10,581.0,5810.0
2021100605001412,ULI,55,49,10,581.0,5810.0
2021100605001456,ULI,57,57,10,580.0,5800.0
2021100605001448,ULI,57,21,10,580.0,5800.0
2021100605001447,ULI,57,49,10,580.0,5800.0
2021100605001446,ULI,57,42,10,580.0,5800.0
2021100605001445,ULI,57,52,10,580.0,5800.0
2021100605001443,ULI,51,49,20,578.2,11564.0
2021100605001485,ULI,19,1,10,578.1,5781.0
2021100605001483,ULI,51,47,10,578.2,5782.0
2021100605001472,ULI,5,21,20,580.0,11600.0
2021100605001471,ULI,5,34,10,580.0,5800.0
2021100605001463,ULI,57,19,140,580.0,81200.0
2021100605001459,ULI,57,42,10,580.0,5800.0
2021100605001528,ULI,52,52,98,577.9,56634.2
2021100605001526,ULI,21,58,10,578.0,5780.0
2021100605001517,ULI,8,6,10,578.0,5780.0
2021100605001497,ULI,19,36,10,578.1,5781.0
2021100605001490,ULI,19,1,10,578.1,5781.0
2021100605001486,ULI,19,49,10,578.1,5781.0
2021100605001556,ULI,26,42,10,576.0,5760.0
2021100605001550,ULI,47,49,10,577.0,5770.0
2021100605001549,ULI,47,17,10,577.0,5770.0
2021100605001547,ULI,47,58,10,577.0,5770.0
2021100605001546,ULI,47,54,10,577.0,5770.0
2021100605001542,ULI,47,35,10,577.0,5770.0
2021100605001571,ULI,52,48,40,576.0,23040.0
2021100605001568,ULI,52,58,10,576.0,5760.0
2021100605001567,ULI,52,38,10,576.0,5760.0
2021100605001565,ULI,26,34,10,576.0,5760.0
2021100605001564,ULI,26,42,10,576.0,5760.0
2021100605001563,ULI,26,39,10,576.0,5760.0
2021100605001612,ULI,28,48,10,578.1,5781.0
2021100605001611,ULI,28,25,10,577.0,5770.0
2021100605001607,ULI,28,58,10,578.0,5780.0
2021100605001606,ULI,28,45,10,578.0,5780.0
2021100605001605,ULI,28,52,10,578.0,5780.0
2021100605001579,ULI,52,13,10,576.0,5760.0
2021100605001636,ULI,6,34,10,580.0,5800.0
2021100605001635,ULI,6,37,10,580.0,5800.0
2021100605001624,ULI,36,36,10,580.0,5800.0
2021100605001623,ULI,8,39,10,576.1,5761.0
2021100605001614,ULI,28,58,10,580.0,5800.0
2021100605001613,ULI,28,21,20,580.0,11600.0
2021100605001655,ULI,28,58,10,580.0,5800.0
2021100605001652,ULI,28,58,10,580.0,5800.0
2021100605001651,ULI,28,6,10,580.0,5800.0
2021100605001650,ULI,28,58,10,580.0,5800.0
2021100605001645,ULI,28,38,10,580.0,5800.0
2021100605001637,ULI,52,36,10,576.0,5760.0
2021100605001691,ULI,52,56,10,576.0,5760.0
2021100605001686,ULI,42,48,10,577.0,5770.0
2021100605001682,ULI,42,29,10,577.0,5770.0
2021100605001680,ULI,42,58,10,577.0,5770.0
2021100605001672,ULI,42,43,10,577.0,5770.0
2021100605001667,ULI,42,43,10,577.0,5770.0
2021100605001707,ULI,51,38,5,576.0,2880.0
2021100605001706,ULI,51,49,10,576.0,5760.0
2021100605001704,ULI,4,45,10,576.0,5760.0
2021100605001703,ULI,4,21,10,576.0,5760.0
2021100605001700,ULI,4,1,10,576.0,5760.0
2021100605001693,ULI,52,58,10,576.0,5760.0
2021100605001724,ULI,29,6,10,577.0,5770.0
2021100605001718,ULI,59,57,10,576.0,5760.0
2021100605001714,ULI,59,14,10,576.0,5760.0
2021100605001713,ULI,59,56,10,576.0,5760.0
2021100605001712,ULI,59,10,10,576.0,5760.0
2021100605001710,ULI,59,58,10,576.0,5760.0
2021100605001773,ULI,47,43,10,576.1,5761.0
2021100605001745,ULI,47,49,10,576.1,5761.0
2021100605001737,ULI,59,58,10,576.0,5760.0
2021100605001735,ULI,29,29,20,579.0,11580.0
2021100605001734,ULI,59,58,10,576.0,5760.0
2021100605001725,ULI,59,45,10,576.0,5760.0
2021100605001286,JBLB,42,38,10,4315.0,43150.0
2021100605001282,JBLB,35,38,10,4319.0,43190.0
2021100605001281,JBLB,7,57,10,4349.0,43490.0
2021100605001280,JBLB,7,49,90,4349.0,391410.0
2021100605001279,JBLB,7,49,20,4348.0,86960.0
2021100605001278,JBLB,7,55,10,4348.0,43480.0
2021100605000790,JBLB,26,26,10,4300.0,43000.0
2021100605000789,JBLB,28,58,50,4305.0,215250.0
2021100605000797,JBLB,25,21,10,4306.0,43060.0
2021100605000795,JBLB,44,45,20,4301.0,86020.0
2021100605000791,JBLB,26,42,10,4300.0,43000.0
2021100605000803,JBLB,25,41,10,4309.0,43090.0
2021100605000802,JBLB,25,21,10,4309.0,43090.0
2021100605000801,JBLB,25,34,10,4309.0,43090.0
2021100605000800,JBLB,25,43,10,4308.0,43080.0
2021100605000799,JBLB,25,36,30,4307.0,129210.0
2021100605000798,JBLB,25,38,10,4306.9,43069.0
2021100605000810,JBLB,14,16,10,4312.0,43120.0
2021100605000807,JBLB,25,35,10,4310.0,43100.0
2021100605000806,JBLB,25,58,10,4310.0,43100.0
2021100605000805,JBLB,25,44,50,4310.0,215500.0
2021100605000804,JBLB,25,47,10,4310.0,43100.0
2021100605000815,JBLB,16,58,20,4311.0,86220.0
2021100605000814,JBLB,16,58,10,4311.0,43110.0
2021100605000813,JBLB,50,52,15,4312.0,64680.0
2021100605000812,JBLB,42,52,10,4312.0,43120.0
2021100605000811,JBLB,14,58,40,4314.0,172560.0
2021100605000822,JBLB,14,58,10,4314.0,43140.0
2021100605000821,JBLB,14,58,20,4312.0,86240.0
2021100605000826,JBLB,14,26,10,4321.0,43210.0
2021100605000825,JBLB,14,41,10,4320.0,43200.0
2021100605000824,JBLB,14,58,10,4320.0,43200.0
2021100605000823,JBLB,14,34,10,4320.0,43200.0
2021100605000842,JBLB,4,1,10,4340.0,43400.0
2021100605000841,JBLB,7,58,10,4343.0,43430.0
2021100605000837,JBLB,50,47,10,4340.0,43400.0
2021100605000836,JBLB,58,57,10,4315.0,43150.0
2021100605000835,JBLB,39,17,10,4325.0,43250.0
2021100605000834,JBLB,39,26,10,4321.0,43210.0
2021100605000851,JBLB,8,58,70,4343.0,304010.0
2021100605000850,JBLB,8,43,20,4340.0,86800.0
2021100605000846,JBLB,50,58,20,4343.0,86860.0
2021100605000845,JBLB,58,56,10,4321.0,43210.0
2021100605000863,JBLB,56,56,10,4322.0,43220.0
2021100605000862,JBLB,8,47,10,4330.0,43300.0
2021100605000868,JBLB,16,58,55,4311.0,237105.0
2021100605000867,JBLB,58,58,15,4321.0,64815.0
2021100605000866,JBLB,57,58,50,4323.0,216150.0
2021100605000865,JBLB,8,58,50,4343.0,217150.0
2021100605000864,JBLB,49,38,10,4323.0,43230.0
2021100605000877,JBLB,26,58,50,4300.0,215000.0
2021100605000876,JBLB,44,56,20,4301.0,86020.0
2021100605000875,JBLB,36,56,20,4304.0,86080.0
2021100605000874,JBLB,42,56,10,4310.0,43100.0
2021100605000873,JBLB,25,56,30,4310.0,129300.0
2021100605000872,JBLB,16,56,15,4311.0,64665.0
2021100605000883,JBLB,8,1,10,4310.0,43100.0
2021100605000882,JBLB,3,57,30,4340.0,130200.0
2021100605000881,JBLB,33,56,5,4300.0,21500.0
2021100605000880,JBLB,33,58,110,4300.0,473000.0
2021100605000879,JBLB,38,58,10,4300.0,43000.0
2021100605000878,JBLB,42,58,10,4300.0,43000.0
2021100605000888,JBLB,19,34,10,4295.0,42950.0
2021100605000884,JBLB,8,57,40,4340.0,173600.0
2021100605000893,JBLB,26,7,10,4300.0,43000.0
2021100605000892,JBLB,26,41,10,4300.0,43000.0
2021100605000923,JBLB,57,58,10,4345.0,43450.0
2021100605000922,JBLB,57,50,10,4345.0,43450.0
2021100605000921,JBLB,57,28,20,4345.0,86900.0
2021100605000920,JBLB,57,11,10,4339.0,43390.0
2021100605000929,JBLB,8,14,40,4350.0,174000.0
2021100605000928,JBLB,8,38,20,4338.0,86760.0
2021100605000927,JBLB,57,53,20,4350.0,87000.0
2021100605000926,JBLB,57,34,10,4349.9,43499.0
2021100605000925,JBLB,57,35,10,4349.0,43490.0
2021100605000924,JBLB,57,57,10,4349.0,43490.0
2021100605000963,JBLB,55,21,10,4300.0,43000.0
2021100605000962,JBLB,55,58,45,4300.0,193500.0
2021100605000961,JBLB,58,58,10,4300.0,43000.0
2021100605000960,JBLB,21,58,45,4300.0,193500.0
2021100605000958,JBLB,21,19,10,4300.0,43000.0
2021100605000944,JBLB,29,8,10,4301.0,43010.0
2021100605000972,JBLB,42,34,10,4300.0,43000.0
2021100605000971,JBLB,46,58,35,4300.0,150500.0
2021100605000970,JBLB,55,58,45,4300.0,193500.0
2021100605000969,JBLB,26,58,10,4301.0,43010.0
2021100605000968,JBLB,45,58,10,4301.0,43010.0
2021100605000978,JBLB,22,58,50,4300.0,215000.0
2021100605000976,JBLB,22,16,10,4300.0,43000.0
2021100605000974,JBLB,44,47,10,4300.0,43000.0
2021100605000973,JBLB,40,34,10,4296.0,42960.0
2021100605000986,JBLB,46,41,10,4300.0,43000.0
2021100605000985,JBLB,22,41,20,4300.0,86000.0
2021100605000999,JBLB,16,41,10,4301.0,43010.0
2021100605000998,JBLB,16,1,10,4301.0,43010.0
2021100605000996,JBLB,16,49,10,4301.0,43010.0
2021100605000992,JBLB,26,41,10,4300.0,43000.0
2021100605000987,JBLB,26,41,10,4300.0,43000.0
2021100605001013,JBLB,57,14,10,4302.0,43020.0
2021100605001012,JBLB,16,6,10,4301.1,43011.0
2021100605001011,JBLB,16,6,10,4301.0,43010.0
2021100605001009,JBLB,16,42,10,4301.0,43010.0
2021100605001000,JBLB,46,55,5,4300.0,21500.0
2021100605001019,JBLB,19,58,10,4310.0,43100.0
2021100605001018,JBLB,16,47,10,4320.0,43200.0
2021100605001017,JBLB,16,4,10,4320.0,43200.0
2021100605001016,JBLB,16,38,10,4320.0,43200.0
2021100605001015,JBLB,19,45,10,4310.0,43100.0
2021100605001030,JBLB,16,17,10,4310.1,43101.0
2021100605001027,JBLB,19,52,10,4310.0,43100.0
2021100605001024,JBLB,16,58,10,4310.0,43100.0
2021100605001023,JBLB,19,58,80,4310.0,344800.0
2021100605001040,JBLB,19,41,90,4310.0,387900.0
2021100605001039,JBLB,16,41,10,4310.1,43101.0
2021100605001038,JBLB,16,58,10,4310.1,43101.0
2021100605001037,JBLB,16,38,10,4310.1,43101.0
2021100605001047,JBLB,34,56,10,4330.0,43300.0
2021100605001046,JBLB,34,36,30,4329.0,129870.0
2021100605001045,JBLB,6,58,10,4325.0,43250.0
2021100605001053,JBLB,28,1,10,4330.0,43300.0
2021100605001052,JBLB,28,58,30,4330.0,129900.0
2021100605001051,JBLB,28,35,10,4330.0,43300.0
2021100605001050,JBLB,28,50,40,4330.0,173200.0
2021100605001049,JBLB,6,55,20,4329.0,86580.0
2021100605001048,JBLB,34,50,10,4330.0,43300.0
2021100605001059,JBLB,16,38,10,4340.0,43400.0
2021100605001058,JBLB,6,41,20,4349.0,86980.0
2021100605001057,JBLB,6,22,10,4345.0,43450.0
2021100605001056,JBLB,25,34,10,4340.0,43400.0
2021100605001055,JBLB,6,51,40,4335.0,173400.0
2021100605001054,JBLB,28,58,10,4330.0,43300.0
2021100605001065,JBLB,6,19,10,4350.0,43500.0
2021100605001064,JBLB,6,14,10,4350.0,43500.0
2021100605001063,JBLB,6,41,30,4349.0,130470.0
2021100605001062,JBLB,36,36,40,4348.9,173956.0
2021100605001061,JBLB,36,38,10,4335.0,43350.0
2021100605001060,JBLB,38,1,10,4315.0,43150.0
2021100605001071,JBLB,6,17,20,4350.0,87000.0
2021100605001070,JBLB,6,34,50,4350.0,217500.0
2021100605001069,JBLB,6,4,10,4350.0,43500.0
2021100605001068,JBLB,6,20,80,4350.0,348000.0
2021100605001067,JBLB,6,57,50,4350.0,217500.0
2021100605001066,JBLB,6,16,10,4350.0,43500.0
2021100605001077,JBLB,6,7,10,4350.0,43500.0
2021100605001076,JBLB,6,6,10,4350.0,43500.0
2021100605001075,JBLB,6,58,10,4350.0,43500.0
2021100605001074,JBLB,6,58,10,4350.0,43500.0
2021100605001073,JBLB,6,6,10,4350.0,43500.0
2021100605001072,JBLB,6,16,10,4350.0,43500.0
2021100605001082,JBLB,6,47,100,4350.0,435000.0
2021100605001081,JBLB,6,4,10,4350.0,43500.0
2021100605001080,JBLB,6,39,10,4350.0,43500.0
2021100605001079,JBLB,6,58,10,4350.0,43500.0
2021100605001078,JBLB,6,55,10,4350.0,43500.0
2021100605001092,JBLB,28,28,32,4351.0,139232.0
2021100605001091,JBLB,28,42,10,4350.0,43500.0
2021100605001090,JBLB,28,57,48,4345.0,208560.0
2021100605001089,JBLB,28,55,10,4344.0,43440.0
2021100605001086,JBLB,6,43,20,4350.0,87000.0
2021100605001085,JBLB,6,51,10,4350.0,43500.0
2021100605001099,JBLB,6,26,10,4360.0,43600.0
2021100605001098,JBLB,6,59,30,4360.0,130800.0
2021100605001097,JBLB,6,59,20,4360.0,87200.0
2021100605001096,JBLB,6,45,25,4355.0,108875.0
2021100605001095,JBLB,6,28,13,4351.0,56563.0
2021100605001094,JBLB,6,58,10,4340.0,43400.0
2021100605001107,JBLB,6,58,150,4360.0,654000.0
2021100605001104,JBLB,6,10,10,4360.0,43600.0
2021100605001103,JBLB,6,58,10,4360.0,43600.0
2021100605001102,JBLB,6,58,10,4360.0,43600.0
2021100605001101,JBLB,6,50,20,4360.0,87200.0
2021100605001100,JBLB,6,48,40,4360.0,174400.0
2021100605001115,JBLB,25,38,10,4312.2,43122.0
2021100605001114,JBLB,42,58,10,4340.0,43400.0
2021100605001125,JBLB,58,17,10,4350.0,43500.0
2021100605001124,JBLB,52,56,10,4315.0,43150.0
2021100605001120,JBLB,47,49,10,4313.4,43134.0
2021100605001127,JBLB,25,41,10,4315.0,43150.0
2021100605001147,JBLB,6,58,52,4320.0,224640.0
2021100605001146,JBLB,16,58,10,4325.0,43250.0
2021100605001144,JBLB,42,41,10,4345.0,43450.0
2021100605001148,JBLB,38,58,50,4320.0,216000.0
2021100605001168,JBLB,58,4,10,4320.0,43200.0
2021100605001175,JBLB,21,58,10,4320.0,43200.0
2021100605001172,JBLB,58,28,11,4320.0,47520.0
2021100605001208,JBLB,4,47,10,4321.0,43210.0
2021100605001206,JBLB,16,59,10,4321.0,43210.0
2021100605001187,JBLB,46,49,10,4349.0,43490.0
2021100605001178,JBLB,47,49,100,4349.0,434900.0
2021100605001176,JBLB,21,58,10,4320.0,43200.0
2021100605001214,JBLB,34,55,10,4348.0,43480.0
2021100605001213,JBLB,25,58,80,4318.6,345488.0
2021100605001212,JBLB,42,58,20,4319.0,86380.0
2021100605001211,JBLB,38,58,20,4320.0,86400.0
2021100605001210,JBLB,14,58,20,4320.0,86400.0
2021100605001209,JBLB,4,18,10,4330.0,43300.0
2021100605001222,JBLB,17,28,10,4340.0,43400.0
2021100605001237,JBLB,35,58,30,4343.0,130290.0
2021100605001236,JBLB,26,38,10,4315.2,43152.0
2021100605001235,JBLB,35,39,10,4340.0,43400.0
2021100605001232,JBLB,59,17,10,4340.0,43400.0
2021100605001277,JBLB,7,58,20,4345.0,86900.0
2021100605001276,JBLB,41,38,10,4340.0,43400.0
2021100605001275,JBLB,41,34,20,4343.0,86860.0
2021100605001241,JBLB,41,38,10,4319.0,43190.0
2021100605001283,MKLB,59,7,10,1974.0,19740.0
2021100605001274,MKLB,4,34,30,1980.0,59400.0
2021100605001246,MKLB,4,4,10,1980.0,19800.0
2021100605001243,MKLB,4,33,10,1980.0,19800.0
2021100605001242,MKLB,4,47,50,1979.0,98950.0
2021100605001219,MKLB,49,7,10,1974.0,19740.0
2021100605000792,MKLB,22,32,10,1958.0,19580.0
2021100605000860,MKLB,29,47,20,1935.0,38700.0
2021100605000859,MKLB,21,47,20,1940.0,38800.0
2021100605000858,MKLB,59,47,10,1950.0,19500.0
2021100605000843,MKLB,10,16,10,1950.0,19500.0
2021100605000831,MKLB,10,38,10,1950.0,19500.0
2021100605000829,MKLB,14,38,10,1955.0,19550.0
2021100605000912,MKLB,57,51,10,1950.0,19500.0
2021100605000906,MKLB,48,51,10,1955.0,19550.0
2021100605000895,MKLB,48,58,10,1950.0,19500.0
2021100605000870,MKLB,38,49,10,1950.0,19500.0
2021100605000869,MKLB,34,1,10,1950.0,19500.0
2021100605000861,MKLB,32,47,15,1935.0,29025.0
2021100605000918,MKLB,7,41,10,1960.0,19600.0
2021100605000917,MKLB,7,46,10,1960.0,19600.0
2021100605000916,MKLB,7,49,10,1960.0,19600.0
2021100605000915,MKLB,7,1,20,1959.9,39198.0
2021100605000914,MKLB,7,22,10,1958.0,19580.0
2021100605000913,MKLB,7,52,10,1954.0,19540.0
2021100605000990,MKLB,38,21,20,1975.0,39500.0
2021100605000989,MKLB,38,35,10,1975.0,19750.0
2021100605000965,MKLB,42,29,20,1974.0,39480.0
2021100605000964,MKLB,22,1,20,1974.0,39480.0
2021100605000945,MKLB,57,47,50,1974.0,98700.0
2021100605000919,MKLB,7,49,10,1970.0,19700.0
2021100605001007,MKLB,22,45,10,1974.0,19740.0
2021100605001006,MKLB,53,45,40,1974.0,78960.0
2021100605000995,MKLB,53,34,10,1974.0,19740.0
2021100605000994,MKLB,57,34,20,1974.0,39480.0
2021100605000993,MKLB,38,34,40,1975.0,79000.0
2021100605000991,MKLB,38,45,10,1975.0,19750.0
2021100605001111,MKLB,14,38,10,1951.0,19510.0
2021100605001088,MKLB,22,1,20,1973.9,39478.0
2021100605001087,MKLB,14,38,10,1951.0,19510.0
2021100605001044,MKLB,38,10,10,1960.0,19600.0
2021100605001025,MKLB,14,17,10,1960.0,19600.0
2021100605001008,MKLB,22,7,10,1974.0,19740.0
2021100605001218,MKLB,49,1,20,1973.9,39478.0
2021100605001217,MKLB,49,13,20,1973.8,39476.0
2021100605001181,MKLB,45,34,10,1955.0,19550.0
2021100605001139,MKLB,45,28,10,1955.0,19550.0
2021100605001118,MKLB,38,26,10,1973.0,19730.0
2021100605001117,MKLB,38,55,10,1973.0,19730.0
2021100605000788,SLI,29,55,100,518.0,51800.0
2021100605000796,SLI,29,36,10,515.0,5150.0
2021100605000794,SLI,29,36,10,515.0,5150.0
2021100605000793,SLI,5,34,10,515.0,5150.0
2021100605000808,SLI,41,6,10,512.0,5120.0
2021100605000816,SLI,58,55,100,518.0,51800.0
2021100605000820,SLI,41,25,10,512.0,5120.0
2021100605000819,SLI,58,21,10,518.0,5180.0
2021100605000818,SLI,58,58,10,518.0,5180.0
2021100605000817,SLI,58,47,271,518.0,140378.0
2021100605000832,SLI,41,50,10,512.0,5120.0
2021100605000827,SLI,41,38,10,512.0,5120.0
2021100605000853,SLI,58,58,10,514.0,5140.0
2021100605000852,SLI,41,26,10,512.0,5120.0
2021100605000857,SLI,58,58,10,518.1,5181.0
2021100605000856,SLI,58,58,10,518.0,5180.0
2021100605000855,SLI,58,16,10,518.0,5180.0
2021100605000854,SLI,58,25,10,518.0,5180.0
2021100605000871,SLI,41,45,10,512.0,5120.0
2021100605000890,SLI,14,1,10,513.0,5130.0
2021100605000889,SLI,14,38,10,513.0,5130.0
2021100605000887,SLI,3,38,10,518.0,5180.0
2021100605000886,SLI,3,44,10,518.0,5180.0
2021100605000897,SLI,58,28,10,518.1,5181.0
2021100605000896,SLI,58,38,50,517.0,25850.0
2021100605000894,SLI,53,8,10,515.0,5150.0
2021100605000891,SLI,14,50,10,513.0,5130.0
2021100605000903,SLI,58,57,10,519.4,5194.0
2021100605000902,SLI,58,22,10,519.0,5190.0
2021100605000901,SLI,58,34,10,519.0,5190.0
2021100605000900,SLI,58,28,10,519.0,5190.0
2021100605000899,SLI,58,58,10,519.0,5190.0
2021100605000898,SLI,58,28,10,519.0,5190.0
2021100605000905,SLI,58,44,10,520.0,5200.0
2021100605000904,SLI,58,8,10,520.0,5200.0
2021100605000935,SLI,58,49,10,520.0,5200.0
2021100605000934,SLI,58,4,10,520.0,5200.0
2021100605000933,SLI,58,54,10,520.0,5200.0
2021100605000932,SLI,58,7,10,520.0,5200.0
2021100605000931,SLI,58,34,10,520.0,5200.0
2021100605000930,SLI,58,42,10,520.0,5200.0
2021100605000941,SLI,53,32,10,515.0,5150.0
2021100605000940,SLI,5,6,10,520.0,5200.0
2021100605000939,SLI,5,28,10,520.0,5200.0
2021100605000938,SLI,58,49,10,520.0,5200.0
2021100605000937,SLI,58,49,10,520.0,5200.0
2021100605000936,SLI,58,26,10,520.0,5200.0
2021100605000966,SLI,53,22,10,515.0,5150.0
2021100605000980,SLI,8,58,10,520.0,5200.0
2021100605000979,SLI,8,35,10,519.5,5195.0
2021100605000984,SLI,53,58,10,515.0,5150.0
2021100605000983,SLI,8,42,10,520.0,5200.0
2021100605000982,SLI,8,22,10,520.0,5200.0
2021100605000981,SLI,8,25,80,520.0,41600.0
2021100605000997,SLI,53,17,10,515.0,5150.0
2021100605001010,SLI,16,6,10,520.0,5200.0
2021100605001020,SLI,53,1,10,515.0,5150.0
2021100605001032,SLI,53,17,10,515.0,5150.0
2021100605001026,SLI,53,58,10,515.0,5150.0
2021100605001036,SLI,57,46,10,515.0,5150.0
2021100605001034,SLI,53,47,10,515.0,5150.0
2021100605001043,SLI,14,46,10,513.0,5130.0
2021100605001042,SLI,39,46,10,515.1,5151.0
2021100605001041,SLI,39,51,10,515.1,5151.0
2021100605001083,SLI,39,25,10,513.1,5131.0
2021100605001113,SLI,42,38,10,513.1,5131.0
2021100605001110,SLI,42,54,10,513.1,5131.0
2021100605001109,SLI,42,58,10,513.1,5131.0
2021100605001108,SLI,14,3,10,513.0,5130.0
2021100605001123,SLI,6,59,10,515.0,5150.0
2021100605001122,SLI,6,1,10,515.0,5150.0
2021100605001121,SLI,6,21,10,515.0,5150.0
2021100605001140,SLI,42,56,10,513.1,5131.0
2021100605001131,SLI,42,59,10,513.1,5131.0
2021100605001129,SLI,42,57,10,513.1,5131.0
2021100605001128,SLI,6,59,10,515.0,5150.0
2021100605001126,SLI,6,38,10,515.0,5150.0
2021100605001145,SLI,16,16,5,504.7,2523.5
2021100605001142,SLI,49,22,10,515.0,5150.0
2021100605001141,SLI,42,1,10,513.1,5131.0
2021100605001162,SLI,36,19,10,520.0,5200.0
2021100605001161,SLI,36,58,10,520.0,5200.0
2021100605001160,SLI,36,58,10,520.0,5200.0
2021100605001159,SLI,36,45,10,520.0,5200.0
2021100605001158,SLI,36,54,10,519.9,5199.0
2021100605001167,SLI,16,16,5,509.6,2548.0
2021100605001166,SLI,17,54,10,515.1,5151.0
2021100605001165,SLI,36,26,30,520.0,15600.0
2021100605001164,SLI,36,42,10,520.0,5200.0
2021100605001163,SLI,36,42,10,520.0,5200.0
2021100605001174,SLI,45,4,10,515.0,5150.0
2021100605001173,SLI,45,38,10,515.0,5150.0
2021100605001170,SLI,45,44,10,520.0,5200.0
2021100605001169,SLI,45,34,10,520.0,5200.0
2021100605001180,SLI,49,58,10,520.0,5200.0
2021100605001231,SLI,19,38,10,515.0,5150.0
2021100605001230,SLI,45,46,10,515.0,5150.0
2021100605001221,SLI,45,52,10,515.0,5150.0
2021100605001216,SLI,48,38,10,520.0,5200.0
2021100605001215,SLI,48,17,10,519.0,5190.0
2021100605001234,SLI,19,34,5,515.0,2575.0
2021100605001233,SLI,19,56,10,515.0,5150.0
2021100605001245,SLI,52,4,10,515.1,5151.0
2021100605001239,SLI,52,19,10,515.1,5151.0
2021100605001287,ULI,47,42,10,585.0,5850.0
2021100605001285,ULI,7,21,10,585.0,5850.0
2021100605001284,ULI,7,57,10,585.0,5850.0
2021100605001273,ULI,7,57,20,585.0,11700.0
2021100605001272,ULI,7,42,10,585.0,5850.0
2021100605001271,ULI,7,58,10,585.0,5850.0
2021100605000833,ULI,13,33,10,571.0,5710.0
2021100605000830,ULI,13,49,10,571.0,5710.0
2021100605000828,ULI,13,50,10,571.0,5710.0
2021100605000809,ULI,13,42,10,571.0,5710.0
2021100605000848,ULI,37,6,10,573.0,5730.0
2021100605000847,ULI,42,50,10,571.0,5710.0
2021100605000844,ULI,42,58,10,571.0,5710.0
2021100605000840,ULI,42,59,10,571.0,5710.0
2021100605000839,ULI,14,35,10,572.0,5720.0
2021100605000838,ULI,42,3,10,571.0,5710.0
2021100605000910,ULI,37,56,10,574.0,5740.0
2021100605000909,ULI,37,13,10,574.0,5740.0
2021100605000908,ULI,37,21,10,574.0,5740.0
2021100605000907,ULI,37,43,10,574.0,5740.0
2021100605000885,ULI,37,50,10,573.0,5730.0
2021100605000849,ULI,37,16,10,573.0,5730.0
2021100605000948,ULI,7,32,10,575.0,5750.0
2021100605000947,ULI,7,16,10,575.0,5750.0
2021100605000946,ULI,7,1,10,575.0,5750.0
2021100605000943,ULI,34,45,150,574.0,86100.0
2021100605000942,ULI,34,7,10,574.0,5740.0
2021100605000911,ULI,37,58,10,574.0,5740.0
2021100605000954,ULI,7,42,10,575.0,5750.0
2021100605000953,ULI,7,58,10,575.0,5750.0
2021100605000952,ULI,7,42,10,575.0,5750.0
2021100605000951,ULI,7,29,10,575.0,5750.0
2021100605000950,ULI,7,48,10,575.0,5750.0
2021100605000949,ULI,7,58,10,575.0,5750.0
2021100605000975,ULI,57,36,20,573.0,11460.0
2021100605000967,ULI,57,22,10,573.0,5730.0
2021100605000959,ULI,57,58,10,573.0,5730.0
2021100605000957,ULI,32,38,10,575.0,5750.0
2021100605000956,ULI,57,51,10,573.0,5730.0
2021100605000955,ULI,7,58,10,575.0,5750.0
2021100605001004,ULI,42,57,10,576.0,5760.0
2021100605001003,ULI,42,49,10,576.0,5760.0
2021100605001002,ULI,42,21,10,576.0,5760.0
2021100605001001,ULI,42,50,10,576.0,5760.0
2021100605000988,ULI,32,6,10,575.0,5750.0
2021100605000977,ULI,32,38,10,575.0,5750.0
2021100605001029,ULI,34,45,10,577.0,5770.0
2021100605001028,ULI,34,58,10,577.0,5770.0
2021100605001022,ULI,4,17,10,576.0,5760.0
2021100605001021,ULI,4,3,10,576.0,5760.0
2021100605001014,ULI,4,33,10,576.0,5760.0
2021100605001005,ULI,42,47,10,573.5,5735.0
2021100605001105,ULI,56,54,10,576.0,5760.0
2021100605001093,ULI,19,58,10,575.1,5751.0
2021100605001084,ULI,26,38,10,575.0,5750.0
2021100605001035,ULI,42,17,10,573.5,5735.0
2021100605001033,ULI,42,21,10,573.5,5735.0
2021100605001031,ULI,4,45,90,577.0,51930.0
2021100605001132,ULI,41,17,10,577.0,5770.0
2021100605001130,ULI,6,49,10,576.0,5760.0
2021100605001119,ULI,6,50,10,576.0,5760.0
2021100605001116,ULI,16,57,10,576.0,5760.0
2021100605001112,ULI,26,58,10,575.0,5750.0
2021100605001106,ULI,56,57,10,576.0,5760.0
2021100605001138,ULI,41,38,10,577.0,5770.0
2021100605001137,ULI,41,51,10,577.0,5770.0
2021100605001136,ULI,41,1,10,577.0,5770.0
2021100605001135,ULI,41,56,10,577.0,5770.0
2021100605001134,ULI,41,32,10,577.0,5770.0
2021100605001133,ULI,41,56,10,577.0,5770.0
2021100605001153,ULI,57,45,150,578.0,86700.0
2021100605001152,ULI,57,58,10,578.0,5780.0
2021100605001151,ULI,57,58,10,578.0,5780.0
2021100605001150,ULI,57,58,10,577.9,5779.0
2021100605001149,ULI,57,58,10,577.9,5779.0
2021100605001143,ULI,41,35,10,577.0,5770.0
2021100605001177,ULI,41,56,10,577.0,5770.0
2021100605001171,ULI,41,38,10,577.0,5770.0
2021100605001157,ULI,57,58,10,579.0,5790.0
2021100605001156,ULI,57,45,80,579.0,46320.0
2021100605001155,ULI,57,26,10,579.0,5790.0
2021100605001154,ULI,57,58,10,579.0,5790.0
2021100605001186,ULI,32,17,20,579.9,11598.0
2021100605001185,ULI,32,39,20,579.9,11598.0
2021100605001184,ULI,32,32,10,579.3,5793.0
2021100605001183,ULI,32,49,10,579.0,5790.0
2021100605001182,ULI,32,57,10,579.0,5790.0
2021100605001179,ULI,39,39,80,577.0,46160.0
2021100605001193,ULI,5,49,10,580.0,5800.0
2021100605001192,ULI,5,57,10,580.0,5800.0
2021100605001191,ULI,5,58,10,580.0,5800.0
2021100605001190,ULI,5,38,10,580.0,5800.0
2021100605001189,ULI,5,32,10,580.0,5800.0
2021100605001188,ULI,39,25,10,577.0,5770.0
2021100605001199,ULI,5,58,10,580.0,5800.0
2021100605001198,ULI,5,56,10,580.0,5800.0
2021100605001197,ULI,5,5,610,580.0,353800.0
2021100605001196,ULI,5,42,10,580.0,5800.0
2021100605001195,ULI,5,49,10,580.0,5800.0
2021100605001194,ULI,5,18,10,580.0,5800.0
2021100605001205,ULI,5,21,40,580.0,23200.0
2021100605001204,ULI,5,45,10,580.0,5800.0
2021100605001203,ULI,5,22,10,580.0,5800.0
2021100605001202,ULI,5,39,10,580.0,5800.0
2021100605001201,ULI,5,26,10,580.0,5800.0
2021100605001200,ULI,5,58,10,580.0,5800.0
2021100605001226,ULI,21,58,100,576.0,57600.0
2021100605001225,ULI,58,58,15,576.0,8640.0
2021100605001224,ULI,21,58,40,577.0,23080.0
2021100605001223,ULI,21,4,10,577.0,5770.0
2021100605001220,ULI,41,38,10,577.0,5770.0
2021100605001207,ULI,39,58,10,577.0,5770.0
2021100605001244,ULI,42,38,10,574.0,5740.0
2021100605001240,ULI,45,51,10,575.0,5750.0
2021100605001238,ULI,42,38,10,574.0,5740.0
2021100605001229,ULI,26,58,56,574.0,32144.0
2021100605001228,ULI,41,58,30,575.0,17250.0
2021100605001227,ULI,26,58,480,575.0,276000.0
2021100605001252,ULI,7,29,10,580.0,5800.0
2021100605001251,ULI,7,48,10,580.0,5800.0
2021100605001250,ULI,7,19,10,580.0,5800.0
2021100605001249,ULI,7,26,10,580.0,5800.0
2021100605001248,ULI,7,21,20,580.0,11600.0
2021100605001247,ULI,7,26,10,577.0,5770.0
2021100605001258,ULI,7,49,10,582.0,5820.0
2021100605001257,ULI,7,22,10,582.0,5820.0
2021100605001256,ULI,7,7,10,581.0,5810.0
2021100605001255,ULI,7,54,10,581.0,5810.0
2021100605001254,ULI,7,49,10,581.0,5810.0
2021100605001253,ULI,7,28,10,580.0,5800.0
2021100605001264,ULI,7,32,20,584.0,11680.0
2021100605001263,ULI,7,58,10,584.0,5840.0
2021100605001262,ULI,7,6,10,583.0,5830.0
2021100605001261,ULI,7,22,10,583.0,5830.0
2021100605001260,ULI,7,58,10,582.4,5824.0
2021100605001259,ULI,7,14,10,582.0,5820.0
2021100605001270,ULI,7,49,10,585.0,5850.0
2021100605001269,ULI,7,56,10,585.0,5850.0
2021100605001268,ULI,7,8,10,585.0,5850.0
2021100605001267,ULI,7,57,10,584.9,5849.0
2021100605001266,ULI,7,28,10,584.4,5844.0
2021100605001265,ULI,7,28,10,584.4,5844.0
2021100605000787,JBLB,26,57,10,4300.0,43000.0
2021100605000786,JBLB,26,19,10,4290.0,42900.0
2021100605000289,JBLB,58,49,10,4102.0,41020.0
2021100605000288,JBLB,56,49,20,4102.0,82040.0
2021100605000298,JBLB,51,58,10,4130.0,41300.0
2021100605000295,JBLB,56,21,10,4110.0,41100.0
2021100605000294,JBLB,56,19,10,4110.0,41100.0
2021100605000293,JBLB,56,49,174,4102.0,713748.0
2021100605000292,JBLB,21,49,10,4102.0,41020.0
2021100605000299,JBLB,51,56,20,4130.0,82600.0
2021100605000324,JBLB,56,20,10,4121.0,41210.0
2021100605000322,JBLB,51,22,10,4139.0,41390.0
2021100605000328,JBLB,34,7,10,4140.0,41400.0
2021100605000326,JBLB,34,56,20,4140.0,82800.0
2021100605000325,JBLB,57,41,10,4140.0,41400.0
2021100605000335,JBLB,33,58,20,4141.9,82838.0
2021100605000333,JBLB,34,39,10,4140.0,41400.0
2021100605000347,JBLB,58,51,20,4149.0,82980.0
2021100605000346,JBLB,58,7,10,4145.0,41450.0
2021100605000345,JBLB,58,16,10,4145.0,41450.0
2021100605000341,JBLB,26,5,10,4143.0,41430.0
2021100605000354,JBLB,33,22,10,4150.0,41500.0
2021100605000353,JBLB,33,40,40,4150.0,166000.0
2021100605000350,JBLB,45,40,10,4149.9,41499.0
2021100605000349,JBLB,33,51,30,4149.0,124470.0
2021100605000360,JBLB,33,49,10,4150.0,41500.0
2021100605000359,JBLB,33,16,10,4150.0,41500.0
2021100605000358,JBLB,33,56,10,4150.0,41500.0
2021100605000357,JBLB,33,4,10,4150.0,41500.0
2021100605000356,JBLB,33,39,10,4150.0,41500.0
2021100605000355,JBLB,33,38,10,4150.0,41500.0
2021100605000369,JBLB,45,41,10,4155.0,41550.0
2021100605000373,JBLB,57,45,100,4170.0,417000.0
2021100605000372,JBLB,57,41,10,4169.0,41690.0
2021100605000371,JBLB,57,57,10,4165.0,41650.0
2021100605000382,JBLB,16,39,10,4180.0,41800.0
2021100605000381,JBLB,16,45,10,4180.0,41800.0
2021100605000380,JBLB,16,33,10,4180.0,41800.0
2021100605000378,JBLB,59,17,10,4180.0,41800.0
2021100605000377,JBLB,59,4,10,4180.0,41800.0
2021100605000376,JBLB,49,16,10,4156.0,41560.0
2021100605000383,JBLB,16,37,10,4180.0,41800.0
2021100605000399,JBLB,16,39,10,4180.0,41800.0
2021100605000398,JBLB,58,39,20,4181.0,83620.0
2021100605000397,JBLB,26,39,10,4183.0,41830.0
2021100605000390,JBLB,51,59,10,4183.0,41830.0
2021100605000405,JBLB,16,55,20,4185.0,83700.0
2021100605000404,JBLB,8,28,25,4199.0,104975.0
2021100605000403,JBLB,8,59,15,4199.0,62985.0
2021100605000402,JBLB,8,34,10,4190.0,41900.0
2021100605000401,JBLB,8,4,50,4190.0,209500.0
2021100605000400,JBLB,33,38,10,4170.0,41700.0
2021100605000415,JBLB,58,20,100,4198.0,419800.0
2021100605000414,JBLB,57,20,100,4198.0,419800.0
2021100605000412,JBLB,44,20,10,4190.0,41900.0
2021100605000407,JBLB,59,28,25,4199.0,104975.0
2021100605000406,JBLB,33,33,10,4170.0,41700.0
2021100605000422,JBLB,58,33,10,4199.0,41990.0
2021100605000421,JBLB,58,26,30,4199.0,125970.0
2021100605000419,JBLB,16,50,100,4199.0,419900.0
2021100605000418,JBLB,58,34,20,4198.0,83960.0
2021100605000417,JBLB,58,4,10,4198.0,41980.0
2021100605000416,JBLB,58,20,25,4198.0,104950.0
2021100605000430,JBLB,57,38,20,4200.0,84000.0
2021100605000429,JBLB,57,57,10,4200.0,42000.0
2021100605000428,JBLB,57,52,10,4200.0,42000.0
2021100605000427,JBLB,57,26,30,4200.0,126000.0
2021100605000426,JBLB,57,16,10,4200.0,42000.0
2021100605000423,JBLB,44,33,10,4199.0,41990.0
2021100605000436,JBLB,57,56,100,4200.0,420000.0
2021100605000435,JBLB,57,37,10,4200.0,42000.0
2021100605000434,JBLB,57,58,10,4200.0,42000.0
2021100605000433,JBLB,57,36,20,4200.0,84000.0
2021100605000432,JBLB,57,48,10,4200.0,42000.0
2021100605000431,JBLB,57,6,20,4200.0,84000.0
2021100605000441,JBLB,57,36,10,4200.0,42000.0
2021100605000440,JBLB,57,52,10,4200.0,42000.0
2021100605000439,JBLB,57,38,10,4200.0,42000.0
2021100605000438,JBLB,57,8,100,4200.0,420000.0
2021100605000437,JBLB,57,56,50,4200.0,210000.0
2021100605000452,JBLB,1,6,10,4212.6,42126.0
2021100605000451,JBLB,54,37,10,4210.0,42100.0
2021100605000449,JBLB,3,49,10,4203.4,42034.0
2021100605000445,JBLB,58,54,15,4200.0,63000.0
2021100605000444,JBLB,34,6,10,4203.0,42030.0
2021100605000443,JBLB,34,35,10,4202.4,42024.0
2021100605000459,JBLB,3,58,10,4220.0,42200.0
2021100605000458,JBLB,3,21,20,4220.0,84400.0
2021100605000457,JBLB,28,28,10,4219.0,42190.0
2021100605000456,JBLB,16,56,10,4220.0,42200.0
2021100605000455,JBLB,16,55,10,4220.0,42200.0
2021100605000453,JBLB,1,19,10,4219.0,42190.0
2021100605000466,JBLB,21,49,10,4222.0,42220.0
2021100605000465,JBLB,32,32,30,4220.0,126600.0
2021100605000464,JBLB,57,32,10,4220.0,42200.0
2021100605000463,JBLB,3,32,10,4220.0,42200.0
2021100605000462,JBLB,3,28,10,4220.0,42200.0
2021100605000474,JBLB,53,1,10,4225.0,42250.0
2021100605000471,JBLB,1,55,50,4230.0,211500.0
2021100605000469,JBLB,1,55,35,4230.0,148050.0
2021100605000468,JBLB,1,29,15,4230.0,63450.0
2021100605000467,JBLB,21,1,10,4222.0,42220.0
2021100605000476,JBLB,57,1,380,4225.0,1605500.0
2021100605000475,JBLB,28,1,10,4225.0,42250.0
2021100605000486,JBLB,13,48,10,4230.0,42300.0
2021100605000485,JBLB,13,4,10,4230.0,42300.0
2021100605000483,JBLB,42,55,20,4230.0,84600.0
2021100605000482,JBLB,57,57,10,4225.0,42250.0
2021100605000493,JBLB,58,25,10,4233.0,42330.0
2021100605000492,JBLB,58,26,60,4230.0,253800.0
2021100605000488,JBLB,6,26,10,4230.0,42300.0
2021100605000487,JBLB,13,26,30,4230.0,126900.0
2021100605000498,JBLB,19,56,10,4233.0,42330.0
2021100605000497,JBLB,19,21,20,4233.0,84660.0
2021100605000496,JBLB,19,21,70,4233.0,296310.0
2021100605000495,JBLB,44,52,15,4233.0,63495.0
2021100605000494,JBLB,58,52,30,4233.0,126990.0
2021100605000508,JBLB,3,42,10,4250.0,42500.0
2021100605000507,JBLB,3,28,10,4250.0,42500.0
2021100605000504,JBLB,45,26,10,4240.0,42400.0
2021100605000503,JBLB,45,34,80,4238.0,339040.0
2021100605000502,JBLB,45,38,10,4235.0,42350.0
2021100605000513,JBLB,54,29,10,4280.0,42800.0
2021100605000512,JBLB,54,55,20,4280.0,85600.0
2021100605000511,JBLB,45,7,10,4280.0,42800.0
2021100605000510,JBLB,45,38,10,4280.0,42800.0
2021100605000521,JBLB,49,57,40,4282.0,171280.0
2021100605000520,JBLB,14,57,10,4282.0,42820.0
2021100605000527,JBLB,43,53,10,4300.0,43000.0
2021100605000526,JBLB,14,14,20,4300.0,86000.0
2021100605000525,JBLB,14,34,20,4299.9,85998.0
2021100605000524,JBLB,14,56,10,4299.9,42999.0
2021100605000523,JBLB,14,58,100,4299.0,429900.0
2021100605000522,JBLB,14,28,50,4299.0,214950.0
2021100605000533,JBLB,6,7,20,4300.0,86000.0
2021100605000532,JBLB,40,7,45,4300.0,193500.0
2021100605000531,JBLB,40,41,10,4300.0,43000.0
2021100605000530,JBLB,40,19,10,4300.0,43000.0
2021100605000529,JBLB,40,8,35,4300.0,150500.0
2021100605000528,JBLB,43,8,65,4300.0,279500.0
2021100605000539,JBLB,56,20,25,4300.0,107500.0
2021100605000538,JBLB,54,20,75,4300.0,322500.0
2021100605000537,JBLB,54,45,10,4300.0,43000.0
2021100605000536,JBLB,54,7,15,4300.0,64500.0
2021100605000535,JBLB,3,7,20,4300.0,86000.0
2021100605000534,JBLB,3,55,10,4299.0,42990.0
2021100605000550,JBLB,42,22,10,4290.0,42900.0
2021100605000547,JBLB,38,41,10,4290.0,42900.0
2021100605000546,JBLB,54,28,100,4299.9,429990.0
2021100605000544,JBLB,45,28,20,4299.9,85998.0
2021100605000542,JBLB,56,28,15,4301.0,64515.0
2021100605000559,JBLB,14,1,10,4290.0,42900.0
2021100605000556,JBLB,49,59,10,4282.0,42820.0
2021100605000553,JBLB,42,58,10,4290.0,42900.0
2021100605000552,JBLB,42,58,10,4290.0,42900.0
2021100605000565,JBLB,34,38,20,4283.0,85660.0
2021100605000562,JBLB,38,58,10,4285.0,42850.0
2021100605000561,JBLB,14,58,40,4299.0,171960.0
2021100605000560,JBLB,14,57,10,4295.0,42950.0
2021100605000575,JBLB,45,58,20,4298.0,85960.0
2021100605000574,JBLB,45,19,10,4290.0,42900.0
2021100605000573,JBLB,45,59,20,4284.0,85680.0
2021100605000568,JBLB,38,26,10,4284.0,42840.0
2021100605000581,JBLB,47,26,10,4298.0,42980.0
2021100605000580,JBLB,47,58,30,4298.0,128940.0
2021100605000579,JBLB,47,56,20,4290.0,85800.0
2021100605000588,JBLB,13,6,10,4298.0,42980.0
2021100605000582,JBLB,47,43,40,4299.0,171960.0
2021100605000596,JBLB,42,38,10,4265.0,42650.0
2021100605000595,JBLB,38,36,10,4280.0,42800.0
2021100605000593,JBLB,13,19,30,4298.0,128940.0
2021100605000592,JBLB,51,19,10,4299.0,42990.0
2021100605000591,JBLB,49,43,10,4299.0,42990.0
2021100605000604,JBLB,59,28,380,4299.9,1633962.0
2021100605000603,JBLB,59,37,60,4299.0,257940.0
2021100605000602,JBLB,59,42,40,4298.0,171920.0
2021100605000601,JBLB,59,26,10,4298.0,42980.0
2021100605000600,JBLB,59,35,10,4298.0,42980.0
2021100605000597,JBLB,45,26,30,4298.0,128940.0
2021100605000607,JBLB,56,58,10,4300.0,43000.0
2021100605000606,JBLB,56,26,10,4299.9,42999.0
2021100605000616,JBLB,56,6,20,4300.0,86000.0
2021100605000615,JBLB,56,21,10,4300.0,43000.0
2021100605000614,JBLB,56,22,10,4300.0,43000.0
2021100605000612,JBLB,38,59,20,4266.0,85320.0
2021100605000624,JBLB,11,22,10,4307.0,43070.0
2021100605000623,JBLB,36,14,10,4300.0,43000.0
2021100605000620,JBLB,53,38,10,4299.9,42999.0
2021100605000619,JBLB,16,38,10,4300.0,43000.0
2021100605000618,JBLB,56,4,10,4300.0,43000.0
2021100605000617,JBLB,56,35,10,4300.0,43000.0
2021100605000632,JBLB,41,38,20,4307.0,86140.0
2021100605000631,JBLB,41,7,10,4300.0,43000.0
2021100605000630,JBLB,41,56,20,4300.0,86000.0
2021100605000629,JBLB,41,58,10,4300.0,43000.0
2021100605000625,JBLB,56,52,50,4299.0,214950.0
2021100605000638,JBLB,21,36,10,4300.0,43000.0
2021100605000635,JBLB,41,55,10,4309.0,43090.0
2021100605000634,JBLB,41,6,10,4308.0,43080.0
2021100605000633,JBLB,41,36,20,4308.0,86160.0
2021100605000641,JBLB,22,38,10,4276.0,42760.0
2021100605000653,JBLB,56,56,10,4300.0,43000.0
2021100605000649,JBLB,39,32,15,4309.0,64635.0
2021100605000658,JBLB,47,41,10,4300.0,43000.0
2021100605000655,JBLB,26,1,10,4291.0,42910.0
2021100605000668,JBLB,41,38,10,4307.0,43070.0
2021100605000667,JBLB,41,14,10,4305.0,43050.0
2021100605000666,JBLB,41,54,10,4305.0,43050.0
2021100605000665,JBLB,41,13,10,4300.0,43000.0
2021100605000664,JBLB,48,22,10,4300.0,43000.0
2021100605000663,JBLB,48,3,10,4300.0,43000.0
2021100605000678,JBLB,25,17,10,4308.0,43080.0
2021100605000673,JBLB,43,41,10,4307.0,43070.0
2021100605000672,JBLB,43,38,10,4307.0,43070.0
2021100605000671,JBLB,43,17,10,4300.0,43000.0
2021100605000682,JBLB,21,10,10,4308.0,43080.0
2021100605000681,JBLB,43,10,10,4308.0,43080.0
2021100605000679,JBLB,43,17,10,4308.0,43080.0
2021100605000690,JBLB,21,36,10,4308.0,43080.0
2021100605000689,JBLB,32,58,10,4309.0,43090.0
2021100605000688,JBLB,32,19,10,4309.0,43090.0
2021100605000687,JBLB,32,4,15,4309.0,64635.0
2021100605000686,JBLB,32,32,15,4309.0,64635.0
2021100605000697,JBLB,45,29,10,4308.0,43080.0
2021100605000695,JBLB,45,36,10,4308.0,43080.0
2021100605000693,JBLB,21,56,10,4309.0,43090.0
2021100605000692,JBLB,32,58,10,4308.0,43080.0
2021100605000691,JBLB,32,59,10,4308.0,43080.0
2021100605000703,JBLB,38,58,30,4308.0,129240.0
2021100605000702,JBLB,38,10,10,4308.0,43080.0
2021100605000700,JBLB,43,10,20,4308.0,86160.0
2021100605000699,JBLB,32,29,10,4293.0,42930.0
2021100605000698,JBLB,26,51,10,4300.0,43000.0
2021100605000711,JBLB,42,58,10,4309.0,43090.0
2021100605000709,JBLB,42,29,10,4308.0,43080.0
2021100605000707,JBLB,43,58,30,4309.0,129270.0
2021100605000704,JBLB,38,58,20,4300.0,86000.0
2021100605000723,JBLB,56,38,10,4309.0,43090.0
2021100605000722,JBLB,42,21,20,4305.0,86100.0
2021100605000721,JBLB,56,21,10,4305.0,43050.0
2021100605000720,JBLB,58,58,10,4309.0,43090.0
2021100605000726,JBLB,42,19,20,4308.0,86160.0
2021100605000725,JBLB,29,52,10,4308.9,43089.0
2021100605000749,JBLB,45,8,10,4307.0,43070.0
2021100605000748,JBLB,57,43,10,4308.0,43080.0
2021100605000747,JBLB,45,39,10,4307.0,43070.0
2021100605000757,JBLB,38,58,10,4302.0,43020.0
2021100605000756,JBLB,42,58,10,4307.0,43070.0
2021100605000755,JBLB,45,58,25,4307.0,107675.0
2021100605000754,JBLB,16,43,30,4308.0,129240.0
2021100605000763,JBLB,44,36,10,4307.0,43070.0
2021100605000760,JBLB,49,58,5,4300.0,21500.0
2021100605000759,JBLB,38,58,30,4301.1,129033.0
2021100605000758,JBLB,21,58,20,4301.3,86026.0
2021100605000781,JBLB,35,19,10,4290.0,42900.0
2021100605000769,JBLB,38,14,10,4300.0,43000.0
2021100605000767,JBLB,38,58,20,4300.0,86000.0
2021100605000766,JBLB,32,58,30,4300.2,129006.0
2021100605000765,JBLB,32,49,10,4300.2,43002.0
2021100605000779,MKLB,14,54,40,1955.0,78200.0
2021100605000778,MKLB,14,21,10,1955.0,19550.0
2021100605000777,MKLB,14,45,10,1955.0,19550.0
2021100605000776,MKLB,14,58,10,1950.0,19500.0
2021100605000775,MKLB,14,45,10,1950.0,19500.0
2021100605000774,MKLB,14,59,10,1950.0,19500.0
2021100605000317,MKLB,14,43,10,1920.0,19200.0
2021100605000316,MKLB,14,36,10,1910.0,19100.0
2021100605000310,MKLB,14,21,10,1905.0,19050.0
2021100605000291,MKLB,57,41,10,1900.0,19000.0
2021100605000337,MKLB,56,58,10,1925.0,19250.0
2021100605000336,MKLB,56,58,10,1924.0,19240.0
2021100605000321,MKLB,45,50,10,1910.0,19100.0
2021100605000320,MKLB,14,42,10,1920.0,19200.0
2021100605000319,MKLB,14,54,10,1920.0,19200.0
2021100605000318,MKLB,14,45,10,1920.0,19200.0
2021100605000410,MKLB,56,58,10,1948.0,19480.0
2021100605000409,MKLB,56,6,10,1940.0,19400.0
2021100605000408,MKLB,56,18,10,1938.0,19380.0
2021100605000396,MKLB,48,59,10,1925.0,19250.0
2021100605000379,MKLB,48,52,10,1925.0,19250.0
2021100605000361,MKLB,56,54,10,1925.0,19250.0
2021100605000470,MKLB,58,28,10,1925.0,19250.0
2021100605000460,MKLB,58,39,10,1925.0,19250.0
2021100605000454,MKLB,48,45,10,1925.0,19250.0
2021100605000448,MKLB,48,20,10,1925.0,19250.0
2021100605000425,MKLB,6,45,10,1929.0,19290.0
2021100605000413,MKLB,48,25,10,1925.0,19250.0
2021100605000572,MKLB,17,32,10,1940.0,19400.0
2021100605000571,MKLB,17,33,10,1940.0,19400.0
2021100605000543,MKLB,58,40,10,1939.9,19399.0
2021100605000541,MKLB,14,58,10,1915.0,19150.0
2021100605000514,MKLB,48,4,10,1925.0,19250.0
2021100605000473,MKLB,58,6,10,1925.0,19250.0
2021100605000710,MKLB,55,47,10,1948.0,19480.0
2021100605000657,MKLB,58,47,13,1949.0,25337.0
2021100605000628,MKLB,29,11,10,1940.0,19400.0
2021100605000622,MKLB,48,52,10,1947.0,19470.0
2021100605000599,MKLB,44,58,10,1940.0,19400.0
2021100605000598,MKLB,44,49,10,1940.0,19400.0
2021100605000773,MKLB,14,47,37,1949.0,72113.0
2021100605000772,MKLB,14,45,10,1948.0,19480.0
2021100605000771,MKLB,22,14,10,1945.0,19450.0
2021100605000770,MKLB,57,14,10,1940.0,19400.0
2021100605000768,MKLB,22,1,20,1947.9,38958.0
2021100605000741,MKLB,57,50,10,1940.0,19400.0
2021100605000785,SLI,38,33,10,518.0,5180.0
2021100605000784,SLI,38,11,10,518.0,5180.0
2021100605000783,SLI,38,57,10,518.0,5180.0
2021100605000782,SLI,38,58,10,518.0,5180.0
2021100605000296,SLI,16,28,10,508.0,5080.0
2021100605000304,SLI,25,47,50,508.0,25400.0
2021100605000303,SLI,21,47,100,508.0,50800.0
2021100605000302,SLI,29,47,20,508.0,10160.0
2021100605000301,SLI,16,47,10,508.0,5080.0
2021100605000300,SLI,16,29,10,508.0,5080.0
2021100605000309,SLI,58,47,40,510.0,20400.0
2021100605000308,SLI,58,34,10,510.0,5100.0
2021100605000307,SLI,58,59,10,508.0,5080.0
2021100605000305,SLI,51,49,10,507.3,5073.0
2021100605000331,SLI,51,28,10,507.2,5072.0
2021100605000330,SLI,25,34,10,507.3,5073.0
2021100605000327,SLI,52,28,10,507.3,5073.0
2021100605000339,SLI,59,34,10,507.1,5071.0
2021100605000338,SLI,59,34,10,507.1,5071.0
2021100605000334,SLI,59,21,10,507.1,5071.0
2021100605000332,SLI,51,34,10,507.2,5072.0
2021100605000344,SLI,1,43,10,510.0,5100.0
2021100605000340,SLI,51,38,10,507.1,5071.0
2021100605000351,SLI,51,38,10,507.1,5071.0
2021100605000348,SLI,57,47,50,508.0,25400.0
2021100605000368,SLI,6,4,10,510.0,5100.0
2021100605000367,SLI,6,19,10,509.0,5090.0
2021100605000366,SLI,25,46,10,507.1,5071.0
2021100605000365,SLI,45,58,10,508.0,5080.0
2021100605000363,SLI,8,29,10,507.2,5072.0
2021100605000375,SLI,35,43,10,507.0,5070.0
2021100605000374,SLI,29,38,10,507.1,5071.0
2021100605000370,SLI,29,44,10,507.1,5071.0
2021100605000388,SLI,26,45,10,507.1,5071.0
2021100605000387,SLI,57,47,20,507.0,10140.0
2021100605000386,SLI,43,47,10,507.0,5070.0
2021100605000385,SLI,32,47,30,507.0,15210.0
2021100605000384,SLI,35,47,90,507.0,45630.0
2021100605000391,SLI,32,7,10,511.0,5110.0
2021100605000389,SLI,26,59,10,507.1,5071.0
2021100605000411,SLI,26,39,10,507.1,5071.0
2021100605000442,SLI,26,45,10,507.1,5071.0
2021100605000461,SLI,45,16,10,507.2,5072.0
2021100605000472,SLI,20,42,10,508.0,5080.0
2021100605000480,SLI,32,50,10,507.1,5071.0
2021100605000479,SLI,49,50,10,507.1,5071.0
2021100605000478,SLI,26,50,60,507.1,30426.0
2021100605000477,SLI,45,50,10,507.2,5072.0
2021100605000484,SLI,49,38,10,507.2,5072.0
2021100605000481,SLI,51,50,10,507.0,5070.0
2021100605000491,SLI,49,58,10,508.0,5080.0
2021100605000489,SLI,49,50,10,508.0,5080.0
2021100605000501,SLI,48,38,10,508.1,5081.0
2021100605000506,SLI,48,46,10,508.1,5081.0
2021100605000515,SLI,47,57,10,508.9,5089.0
2021100605000509,SLI,49,38,10,508.0,5080.0
2021100605000519,SLI,47,22,10,510.0,5100.0
2021100605000518,SLI,47,50,10,510.0,5100.0
2021100605000517,SLI,47,58,10,510.0,5100.0
2021100605000516,SLI,47,54,10,509.0,5090.0
2021100605000540,SLI,45,47,10,508.1,5081.0
2021100605000557,SLI,45,51,10,508.1,5081.0
2021100605000551,SLI,45,22,10,508.1,5081.0
2021100605000564,SLI,51,34,10,508.2,5082.0
2021100605000563,SLI,45,34,10,508.1,5081.0
2021100605000569,SLI,51,6,10,508.2,5082.0
2021100605000567,SLI,51,49,10,508.2,5082.0
2021100605000578,SLI,58,57,10,509.9,5099.0
2021100605000577,SLI,45,46,10,508.1,5081.0
2021100605000576,SLI,51,47,70,508.2,35574.0
2021100605000589,SLI,35,19,10,508.0,5080.0
2021100605000587,SLI,35,58,10,508.0,5080.0
2021100605000584,SLI,49,38,10,508.0,5080.0
2021100605000583,SLI,49,22,10,508.0,5080.0
2021100605000594,SLI,6,21,10,508.0,5080.0
2021100605000610,SLI,49,21,10,510.0,5100.0
2021100605000609,SLI,49,8,10,509.0,5090.0
2021100605000608,SLI,47,51,10,508.0,5080.0
2021100605000605,SLI,6,45,10,508.0,5080.0
2021100605000613,SLI,49,45,10,510.0,5100.0
2021100605000611,SLI,49,22,10,510.0,5100.0
2021100605000626,SLI,6,58,10,510.0,5100.0
2021100605000637,SLI,6,14,10,510.0,5100.0
2021100605000636,SLI,6,28,10,510.0,5100.0
2021100605000645,SLI,20,47,10,510.0,5100.0
2021100605000644,SLI,6,47,40,510.0,20400.0
2021100605000643,SLI,6,21,10,510.0,5100.0
2021100605000642,SLI,6,58,10,510.0,5100.0
2021100605000639,SLI,6,38,10,510.0,5100.0
2021100605000654,SLI,52,33,10,509.0,5090.0
2021100605000652,SLI,47,21,10,508.0,5080.0
2021100605000650,SLI,47,1,10,508.0,5080.0
2021100605000647,SLI,20,47,20,511.0,10220.0
2021100605000662,SLI,45,35,10,511.0,5110.0
2021100605000661,SLI,45,47,80,511.0,40880.0
2021100605000660,SLI,45,51,10,510.0,5100.0
2021100605000659,SLI,52,58,10,509.0,5090.0
2021100605000676,SLI,52,59,10,509.0,5090.0
2021100605000674,SLI,52,45,10,509.0,5090.0
2021100605000684,SLI,45,47,30,509.0,15270.0
2021100605000683,SLI,52,47,250,509.0,127250.0
2021100605000680,SLI,52,21,10,509.0,5090.0
2021100605000685,SLI,38,47,49,509.0,24941.0
2021100605000696,SLI,34,38,10,508.5,5085.0
2021100605000701,SLI,6,28,10,508.6,5086.0
2021100605000706,SLI,29,38,10,509.0,5090.0
2021100605000705,SLI,29,56,10,509.0,5090.0
2021100605000717,SLI,38,49,10,512.0,5120.0
2021100605000716,SLI,38,14,10,512.0,5120.0
2021100605000715,SLI,47,49,10,510.0,5100.0
2021100605000714,SLI,47,43,10,510.0,5100.0
2021100605000713,SLI,47,25,10,510.0,5100.0
2021100605000712,SLI,29,25,10,509.0,5090.0
2021100605000719,SLI,38,50,18,515.0,9270.0
2021100605000718,SLI,38,4,10,514.9,5149.0
2021100605000729,SLI,47,4,10,515.0,5150.0
2021100605000728,SLI,47,52,10,515.0,5150.0
2021100605000727,SLI,47,50,172,515.0,88580.0
2021100605000724,SLI,47,6,10,510.0,5100.0
2021100605000735,SLI,47,45,10,515.0,5150.0
2021100605000734,SLI,47,4,10,515.0,5150.0
2021100605000733,SLI,47,29,10,515.0,5150.0
2021100605000732,SLI,47,52,10,515.0,5150.0
2021100605000731,SLI,47,16,10,515.0,5150.0
2021100605000730,SLI,47,49,10,515.0,5150.0
2021100605000745,SLI,47,55,10,516.0,5160.0
2021100605000740,SLI,47,45,10,515.0,5150.0
2021100605000739,SLI,47,21,10,515.0,5150.0
2021100605000738,SLI,47,49,10,515.0,5150.0
2021100605000737,SLI,47,58,10,515.0,5150.0
2021100605000736,SLI,47,58,10,515.0,5150.0
2021100605000751,SLI,38,22,10,517.0,5170.0
2021100605000750,SLI,38,58,10,517.0,5170.0
2021100605000746,SLI,47,34,48,516.0,24768.0
2021100605000753,SLI,38,58,10,517.0,5170.0
2021100605000752,SLI,38,58,10,517.0,5170.0
2021100605000762,SLI,46,1,10,515.0,5150.0
2021100605000761,SLI,16,58,10,516.0,5160.0
2021100605000780,SLI,5,35,10,515.0,5150.0
2021100605000764,ULI,13,49,10,571.0,5710.0
2021100605000744,ULI,13,17,20,571.0,11420.0
2021100605000743,ULI,41,17,80,571.0,45680.0
2021100605000742,ULI,41,14,10,571.0,5710.0
2021100605000708,ULI,41,21,10,571.0,5710.0
2021100605000694,ULI,19,35,10,570.1,5701.0
2021100605000297,ULI,13,43,10,571.0,5710.0
2021100605000290,ULI,13,34,10,571.0,5710.0
2021100605000315,ULI,41,36,50,570.0,28500.0
2021100605000314,ULI,58,36,30,570.0,17100.0
2021100605000313,ULI,49,36,20,570.0,11400.0
2021100605000312,ULI,1,36,40,570.0,22800.0
2021100605000311,ULI,13,36,40,571.0,22840.0
2021100605000306,ULI,13,28,10,571.0,5710.0
2021100605000362,ULI,29,36,10,567.0,5670.0
2021100605000352,ULI,29,35,10,567.0,5670.0
2021100605000343,ULI,29,38,10,567.0,5670.0
2021100605000342,ULI,29,58,10,567.0,5670.0
2021100605000329,ULI,57,58,10,568.0,5680.0
2021100605000323,ULI,57,58,10,568.0,5680.0
2021100605000420,ULI,8,17,10,567.1,5671.0
2021100605000395,ULI,47,35,10,569.0,5690.0
2021100605000394,ULI,47,49,10,568.0,5680.0
2021100605000393,ULI,47,4,20,568.0,11360.0
2021100605000392,ULI,47,58,10,568.0,5680.0
2021100605000364,ULI,29,36,10,567.0,5670.0
2021100605000499,ULI,58,4,10,568.0,5680.0
2021100605000490,ULI,58,36,10,568.0,5680.0
2021100605000450,ULI,58,45,10,568.0,5680.0
2021100605000447,ULI,58,29,10,568.0,5680.0
2021100605000446,ULI,58,13,10,568.0,5680.0
2021100605000424,ULI,34,32,20,567.1,11342.0
2021100605000554,ULI,47,33,10,570.0,5700.0
2021100605000549,ULI,57,58,10,570.0,5700.0
2021100605000548,ULI,58,8,10,568.0,5680.0
2021100605000545,ULI,58,47,10,568.0,5680.0
2021100605000505,ULI,58,38,10,568.0,5680.0
2021100605000500,ULI,58,36,10,568.0,5680.0
2021100605000586,ULI,39,45,10,570.0,5700.0
2021100605000585,ULI,39,36,10,570.0,5700.0
2021100605000570,ULI,47,54,10,570.0,5700.0
2021100605000566,ULI,47,6,10,570.0,5700.0
2021100605000558,ULI,47,52,10,570.0,5700.0
2021100605000555,ULI,47,13,10,570.0,5700.0
2021100605000648,ULI,49,29,10,571.0,5710.0
2021100605000646,ULI,49,41,10,571.0,5710.0
2021100605000640,ULI,49,57,10,571.0,5710.0
2021100605000627,ULI,49,58,10,571.0,5710.0
2021100605000621,ULI,49,58,10,571.0,5710.0
2021100605000590,ULI,39,34,10,570.0,5700.0
2021100605000677,ULI,19,49,10,570.1,5701.0
2021100605000675,ULI,19,45,10,570.1,5701.0
2021100605000670,ULI,19,39,10,570.1,5701.0
2021100605000669,ULI,39,58,10,570.0,5700.0
2021100605000656,ULI,39,38,10,570.0,5700.0
2021100605000651,ULI,40,1,10,571.0,5710.0
2021100604013397,AHPC,5,49,"4,500",443.0,1993500.0
2021100604013390,AHPC,6,18,100,443.9,44390.0
2021100604013322,AHPC,57,53,100,443.0,44300.0
2021100604013287,AHPC,34,52,459,442.0,202878.0
2021100604013286,AHPC,41,52,20,442.0,8840.0
2021100604013285,AHPC,34,52,700,442.0,309400.0
2021100604013284,AHPC,34,52,10,442.0,4420.0
2021100604013283,AHPC,34,52,319,442.0,140998.0
2021100604013282,AHPC,34,52,53,443.0,23479.0
2021100604013281,AHPC,21,52,439,443.0,194477.0
2021100604013381,AKJCL,1,32,100,310.0,31000.0
2021100604013456,AKPL,40,47,150,493.0,73950.0
2021100604013415,AKPL,35,58,180,493.8,88884.0
2021100604013413,AKPL,40,53,17,493.0,8381.0
2021100604013412,AKPL,49,53,83,493.0,40919.0
2021100604013278,AKPL,49,33,42,493.0,20706.0
2021100604013277,AKPL,17,33,25,493.0,12325.0
2021100604013276,AKPL,43,33,25,493.0,12325.0
2021100604013275,AKPL,42,33,108,493.5,53298.0
2021100604013405,API,46,19,200,449.0,89800.0
2021100604013398,API,57,48,50,450.0,22500.0
2021100604013330,API,26,48,"2,000",450.0,900000.0
2021100604013307,API,21,48,80,450.0,36000.0
2021100604013300,API,13,48,400,450.0,180000.0
2021100604013460,BARUN,55,6,40,425.1,17004.0
2021100604013459,BARUN,28,6,10,425.1,4251.0
2021100604013455,BARUN,47,3,100,425.1,42510.0
2021100604013388,BPCL,42,41,200,491.0,98200.0
2021100604013333,BPCL,42,52,50,491.0,24550.0
2021100604013308,BPCL,42,17,60,491.0,29460.0
2021100604013452,CGH,52,34,10,1295.0,12950.0
2021100604013458,CHL,53,3,150,501.1,75165.0
2021100604013436,CHL,51,3,10,501.1,5011.0
2021100604013377,CHL,51,49,10,501.1,5011.0
2021100604013299,CHL,44,53,50,503.0,25150.0
2021100604013410,GHL,50,8,20,345.0,6900.0
2021100604013409,GHL,50,32,80,344.9,27592.0
2021100604013353,GIMES1,21,33,100,19.6,1960.0
2021100604013406,HDHPC,36,39,10,303.9,3039.0
2021100604013350,HDHPC,29,39,300,303.9,91170.0
2021100604013349,HDHPC,29,6,200,303.0,60600.0
2021100604013257,HDHPC,10,35,890,299.3,266377.0
2021100604013256,HDHPC,21,35,10,300.0,3000.0
2021100604013255,HDHPC,41,35,100,300.0,30000.0
2021100604013450,HGI,32,55,30,656.0,19680.0
2021100604013422,HGI,10,55,20,656.0,13120.0
2021100604013389,HGI,20,49,10,656.0,6560.0
2021100604013328,HGI,48,49,34,656.0,22304.0
2021100604013385,HPPL,49,42,20,440.0,8800.0
2021100604013384,HPPL,58,42,15,440.0,6600.0
2021100604013309,HPPL,45,41,120,441.0,52920.0
2021100604013407,HURJA,58,58,55,415.5,22852.5
2021100604013249,HURJA,29,48,200,415.0,83000.0
2021100604013303,IGI,41,48,190,1030.0,195700.0
2021100605000286,JBLB,20,49,100,4102.0,410200.0
2021100605000285,JBLB,21,49,10,4102.0,41020.0
2021100605000284,JBLB,35,49,70,4110.0,287700.0
2021100605000283,JBLB,21,49,40,4110.0,164400.0
2021100605000282,JBLB,20,49,50,4111.0,205550.0
2021100605000281,JBLB,33,49,16,4111.0,65776.0
2021100605000004,JBLB,59,58,30,4100.0,123000.0
2021100605000003,JBLB,59,35,10,4100.0,41000.0
2021100605000002,JBLB,14,58,10,4100.0,41000.0
2021100605000009,JBLB,41,37,20,4150.0,83000.0
2021100605000008,JBLB,41,37,60,4150.0,249000.0
2021100605000007,JBLB,41,38,30,4150.0,124500.0
2021100605000006,JBLB,41,37,10,4150.0,41500.0
2021100605000005,JBLB,59,14,10,4100.0,41000.0
2021100605000022,JBLB,36,14,15,4145.0,62175.0
2021100605000021,JBLB,36,25,10,4130.0,41300.0
2021100605000026,JBLB,45,13,10,4130.0,41300.0
2021100605000024,JBLB,36,42,15,4147.0,62205.0
2021100605000023,JBLB,36,7,10,4145.0,41450.0
2021100605000039,JBLB,57,40,90,4140.0,372600.0
2021100605000038,JBLB,49,1,10,4131.0,41310.0
2021100605000034,JBLB,21,25,10,4131.0,41310.0
2021100605000033,JBLB,51,22,10,4148.0,41480.0
2021100605000031,JBLB,21,48,10,4130.0,41300.0
2021100605000045,JBLB,57,56,10,4149.9,41499.0
2021100605000044,JBLB,57,25,10,4149.0,41490.0
2021100605000043,JBLB,57,54,10,4149.0,41490.0
2021100605000042,JBLB,57,54,10,4149.0,41490.0
2021100605000041,JBLB,57,22,10,4145.0,41450.0
2021100605000040,JBLB,57,49,10,4140.0,41400.0
2021100605000052,JBLB,33,59,10,4101.0,41010.0
2021100605000051,JBLB,49,49,10,4100.0,41000.0
2021100605000047,JBLB,57,40,70,4150.0,290500.0
2021100605000046,JBLB,57,49,80,4150.0,332000.0
2021100605000071,JBLB,21,6,10,4110.0,41100.0
2021100605000086,JBLB,26,40,20,4150.0,83000.0
2021100605000085,JBLB,26,35,10,4149.0,41490.0
2021100605000084,JBLB,6,17,30,4140.0,124200.0
2021100605000081,JBLB,6,37,10,4140.0,41400.0
2021100605000094,JBLB,45,59,10,4140.0,41400.0
2021100605000093,JBLB,21,59,10,4140.0,41400.0
2021100605000092,JBLB,6,59,110,4140.0,455400.0
2021100605000091,JBLB,6,26,50,4140.0,207000.0
2021100605000088,JBLB,26,8,10,4150.0,41500.0
2021100605000087,JBLB,26,26,10,4150.0,41500.0
2021100605000096,JBLB,44,28,30,4149.0,124470.0
2021100605000095,JBLB,44,59,70,4140.0,289800.0
2021100605000108,JBLB,57,21,10,4150.0,41500.0
2021100605000107,JBLB,57,4,10,4150.0,41500.0
2021100605000106,JBLB,57,43,50,4149.0,207450.0
2021100605000105,JBLB,57,28,20,4149.0,82980.0
2021100605000117,JBLB,14,57,10,4150.0,41500.0
2021100605000112,JBLB,57,46,10,4150.0,41500.0
2021100605000110,JBLB,57,13,50,4150.0,207500.0
2021100605000109,JBLB,57,4,50,4150.0,207500.0
2021100605000122,JBLB,14,57,10,4150.0,41500.0
2021100605000118,JBLB,14,56,10,4150.0,41500.0
2021100605000131,JBLB,20,56,20,4150.0,83000.0
2021100605000130,JBLB,20,13,10,4149.0,41490.0
2021100605000129,JBLB,20,57,10,4148.0,41480.0
2021100605000137,JBLB,25,59,10,4120.0,41200.0
2021100605000136,JBLB,34,38,50,4150.0,207500.0
2021100605000135,JBLB,34,43,50,4149.0,207450.0
2021100605000134,JBLB,14,56,10,4150.0,41500.0
2021100605000148,JBLB,48,39,10,4115.0,41150.0
2021100605000144,JBLB,49,39,10,4116.0,41160.0
2021100605000143,JBLB,34,19,80,4150.0,332000.0
2021100605000141,JBLB,34,47,10,4150.0,41500.0
2021100605000140,JBLB,34,57,10,4135.0,41350.0
2021100605000158,JBLB,14,38,50,4120.0,206000.0
2021100605000157,JBLB,57,59,10,4150.0,41500.0
2021100605000154,JBLB,35,28,10,4152.0,41520.0
2021100605000153,JBLB,48,14,10,4115.0,41150.0
2021100605000163,JBLB,41,40,10,4150.0,41500.0
2021100605000162,JBLB,14,40,50,4150.0,207500.0
2021100605000160,JBLB,21,59,10,4150.0,41500.0
2021100605000173,JBLB,41,28,10,4122.0,41220.0
2021100605000172,JBLB,34,51,40,4149.0,165960.0
2021100605000171,JBLB,34,5,10,4149.0,41490.0
2021100605000184,JBLB,7,25,40,4121.0,164840.0
2021100605000183,JBLB,7,51,10,4121.0,41210.0
2021100605000181,JBLB,7,48,10,4121.0,41210.0
2021100605000180,JBLB,49,48,10,4121.0,41210.0
2021100605000179,JBLB,57,48,30,4125.0,123750.0
2021100605000174,JBLB,20,28,40,4121.0,164840.0
2021100605000196,JBLB,45,49,10,4120.0,41200.0
2021100605000193,JBLB,47,32,10,4120.0,41200.0
2021100605000213,JBLB,34,57,10,4117.0,41170.0
2021100605000210,JBLB,20,21,10,4116.0,41160.0
2021100605000207,JBLB,49,57,10,4117.0,41170.0
2021100605000221,JBLB,20,45,10,4116.0,41160.0
2021100605000219,JBLB,20,52,14,4116.0,57624.0
2021100605000231,JBLB,34,56,10,4112.0,41120.0
2021100605000230,JBLB,38,56,20,4113.0,82260.0
2021100605000229,JBLB,49,56,10,4114.0,41140.0
2021100605000228,JBLB,51,56,20,4114.0,82280.0
2021100605000227,JBLB,47,56,10,4116.0,41160.0
2021100605000226,JBLB,20,56,16,4116.0,65856.0
2021100605000240,JBLB,46,53,10,4117.0,41170.0
2021100605000239,JBLB,21,38,10,4116.0,41160.0
2021100605000234,JBLB,33,52,10,4111.0,41110.0
2021100605000232,JBLB,33,56,14,4111.0,57554.0
2021100605000246,JBLB,46,35,20,4120.0,82400.0
2021100605000243,JBLB,46,45,10,4120.0,41200.0
2021100605000242,JBLB,46,21,10,4120.0,41200.0
2021100605000241,JBLB,46,49,10,4120.0,41200.0
2021100605000250,JBLB,17,8,10,4125.0,41250.0
2021100605000249,JBLB,46,45,10,4120.0,41200.0
2021100605000248,JBLB,46,55,10,4120.0,41200.0
2021100605000247,JBLB,7,21,20,4125.0,82500.0
2021100605000259,JBLB,46,4,10,4130.0,41300.0
2021100605000258,JBLB,58,4,10,4139.0,41390.0
2021100605000256,JBLB,58,57,10,4139.0,41390.0
2021100605000255,JBLB,46,58,10,4130.0,41300.0
2021100605000267,JBLB,17,58,10,4125.0,41250.0
2021100605000266,JBLB,17,50,10,4140.0,41400.0
2021100605000265,JBLB,17,38,20,4139.0,82780.0
2021100605000261,JBLB,42,4,10,4130.0,41300.0
2021100605000279,JBLB,49,19,10,4112.0,41120.0
2021100605000275,JBLB,42,58,30,4141.9,124257.0
2021100605000270,JBLB,17,58,10,4125.0,41250.0
2021100604013461,KKHC,34,58,15,318.0,4770.0
2021100604013259,KKHC,6,58,30,319.0,9570.0
2021100604013325,KPCL,32,45,15,535.0,8025.0
2021100604013324,KPCL,32,57,35,532.0,18620.0
2021100604013304,LEMF,6,33,"1,100",9.94,10934.0
2021100604013380,LGIL,8,59,200,672.0,134400.0
2021100604013379,LGIL,35,59,94,672.0,63168.0
2021100604013306,LGIL,35,55,106,672.0,71232.0
2021100604013437,MEN,47,3,50,1100.0,55000.0
2021100605000287,MKLB,52,45,10,1900.0,19000.0
2021100605000280,MKLB,52,32,10,1900.0,19000.0
2021100605000264,MKLB,52,49,10,1900.0,19000.0
2021100605000263,MKLB,52,22,10,1900.0,19000.0
2021100605000262,MKLB,52,37,10,1900.0,19000.0
2021100605000252,MKLB,25,51,10,1900.0,19000.0
2021100605000035,MKLB,49,35,50,1931.0,96550.0
2021100605000030,MKLB,52,45,20,1925.0,38500.0
2021100605000020,MKLB,4,6,10,1930.0,19300.0
2021100605000011,MKLB,6,10,10,1919.3,19193.0
2021100605000001,MKLB,25,38,10,1958.4,19584.0
2021100605000067,MKLB,16,49,10,1955.0,19550.0
2021100605000066,MKLB,16,6,10,1955.0,19550.0
2021100605000065,MKLB,16,49,10,1955.0,19550.0
2021100605000057,MKLB,52,17,10,1925.0,19250.0
2021100605000048,MKLB,52,38,10,1925.0,19250.0
2021100605000036,MKLB,52,35,10,1925.0,19250.0
2021100605000078,MKLB,25,59,10,1925.0,19250.0
2021100605000077,MKLB,16,42,80,1958.0,156640.0
2021100605000076,MKLB,16,49,10,1950.0,19500.0
2021100605000072,MKLB,52,34,10,1925.0,19250.0
2021100605000069,MKLB,52,38,20,1925.0,38500.0
2021100605000068,MKLB,16,19,10,1955.0,19550.0
2021100605000123,MKLB,25,34,10,1965.0,19650.0
2021100605000116,MKLB,45,29,10,1950.0,19500.0
2021100605000115,MKLB,45,29,10,1950.0,19500.0
2021100605000099,MKLB,16,53,10,1960.0,19600.0
2021100605000098,MKLB,16,56,10,1960.0,19600.0
2021100605000083,MKLB,16,45,10,1950.0,19500.0
2021100605000235,MKLB,25,28,10,1900.0,19000.0
2021100605000212,MKLB,25,34,10,1925.0,19250.0
2021100605000211,MKLB,25,38,30,1925.0,57750.0
2021100605000197,MKLB,25,34,20,1925.0,38500.0
2021100605000190,MKLB,25,13,10,1925.0,19250.0
2021100605000178,MKLB,4,32,20,1950.0,39000.0
2021100604013443,NGPL,11,20,70,606.0,42420.0
2021100604013442,NGPL,42,20,30,606.0,18180.0
2021100604013441,NGPL,10,20,25,606.0,15150.0
2021100604013440,NGPL,26,20,50,606.0,30300.0
2021100604013439,NGPL,6,20,25,606.0,15150.0
2021100604013438,NGPL,33,20,100,617.1,61710.0
2021100604013262,NGPL,20,20,10,616.0,6160.0
2021100604013261,NGPL,37,20,100,616.5,61650.0
2021100604013268,NGPL,38,20,100,615.0,61500.0
2021100604013267,NGPL,47,20,20,615.0,12300.0
2021100604013266,NGPL,7,20,10,615.0,6150.0
2021100604013265,NGPL,37,20,25,616.0,15400.0
2021100604013264,NGPL,19,20,50,616.0,30800.0
2021100604013263,NGPL,17,20,100,616.0,61600.0
2021100604013274,NGPL,6,20,75,606.0,45450.0
2021100604013273,NGPL,52,20,100,607.0,60700.0
2021100604013272,NGPL,52,20,10,607.7,6077.0
2021100604013271,NGPL,25,20,200,608.1,121620.0
2021100604013270,NGPL,58,20,100,608.1,60810.0
2021100604013269,NGPL,36,20,100,609.0,60900.0
2021100604013457,NHPC,19,57,100,398.0,39800.0
2021100604013352,NHPC,40,57,900,398.0,358200.0
2021100604013351,NHPC,40,45,100,398.0,39800.0
2021100604013348,NHPC,43,57,90,395.7,35613.0
