Transact. No.,Symbol,Buyer,Seller,Quantity,Rate,Amount
2021101005002724,JBLB,14,14,55,4695.0,258225.0
2021101005002723,JBLB,14,14,10,4695.0,46950.0
2021101005002722,JBLB,14,22,10,4692.0,46920.0
2021101005002721,JBLB,14,45,25,4690.0,117250.0
2021101005002719,JBLB,58,16,10,4680.0,46800.0
2021101005002716,JBLB,7,45,10,4685.0,46850.0
2021101005002232,JBLB,49,35,10,4660.0,46600.0
2021101005002225,JBLB,46,28,30,4659.9,139797.0
2021101005002240,JBLB,45,47,10,4660.0,46600.0
2021101005002237,JBLB,58,58,36,4670.0,168120.0
2021101005002235,JBLB,49,57,10,4660.0,46600.0
2021101005002247,JBLB,16,38,10,4660.0,46600.0
2021101005002245,JBLB,16,49,10,4670.0,46700.0
2021101005002244,JBLB,16,35,10,4670.0,46700.0
2021101005002243,JBLB,16,58,30,4670.0,140100.0
2021101005002242,JBLB,46,58,34,4670.0,158780.0
2021101005002241,JBLB,46,28,50,4669.9,233495.0
2021101005002257,JBLB,28,56,90,4660.0,419400.0
2021101005002256,JBLB,52,4,80,4660.0,372800.0
2021101005002254,JBLB,52,52,10,4660.0,46600.0
2021101005002250,JBLB,52,6,10,4660.0,46600.0
2021101005002262,JBLB,28,59,10,4660.0,46600.0
2021101005002274,JBLB,40,7,10,4660.0,46600.0
2021101005002273,JBLB,43,56,10,4665.0,46650.0
2021101005002272,JBLB,43,49,10,4665.0,46650.0
2021101005002281,JBLB,40,39,10,4660.0,46600.0
2021101005002294,JBLB,26,10,30,4660.0,139800.0
2021101005002293,JBLB,40,10,15,4660.0,69900.0
2021101005002292,JBLB,28,10,35,4660.0,163100.0
2021101005002291,JBLB,21,10,10,4660.0,46600.0
2021101005002290,JBLB,49,57,10,4660.0,46600.0
2021101005002302,JBLB,49,58,140,4664.0,652960.0
2021101005002299,JBLB,35,38,10,4660.0,46600.0
2021101005002296,JBLB,26,58,10,4660.0,46600.0
2021101005002295,JBLB,26,43,10,4660.0,46600.0
2021101005002308,JBLB,49,44,10,4675.0,46750.0
2021101005002307,JBLB,49,55,10,4675.0,46750.0
2021101005002306,JBLB,49,56,15,4674.0,70110.0
2021101005002305,JBLB,49,17,10,4674.0,46740.0
2021101005002304,JBLB,49,16,20,4670.0,93400.0
2021101005002303,JBLB,49,35,10,4670.0,46700.0
2021101005002317,JBLB,49,58,100,4680.0,468000.0
2021101005002316,JBLB,49,16,10,4675.0,46750.0
2021101005002315,JBLB,21,6,10,4664.0,46640.0
2021101005002314,JBLB,21,34,10,4664.0,46640.0
2021101005002309,JBLB,49,35,10,4675.0,46750.0
2021101005002327,JBLB,6,10,10,4680.0,46800.0
2021101005002326,JBLB,6,35,10,4680.0,46800.0
2021101005002325,JBLB,6,28,10,4680.0,46800.0
2021101005002324,JBLB,6,57,20,4680.0,93600.0
2021101005002318,JBLB,49,45,10,4680.0,46800.0
2021101005002338,JBLB,6,16,10,4680.0,46800.0
2021101005002330,JBLB,34,34,14,4684.0,65576.0
2021101005002354,JBLB,19,34,81,4684.0,379404.0
2021101005002349,JBLB,43,38,10,4683.0,46830.0
2021101005002347,JBLB,19,34,15,4684.0,70260.0
2021101005002346,JBLB,19,17,25,4683.0,117075.0
2021101005002343,JBLB,34,17,10,4683.0,46830.0
2021101005002362,JBLB,43,35,10,4685.0,46850.0
2021101005002361,JBLB,6,56,10,4680.0,46800.0
2021101005002357,JBLB,19,16,15,4684.0,70260.0
2021101005002367,JBLB,44,6,20,4685.0,93700.0
2021101005002366,JBLB,19,35,14,4692.0,65688.0
2021101005002365,JBLB,49,59,5,4680.0,23400.0
2021101005002364,JBLB,43,16,10,4685.0,46850.0
2021101005002363,JBLB,43,42,10,4685.0,46850.0
2021101005002372,JBLB,6,28,40,4680.0,187200.0
2021101005002371,JBLB,6,28,30,4680.0,140400.0
2021101005002370,JBLB,58,28,10,4684.5,46845.0
2021101005002369,JBLB,44,28,20,4685.0,93700.0
2021101005002381,JBLB,43,35,30,4692.0,140760.0
2021101005002380,JBLB,56,16,10,4685.0,46850.0
2021101005002390,JBLB,43,47,10,4680.1,46801.0
2021101005002389,JBLB,43,1,20,4680.1,93602.0
2021101005002386,JBLB,43,50,20,4680.1,93602.0
2021101005002385,JBLB,43,37,10,4680.1,46801.0
2021101005002399,JBLB,43,10,10,4680.1,46801.0
2021101005002421,JBLB,7,47,10,4681.0,46810.0
2021101005002419,JBLB,7,47,10,4681.0,46810.0
2021101005002409,JBLB,43,7,30,4680.1,140403.0
2021101005002428,JBLB,7,21,20,4681.0,93620.0
2021101005002425,JBLB,7,4,10,4681.0,46810.0
2021101005002423,JBLB,7,45,10,4681.0,46810.0
2021101005002422,JBLB,14,45,10,4685.0,46850.0
2021101005002434,JBLB,25,37,20,4681.0,93620.0
2021101005002433,JBLB,7,37,40,4681.0,187240.0
2021101005002432,JBLB,41,48,30,4690.0,140700.0
2021101005002431,JBLB,41,16,10,4689.0,46890.0
2021101005002430,JBLB,41,58,10,4689.0,46890.0
2021101005002429,JBLB,41,7,50,4687.0,234350.0
2021101005002439,JBLB,6,28,25,4680.0,117000.0
2021101005002438,JBLB,19,28,50,4687.0,234350.0
2021101005002437,JBLB,58,28,25,4689.0,117225.0
2021101005002446,JBLB,47,42,10,4687.0,46870.0
2021101005002445,JBLB,47,32,10,4687.0,46870.0
2021101005002442,JBLB,47,37,25,4684.0,117100.0
2021101005002452,JBLB,6,56,60,4689.0,281340.0
2021101005002451,JBLB,47,56,10,4689.0,46890.0
2021101005002450,JBLB,47,32,50,4689.0,234450.0
2021101005002449,JBLB,47,58,10,4687.0,46870.0
2021101005002447,JBLB,43,16,25,4689.0,117225.0
2021101005002465,JBLB,42,56,20,4689.0,93780.0
2021101005002459,JBLB,19,47,10,4680.5,46805.0
2021101005002458,JBLB,6,56,20,4689.0,93780.0
2021101005002455,JBLB,43,56,10,4689.0,46890.0
2021101005002453,JBLB,47,56,100,4689.0,468900.0
2021101005002473,JBLB,47,56,300,4689.0,1406700.0
2021101005002471,JBLB,57,56,40,4689.0,187560.0
2021101005002470,JBLB,57,37,15,4688.9,70333.5
2021101005002469,JBLB,57,8,30,4680.5,140415.0
2021101005002468,JBLB,45,8,10,4681.0,46810.0
2021101005002480,JBLB,14,6,20,4685.0,93700.0
2021101005002477,JBLB,45,56,10,4689.0,46890.0
2021101005002476,JBLB,56,56,10,4689.0,46890.0
2021101005002487,JBLB,19,49,10,4686.0,46860.0
2021101005002485,JBLB,52,6,20,4685.0,93700.0
2021101005002484,JBLB,42,25,10,4683.0,46830.0
2021101005002482,JBLB,42,35,16,4683.0,74928.0
2021101005002481,JBLB,42,25,10,4683.0,46830.0
2021101005002495,JBLB,58,56,10,4689.0,46890.0
2021101005002491,JBLB,19,35,10,4686.0,46860.0
2021101005002490,JBLB,19,21,10,4686.0,46860.0
2021101005002502,JBLB,42,21,10,4685.9,46859.0
2021101005002501,JBLB,58,36,20,4689.0,93780.0
2021101005002500,JBLB,58,56,10,4689.0,46890.0
2021101005002499,JBLB,42,57,10,4685.9,46859.0
2021101005002497,JBLB,49,6,5,4685.0,23425.0
2021101005002496,JBLB,57,56,100,4689.0,468900.0
2021101005002507,JBLB,42,7,10,4689.0,46890.0
2021101005002505,JBLB,42,35,10,4689.0,46890.0
2021101005002504,JBLB,42,36,10,4689.0,46890.0
2021101005002515,JBLB,29,57,20,4688.0,93760.0
2021101005002513,JBLB,42,28,20,4685.9,93718.0
2021101005002512,JBLB,50,28,10,4688.0,46880.0
2021101005002511,JBLB,29,28,40,4689.0,187560.0
2021101005002509,JBLB,42,28,10,4689.0,46890.0
2021101005002521,JBLB,29,17,25,4695.0,117375.0
2021101005002520,JBLB,29,55,10,4690.0,46900.0
2021101005002519,JBLB,29,35,10,4690.0,46900.0
2021101005002518,JBLB,29,38,10,4690.0,46900.0
2021101005002517,JBLB,29,21,10,4690.0,46900.0
2021101005002516,JBLB,29,58,15,4689.0,70335.0
2021101005002533,JBLB,19,17,15,4695.0,70425.0
2021101005002530,JBLB,32,38,10,4690.0,46900.0
2021101005002527,JBLB,32,33,10,4690.0,46900.0
2021101005002525,JBLB,32,36,10,4690.0,46900.0
2021101005002540,JBLB,19,11,10,4699.0,46990.0
2021101005002539,JBLB,19,43,10,4698.0,46980.0
2021101005002537,JBLB,32,42,10,4690.0,46900.0
2021101005002536,JBLB,19,58,10,4695.0,46950.0
2021101005002535,JBLB,19,38,10,4695.0,46950.0
2021101005002534,JBLB,19,16,10,4695.0,46950.0
2021101005002545,JBLB,47,16,10,4698.0,46980.0
2021101005002544,JBLB,47,35,10,4698.0,46980.0
2021101005002541,JBLB,19,48,25,4699.0,117475.0
2021101005002551,JBLB,46,58,10,4692.0,46920.0
2021101005002564,JBLB,22,29,10,4692.0,46920.0
2021101005002563,JBLB,32,45,10,4691.0,46910.0
2021101005002555,JBLB,41,36,10,4698.9,46989.0
2021101005002554,JBLB,46,47,10,4692.0,46920.0
2021101005002573,JBLB,32,58,10,4690.0,46900.0
2021101005002571,JBLB,32,57,10,4690.0,46900.0
2021101005002570,JBLB,32,48,20,4690.0,93800.0
2021101005002569,JBLB,32,18,10,4690.0,46900.0
2021101005002567,JBLB,32,16,10,4691.0,46910.0
2021101005002580,JBLB,33,7,20,4692.0,93840.0
2021101005002579,JBLB,57,16,10,4690.0,46900.0
2021101005002578,JBLB,57,58,10,4690.0,46900.0
2021101005002577,JBLB,57,18,10,4690.0,46900.0
2021101005002574,JBLB,32,7,10,4690.0,46900.0
2021101005002586,JBLB,57,38,10,4690.0,46900.0
2021101005002582,JBLB,33,28,50,4698.0,234900.0
2021101005002581,JBLB,33,45,20,4695.0,93900.0
2021101005002596,JBLB,35,41,10,4690.0,46900.0
2021101005002595,JBLB,35,7,10,4690.0,46900.0
2021101005002594,JBLB,42,6,10,4690.0,46900.0
2021101005002607,JBLB,35,21,10,4690.0,46900.0
2021101005002606,JBLB,57,45,10,4690.5,46905.0
2021101005002604,JBLB,57,17,10,4690.5,46905.0
2021101005002601,JBLB,35,49,10,4690.0,46900.0
2021101005002598,JBLB,35,34,10,4690.0,46900.0
2021101005002620,JBLB,35,11,10,4690.0,46900.0
2021101005002612,JBLB,57,58,10,4690.0,46900.0
2021101005002610,JBLB,44,45,10,4690.0,46900.0
2021101005002609,JBLB,6,21,10,4687.0,46870.0
2021101005002608,JBLB,6,21,10,4690.0,46900.0
2021101005002626,JBLB,45,49,40,4695.0,187800.0
2021101005002623,JBLB,33,55,10,4698.8,46988.0
2021101005002622,JBLB,45,45,10,4690.0,46900.0
2021101005002632,JBLB,46,49,10,4682.0,46820.0
2021101005002631,JBLB,41,49,10,4685.0,46850.0
2021101005002630,JBLB,29,49,50,4685.0,234250.0
2021101005002629,JBLB,52,49,20,4685.0,93700.0
2021101005002628,JBLB,45,49,10,4686.0,46860.0
2021101005002627,JBLB,41,49,10,4690.0,46900.0
2021101005002638,JBLB,45,49,15,4680.0,70200.0
2021101005002637,JBLB,49,49,155,4680.0,725400.0
2021101005002636,JBLB,45,49,200,4680.0,936000.0
2021101005002635,JBLB,6,49,35,4680.0,163800.0
2021101005002634,JBLB,46,49,10,4680.2,46802.0
2021101005002633,JBLB,28,49,10,4682.0,46820.0
2021101005002645,JBLB,45,57,10,4690.0,46900.0
2021101005002644,JBLB,45,38,10,4690.0,46900.0
2021101005002642,JBLB,29,7,50,4693.0,234650.0
2021101005002640,JBLB,48,49,15,4680.0,70200.0
2021101005002639,JBLB,38,49,10,4680.0,46800.0
2021101005002651,JBLB,28,21,60,4698.0,281880.0
2021101005002650,JBLB,28,41,10,4695.0,46950.0
2021101005002649,JBLB,47,49,10,4695.0,46950.0
2021101005002648,JBLB,47,42,10,4695.0,46950.0
2021101005002647,JBLB,47,45,20,4694.0,93880.0
2021101005002646,JBLB,19,34,10,4681.0,46810.0
2021101005002664,JBLB,39,53,10,4695.0,46950.0
2021101005002657,JBLB,6,14,10,4693.0,46930.0
2021101005002652,JBLB,28,7,30,4698.0,140940.0
2021101005002666,JBLB,39,8,80,4697.9,375832.0
2021101005002665,JBLB,39,59,10,4697.0,46970.0
2021101005002677,JBLB,19,42,30,4681.0,140430.0
2021101005002676,JBLB,26,42,30,4683.0,140490.0
2021101005002675,JBLB,57,42,10,4685.0,46850.0
2021101005002674,JBLB,58,42,10,4685.0,46850.0
2021101005002673,JBLB,41,42,20,4686.0,93720.0
2021101005002683,JBLB,38,45,20,4663.0,93260.0
2021101005002682,JBLB,48,45,10,4666.0,46660.0
2021101005002681,JBLB,57,45,10,4680.0,46800.0
2021101005002680,JBLB,34,45,20,4680.0,93600.0
2021101005002679,JBLB,42,45,14,4680.0,65520.0
2021101005002678,JBLB,21,45,10,4680.0,46800.0
2021101005002689,JBLB,41,45,70,4654.0,325780.0
2021101005002688,JBLB,52,45,60,4660.0,279600.0
2021101005002687,JBLB,35,45,10,4660.0,46600.0
2021101005002686,JBLB,46,45,20,4660.0,93200.0
2021101005002685,JBLB,35,45,10,4661.0,46610.0
2021101005002684,JBLB,21,45,200,4662.0,932400.0
2021101005002695,JBLB,33,45,40,4620.0,184800.0
2021101005002694,JBLB,58,45,100,4630.0,463000.0
2021101005002693,JBLB,22,45,90,4645.0,418050.0
2021101005002692,JBLB,34,45,11,4650.0,51150.0
2021101005002691,JBLB,1,45,10,4650.0,46500.0
2021101005002690,JBLB,45,45,10,4650.0,46500.0
2021101005002706,JBLB,33,45,90,4601.0,414090.0
2021101005002700,JBLB,53,45,100,4605.0,460500.0
2021101005002699,JBLB,49,45,10,4605.0,46050.0
2021101005002698,JBLB,38,45,10,4610.0,46100.0
2021101005002697,JBLB,3,45,20,4610.0,92200.0
2021101005002696,JBLB,37,45,10,4616.0,46160.0
2021101005002715,JBLB,49,44,10,4605.0,46050.0
2021101005002711,JBLB,57,45,5,4600.0,23000.0
2021101005002710,JBLB,58,45,20,4600.0,92000.0
2021101005002709,JBLB,50,45,10,4600.0,46000.0
2021101005002708,JBLB,53,45,10,4600.0,46000.0
2021101005002707,JBLB,1,45,100,4601.0,460100.0
2021101005002720,MKLB,29,47,30,1943.0,58290.0
2021101005002713,MKLB,26,45,12,1959.0,23508.0
2021101005002712,MKLB,48,7,10,1941.0,19410.0
2021101005002667,MKLB,48,49,10,1941.0,19410.0
2021101005002662,MKLB,49,47,10,1940.0,19400.0
2021101005002659,MKLB,26,4,10,1960.0,19600.0
2021101005002263,MKLB,55,22,50,1963.1,98155.0
2021101005002261,MKLB,45,21,10,1970.0,19700.0
2021101005002260,MKLB,55,21,40,1970.0,78800.0
2021101005002248,MKLB,55,49,10,1970.0,19700.0
2021101005002332,MKLB,34,21,40,1962.1,78484.0
2021101005002329,MKLB,34,45,50,1962.1,98105.0
2021101005002313,MKLB,34,57,10,1962.2,19622.0
2021101005002301,MKLB,56,41,10,1967.0,19670.0
2021101005002300,MKLB,56,37,10,1965.0,19650.0
2021101005002264,MKLB,55,22,50,1963.1,98155.0
2021101005002345,MKLB,46,21,20,1962.0,39240.0
2021101005002342,MKLB,42,39,10,1960.1,19601.0
2021101005002341,MKLB,55,21,15,1962.0,29430.0
2021101005002340,MKLB,55,21,35,1962.0,68670.0
2021101005002337,MKLB,42,45,50,1960.1,98005.0
2021101005002333,MKLB,3,21,25,1962.0,49050.0
2021101005002388,MKLB,22,21,40,1960.0,78400.0
2021101005002387,MKLB,56,21,10,1970.0,19700.0
2021101005002376,MKLB,3,38,10,1960.0,19600.0
2021101005002351,MKLB,3,21,10,1960.0,19600.0
2021101005002350,MKLB,42,21,40,1960.1,78404.0
2021101005002348,MKLB,41,21,50,1962.0,98100.0
2021101005002417,MKLB,55,52,30,1960.0,58800.0
2021101005002411,MKLB,55,21,10,1960.0,19600.0
2021101005002406,MKLB,55,58,10,1960.0,19600.0
2021101005002403,MKLB,55,58,10,1960.0,19600.0
2021101005002392,MKLB,55,21,20,1960.0,39200.0
2021101005002391,MKLB,22,21,10,1960.0,19600.0
2021101005002532,MKLB,48,48,40,1952.0,78080.0
2021101005002531,MKLB,43,48,10,1952.0,19520.0
2021101005002529,MKLB,14,19,10,1955.1,19551.0
2021101005002524,MKLB,1,49,10,1960.0,19600.0
2021101005002460,MKLB,1,49,10,1979.9,19799.0
2021101005002418,MKLB,55,25,20,1960.0,39200.0
2021101005002560,MKLB,21,16,20,1950.0,39000.0
2021101005002559,MKLB,21,16,25,1950.0,48750.0
2021101005002558,MKLB,45,16,10,1950.0,19500.0
2021101005002557,MKLB,56,16,500,1951.0,975500.0
2021101005002556,MKLB,55,16,50,1951.1,97555.0
2021101005002538,MKLB,48,59,10,1952.0,19520.0
2021101005002589,MKLB,40,45,50,1945.0,97250.0
2021101005002585,MKLB,28,25,30,1941.0,58230.0
2021101005002584,MKLB,1,25,10,1944.4,19444.0
2021101005002568,MKLB,28,45,65,1940.0,126100.0
2021101005002565,MKLB,35,16,10,1950.0,19500.0
2021101005002561,MKLB,6,16,20,1950.0,39000.0
2021101005002658,MKLB,26,48,10,1960.0,19600.0
2021101005002641,MKLB,26,58,10,1943.0,19430.0
2021101005002613,MKLB,26,45,10,1943.0,19430.0
2021101005002600,MKLB,26,25,10,1951.1,19511.0
2021101005002599,MKLB,26,16,15,1950.0,29250.0
2021101005002590,MKLB,40,16,150,1950.0,292500.0
2021101005002233,SLI,58,58,10,515.0,5150.0
2021101005002231,SLI,1,51,10,514.0,5140.0
2021101005002229,SLI,1,58,10,514.0,5140.0
2021101005002226,SLI,1,48,10,514.0,5140.0
2021101005002239,SLI,1,58,10,514.0,5140.0
2021101005002236,SLI,1,38,10,514.0,5140.0
2021101005002234,SLI,58,32,10,515.0,5150.0
2021101005002255,SLI,56,58,10,514.1,5141.0
2021101005002249,SLI,56,7,10,514.1,5141.0
2021101005002269,SLI,49,50,10,519.0,5190.0
2021101005002268,SLI,51,16,10,515.0,5150.0
2021101005002267,SLI,51,49,10,515.0,5150.0
2021101005002266,SLI,51,18,10,515.0,5150.0
2021101005002259,SLI,56,1,10,514.1,5141.0
2021101005002276,SLI,51,43,10,515.0,5150.0
2021101005002275,SLI,51,42,10,515.0,5150.0
2021101005002270,SLI,51,34,10,515.0,5150.0
2021101005002288,SLI,36,4,100,513.0,51300.0
2021101005002287,SLI,1,4,120,514.0,61680.0
2021101005002286,SLI,56,4,40,514.1,20564.0
2021101005002285,SLI,51,4,40,514.2,20568.0
2021101005002284,SLI,11,4,10,514.2,5142.0
2021101005002289,SLI,20,4,19,512.0,9728.0
2021101005002298,SLI,26,55,10,515.0,5150.0
2021101005002297,SLI,49,35,10,520.0,5200.0
2021101005002310,SLI,26,58,10,515.0,5150.0
2021101005002319,SLI,26,17,10,515.0,5150.0
2021101005002336,SLI,58,41,10,520.0,5200.0
2021101005002335,SLI,58,14,10,519.0,5190.0
2021101005002334,SLI,32,58,10,516.0,5160.0
2021101005002331,SLI,32,45,10,516.0,5160.0
2021101005002356,SLI,51,8,10,515.1,5151.0
2021101005002360,SLI,59,52,180,519.0,93420.0
2021101005002359,SLI,59,58,10,519.0,5190.0
2021101005002358,SLI,59,22,10,519.0,5190.0
2021101005002368,SLI,26,38,10,515.0,5150.0
2021101005002378,SLI,26,49,10,515.0,5150.0
2021101005002373,SLI,26,49,10,515.0,5150.0
2021101005002384,SLI,49,50,10,520.0,5200.0
2021101005002383,SLI,49,52,100,519.9,51990.0
2021101005002382,SLI,49,44,10,519.0,5190.0
2021101005002379,SLI,26,49,10,515.0,5150.0
2021101005002394,SLI,26,6,10,515.0,5150.0
2021101005002393,SLI,26,47,10,515.0,5150.0
2021101005002404,SLI,3,22,10,515.0,5150.0
2021101005002401,SLI,3,56,10,515.0,5150.0
2021101005002400,SLI,49,16,10,516.0,5160.0
2021101005002397,SLI,46,16,10,517.0,5170.0
2021101005002396,SLI,46,19,10,516.0,5160.0
2021101005002413,SLI,56,56,10,514.0,5140.0
2021101005002412,SLI,56,18,10,514.0,5140.0
2021101005002407,SLI,56,58,10,514.0,5140.0
2021101005002427,SLI,20,16,151,512.0,77312.0
2021101005002426,SLI,56,16,70,514.0,35980.0
2021101005002440,SLI,49,58,10,514.0,5140.0
2021101005002436,SLI,47,22,10,511.0,5110.0
2021101005002435,SLI,47,56,10,511.0,5110.0
2021101005002444,SLI,49,16,10,515.0,5150.0
2021101005002443,SLI,19,44,10,514.0,5140.0
2021101005002441,SLI,47,49,10,511.0,5110.0
2021101005002448,SLI,49,56,10,515.0,5150.0
2021101005002456,SLI,19,47,10,514.0,5140.0
2021101005002467,SLI,13,16,10,513.0,5130.0
2021101005002479,SLI,56,58,10,515.0,5150.0
2021101005002478,SLI,8,57,10,515.0,5150.0
2021101005002474,SLI,13,56,10,513.0,5130.0
2021101005002483,SLI,56,56,10,515.0,5150.0
2021101005002493,SLI,13,56,10,513.0,5130.0
2021101005002492,SLI,38,45,10,515.0,5150.0
2021101005002489,SLI,38,56,10,515.0,5150.0
2021101005002508,SLI,13,56,10,513.0,5130.0
2021101005002506,SLI,13,6,10,513.0,5130.0
2021101005002503,SLI,13,56,10,513.0,5130.0
2021101005002510,SLI,13,47,100,513.0,51300.0
2021101005002526,SLI,13,56,10,513.0,5130.0
2021101005002523,SLI,13,56,10,513.0,5130.0
2021101005002547,SLI,34,38,10,515.0,5150.0
2021101005002546,SLI,34,45,10,515.0,5150.0
2021101005002542,SLI,13,45,10,513.0,5130.0
2021101005002553,SLI,57,41,10,513.0,5130.0
2021101005002552,SLI,58,55,10,515.0,5150.0
2021101005002550,SLI,13,1,10,513.0,5130.0
2021101005002549,SLI,34,38,10,515.0,5150.0
2021101005002548,SLI,34,49,10,515.0,5150.0
2021101005002566,SLI,5,56,10,513.0,5130.0
2021101005002562,SLI,57,56,10,513.0,5130.0
2021101005002572,SLI,58,56,10,514.0,5140.0
2021101005002576,SLI,58,25,10,514.0,5140.0
2021101005002591,SLI,49,33,10,515.0,5150.0
2021101005002587,SLI,34,41,10,514.0,5140.0
2021101005002583,SLI,58,56,10,514.0,5140.0
2021101005002597,SLI,58,59,10,515.0,5150.0
2021101005002593,SLI,34,56,10,514.0,5140.0
2021101005002592,SLI,34,35,10,514.0,5140.0
2021101005002605,SLI,34,56,10,514.0,5140.0
2021101005002611,SLI,34,45,10,514.0,5140.0
2021101005002625,SLI,34,38,10,514.0,5140.0
2021101005002624,SLI,34,45,10,514.0,5140.0
2021101005002621,SLI,34,38,10,514.0,5140.0
2021101005002643,SLI,32,44,10,515.0,5150.0
2021101005002663,SLI,5,59,10,513.0,5130.0
2021101005002661,SLI,34,38,10,514.0,5140.0
2021101005002653,SLI,34,58,10,514.0,5140.0
2021101005002671,SLI,58,58,20,513.0,10260.0
2021101005002670,SLI,7,58,20,513.0,10260.0
2021101005002669,SLI,42,58,20,513.0,10260.0
2021101005002668,SLI,5,58,30,513.0,15390.0
2021101005002672,SLI,32,58,10,513.0,5130.0
2021101005002718,ULI,32,34,10,588.0,5880.0
2021101005002717,ULI,32,17,50,588.0,29400.0
2021101005002714,ULI,14,51,10,585.0,5850.0
2021101005002705,ULI,32,58,10,588.0,5880.0
2021101005002704,ULI,32,58,10,586.0,5860.0
2021101005002703,ULI,32,36,10,586.0,5860.0
2021101005002238,ULI,33,38,10,579.0,5790.0
2021101005002230,ULI,33,48,10,579.0,5790.0
2021101005002228,ULI,34,58,10,577.1,5771.0
2021101005002227,ULI,34,57,10,577.1,5771.0
2021101005002265,ULI,33,19,10,580.0,5800.0
2021101005002258,ULI,33,34,10,580.0,5800.0
2021101005002253,ULI,33,8,20,580.0,11600.0
2021101005002252,ULI,33,43,10,580.0,5800.0
2021101005002251,ULI,33,58,10,580.0,5800.0
2021101005002246,ULI,43,50,10,580.0,5800.0
2021101005002282,ULI,19,19,30,581.0,17430.0
2021101005002280,ULI,19,19,10,581.0,5810.0
2021101005002279,ULI,19,19,10,581.0,5810.0
2021101005002278,ULI,19,58,10,580.1,5801.0
2021101005002277,ULI,33,49,10,580.0,5800.0
2021101005002271,ULI,33,57,10,580.0,5800.0
2021101005002322,ULI,32,58,10,580.0,5800.0
2021101005002321,ULI,32,49,10,580.0,5800.0
2021101005002320,ULI,32,22,10,580.0,5800.0
2021101005002312,ULI,13,55,10,578.0,5780.0
2021101005002311,ULI,13,34,10,578.0,5780.0
2021101005002283,ULI,33,19,300,580.0,174000.0
2021101005002353,ULI,32,49,10,583.0,5830.0
2021101005002352,ULI,32,49,10,581.0,5810.0
2021101005002344,ULI,50,39,10,578.1,5781.0
2021101005002339,ULI,50,43,10,578.1,5781.0
2021101005002328,ULI,13,21,10,578.0,5780.0
2021101005002323,ULI,32,49,10,582.0,5820.0
2021101005002398,ULI,13,51,10,585.0,5850.0
2021101005002395,ULI,34,58,10,578.6,5786.0
2021101005002377,ULI,32,16,10,585.0,5850.0
2021101005002375,ULI,45,47,10,585.0,5850.0
2021101005002374,ULI,45,58,10,585.0,5850.0
2021101005002355,ULI,50,6,10,578.1,5781.0
2021101005002415,ULI,45,56,10,583.0,5830.0
2021101005002414,ULI,25,41,10,585.0,5850.0
2021101005002410,ULI,25,51,10,585.0,5850.0
2021101005002408,ULI,25,10,50,585.0,29250.0
2021101005002405,ULI,25,7,10,585.0,5850.0
2021101005002402,ULI,25,10,10,585.0,5850.0
2021101005002461,ULI,13,19,180,580.0,104400.0
2021101005002457,ULI,13,47,10,580.0,5800.0
2021101005002454,ULI,59,57,30,585.0,17550.0
2021101005002424,ULI,58,57,50,585.0,29250.0
2021101005002420,ULI,13,7,10,580.0,5800.0
2021101005002416,ULI,34,56,10,578.6,5786.0
2021101005002475,ULI,13,34,10,579.0,5790.0
2021101005002472,ULI,50,58,10,578.1,5781.0
2021101005002466,ULI,50,56,10,578.1,5781.0
2021101005002464,ULI,50,19,110,578.1,63591.0
2021101005002463,ULI,46,19,100,578.3,57830.0
2021101005002462,ULI,46,19,20,580.0,11600.0
2021101005002522,ULI,58,49,10,580.0,5800.0
2021101005002514,ULI,13,56,10,579.0,5790.0
2021101005002498,ULI,13,58,10,579.0,5790.0
2021101005002494,ULI,13,52,10,579.0,5790.0
2021101005002488,ULI,13,1,10,579.0,5790.0
2021101005002486,ULI,13,34,140,579.0,81060.0
2021101005002603,ULI,32,16,10,585.0,5850.0
2021101005002602,ULI,32,7,10,584.0,5840.0
2021101005002588,ULI,21,41,10,580.0,5800.0
2021101005002575,ULI,13,45,10,579.0,5790.0
2021101005002543,ULI,13,45,10,579.0,5790.0
2021101005002528,ULI,13,58,10,579.0,5790.0
2021101005002619,ULI,29,56,25,585.0,14625.0
2021101005002618,ULI,29,6,10,585.0,5850.0
2021101005002617,ULI,29,38,10,585.0,5850.0
2021101005002616,ULI,29,52,10,585.0,5850.0
2021101005002615,ULI,29,25,10,580.0,5800.0
2021101005002614,ULI,13,45,10,579.0,5790.0
2021101005002702,ULI,32,58,10,586.0,5860.0
2021101005002701,ULI,32,22,10,586.0,5860.0
2021101005002660,ULI,32,8,10,585.0,5850.0
2021101005002656,ULI,32,21,10,585.0,5850.0
2021101005002655,ULI,32,19,10,585.0,5850.0
2021101005002654,ULI,32,6,10,584.0,5840.0
2021101005002223,JBLB,50,28,20,4659.9,93198.0
2021101005002221,JBLB,58,3,24,4655.0,111720.0
2021101005002220,JBLB,58,58,10,4655.0,46550.0
2021101005001725,JBLB,57,58,10,4675.0,46750.0
2021101005001731,JBLB,59,58,90,4675.0,420750.0
2021101005001729,JBLB,59,57,10,4675.0,46750.0
2021101005001728,JBLB,43,14,10,4675.0,46750.0
2021101005001727,JBLB,4,14,10,4675.0,46750.0
2021101005001726,JBLB,57,14,30,4675.0,140250.0
2021101005001737,JBLB,44,58,10,4670.0,46700.0
2021101005001736,JBLB,45,58,20,4670.0,93400.0
2021101005001735,JBLB,47,58,100,4670.0,467000.0
2021101005001734,JBLB,19,58,90,4670.0,420300.0
2021101005001733,JBLB,53,58,50,4671.0,233550.0
2021101005001732,JBLB,42,58,10,4671.0,46710.0
2021101005001744,JBLB,58,58,100,4650.0,465000.0
2021101005001743,JBLB,52,58,30,4650.0,139500.0
2021101005001742,JBLB,10,58,10,4655.1,46551.0
2021101005001740,JBLB,59,58,120,4670.0,560400.0
2021101005001739,JBLB,28,58,100,4670.0,467000.0
2021101005001748,JBLB,16,26,10,4641.0,46410.0
2021101005001747,JBLB,16,47,10,4641.0,46410.0
2021101005001746,JBLB,3,58,10,4650.0,46500.0
2021101005001745,JBLB,19,58,100,4650.0,465000.0
2021101005001769,JBLB,52,58,10,4642.0,46420.0
2021101005001768,JBLB,52,36,10,4642.0,46420.0
2021101005001762,JBLB,16,17,10,4641.0,46410.0
2021101005001774,JBLB,4,51,10,4650.0,46500.0
2021101005001773,JBLB,57,58,70,4640.0,324800.0
2021101005001772,JBLB,52,58,40,4641.0,185640.0
2021101005001771,JBLB,18,58,10,4641.0,46410.0
2021101005001770,JBLB,16,58,70,4641.0,324870.0
2021101005001781,JBLB,43,58,100,4660.0,466000.0
2021101005001780,JBLB,50,58,140,4640.0,649600.0
2021101005001779,JBLB,57,58,10,4640.0,46400.0
2021101005001778,JBLB,4,35,10,4659.0,46590.0
2021101005001787,JBLB,43,58,90,4670.0,420300.0
2021101005001786,JBLB,43,7,10,4670.0,46700.0
2021101005001785,JBLB,13,44,10,4669.0,46690.0
2021101005001784,JBLB,57,58,10,4657.0,46570.0
2021101005001800,JBLB,16,32,10,4657.0,46570.0
2021101005001791,JBLB,53,58,10,4660.0,46600.0
2021101005001790,JBLB,34,58,10,4660.0,46600.0
2021101005001789,JBLB,43,58,10,4670.0,46700.0
2021101005001806,JBLB,43,58,90,4660.0,419400.0
2021101005001805,JBLB,49,58,10,4660.0,46600.0
2021101005001802,JBLB,16,35,10,4660.0,46600.0
2021101005001801,JBLB,16,58,80,4660.0,372800.0
2021101005001813,JBLB,38,58,50,4670.0,233500.0
2021101005001812,JBLB,58,35,10,4660.0,46600.0
2021101005001811,JBLB,58,58,10,4660.0,46600.0
2021101005001822,JBLB,58,58,60,4660.0,279600.0
2021101005001821,JBLB,58,10,10,4660.0,46600.0
2021101005001819,JBLB,4,38,10,4665.0,46650.0
2021101005001816,JBLB,58,58,100,4670.0,467000.0
2021101005001815,JBLB,4,55,10,4665.0,46650.0
2021101005001828,JBLB,26,58,360,4645.0,1672200.0
2021101005001827,JBLB,58,58,20,4650.0,93000.0
2021101005001826,JBLB,57,58,10,4650.0,46500.0
2021101005001825,JBLB,47,58,10,4650.0,46500.0
2021101005001824,JBLB,22,58,10,4660.0,46600.0
2021101005001838,JBLB,3,42,10,4641.1,46411.0
2021101005001830,JBLB,57,28,20,4655.0,93100.0
2021101005001829,JBLB,57,34,10,4655.0,46550.0
2021101005001842,JBLB,19,58,70,4655.0,325850.0
2021101005001841,JBLB,19,28,30,4655.0,139650.0
2021101005001840,JBLB,58,57,10,4641.0,46410.0
2021101005001839,JBLB,42,51,20,4641.1,92822.0
2021101005001850,JBLB,7,38,30,4640.0,139200.0
2021101005001856,JBLB,49,47,40,4641.0,185640.0
2021101005001855,JBLB,16,47,10,4641.0,46410.0
2021101005001854,JBLB,16,47,10,4640.0,46400.0
2021101005001852,JBLB,42,58,10,4640.0,46400.0
2021101005001851,JBLB,7,58,70,4640.0,324800.0
2021101005001864,JBLB,49,1,10,4641.0,46410.0
2021101005001873,JBLB,40,32,10,4631.0,46310.0
2021101005001872,JBLB,35,32,50,4631.0,231550.0
2021101005001871,JBLB,45,32,10,4631.0,46310.0
2021101005001870,JBLB,56,32,10,4635.0,46350.0
2021101005001868,JBLB,58,52,10,4641.0,46410.0
2021101005001892,JBLB,33,58,40,4629.0,185160.0
2021101005001878,JBLB,34,32,35,4630.0,162050.0
2021101005001877,JBLB,58,32,15,4630.0,69450.0
2021101005001876,JBLB,58,32,100,4630.0,463000.0
2021101005001875,JBLB,58,32,10,4630.0,46300.0
2021101005001874,JBLB,26,32,20,4630.3,92606.0
2021101005001898,JBLB,45,58,12,4600.0,55200.0
2021101005001897,JBLB,45,58,300,4601.0,1380300.0
2021101005001896,JBLB,44,58,50,4610.0,230500.0
2021101005001895,JBLB,56,58,10,4610.0,46100.0
2021101005001894,JBLB,47,58,18,4620.0,83160.0
2021101005001893,JBLB,45,58,20,4624.0,92480.0
2021101005001908,JBLB,47,38,100,4600.0,460000.0
2021101005001903,JBLB,47,58,70,4600.0,322000.0
2021101005001902,JBLB,35,58,10,4600.0,46000.0
2021101005001901,JBLB,52,58,100,4600.0,460000.0
2021101005001900,JBLB,56,58,20,4600.0,92000.0
2021101005001899,JBLB,17,58,50,4600.0,230000.0
2021101005001916,JBLB,34,7,10,4600.0,46000.0
2021101005001915,JBLB,47,7,20,4600.0,92000.0
2021101005001914,JBLB,47,1,10,4600.0,46000.0
2021101005001910,JBLB,49,41,10,4625.0,46250.0
2021101005001922,JBLB,32,36,92,4600.0,423200.0
2021101005001921,JBLB,40,36,10,4600.0,46000.0
2021101005001920,JBLB,49,36,10,4600.0,46000.0
2021101005001919,JBLB,34,36,10,4600.0,46000.0
2021101005001918,JBLB,14,36,10,4601.0,46010.0
2021101005001917,JBLB,16,7,5,4600.0,23000.0
2021101005001934,JBLB,38,53,20,4600.0,92000.0
2021101005001933,JBLB,57,53,20,4600.0,92000.0
2021101005001932,JBLB,34,53,15,4602.0,69030.0
2021101005001931,JBLB,4,53,10,4619.0,46190.0
2021101005001930,JBLB,58,51,10,4628.1,46281.0
2021101005001929,JBLB,16,35,10,4619.0,46190.0
2021101005001937,JBLB,5,53,82,4600.0,377200.0
2021101005001936,JBLB,45,53,10,4600.0,46000.0
2021101005001935,JBLB,26,53,43,4600.0,197800.0
2021101005001947,JBLB,59,7,10,4600.0,46000.0
2021101005001946,JBLB,45,7,10,4600.0,46000.0
2021101005001945,JBLB,29,7,20,4600.0,92000.0
2021101005001944,JBLB,5,7,26,4600.0,119600.0
2021101005001943,JBLB,52,7,20,4603.0,92060.0
2021101005001954,JBLB,3,19,10,4600.1,46001.0
2021101005001953,JBLB,16,19,10,4601.0,46010.0
2021101005001951,JBLB,58,7,49,4600.0,225400.0
2021101005001950,JBLB,19,7,10,4600.0,46000.0
2021101005001949,JBLB,4,7,50,4600.0,230000.0
2021101005001948,JBLB,16,7,20,4600.0,92000.0
2021101005001967,JBLB,19,58,10,4629.0,46290.0
2021101005001966,JBLB,19,21,10,4629.0,46290.0
2021101005001965,JBLB,33,58,200,4601.0,920200.0
2021101005001958,JBLB,33,35,10,4601.0,46010.0
2021101005001955,JBLB,58,19,30,4600.0,138000.0
2021101005001968,JBLB,19,33,10,4635.0,46350.0
2021101005001991,JBLB,33,48,10,4635.0,46350.0
2021101005001990,JBLB,19,19,70,4635.0,324450.0
2021101005002001,JBLB,49,46,10,4610.0,46100.0
2021101005002000,JBLB,49,19,10,4602.0,46020.0
2021101005001999,JBLB,41,19,10,4603.0,46030.0
2021101005001998,JBLB,29,19,10,4603.0,46030.0
2021101005001997,JBLB,34,19,15,4610.0,69150.0
2021101005002009,JBLB,17,47,100,4615.0,461500.0
2021101005002014,JBLB,49,49,10,4616.0,46160.0
2021101005002011,JBLB,18,58,10,4639.0,46390.0
2021101005002028,JBLB,58,49,10,4640.0,46400.0
2021101005002027,JBLB,57,14,10,4641.0,46410.0
2021101005002026,JBLB,57,58,10,4641.0,46410.0
2021101005002020,JBLB,58,58,10,4640.0,46400.0
2021101005002019,JBLB,58,55,20,4639.0,92780.0
2021101005002034,JBLB,28,43,10,4641.0,46410.0
2021101005002033,JBLB,28,39,10,4641.0,46410.0
2021101005002032,JBLB,28,14,40,4641.0,185640.0
2021101005002030,JBLB,4,38,3,4640.0,13920.0
2021101005002047,JBLB,59,32,10,4645.0,46450.0
2021101005002046,JBLB,59,51,10,4644.0,46440.0
2021101005002041,JBLB,19,6,10,4640.0,46400.0
2021101005002036,JBLB,28,4,40,4641.0,185640.0
2021101005002052,JBLB,41,14,20,4640.0,92800.0
2021101005002051,JBLB,19,14,20,4640.0,92800.0
2021101005002048,JBLB,58,32,10,4645.0,46450.0
2021101005002058,JBLB,26,14,10,4640.0,46400.0
2021101005002057,JBLB,26,58,10,4630.0,46300.0
2021101005002054,JBLB,47,38,10,4630.0,46300.0
2021101005002071,JBLB,52,38,10,4617.0,46170.0
2021101005002068,JBLB,58,56,100,4620.0,462000.0
2021101005002067,JBLB,33,26,10,4620.0,46200.0
2021101005002065,JBLB,33,58,50,4620.0,231000.0
2021101005002063,JBLB,43,14,10,4640.0,46400.0
2021101005002077,JBLB,43,58,10,4617.0,46170.0
2021101005002076,JBLB,52,38,10,4617.0,46170.0
2021101005002073,JBLB,45,58,20,4619.0,92380.0
2021101005002072,JBLB,56,58,50,4619.0,230950.0
2021101005002078,JBLB,18,58,10,4619.0,46190.0
2021101005002090,JBLB,49,47,10,4616.0,46160.0
2021101005002089,JBLB,59,58,10,4619.0,46190.0
2021101005002097,JBLB,41,58,35,4619.0,161665.0
2021101005002094,JBLB,38,26,10,4616.0,46160.0
2021101005002093,JBLB,18,58,10,4619.0,46190.0
2021101005002092,JBLB,59,58,30,4619.0,138570.0
2021101005002101,JBLB,35,4,10,4616.0,46160.0
2021101005002111,JBLB,41,58,100,4619.0,461900.0
2021101005002117,JBLB,3,58,14,4619.0,64666.0
2021101005002116,JBLB,45,57,10,4610.0,46100.0
2021101005002115,JBLB,37,57,20,4610.0,92200.0
2021101005002114,JBLB,56,57,20,4615.0,92300.0
2021101005002113,JBLB,37,58,20,4619.0,92380.0
2021101005002112,JBLB,38,58,30,4619.0,138570.0
2021101005002118,JBLB,3,49,10,4619.0,46190.0
2021101005002130,JBLB,33,39,10,4620.0,46200.0
2021101005002136,JBLB,16,42,10,4640.0,46400.0
2021101005002135,JBLB,16,35,10,4640.0,46400.0
2021101005002133,JBLB,19,56,50,4639.0,231950.0
2021101005002132,JBLB,19,35,10,4630.0,46300.0
2021101005002142,JBLB,58,58,10,4645.0,46450.0
2021101005002141,JBLB,58,53,10,4645.0,46450.0
2021101005002139,JBLB,6,32,20,4645.0,92900.0
2021101005002138,JBLB,16,21,10,4640.0,46400.0
2021101005002137,JBLB,16,7,10,4640.0,46400.0
2021101005002165,JBLB,59,43,10,4650.0,46500.0
2021101005002164,JBLB,59,35,10,4650.0,46500.0
2021101005002163,JBLB,38,57,10,4650.0,46500.0
2021101005002162,JBLB,38,56,10,4650.0,46500.0
2021101005002161,JBLB,22,7,10,4645.0,46450.0
2021101005002153,JBLB,29,42,10,4642.0,46420.0
2021101005002172,JBLB,47,28,50,4654.0,232700.0
2021101005002171,JBLB,47,45,10,4654.0,46540.0
2021101005002170,JBLB,47,53,10,4653.0,46530.0
2021101005002168,JBLB,47,41,20,4653.0,93060.0
2021101005002166,JBLB,51,34,10,4650.0,46500.0
2021101005002178,JBLB,33,58,30,4655.0,139650.0
2021101005002177,JBLB,33,58,40,4655.0,186200.0
2021101005002176,JBLB,59,58,10,4655.0,46550.0
2021101005002175,JBLB,47,58,20,4655.0,93100.0
2021101005002173,JBLB,47,42,10,4654.0,46540.0
2021101005002187,JBLB,41,38,10,4654.0,46540.0
2021101005002186,JBLB,41,35,10,4654.0,46540.0
2021101005002180,JBLB,58,58,11,4655.0,51205.0
2021101005002197,JBLB,41,58,10,4654.0,46540.0
2021101005002196,JBLB,58,35,10,4655.0,46550.0
2021101005002195,JBLB,58,53,10,4655.0,46550.0
2021101005002194,JBLB,58,45,10,4655.0,46550.0
2021101005002193,JBLB,58,58,44,4655.0,204820.0
2021101005002192,JBLB,34,58,25,4655.0,116375.0
2021101005002204,JBLB,19,34,10,4660.0,46600.0
2021101005002203,JBLB,19,55,10,4660.0,46600.0
2021101005002202,JBLB,19,58,20,4660.0,93200.0
2021101005002200,JBLB,33,58,10,4660.0,46600.0
2021101005002213,JBLB,58,38,10,4655.0,46550.0
2021101005002211,JBLB,58,58,10,4655.0,46550.0
2021101005002208,MKLB,55,21,50,1970.0,98500.0
2021101005002207,MKLB,55,21,30,1970.0,59100.0
2021101005002206,MKLB,39,21,10,1970.5,19705.0
2021101005002205,MKLB,21,21,10,1971.0,19710.0
2021101005002185,MKLB,39,21,10,1970.5,19705.0
2021101005002184,MKLB,21,21,10,1971.0,19710.0
2021101005001766,MKLB,5,41,50,1990.0,99500.0
2021101005001752,MKLB,21,26,10,2000.0,20000.0
2021101005001749,MKLB,7,26,10,2000.0,20000.0
2021101005001879,MKLB,7,33,10,1985.0,19850.0
2021101005001837,MKLB,7,34,10,1985.0,19850.0
2021101005001818,MKLB,7,57,67,1985.0,132995.0
2021101005001817,MKLB,42,57,33,1986.0,65538.0
2021101005001775,MKLB,59,35,10,1990.0,19900.0
2021101005001767,MKLB,13,41,10,1990.0,19900.0
2021101005002016,MKLB,17,14,10,1983.1,19831.0
2021101005002007,MKLB,39,58,10,1984.0,19840.0
2021101005002003,MKLB,58,51,10,1985.0,19850.0
2021101005001996,MKLB,21,41,10,1985.0,19850.0
2021101005001993,MKLB,7,38,10,1985.0,19850.0
2021101005001964,MKLB,7,59,200,1985.0,397000.0
2021101005002040,MKLB,43,57,20,1976.0,39520.0
2021101005002039,MKLB,51,57,10,1977.0,19770.0
2021101005002038,MKLB,21,57,10,1980.0,19800.0
2021101005002025,MKLB,28,59,50,1982.0,99100.0
2021101005002024,MKLB,13,59,10,1983.0,19830.0
2021101005002023,MKLB,13,59,10,1983.1,19831.0
2021101005002143,MKLB,21,41,10,1971.0,19710.0
2021101005002140,MKLB,21,32,10,1975.0,19750.0
2021101005002119,MKLB,6,3,10,1975.0,19750.0
2021101005002098,MKLB,6,35,20,1975.0,39500.0
2021101005002070,MKLB,6,54,10,1975.0,19750.0
2021101005002064,MKLB,6,49,10,1975.0,19750.0
2021101005002167,MKLB,58,21,10,1975.0,19750.0
2021101005002160,MKLB,55,16,10,1970.0,19700.0
2021101005002147,MKLB,55,50,10,1970.0,19700.0
2021101005002146,MKLB,14,50,20,1970.0,39400.0
2021101005002145,MKLB,21,50,20,1970.0,39400.0
2021101005002144,MKLB,38,50,10,1970.0,19700.0
2021101005002224,SLI,1,14,10,514.0,5140.0
2021101005002222,SLI,1,57,10,514.0,5140.0
2021101005002219,SLI,1,57,10,515.0,5150.0
2021101005001730,SLI,40,58,10,520.0,5200.0
2021101005001741,SLI,34,58,10,519.0,5190.0
2021101005001757,SLI,58,49,10,519.0,5190.0
2021101005001750,SLI,29,28,10,518.6,5186.0
2021101005001761,SLI,58,26,10,519.0,5190.0
2021101005001759,SLI,38,14,10,520.0,5200.0
2021101005001758,SLI,58,7,10,519.0,5190.0
2021101005001776,SLI,42,21,10,521.5,5215.0
2021101005001782,SLI,43,4,20,523.0,10460.0
2021101005001777,SLI,42,4,181,523.0,94663.0
2021101005001788,SLI,13,29,10,519.5,5195.0
2021101005001783,SLI,14,58,10,519.2,5192.0
2021101005001799,SLI,13,13,10,519.5,5195.0
2021101005001798,SLI,13,51,10,519.5,5195.0
2021101005001807,SLI,13,46,10,519.5,5195.0
2021101005001804,SLI,13,45,10,519.5,5195.0
2021101005001814,SLI,26,4,25,523.0,13075.0
2021101005001810,SLI,45,45,10,520.0,5200.0
2021101005001808,SLI,7,32,10,520.0,5200.0
2021101005001820,SLI,56,52,30,522.0,15660.0
2021101005001823,SLI,42,28,10,520.0,5200.0
2021101005001836,SLI,59,6,10,521.0,5210.0
2021101005001835,SLI,59,7,10,521.0,5210.0
2021101005001831,SLI,59,58,10,521.0,5210.0
2021101005001844,SLI,41,57,30,522.0,15660.0
2021101005001843,SLI,41,52,70,522.0,36540.0
2021101005001849,SLI,58,57,20,519.0,10380.0
2021101005001848,SLI,47,57,30,519.0,15570.0
2021101005001847,SLI,14,57,10,519.2,5192.0
2021101005001846,SLI,42,57,90,520.0,46800.0
2021101005001845,SLI,59,57,20,521.0,10420.0
2021101005001857,SLI,58,52,80,519.0,41520.0
2021101005001867,SLI,29,1,10,518.6,5186.0
2021101005001866,SLI,29,45,10,518.6,5186.0
2021101005001865,SLI,29,46,10,518.6,5186.0
2021101005001862,SLI,42,52,30,520.0,15600.0
2021101005001858,SLI,29,52,50,519.0,25950.0
2021101005001869,SLI,29,14,10,518.6,5186.0
2021101005001912,SLI,29,46,10,518.7,5187.0
2021101005001911,SLI,29,58,10,518.6,5186.0
2021101005001928,SLI,28,46,10,516.1,5161.0
2021101005001927,SLI,58,40,10,516.2,5162.0
2021101005001926,SLI,58,56,10,516.2,5162.0
2021101005001925,SLI,57,52,100,518.5,51850.0
2021101005001924,SLI,28,52,100,518.5,51850.0
2021101005001923,SLI,29,52,28,518.7,14523.6
2021101005001941,SLI,38,46,10,516.0,5160.0
2021101005001940,SLI,38,17,50,516.0,25800.0
2021101005001939,SLI,28,17,50,516.1,25805.0
2021101005001942,SLI,38,21,10,516.0,5160.0
2021101005001956,SLI,38,11,10,516.0,5160.0
2021101005001973,SLI,26,4,30,516.0,15480.0
2021101005001972,SLI,38,4,30,516.0,15480.0
2021101005001971,SLI,45,4,30,516.1,15483.0
2021101005001970,SLI,45,46,10,516.1,5161.0
2021101005001969,SLI,45,46,10,516.1,5161.0
2021101005001979,SLI,39,4,30,515.0,15450.0
2021101005001978,SLI,38,4,10,515.0,5150.0
2021101005001977,SLI,58,4,30,515.0,15450.0
2021101005001976,SLI,47,4,50,515.0,25750.0
2021101005001975,SLI,58,4,10,516.0,5160.0
2021101005001974,SLI,20,4,10,516.0,5160.0
2021101005001985,SLI,57,4,10,515.0,5150.0
2021101005001984,SLI,4,4,100,515.0,51500.0
2021101005001983,SLI,43,4,800,515.0,412000.0
2021101005001982,SLI,17,4,20,515.0,10300.0
2021101005001981,SLI,58,4,50,515.0,25750.0
2021101005001980,SLI,42,4,10,515.0,5150.0
2021101005001992,SLI,16,11,10,514.5,5145.0
2021101005001989,SLI,16,46,10,514.5,5145.0
2021101005001987,SLI,7,4,160,515.0,82400.0
2021101005001986,SLI,43,4,15,515.0,7725.0
2021101005001995,SLI,16,45,10,514.5,5145.0
2021101005002008,SLI,16,45,10,514.5,5145.0
2021101005002006,SLI,41,11,10,515.0,5150.0
2021101005002005,SLI,41,54,10,515.0,5150.0
2021101005002004,SLI,16,58,10,514.5,5145.0
2021101005002002,SLI,16,45,10,514.5,5145.0
2021101005002015,SLI,16,1,10,514.5,5145.0
2021101005002013,SLI,16,21,10,514.5,5145.0
2021101005002012,SLI,16,45,10,514.5,5145.0
2021101005002010,SLI,16,6,10,514.5,5145.0
2021101005002017,SLI,38,16,10,516.0,5160.0
2021101005002035,SLI,45,41,10,514.5,5145.0
2021101005002029,SLI,45,49,10,514.5,5145.0
2021101005002044,SLI,45,48,10,514.5,5145.0
2021101005002042,SLI,45,1,10,514.5,5145.0
2021101005002053,SLI,45,56,10,514.5,5145.0
2021101005002050,SLI,45,21,10,514.5,5145.0
2021101005002049,SLI,45,42,10,514.5,5145.0
2021101005002062,SLI,32,58,10,514.6,5146.0
2021101005002060,SLI,32,49,10,514.6,5146.0
2021101005002059,SLI,32,45,10,514.6,5146.0
2021101005002066,SLI,32,26,10,514.6,5146.0
2021101005002075,SLI,32,21,10,514.6,5146.0
2021101005002074,SLI,32,58,10,514.6,5146.0
2021101005002083,SLI,11,58,10,515.9,5159.0
2021101005002082,SLI,41,57,10,515.0,5150.0
2021101005002081,SLI,41,7,10,515.0,5150.0
2021101005002080,SLI,32,29,10,514.6,5146.0
2021101005002079,SLI,32,26,10,514.6,5146.0
2021101005002091,SLI,32,54,10,514.6,5146.0
2021101005002086,SLI,7,26,10,514.8,5148.0
2021101005002085,SLI,11,4,80,519.0,41520.0
2021101005002084,SLI,11,44,10,519.0,5190.0
2021101005002096,SLI,26,4,25,514.7,12867.5
2021101005002095,SLI,26,26,10,514.7,5147.0
2021101005002105,SLI,1,4,25,514.0,12850.0
2021101005002104,SLI,35,4,50,514.0,25700.0
2021101005002103,SLI,45,4,30,514.5,15435.0
2021101005002102,SLI,32,4,10,514.6,5146.0
2021101005002099,SLI,26,21,10,514.7,5147.0
2021101005002110,SLI,42,4,20,513.0,10260.0
2021101005002109,SLI,19,4,50,513.0,25650.0
2021101005002108,SLI,19,4,50,513.0,25650.0
2021101005002107,SLI,59,4,100,513.0,51300.0
2021101005002106,SLI,58,4,30,514.0,15420.0
2021101005002124,SLI,57,4,50,510.0,25500.0
2021101005002123,SLI,19,4,80,510.0,40800.0
2021101005002122,SLI,57,4,170,511.0,86870.0
2021101005002121,SLI,26,4,10,511.1,5111.0
2021101005002120,SLI,45,4,30,512.0,15360.0
2021101005002129,SLI,22,4,85,510.0,43350.0
2021101005002128,SLI,22,4,10,510.0,5100.0
2021101005002127,SLI,11,4,10,510.0,5100.0
2021101005002126,SLI,55,4,10,510.0,5100.0
2021101005002125,SLI,17,4,30,510.0,15300.0
2021101005002134,SLI,22,58,10,510.0,5100.0
2021101005002131,SLI,29,7,10,514.7,5147.0
2021101005002151,SLI,29,49,10,515.0,5150.0
2021101005002169,SLI,21,6,10,510.1,5101.0
2021101005002179,SLI,21,58,10,510.1,5101.0
2021101005002183,SLI,56,6,10,515.0,5150.0
2021101005002182,SLI,56,8,10,515.0,5150.0
2021101005002181,SLI,56,37,10,515.0,5150.0
2021101005002199,SLI,21,8,10,510.1,5101.0
2021101005002198,SLI,21,6,10,510.1,5101.0
2021101005002217,SLI,35,49,10,513.0,5130.0
2021101005002216,SLI,20,43,10,512.0,5120.0
2021101005002215,SLI,20,57,10,512.0,5120.0
2021101005002214,SLI,20,58,10,512.0,5120.0
2021101005002218,ULI,47,58,10,578.0,5780.0
2021101005002212,ULI,47,38,10,578.0,5780.0
2021101005002210,ULI,47,6,10,578.0,5780.0
2021101005002209,ULI,47,48,10,578.0,5780.0
2021101005002201,ULI,47,6,10,578.0,5780.0
2021101005002191,ULI,25,54,10,580.0,5800.0
2021101005001754,ULI,34,19,10,585.0,5850.0
2021101005001753,ULI,34,34,10,585.0,5850.0
2021101005001751,ULI,26,47,10,584.0,5840.0
2021101005001738,ULI,26,58,10,584.0,5840.0
2021101005001765,ULI,38,51,10,588.0,5880.0
2021101005001764,ULI,38,58,10,587.0,5870.0
2021101005001763,ULI,38,34,10,586.0,5860.0
2021101005001760,ULI,26,58,10,584.0,5840.0
2021101005001756,ULI,26,26,10,584.0,5840.0
2021101005001755,ULI,34,58,10,585.0,5850.0
2021101005001797,ULI,26,56,10,589.0,5890.0
2021101005001796,ULI,26,38,300,589.0,176700.0
2021101005001795,ULI,26,34,10,588.0,5880.0
2021101005001794,ULI,26,56,10,588.0,5880.0
2021101005001793,ULI,26,58,10,587.0,5870.0
2021101005001792,ULI,26,49,10,586.0,5860.0
2021101005001853,ULI,47,44,10,584.0,5840.0
2021101005001834,ULI,46,8,10,585.0,5850.0
2021101005001833,ULI,17,8,10,585.0,5850.0
2021101005001832,ULI,34,8,10,585.0,5850.0
2021101005001809,ULI,35,38,10,588.0,5880.0
2021101005001803,ULI,26,45,10,589.0,5890.0
2021101005001881,ULI,41,38,10,583.0,5830.0
2021101005001880,ULI,45,38,30,583.5,17505.0
2021101005001863,ULI,45,1,10,583.5,5835.0
2021101005001861,ULI,29,38,50,584.0,29200.0
2021101005001860,ULI,19,38,40,584.0,23360.0
2021101005001859,ULI,47,38,40,584.0,23360.0
2021101005001887,ULI,43,38,80,581.0,46480.0
2021101005001886,ULI,41,38,40,581.0,23240.0
2021101005001885,ULI,33,38,30,581.5,17445.0
2021101005001884,ULI,57,38,10,581.6,5816.0
2021101005001883,ULI,13,38,100,581.7,58170.0
2021101005001882,ULI,6,38,12,582.0,6984.0
2021101005001905,ULI,39,38,10,580.0,5800.0
2021101005001904,ULI,39,38,10,580.0,5800.0
2021101005001891,ULI,45,38,40,581.0,23240.0
2021101005001890,ULI,34,38,90,581.0,52290.0
2021101005001889,ULI,49,38,15,581.0,8715.0
2021101005001888,ULI,28,38,50,581.0,29050.0
2021101005001952,ULI,39,40,10,580.0,5800.0
2021101005001938,ULI,54,6,10,580.0,5800.0
2021101005001913,ULI,54,50,10,580.0,5800.0
2021101005001909,ULI,54,38,10,580.0,5800.0
2021101005001907,ULI,36,38,30,580.0,17400.0
2021101005001906,ULI,35,38,50,580.0,29000.0
2021101005001963,ULI,57,17,30,579.0,17370.0
2021101005001962,ULI,21,17,200,579.0,115800.0
2021101005001961,ULI,56,17,12,580.0,6960.0
2021101005001960,ULI,45,17,20,580.0,11600.0
2021101005001959,ULI,39,17,10,580.0,5800.0
2021101005001957,ULI,39,34,10,580.0,5800.0
2021101005002031,ULI,35,45,10,579.0,5790.0
2021101005002022,ULI,35,34,28,579.0,16212.0
2021101005002021,ULI,6,34,12,579.0,6948.0
2021101005002018,ULI,6,17,28,579.0,16212.0
2021101005001994,ULI,57,14,10,578.0,5780.0
2021101005001988,ULI,57,11,10,578.0,5780.0
2021101005002061,ULI,57,54,10,578.0,5780.0
2021101005002056,ULI,57,58,10,578.0,5780.0
2021101005002055,ULI,57,38,10,578.0,5780.0
2021101005002045,ULI,47,49,10,578.1,5781.0
2021101005002043,ULI,47,21,10,578.1,5781.0
2021101005002037,ULI,47,45,10,578.1,5781.0
2021101005002149,ULI,19,58,10,578.0,5780.0
2021101005002148,ULI,54,25,10,577.1,5771.0
2021101005002100,ULI,34,34,10,576.1,5761.0
2021101005002088,ULI,32,28,10,580.0,5800.0
2021101005002087,ULI,32,49,10,579.0,5790.0
2021101005002069,ULI,57,57,10,576.0,5760.0
2021101005002157,ULI,8,50,10,580.0,5800.0
2021101005002156,ULI,8,25,10,580.0,5800.0
2021101005002155,ULI,8,49,10,580.0,5800.0
2021101005002154,ULI,52,25,10,577.0,5770.0
2021101005002152,ULI,52,50,20,577.0,11540.0
2021101005002150,ULI,52,25,10,577.0,5770.0
2021101005002190,ULI,25,38,10,580.0,5800.0
2021101005002189,ULI,25,49,10,580.0,5800.0
2021101005002188,ULI,25,37,10,580.0,5800.0
2021101005002174,ULI,42,49,10,580.0,5800.0
2021101005002159,ULI,8,56,10,580.0,5800.0
2021101005002158,ULI,8,37,10,580.0,5800.0
2021101005001723,JBLB,57,22,10,4675.0,46750.0
2021101005001719,JBLB,42,58,10,4671.0,46710.0
2021101005001715,JBLB,19,56,10,4670.0,46700.0
2021101005001713,JBLB,34,58,10,4670.0,46700.0
2021101005001234,JBLB,17,58,50,4690.0,234500.0
2021101005001233,JBLB,17,4,10,4690.0,46900.0
2021101005001232,JBLB,26,14,10,4691.5,46915.0
2021101005001230,JBLB,38,56,10,4691.0,46910.0
2021101005001229,JBLB,17,47,10,4690.0,46900.0
2021101005001241,JBLB,13,4,10,4692.0,46920.0
2021101005001240,JBLB,52,26,10,4691.5,46915.0
2021101005001239,JBLB,4,4,30,4692.0,140760.0
2021101005001236,JBLB,1,4,10,4692.0,46920.0
2021101005001235,JBLB,1,8,10,4692.0,46920.0
2021101005001249,JBLB,56,14,20,4697.0,93940.0
2021101005001247,JBLB,41,41,10,4697.0,46970.0
2021101005001246,JBLB,57,35,10,4693.0,46930.0
2021101005001245,JBLB,3,20,100,4693.0,469300.0
2021101005001244,JBLB,13,56,10,4692.0,46920.0
2021101005001256,JBLB,49,20,18,4697.0,84546.0
2021101005001255,JBLB,38,41,20,4699.0,93980.0
2021101005001253,JBLB,57,41,50,4699.0,234950.0
2021101005001251,JBLB,41,41,10,4699.0,46990.0
2021101005001250,JBLB,42,41,10,4699.0,46990.0
2021101005001262,JBLB,3,43,20,4700.0,94000.0
2021101005001261,JBLB,19,59,20,4699.0,93980.0
2021101005001260,JBLB,19,43,20,4699.0,93980.0
2021101005001259,JBLB,19,19,20,4699.0,93980.0
2021101005001258,JBLB,19,41,10,4699.0,46990.0
2021101005001257,JBLB,13,20,22,4697.0,103334.0
2021101005001268,JBLB,19,59,10,4699.0,46990.0
2021101005001267,JBLB,19,57,10,4699.0,46990.0
2021101005001266,JBLB,39,56,30,4700.0,141000.0
2021101005001265,JBLB,19,55,10,4699.0,46990.0
2021101005001263,JBLB,3,56,40,4700.0,188000.0
2021101005001274,JBLB,1,35,20,4700.0,94000.0
2021101005001273,JBLB,1,49,10,4700.0,47000.0
2021101005001272,JBLB,1,56,30,4700.0,141000.0
2021101005001270,JBLB,58,47,10,4699.0,46990.0
2021101005001269,JBLB,22,47,20,4699.0,93980.0
2021101005001280,JBLB,1,49,30,4700.0,141000.0
2021101005001279,JBLB,1,48,10,4700.0,47000.0
2021101005001278,JBLB,1,42,10,4700.0,47000.0
2021101005001277,JBLB,1,18,10,4700.0,47000.0
2021101005001276,JBLB,1,37,10,4700.0,47000.0
2021101005001275,JBLB,1,58,10,4700.0,47000.0
2021101005001286,JBLB,1,39,15,4700.0,70500.0
2021101005001285,JBLB,1,45,10,4700.0,47000.0
2021101005001284,JBLB,1,44,10,4700.0,47000.0
2021101005001283,JBLB,1,45,20,4700.0,94000.0
2021101005001282,JBLB,1,28,10,4700.0,47000.0
2021101005001281,JBLB,1,58,10,4700.0,47000.0
2021101005001292,JBLB,47,4,10,4700.0,47000.0
2021101005001291,JBLB,47,40,10,4699.0,46990.0
2021101005001288,JBLB,1,44,5,4700.0,23500.0
2021101005001287,JBLB,1,45,10,4700.0,47000.0
2021101005001298,JBLB,42,13,10,4695.0,46950.0
2021101005001297,JBLB,39,13,10,4700.0,47000.0
2021101005001296,JBLB,13,45,10,4704.0,47040.0
2021101005001295,JBLB,13,40,20,4703.0,94060.0
2021101005001294,JBLB,39,44,10,4700.0,47000.0
2021101005001293,JBLB,47,14,10,4700.0,47000.0
2021101005001306,JBLB,51,38,10,4704.0,47040.0
2021101005001303,JBLB,51,19,10,4704.0,47040.0
2021101005001302,JBLB,51,45,20,4704.0,94080.0
2021101005001300,JBLB,11,53,10,4699.0,46990.0
2021101005001312,JBLB,52,26,10,4703.0,47030.0
2021101005001311,JBLB,52,52,20,4703.0,94060.0
2021101005001307,JBLB,51,34,10,4704.0,47040.0
2021101005001326,JBLB,25,35,10,4704.0,47040.0
2021101005001325,JBLB,25,49,10,4704.0,47040.0
2021101005001324,JBLB,52,58,10,4703.0,47030.0
2021101005001333,JBLB,45,7,10,4704.0,47040.0
2021101005001342,JBLB,21,58,10,4705.0,47050.0
2021101005001337,JBLB,45,29,10,4705.0,47050.0
2021101005001336,JBLB,45,39,10,4705.0,47050.0
2021101005001335,JBLB,45,58,10,4705.0,47050.0
2021101005001334,JBLB,52,7,10,4703.0,47030.0
2021101005001351,JBLB,48,29,18,4709.0,84762.0
2021101005001350,JBLB,13,26,20,4709.0,94180.0
2021101005001346,JBLB,52,59,10,4707.0,47070.0
2021101005001345,JBLB,3,59,20,4707.0,94140.0
2021101005001344,JBLB,3,52,10,4707.0,47070.0
2021101005001343,JBLB,3,47,10,4705.0,47050.0
2021101005001360,JBLB,28,1,20,4710.0,94200.0
2021101005001359,JBLB,28,45,80,4710.0,376800.0
2021101005001358,JBLB,28,29,17,4709.0,80053.0
2021101005001357,JBLB,55,29,25,4709.0,117725.0
2021101005001356,JBLB,52,1,10,4707.0,47070.0
2021101005001352,JBLB,59,29,40,4709.0,188360.0
2021101005001366,JBLB,28,7,10,4710.0,47100.0
2021101005001365,JBLB,28,3,20,4710.0,94200.0
2021101005001364,JBLB,28,39,10,4710.0,47100.0
2021101005001363,JBLB,28,28,40,4710.0,188400.0
2021101005001362,JBLB,28,34,10,4710.0,47100.0
2021101005001361,JBLB,28,49,10,4710.0,47100.0
2021101005001375,JBLB,34,45,10,4711.0,47110.0
2021101005001374,JBLB,34,47,50,4711.0,235550.0
2021101005001373,JBLB,34,39,10,4711.0,47110.0
2021101005001370,JBLB,28,53,10,4710.0,47100.0
2021101005001368,JBLB,28,25,10,4710.0,47100.0
2021101005001367,JBLB,28,6,10,4710.0,47100.0
2021101005001385,JBLB,5,35,10,4715.0,47150.0
2021101005001384,JBLB,5,28,10,4715.0,47150.0
2021101005001382,JBLB,13,47,20,4714.0,94280.0
2021101005001381,JBLB,13,41,20,4714.0,94280.0
2021101005001377,JBLB,34,18,10,4712.0,47120.0
2021101005001376,JBLB,34,47,10,4712.0,47120.0
2021101005001391,JBLB,5,53,10,4715.0,47150.0
2021101005001390,JBLB,5,38,10,4715.0,47150.0
2021101005001389,JBLB,5,42,20,4715.0,94300.0
2021101005001388,JBLB,5,58,10,4715.0,47150.0
2021101005001387,JBLB,5,48,10,4715.0,47150.0
2021101005001386,JBLB,5,3,20,4715.0,94300.0
2021101005001398,JBLB,38,35,10,4715.0,47150.0
2021101005001397,JBLB,38,29,20,4715.0,94300.0
2021101005001396,JBLB,38,42,30,4715.0,141450.0
2021101005001395,JBLB,4,42,10,4715.0,47150.0
2021101005001394,JBLB,4,17,10,4715.0,47150.0
2021101005001393,JBLB,53,58,10,4713.0,47130.0
2021101005001412,JBLB,3,34,20,4715.9,94318.0
2021101005001405,JBLB,58,43,40,4715.0,188600.0
2021101005001404,JBLB,38,43,60,4715.0,282900.0
2021101005001400,JBLB,42,58,10,4716.0,47160.0
2021101005001399,JBLB,38,35,30,4715.0,141450.0
2021101005001418,JBLB,38,47,20,4716.0,94320.0
2021101005001417,JBLB,38,58,40,4716.0,188640.0
2021101005001414,JBLB,25,58,10,4716.0,47160.0
2021101005001413,JBLB,3,58,40,4716.0,188640.0
2021101005001424,JBLB,25,57,10,4715.0,47150.0
2021101005001423,JBLB,41,26,18,4715.0,84870.0
2021101005001422,JBLB,11,26,10,4715.0,47150.0
2021101005001421,JBLB,58,26,10,4715.0,47150.0
2021101005001420,JBLB,58,10,50,4715.0,235750.0
2021101005001419,JBLB,38,8,40,4716.0,188640.0
2021101005001430,JBLB,49,21,10,4715.0,47150.0
2021101005001429,JBLB,57,21,10,4715.0,47150.0
2021101005001428,JBLB,32,33,10,4715.0,47150.0
2021101005001427,JBLB,32,6,10,4715.0,47150.0
2021101005001426,JBLB,35,56,10,4713.0,47130.0
2021101005001425,JBLB,25,6,40,4715.0,188600.0
2021101005001436,JBLB,7,21,10,4715.0,47150.0
2021101005001435,JBLB,38,21,10,4715.0,47150.0
2021101005001434,JBLB,34,7,10,4713.0,47130.0
2021101005001431,JBLB,35,7,30,4713.0,141390.0
2021101005001445,JBLB,54,17,10,4715.0,47150.0
2021101005001441,JBLB,29,17,10,4715.0,47150.0
2021101005001440,JBLB,29,46,30,4713.0,141390.0
2021101005001439,JBLB,1,43,10,4715.0,47150.0
2021101005001438,JBLB,17,21,60,4715.0,282900.0
2021101005001437,JBLB,32,58,10,4710.1,47101.0
2021101005001452,JBLB,59,43,40,4715.0,188600.0
2021101005001450,JBLB,17,8,10,4716.0,47160.0
2021101005001449,JBLB,29,47,10,4715.0,47150.0
2021101005001448,JBLB,10,47,10,4715.0,47150.0
2021101005001446,JBLB,10,49,10,4715.0,47150.0
2021101005001458,JBLB,29,39,20,4716.0,94320.0
2021101005001457,JBLB,29,8,50,4716.0,235800.0
2021101005001456,JBLB,29,43,30,4715.0,141450.0
2021101005001455,JBLB,17,43,10,4715.0,47150.0
2021101005001454,JBLB,58,43,10,4715.0,47150.0
2021101005001453,JBLB,59,43,10,4715.0,47150.0
2021101005001464,JBLB,52,57,10,4716.0,47160.0
2021101005001463,JBLB,52,45,10,4716.0,47160.0
2021101005001462,JBLB,52,38,20,4716.0,94320.0
2021101005001461,JBLB,52,48,10,4716.0,47160.0
2021101005001460,JBLB,52,52,10,4716.0,47160.0
2021101005001459,JBLB,41,38,10,4711.0,47110.0
2021101005001470,JBLB,21,42,20,4715.0,94300.0
2021101005001469,JBLB,47,8,20,4716.0,94320.0
2021101005001468,JBLB,52,49,10,4716.0,47160.0
2021101005001467,JBLB,52,42,10,4716.0,47160.0
2021101005001466,JBLB,52,57,10,4716.0,47160.0
2021101005001465,JBLB,52,49,10,4716.0,47160.0
2021101005001478,JBLB,41,56,20,4712.0,94240.0
2021101005001476,JBLB,14,58,10,4712.0,47120.0
2021101005001475,JBLB,45,35,10,4715.9,47159.0
2021101005001474,JBLB,41,40,20,4711.0,94220.0
2021101005001472,JBLB,28,8,50,4716.0,235800.0
2021101005001471,JBLB,21,8,30,4716.0,141480.0
2021101005001484,JBLB,29,58,10,4715.0,47150.0
2021101005001483,JBLB,6,17,10,4716.0,47160.0
2021101005001482,JBLB,6,35,10,4716.0,47160.0
2021101005001481,JBLB,6,20,10,4716.0,47160.0
2021101005001480,JBLB,6,45,10,4715.0,47150.0
2021101005001479,JBLB,45,56,10,4712.0,47120.0
2021101005001490,JBLB,17,49,10,4712.0,47120.0
2021101005001489,JBLB,34,40,10,4715.0,47150.0
2021101005001488,JBLB,47,20,20,4715.0,94300.0
2021101005001485,JBLB,29,20,30,4715.0,141450.0
2021101005001496,JBLB,29,40,10,4716.0,47160.0
2021101005001495,JBLB,29,41,10,4716.0,47160.0
2021101005001494,JBLB,29,41,10,4716.0,47160.0
2021101005001493,JBLB,29,43,60,4716.0,282960.0
2021101005001492,JBLB,29,56,20,4715.0,94300.0
2021101005001491,JBLB,29,40,10,4715.0,47150.0
2021101005001501,JBLB,45,36,10,4716.0,47160.0
2021101005001500,JBLB,45,59,10,4712.0,47120.0
2021101005001499,JBLB,32,38,10,4710.1,47101.0
2021101005001497,JBLB,29,36,30,4716.0,141480.0
2021101005001510,JBLB,19,53,10,4715.0,47150.0
2021101005001509,JBLB,47,40,10,4715.0,47150.0
2021101005001513,JBLB,19,56,10,4716.0,47160.0
2021101005001512,JBLB,19,36,60,4716.0,282960.0
2021101005001511,JBLB,19,32,20,4715.9,94318.0
2021101005001526,JBLB,26,26,10,4710.3,47103.0
2021101005001522,JBLB,6,14,20,4716.0,94320.0
2021101005001521,JBLB,6,34,10,4716.0,47160.0
2021101005001520,JBLB,6,59,10,4715.0,47150.0
2021101005001519,JBLB,6,10,10,4715.0,47150.0
2021101005001518,JBLB,13,5,10,4715.0,47150.0
2021101005001532,JBLB,33,36,10,4715.0,47150.0
2021101005001531,JBLB,8,19,10,4715.0,47150.0
2021101005001530,JBLB,45,47,50,4710.5,235525.0
2021101005001529,JBLB,32,19,10,4715.0,47150.0
2021101005001528,JBLB,16,58,10,4710.2,47102.0
2021101005001527,JBLB,58,51,10,4715.0,47150.0
2021101005001538,JBLB,19,58,5,4715.0,23575.0
2021101005001537,JBLB,19,28,10,4715.0,47150.0
2021101005001536,JBLB,19,7,15,4710.5,70657.5
2021101005001535,JBLB,54,26,10,4710.0,47100.0
2021101005001534,JBLB,22,26,10,4710.3,47103.0
2021101005001533,JBLB,33,54,10,4715.0,47150.0
2021101005001545,JBLB,44,3,20,4700.0,94000.0
2021101005001544,JBLB,42,38,10,4695.0,46950.0
2021101005001542,JBLB,49,41,10,4700.0,47000.0
2021101005001541,JBLB,49,41,10,4700.0,47000.0
2021101005001540,JBLB,47,41,30,4700.0,141000.0
2021101005001552,JBLB,18,34,10,4695.0,46950.0
2021101005001551,JBLB,17,47,10,4690.0,46900.0
2021101005001550,JBLB,42,47,40,4695.0,187800.0
2021101005001546,JBLB,16,58,20,4699.0,93980.0
2021101005001559,JBLB,35,36,10,4699.0,46990.0
2021101005001557,JBLB,38,49,10,4690.0,46900.0
2021101005001556,JBLB,19,58,80,4699.0,375920.0
2021101005001555,JBLB,19,36,10,4695.0,46950.0
2021101005001554,JBLB,19,21,10,4695.0,46950.0
2021101005001553,JBLB,18,21,30,4695.0,140850.0
2021101005001569,JBLB,16,17,10,4700.0,47000.0
2021101005001568,JBLB,16,51,10,4699.0,46990.0
2021101005001567,JBLB,16,16,10,4690.0,46900.0
2021101005001562,JBLB,50,34,10,4690.0,46900.0
2021101005001560,JBLB,35,51,10,4699.0,46990.0
2021101005001573,JBLB,40,34,10,4680.0,46800.0
2021101005001572,JBLB,3,7,10,4700.0,47000.0
2021101005001571,JBLB,3,58,10,4700.0,47000.0
2021101005001595,JBLB,16,58,40,4680.0,187200.0
2021101005001591,JBLB,16,20,10,4680.0,46800.0
2021101005001589,JBLB,49,58,10,4681.0,46810.0
2021101005001584,JBLB,26,6,10,4680.1,46801.0
2021101005001583,JBLB,26,5,10,4680.1,46801.0
2021101005001602,JBLB,55,7,10,4650.0,46500.0
2021101005001601,JBLB,13,7,100,4651.0,465100.0
2021101005001600,JBLB,43,46,10,4675.0,46750.0
2021101005001599,JBLB,6,46,10,4675.0,46750.0
2021101005001608,JBLB,41,7,23,4650.0,106950.0
2021101005001607,JBLB,35,7,10,4650.0,46500.0
2021101005001606,JBLB,39,7,10,4650.0,46500.0
2021101005001605,JBLB,58,7,37,4650.0,172050.0
2021101005001604,JBLB,58,7,10,4650.0,46500.0
2021101005001603,JBLB,26,7,50,4650.0,232500.0
2021101005001614,JBLB,32,58,30,4680.0,140400.0
2021101005001613,JBLB,32,58,10,4675.0,46750.0
2021101005001612,JBLB,32,38,10,4670.0,46700.0
2021101005001610,JBLB,6,20,10,4675.0,46750.0
2021101005001609,JBLB,6,46,10,4651.0,46510.0
2021101005001621,JBLB,29,58,83,4630.0,384290.0
2021101005001620,JBLB,6,58,10,4631.0,46310.0
2021101005001619,JBLB,44,58,10,4638.0,46380.0
2021101005001618,JBLB,58,58,10,4640.0,46400.0
2021101005001617,JBLB,44,58,10,4640.0,46400.0
2021101005001616,JBLB,41,58,27,4650.0,125550.0
2021101005001626,JBLB,18,16,10,4651.0,46510.0
2021101005001624,JBLB,43,58,30,4680.0,140400.0
2021101005001623,JBLB,45,22,10,4675.0,46750.0
2021101005001637,JBLB,47,56,10,4651.0,46510.0
2021101005001636,JBLB,47,6,20,4651.0,93020.0
2021101005001635,JBLB,47,5,10,4651.0,46510.0
2021101005001634,JBLB,45,21,10,4650.0,46500.0
2021101005001643,JBLB,45,58,40,4650.0,186000.0
2021101005001642,JBLB,16,58,10,4651.0,46510.0
2021101005001641,JBLB,52,58,10,4651.0,46510.0
2021101005001640,JBLB,6,56,10,4675.0,46750.0
2021101005001649,JBLB,58,58,20,4630.0,92600.0
2021101005001648,JBLB,29,58,17,4630.0,78710.0
2021101005001647,JBLB,5,58,50,4636.0,231800.0
2021101005001646,JBLB,45,58,10,4638.0,46380.0
2021101005001645,JBLB,46,58,10,4640.0,46400.0
2021101005001644,JBLB,56,58,10,4650.0,46500.0
2021101005001655,JBLB,46,58,21,4630.0,97230.0
2021101005001654,JBLB,46,58,21,4630.0,97230.0
2021101005001653,JBLB,46,58,21,4630.0,97230.0
2021101005001652,JBLB,46,58,21,4630.0,97230.0
2021101005001651,JBLB,46,58,21,4630.0,97230.0
2021101005001650,JBLB,48,58,60,4630.0,277800.0
2021101005001661,JBLB,18,36,10,4630.0,46300.0
2021101005001660,JBLB,50,36,20,4630.0,92600.0
2021101005001659,JBLB,8,36,10,4630.0,46300.0
2021101005001658,JBLB,41,21,10,4649.0,46490.0
2021101005001656,JBLB,10,58,20,4630.0,92600.0
2021101005001671,JBLB,41,4,10,4660.0,46600.0
2021101005001668,JBLB,59,49,10,4630.0,46300.0
2021101005001665,JBLB,59,17,10,4630.0,46300.0
2021101005001662,JBLB,21,36,10,4630.0,46300.0
2021101005001677,JBLB,59,58,20,4630.0,92600.0
2021101005001676,JBLB,16,58,30,4631.0,138930.0
2021101005001675,JBLB,48,58,10,4631.0,46310.0
2021101005001674,JBLB,52,58,30,4632.0,138960.0
2021101005001673,JBLB,35,58,10,4635.0,46350.0
2021101005001672,JBLB,34,58,15,4675.0,70125.0
2021101005001684,JBLB,3,39,10,4670.0,46700.0
2021101005001683,JBLB,3,17,10,4670.0,46700.0
2021101005001682,JBLB,43,58,10,4635.0,46350.0
2021101005001681,JBLB,45,57,10,4650.0,46500.0
2021101005001691,JBLB,57,34,10,4675.0,46750.0
2021101005001688,JBLB,3,4,10,4675.0,46750.0
2021101005001687,JBLB,3,58,35,4675.0,163625.0
2021101005001686,JBLB,3,36,20,4674.0,93480.0
2021101005001685,JBLB,3,41,10,4670.0,46700.0
2021101005001708,JBLB,49,58,25,4670.0,116750.0
2021101005001707,JBLB,3,58,15,4670.0,70050.0
2021101005001706,JBLB,59,58,45,4675.0,210375.0
2021101005001705,JBLB,59,34,15,4675.0,70125.0
2021101005001695,JBLB,49,34,25,4675.0,116875.0
2021101005001718,MKLB,28,57,50,2005.0,100250.0
2021101005001717,MKLB,28,45,130,2002.0,260260.0
2021101005001716,MKLB,28,19,10,2002.0,20020.0
2021101005001712,MKLB,28,45,10,2000.0,20000.0
2021101005001710,MKLB,28,57,10,2000.0,20000.0
2021101005001704,MKLB,28,49,10,2000.0,20000.0
2021101005001248,MKLB,7,52,380,1985.0,754300.0
2021101005001225,MKLB,7,52,90,1985.0,178650.0
2021101005001354,MKLB,33,14,10,1990.0,19900.0
2021101005001338,MKLB,48,8,10,1999.0,19990.0
2021101005001310,MKLB,33,45,10,1990.0,19900.0
2021101005001308,MKLB,33,38,10,1990.0,19900.0
2021101005001305,MKLB,33,21,50,1990.0,99500.0
2021101005001301,MKLB,7,41,10,1985.0,19850.0
2021101005001563,MKLB,13,32,15,1986.0,29790.0
2021101005001558,MKLB,57,35,10,1990.0,19900.0
2021101005001477,MKLB,35,34,10,1995.0,19950.0
2021101005001447,MKLB,7,34,10,1985.0,19850.0
2021101005001443,MKLB,7,49,10,1985.0,19850.0
2021101005001403,MKLB,58,32,10,1990.0,19900.0
2021101005001592,MKLB,7,22,10,1985.0,19850.0
2021101005001577,MKLB,7,49,10,1985.0,19850.0
2021101005001574,MKLB,7,49,10,1985.0,19850.0
2021101005001566,MKLB,7,32,167,1985.0,331495.0
2021101005001565,MKLB,55,32,50,1985.1,99255.0
2021101005001564,MKLB,38,32,148,1986.0,293928.0
2021101005001697,MKLB,28,34,20,1998.0,39960.0
2021101005001694,MKLB,28,45,10,1995.0,19950.0
2021101005001693,MKLB,28,42,100,1994.9,199490.0
2021101005001692,MKLB,28,22,10,1994.5,19945.0
2021101005001689,MKLB,58,34,10,1993.0,19930.0
2021101005001631,MKLB,3,47,10,1986.0,19860.0
2021101005001703,MKLB,28,8,10,2000.0,20000.0
2021101005001702,MKLB,28,33,10,2000.0,20000.0
2021101005001701,MKLB,28,34,10,2000.0,20000.0
2021101005001700,MKLB,28,49,10,2000.0,20000.0
2021101005001699,MKLB,28,8,90,1999.0,179910.0
2021101005001698,MKLB,28,21,10,1998.0,19980.0
2021101005001724,SLI,22,35,10,520.0,5200.0
2021101005001720,SLI,54,17,10,522.0,5220.0
2021101005001228,SLI,44,35,10,523.0,5230.0
2021101005001227,SLI,38,43,80,525.0,42000.0
2021101005001226,SLI,38,21,10,524.0,5240.0
2021101005001231,SLI,44,58,10,523.0,5230.0
2021101005001237,SLI,44,46,10,523.0,5230.0
2021101005001243,SLI,41,46,10,524.0,5240.0
2021101005001252,SLI,41,26,10,524.0,5240.0
2021101005001264,SLI,41,47,50,524.0,26200.0
2021101005001271,SLI,41,45,10,524.0,5240.0
2021101005001290,SLI,8,4,16,525.0,8400.0
2021101005001289,SLI,8,43,84,525.0,44100.0
2021101005001304,SLI,41,59,10,524.0,5240.0
2021101005001299,SLI,35,4,100,525.0,52500.0
2021101005001315,SLI,34,17,30,523.0,15690.0
2021101005001314,SLI,44,17,30,523.0,15690.0
2021101005001313,SLI,41,17,10,524.0,5240.0
2021101005001321,SLI,21,17,30,520.0,15600.0
2021101005001320,SLI,4,17,15,520.0,7800.0
2021101005001319,SLI,21,17,15,521.0,7815.0
2021101005001318,SLI,17,17,50,521.0,26050.0
2021101005001317,SLI,35,17,50,521.0,26050.0
2021101005001316,SLI,57,17,100,521.0,52100.0
2021101005001327,SLI,53,17,30,520.0,15600.0
2021101005001323,SLI,53,17,20,520.0,10400.0
2021101005001322,SLI,42,17,50,520.0,26000.0
2021101005001332,SLI,38,17,390,519.1,202449.0
2021101005001331,SLI,45,17,30,520.0,15600.0
2021101005001330,SLI,58,17,10,520.0,5200.0
2021101005001329,SLI,39,17,20,520.0,10400.0
2021101005001328,SLI,41,17,20,520.0,10400.0
2021101005001339,SLI,58,4,77,525.0,40425.0
2021101005001401,SLI,41,58,10,519.0,5190.0
2021101005001416,SLI,41,57,10,519.0,5190.0
2021101005001415,SLI,41,49,10,519.0,5190.0
2021101005001433,SLI,39,4,100,525.0,52500.0
2021101005001432,SLI,41,38,10,519.0,5190.0
2021101005001451,SLI,49,4,30,525.0,15750.0
2021101005001487,SLI,34,49,10,524.0,5240.0
2021101005001486,SLI,49,43,10,519.0,5190.0
2021101005001503,SLI,11,51,10,520.0,5200.0
2021101005001502,SLI,13,38,10,519.0,5190.0
2021101005001508,SLI,52,43,20,519.0,10380.0
2021101005001507,SLI,13,43,480,519.0,249120.0
2021101005001505,SLI,13,28,10,519.0,5190.0
2021101005001504,SLI,11,43,10,520.0,5200.0
2021101005001516,SLI,39,4,50,525.0,26250.0
2021101005001515,SLI,39,43,40,524.0,20960.0
2021101005001514,SLI,39,35,10,524.0,5240.0
2021101005001539,SLI,41,35,10,520.0,5200.0
2021101005001548,SLI,41,4,40,525.0,21000.0
2021101005001547,SLI,41,52,10,520.0,5200.0
2021101005001570,SLI,14,34,10,520.5,5205.0
2021101005001580,SLI,14,58,10,520.5,5205.0
2021101005001578,SLI,14,34,10,520.5,5205.0
2021101005001575,SLI,14,34,10,520.5,5205.0
2021101005001587,SLI,34,6,10,520.0,5200.0
2021101005001597,SLI,34,21,10,520.0,5200.0
2021101005001596,SLI,34,34,10,520.0,5200.0
2021101005001615,SLI,34,44,10,520.0,5200.0
2021101005001629,SLI,34,58,10,520.0,5200.0
2021101005001627,SLI,34,58,10,520.0,5200.0
2021101005001622,SLI,34,58,10,520.0,5200.0
2021101005001633,SLI,34,59,10,520.0,5200.0
2021101005001630,SLI,34,1,10,520.0,5200.0
2021101005001639,SLI,58,45,10,525.0,5250.0
2021101005001638,SLI,58,4,87,525.0,45675.0
2021101005001657,SLI,34,58,10,520.0,5200.0
2021101005001669,SLI,44,49,10,520.0,5200.0
2021101005001666,SLI,44,36,10,520.0,5200.0
2021101005001679,SLI,44,45,10,520.0,5200.0
2021101005001678,SLI,44,58,10,520.0,5200.0
2021101005001690,SLI,44,58,10,520.0,5200.0
2021101005001709,SLI,22,58,10,520.0,5200.0
2021101005001722,ULI,6,47,10,584.0,5840.0
2021101005001721,ULI,6,58,10,584.0,5840.0
2021101005001714,ULI,41,49,10,583.0,5830.0
2021101005001711,ULI,41,17,10,583.0,5830.0
2021101005001696,ULI,41,56,10,583.0,5830.0
2021101005001680,ULI,58,34,10,583.1,5831.0
2021101005001254,ULI,49,59,10,585.5,5855.0
2021101005001242,ULI,53,4,14,585.1,8191.4
2021101005001238,ULI,43,4,10,587.0,5870.0
2021101005001349,ULI,42,52,30,590.0,17700.0
2021101005001348,ULI,42,58,10,590.0,5900.0
2021101005001347,ULI,42,44,10,590.0,5900.0
2021101005001341,ULI,32,43,10,588.0,5880.0
2021101005001340,ULI,32,38,10,588.0,5880.0
2021101005001309,ULI,49,36,10,585.5,5855.0
2021101005001378,ULI,49,56,10,585.5,5855.0
2021101005001372,ULI,46,56,10,586.0,5860.0
2021101005001371,ULI,46,40,10,586.0,5860.0
2021101005001369,ULI,46,56,10,586.0,5860.0
2021101005001355,ULI,46,56,10,586.0,5860.0
2021101005001353,ULI,46,56,10,586.0,5860.0
2021101005001406,ULI,28,17,50,585.0,29250.0
2021101005001402,ULI,28,40,10,585.0,5850.0
2021101005001392,ULI,53,40,10,585.1,5851.0
2021101005001383,ULI,53,58,10,585.1,5851.0
2021101005001380,ULI,49,40,10,585.5,5855.0
2021101005001379,ULI,49,21,10,585.5,5855.0
2021101005001442,ULI,13,51,10,585.0,5850.0
2021101005001411,ULI,22,17,10,584.0,5840.0
2021101005001410,ULI,13,17,100,585.0,58500.0
2021101005001409,ULI,33,17,90,585.0,52650.0
2021101005001408,ULI,51,17,50,585.0,29250.0
2021101005001407,ULI,57,17,100,585.0,58500.0
2021101005001523,ULI,10,17,190,587.1,111549.0
2021101005001517,ULI,10,42,10,587.1,5871.0
2021101005001506,ULI,58,43,10,587.0,5870.0
2021101005001498,ULI,57,52,10,586.0,5860.0
2021101005001473,ULI,13,58,10,585.0,5850.0
2021101005001444,ULI,13,28,10,585.0,5850.0
2021101005001576,ULI,44,49,10,586.0,5860.0
2021101005001561,ULI,22,35,10,584.0,5840.0
2021101005001549,ULI,22,48,10,584.0,5840.0
2021101005001543,ULI,49,35,10,585.0,5850.0
2021101005001525,ULI,13,17,220,585.0,128700.0
2021101005001524,ULI,58,17,90,587.0,52830.0
2021101005001588,ULI,4,55,20,585.0,11700.0
2021101005001586,ULI,45,34,10,584.0,5840.0
2021101005001585,ULI,22,35,10,584.0,5840.0
2021101005001582,ULI,22,46,10,584.0,5840.0
2021101005001581,ULI,44,55,30,586.0,17580.0
2021101005001579,ULI,44,34,10,586.0,5860.0
2021101005001625,ULI,58,32,10,583.1,5831.0
2021101005001611,ULI,44,58,10,585.0,5850.0
2021101005001598,ULI,44,58,10,585.0,5850.0
2021101005001594,ULI,34,20,10,584.0,5840.0
2021101005001593,ULI,4,46,10,585.0,5850.0
2021101005001590,ULI,4,58,10,585.0,5850.0
2021101005001670,ULI,47,50,10,583.2,5832.0
2021101005001667,ULI,47,58,10,583.2,5832.0
2021101005001664,ULI,47,36,10,583.2,5832.0
2021101005001663,ULI,47,29,10,583.2,5832.0
2021101005001632,ULI,47,59,10,583.2,5832.0
2021101005001628,ULI,58,19,10,583.1,5831.0
2021101005001224,JBLB,17,26,10,4690.0,46900.0
2021101005001223,JBLB,28,8,90,4692.0,422280.0
2021101005001222,JBLB,28,49,10,4690.0,46900.0
2021101005001220,JBLB,26,7,10,4679.0,46790.0
2021101005000727,JBLB,58,41,40,4640.0,185600.0
2021101005000733,JBLB,47,46,10,4640.0,46400.0
2021101005000732,JBLB,47,34,40,4640.0,185600.0
2021101005000728,JBLB,58,34,60,4640.0,278400.0
2021101005000742,JBLB,57,58,12,4640.0,55680.0
2021101005000739,JBLB,57,38,20,4640.0,92800.0
2021101005000734,JBLB,43,49,10,4633.0,46330.0
2021101005000749,JBLB,6,58,10,4640.0,46400.0
2021101005000748,JBLB,36,26,20,4640.0,92800.0
2021101005000744,JBLB,45,58,38,4640.0,176320.0
2021101005000743,JBLB,58,58,100,4640.0,464000.0
2021101005000756,JBLB,47,58,10,4640.0,46400.0
2021101005000755,JBLB,45,58,50,4631.0,231550.0
2021101005000754,JBLB,58,58,10,4631.0,46310.0
2021101005000753,JBLB,3,58,30,4633.0,138990.0
2021101005000752,JBLB,8,58,10,4639.0,46390.0
2021101005000764,JBLB,4,41,10,4630.0,46300.0
2021101005000761,JBLB,32,58,20,4640.0,92800.0
2021101005000760,JBLB,56,42,30,4630.0,138900.0
2021101005000759,JBLB,29,42,10,4630.0,46300.0
2021101005000772,JBLB,29,36,40,4630.0,185200.0
2021101005000771,JBLB,29,35,10,4630.0,46300.0
2021101005000768,JBLB,8,7,10,4620.0,46200.0
2021101005000765,JBLB,4,26,10,4639.0,46390.0
2021101005000776,JBLB,33,38,10,4630.0,46300.0
2021101005000775,JBLB,33,58,10,4630.0,46300.0
2021101005000791,JBLB,28,45,10,4630.0,46300.0
2021101005000789,JBLB,58,58,10,4637.0,46370.0
2021101005000787,JBLB,36,3,10,4630.0,46300.0
2021101005000793,JBLB,32,14,10,4622.0,46220.0
2021101005000792,JBLB,28,41,10,4630.0,46300.0
2021101005000805,JBLB,38,4,10,4635.0,46350.0
2021101005000804,JBLB,38,38,20,4635.0,92700.0
2021101005000803,JBLB,37,54,90,4630.0,416700.0
2021101005000799,JBLB,37,41,10,4630.0,46300.0
2021101005000808,JBLB,29,6,70,4631.0,324170.0
2021101005000807,JBLB,29,34,30,4631.0,138930.0
2021101005000806,JBLB,38,34,20,4635.0,92700.0
2021101005000826,JBLB,45,6,20,4631.0,92620.0
2021101005000825,JBLB,58,53,20,4630.0,92600.0
2021101005000824,JBLB,58,7,20,4630.0,92600.0
2021101005000823,JBLB,49,6,60,4631.0,277860.0
2021101005000821,JBLB,58,41,10,4630.0,46300.0
2021101005000832,JBLB,58,35,10,4630.0,46300.0
2021101005000831,JBLB,58,52,10,4630.0,46300.0
2021101005000829,JBLB,58,39,10,4630.0,46300.0
2021101005000828,JBLB,58,58,10,4630.0,46300.0
2021101005000827,JBLB,58,57,10,4630.0,46300.0
2021101005000837,JBLB,4,32,10,4629.0,46290.0
2021101005000836,JBLB,41,32,10,4629.0,46290.0
2021101005000835,JBLB,41,58,10,4625.0,46250.0
2021101005000833,JBLB,48,32,10,4629.0,46290.0
2021101005000853,JBLB,58,34,20,4625.0,92500.0
2021101005000848,JBLB,16,47,10,4625.0,46250.0
2021101005000842,JBLB,41,32,20,4629.0,92580.0
2021101005000859,JBLB,8,3,30,4620.0,138600.0
2021101005000858,JBLB,52,3,20,4620.1,92402.0
2021101005000857,JBLB,38,3,10,4621.0,46210.0
2021101005000856,JBLB,19,3,20,4622.0,92440.0
2021101005000855,JBLB,34,4,10,4625.0,46250.0
2021101005000865,JBLB,34,7,10,4620.0,46200.0
2021101005000863,JBLB,34,26,15,4620.0,69300.0
2021101005000862,JBLB,35,52,10,4622.0,46220.0
2021101005000861,JBLB,36,3,20,4620.0,92400.0
2021101005000860,JBLB,19,3,10,4620.0,46200.0
2021101005000871,JBLB,14,41,50,4630.0,231500.0
2021101005000870,JBLB,14,35,10,4630.0,46300.0
2021101005000869,JBLB,14,26,20,4630.0,92600.0
2021101005000868,JBLB,14,34,10,4630.0,46300.0
2021101005000867,JBLB,14,35,10,4630.0,46300.0
2021101005000880,JBLB,35,40,10,4615.0,46150.0
2021101005000879,JBLB,41,20,10,4622.0,46220.0
2021101005000878,JBLB,26,46,10,4615.0,46150.0
2021101005000875,JBLB,8,38,10,4622.0,46220.0
2021101005000873,JBLB,45,20,10,4622.0,46220.0
2021101005000885,JBLB,49,33,10,4615.0,46150.0
2021101005000884,JBLB,21,33,10,4622.0,46220.0
2021101005000883,JBLB,21,56,10,4621.0,46210.0
2021101005000881,JBLB,47,40,10,4615.0,46150.0
2021101005000893,JBLB,51,3,20,4615.0,92300.0
2021101005000892,JBLB,49,3,10,4615.0,46150.0
2021101005000891,JBLB,16,3,30,4618.0,138540.0
2021101005000890,JBLB,57,3,10,4620.1,46201.0
2021101005000889,JBLB,21,3,10,4626.1,46261.0
2021101005000897,JBLB,58,3,40,4610.0,184400.0
2021101005000896,JBLB,22,3,10,4610.3,46103.0
2021101005000895,JBLB,59,58,30,4625.0,138750.0
2021101005000894,JBLB,22,3,20,4610.3,92206.0
2021101005000904,JBLB,54,19,10,4605.0,46050.0
2021101005000903,JBLB,48,19,70,4605.0,322350.0
2021101005000902,JBLB,48,19,90,4605.0,414450.0
2021101005000901,JBLB,58,19,10,4610.0,46100.0
2021101005000912,JBLB,19,58,20,4624.0,92480.0
2021101005000911,JBLB,19,58,10,4620.0,46200.0
2021101005000910,JBLB,21,21,30,4610.0,138300.0
2021101005000909,JBLB,21,45,10,4610.0,46100.0
2021101005000907,JBLB,21,19,10,4605.0,46050.0
2021101005000906,JBLB,34,19,40,4605.0,184200.0
2021101005000914,JBLB,19,56,50,4625.0,231250.0
2021101005000913,JBLB,19,36,50,4625.0,231250.0
2021101005000929,JBLB,19,41,20,4630.0,92600.0
2021101005000928,JBLB,45,57,30,4625.0,138750.0
2021101005000927,JBLB,41,57,10,4628.5,46285.0
2021101005000926,JBLB,21,32,10,4625.0,46250.0
2021101005000925,JBLB,3,58,10,4628.5,46285.0
2021101005000924,JBLB,21,21,10,4625.0,46250.0
2021101005000934,JBLB,20,22,10,4627.0,46270.0
2021101005000932,JBLB,49,22,10,4628.0,46280.0
2021101005000931,JBLB,57,35,10,4628.0,46280.0
2021101005000950,JBLB,19,26,30,4629.0,138870.0
2021101005000949,JBLB,33,1,10,4625.0,46250.0
2021101005000948,JBLB,45,49,70,4625.0,323750.0
2021101005000947,JBLB,34,26,80,4629.0,370320.0
2021101005000946,JBLB,34,21,10,4628.5,46285.0
2021101005000945,JBLB,34,21,10,4627.0,46270.0
2021101005000958,JBLB,56,6,10,4630.0,46300.0
2021101005000955,JBLB,19,6,80,4630.0,370400.0
2021101005000954,JBLB,19,49,10,4630.0,46300.0
2021101005000952,JBLB,26,25,20,4630.0,92600.0
2021101005000951,JBLB,26,41,30,4630.0,138900.0
2021101005000965,JBLB,45,52,50,4626.0,231300.0
2021101005000964,JBLB,3,52,10,4627.0,46270.0
2021101005000963,JBLB,50,52,20,4628.0,92560.0
2021101005000962,JBLB,33,52,10,4628.5,46285.0
2021101005000960,JBLB,21,52,10,4629.0,46290.0
2021101005000973,JBLB,33,57,30,4629.0,138870.0
2021101005000972,JBLB,33,21,10,4629.0,46290.0
2021101005000971,JBLB,33,43,20,4628.5,92570.0
2021101005000970,JBLB,33,44,50,4625.0,231250.0
2021101005000967,JBLB,45,44,50,4626.0,231300.0
2021101005000981,JBLB,33,41,40,4629.0,185160.0
2021101005000980,JBLB,33,21,20,4629.0,92580.0
2021101005000979,JBLB,33,35,10,4629.0,46290.0
2021101005000976,JBLB,33,44,10,4629.0,46290.0
2021101005000974,JBLB,33,50,20,4629.0,92580.0
2021101005000987,JBLB,33,25,10,4629.0,46290.0
2021101005000986,JBLB,1,49,10,4630.0,46300.0
2021101005000985,JBLB,1,51,10,4630.0,46300.0
2021101005000984,JBLB,33,42,20,4629.0,92580.0
2021101005000983,JBLB,29,6,10,4630.0,46300.0
2021101005000995,JBLB,38,26,10,4631.0,46310.0
2021101005000994,JBLB,38,34,10,4631.0,46310.0
2021101005000993,JBLB,58,32,10,4630.0,46300.0
2021101005000991,JBLB,41,50,10,4631.0,46310.0
2021101005000990,JBLB,57,35,10,4630.0,46300.0
2021101005001006,JBLB,58,6,10,4630.0,46300.0
2021101005001002,JBLB,58,16,10,4630.0,46300.0
2021101005001001,JBLB,58,47,10,4630.0,46300.0
2021101005000997,JBLB,58,34,10,4630.0,46300.0
2021101005001013,JBLB,45,19,20,4630.0,92600.0
2021101005001012,JBLB,25,42,10,4630.0,46300.0
2021101005001011,JBLB,29,6,25,4635.0,115875.0
2021101005001010,JBLB,49,6,10,4635.0,46350.0
2021101005001008,JBLB,25,6,10,4630.0,46300.0
2021101005001007,JBLB,44,47,10,4630.0,46300.0
2021101005001020,JBLB,36,6,70,4635.0,324450.0
2021101005001019,JBLB,36,54,30,4630.0,138900.0
2021101005001017,JBLB,33,19,20,4629.0,92580.0
2021101005001016,JBLB,48,19,20,4630.0,92600.0
2021101005001015,JBLB,56,19,20,4630.0,92600.0
2021101005001014,JBLB,29,19,10,4630.0,46300.0
2021101005001030,JBLB,56,6,30,4634.0,139020.0
2021101005001028,JBLB,41,6,10,4634.0,46340.0
2021101005001025,JBLB,6,58,10,4631.0,46310.0
2021101005001024,JBLB,59,6,10,4634.0,46340.0
2021101005001039,JBLB,51,6,10,4635.0,46350.0
2021101005001036,JBLB,47,43,50,4634.0,231700.0
2021101005001032,JBLB,6,58,10,4631.0,46310.0
2021101005001047,JBLB,45,42,20,4632.0,92640.0
2021101005001045,JBLB,32,6,90,4635.0,417150.0
2021101005001044,JBLB,32,47,10,4634.0,46340.0
2021101005001053,JBLB,45,39,10,4632.0,46320.0
2021101005001052,JBLB,45,41,10,4632.0,46320.0
2021101005001051,JBLB,45,26,10,4632.0,46320.0
2021101005001050,JBLB,56,6,20,4635.0,92700.0
2021101005001060,JBLB,34,10,10,4632.0,46320.0
2021101005001057,JBLB,10,10,10,4632.0,46320.0
2021101005001055,JBLB,45,6,10,4635.0,46350.0
2021101005001054,JBLB,45,3,10,4632.0,46320.0
2021101005001067,JBLB,58,17,10,4631.2,46312.0
2021101005001066,JBLB,35,17,10,4632.0,46320.0
2021101005001064,JBLB,45,6,5,4635.0,23175.0
2021101005001063,JBLB,45,58,10,4635.0,46350.0
2021101005001062,JBLB,45,7,10,4635.0,46350.0
2021101005001061,JBLB,56,41,10,4632.0,46320.0
2021101005001079,JBLB,42,57,10,4632.0,46320.0
2021101005001076,JBLB,34,28,10,4635.0,46350.0
2021101005001069,JBLB,6,17,10,4631.0,46310.0
2021101005001068,JBLB,13,17,20,4631.1,92622.0
2021101005001085,JBLB,34,8,10,4638.0,46380.0
2021101005001083,JBLB,26,8,10,4638.0,46380.0
2021101005001080,JBLB,51,8,40,4638.0,185520.0
2021101005001093,JBLB,26,8,20,4638.0,92760.0
2021101005001092,JBLB,56,26,20,4635.0,92700.0
2021101005001090,JBLB,56,58,20,4635.0,92700.0
2021101005001088,JBLB,6,8,20,4638.0,92760.0
2021101005001099,JBLB,38,58,38,4640.0,176320.0
2021101005001098,JBLB,44,33,10,4638.0,46380.0
2021101005001097,JBLB,17,4,10,4638.0,46380.0
2021101005001096,JBLB,45,4,20,4638.0,92760.0
2021101005001095,JBLB,26,4,20,4638.0,92760.0
2021101005001105,JBLB,38,14,10,4640.0,46400.0
2021101005001104,JBLB,38,56,10,4640.0,46400.0
2021101005001103,JBLB,38,56,10,4640.0,46400.0
2021101005001102,JBLB,38,35,10,4640.0,46400.0
2021101005001101,JBLB,38,58,22,4640.0,102080.0
2021101005001111,JBLB,38,50,10,4646.0,46460.0
2021101005001110,JBLB,38,26,20,4646.0,92920.0
2021101005001109,JBLB,38,20,50,4646.0,232300.0
2021101005001108,JBLB,38,38,10,4645.0,46450.0
2021101005001107,JBLB,38,55,10,4640.0,46400.0
2021101005001106,JBLB,38,40,10,4640.0,46400.0
2021101005001118,JBLB,38,52,70,4646.0,325220.0
2021101005001116,JBLB,38,51,300,4646.0,1393800.0
2021101005001115,JBLB,38,6,10,4646.0,46460.0
2021101005001114,JBLB,38,35,60,4646.0,278760.0
2021101005001123,JBLB,3,58,10,4647.0,46470.0
2021101005001122,JBLB,38,47,10,4646.0,46460.0
2021101005001120,JBLB,38,58,10,4646.0,46460.0
2021101005001119,JBLB,38,58,100,4646.0,464600.0
2021101005001139,JBLB,57,50,50,4649.0,232450.0
2021101005001135,JBLB,38,58,10,4646.0,46460.0
2021101005001134,JBLB,17,34,10,4648.0,46480.0
2021101005001132,JBLB,38,51,10,4646.0,46460.0
2021101005001146,JBLB,47,42,20,4646.5,92930.0
2021101005001145,JBLB,3,42,100,4647.0,464700.0
2021101005001144,JBLB,57,42,10,4648.0,46480.0
2021101005001143,JBLB,57,42,30,4649.0,139470.0
2021101005001152,JBLB,45,42,50,4646.0,232300.0
2021101005001151,JBLB,50,42,104,4646.0,483184.0
2021101005001150,JBLB,21,42,10,4646.0,46460.0
2021101005001149,JBLB,50,42,322,4646.0,1496012.0
2021101005001148,JBLB,34,42,10,4646.0,46460.0
2021101005001147,JBLB,38,42,98,4646.0,455308.0
2021101005001158,JBLB,45,42,20,4646.0,92920.0
2021101005001157,JBLB,36,42,10,4646.0,46460.0
2021101005001156,JBLB,29,42,100,4646.0,464600.0
2021101005001155,JBLB,36,42,50,4646.0,232300.0
2021101005001154,JBLB,42,42,26,4646.0,120796.0
2021101005001153,JBLB,58,42,40,4646.0,185840.0
2021101005001166,JBLB,45,32,10,4650.0,46500.0
2021101005001165,JBLB,6,58,10,4650.0,46500.0
2021101005001163,JBLB,45,26,10,4646.0,46460.0
2021101005001159,JBLB,45,58,10,4646.0,46460.0
2021101005001172,JBLB,19,58,10,4650.0,46500.0
2021101005001171,JBLB,35,49,20,4650.0,93000.0
2021101005001170,JBLB,45,49,10,4650.0,46500.0
2021101005001169,JBLB,45,35,10,4650.0,46500.0
2021101005001168,JBLB,45,35,20,4650.0,93000.0
2021101005001167,JBLB,45,1,50,4650.0,232500.0
2021101005001178,JBLB,20,43,10,4650.0,46500.0
2021101005001177,JBLB,20,4,10,4650.0,46500.0
2021101005001176,JBLB,19,4,10,4650.0,46500.0
2021101005001175,JBLB,19,34,10,4650.0,46500.0
2021101005001174,JBLB,19,45,10,4650.0,46500.0
2021101005001173,JBLB,19,11,10,4650.0,46500.0
2021101005001186,JBLB,5,58,30,4652.0,139560.0
2021101005001183,JBLB,5,51,10,4652.0,46520.0
2021101005001182,JBLB,51,36,45,4652.0,209340.0
2021101005001181,JBLB,5,45,10,4650.0,46500.0
2021101005001180,JBLB,57,3,10,4646.1,46461.0
2021101005001179,JBLB,51,3,20,4650.0,93000.0
2021101005001192,JBLB,42,5,20,4660.0,93200.0
2021101005001191,JBLB,42,52,10,4658.0,46580.0
2021101005001190,JBLB,34,58,15,4646.0,69690.0
2021101005001189,JBLB,45,58,10,4646.0,46460.0
2021101005001188,JBLB,20,58,45,4652.0,209340.0
2021101005001187,JBLB,45,58,50,4652.0,232600.0
2021101005001196,JBLB,3,38,10,4660.2,46602.0
2021101005001195,JBLB,34,51,10,4678.0,46780.0
2021101005001194,JBLB,45,56,10,4660.0,46600.0
2021101005001193,JBLB,45,5,50,4660.0,233000.0
2021101005001205,JBLB,20,41,10,4680.0,46800.0
2021101005001204,JBLB,20,53,10,4679.0,46790.0
2021101005001200,JBLB,3,48,30,4660.2,139806.0
2021101005001199,JBLB,19,56,40,4679.0,187160.0
2021101005001217,JBLB,16,45,10,4690.0,46900.0
2021101005001216,JBLB,16,35,10,4690.0,46900.0
2021101005001215,JBLB,16,52,45,4690.0,211050.0
2021101005001214,JBLB,16,3,30,4687.0,140610.0
2021101005001207,JBLB,20,3,20,4687.0,93740.0
2021101005001206,JBLB,20,4,10,4680.0,46800.0
2021101005001162,MKLB,33,19,10,1984.0,19840.0
2021101005001136,MKLB,39,52,10,1990.0,19900.0
2021101005001087,MKLB,17,48,90,1983.1,178479.0
2021101005001086,MKLB,28,48,80,1983.2,158656.0
2021101005001078,MKLB,28,45,10,1983.2,19832.0
2021101005001075,MKLB,28,20,10,1983.2,19832.0
2021101005000818,MKLB,6,57,10,2008.0,20080.0
2021101005000757,MKLB,39,46,10,2000.0,20000.0
2021101005001005,MKLB,29,45,20,2000.0,40000.0
2021101005001004,MKLB,29,36,10,2000.0,20000.0
2021101005001003,MKLB,29,36,10,2000.0,20000.0
2021101005000908,MKLB,59,33,10,2000.0,20000.0
2021101005000887,MKLB,38,33,10,2007.0,20070.0
2021101005000819,MKLB,6,57,10,2008.9,20089.0
2021101005001072,MKLB,28,34,80,1983.2,158656.0
2021101005001071,MKLB,25,34,10,1983.3,19833.0
2021101005001065,MKLB,25,6,10,1983.3,19833.0
2021101005001046,MKLB,28,58,10,1983.2,19832.0
2021101005001027,MKLB,28,46,10,1983.2,19832.0
2021101005001009,MKLB,42,7,10,2000.0,20000.0
2021101005001219,SLI,44,43,10,523.0,5230.0
2021101005001218,SLI,44,49,10,523.0,5230.0
2021101005000731,SLI,43,58,10,527.0,5270.0
2021101005000730,SLI,43,13,10,527.0,5270.0
2021101005000729,SLI,43,58,10,527.0,5270.0
2021101005000741,SLI,25,36,10,528.0,5280.0
2021101005000738,SLI,25,25,10,528.0,5280.0
2021101005000737,SLI,28,58,10,527.0,5270.0
2021101005000750,SLI,41,56,10,528.0,5280.0
2021101005000747,SLI,28,10,30,527.0,15810.0
2021101005000758,SLI,39,43,170,528.4,89828.0
2021101005000763,SLI,41,53,10,528.0,5280.0
2021101005000762,SLI,41,58,10,528.0,5280.0
2021101005000774,SLI,41,56,10,528.0,5280.0
2021101005000773,SLI,58,43,26,528.4,13738.4
2021101005000780,SLI,49,43,64,528.4,33817.6
2021101005000779,SLI,41,39,10,528.0,5280.0
2021101005000778,SLI,41,58,10,528.0,5280.0
2021101005000777,SLI,41,58,10,528.0,5280.0
2021101005000790,SLI,35,47,100,528.4,52840.0
2021101005000782,SLI,41,22,10,528.0,5280.0
2021101005000781,SLI,49,56,36,528.5,19026.0
2021101005000798,SLI,43,13,310,529.0,163990.0
2021101005000797,SLI,43,35,10,529.0,5290.0
2021101005000796,SLI,43,56,24,528.5,12684.0
2021101005000794,SLI,41,43,120,528.0,63360.0
2021101005000801,SLI,43,58,10,529.0,5290.0
2021101005000800,SLI,43,17,10,529.0,5290.0
2021101005000811,SLI,34,4,500,530.0,265000.0
2021101005000810,SLI,34,36,10,530.0,5300.0
2021101005000809,SLI,34,17,10,530.0,5300.0
2021101005000817,SLI,43,17,10,529.0,5290.0
2021101005000816,SLI,34,42,10,530.0,5300.0
2021101005000815,SLI,34,19,10,530.0,5300.0
2021101005000814,SLI,34,38,10,530.0,5300.0
2021101005000813,SLI,34,34,10,530.0,5300.0
2021101005000812,SLI,34,17,10,530.0,5300.0
2021101005000820,SLI,43,42,10,529.0,5290.0
2021101005000830,SLI,3,43,40,530.0,21200.0
2021101005000841,SLI,43,21,10,529.0,5290.0
2021101005000834,SLI,43,34,10,529.0,5290.0
2021101005000852,SLI,48,1,10,528.0,5280.0
2021101005000850,SLI,34,58,10,528.0,5280.0
2021101005000845,SLI,43,55,46,529.0,24334.0
2021101005000854,SLI,48,58,10,528.0,5280.0
2021101005000864,SLI,48,17,10,528.0,5280.0
2021101005000872,SLI,48,38,10,528.0,5280.0
2021101005000874,SLI,48,29,10,528.0,5280.0
2021101005000886,SLI,48,21,10,528.0,5280.0
2021101005000882,SLI,48,21,10,528.0,5280.0
2021101005000888,SLI,48,17,10,528.0,5280.0
2021101005000899,SLI,28,17,10,527.0,5270.0
2021101005000898,SLI,48,17,20,528.0,10560.0
2021101005000905,SLI,35,38,10,526.0,5260.0
2021101005000900,SLI,35,17,70,526.0,36820.0
2021101005000923,SLI,21,43,20,530.0,10600.0
2021101005000917,SLI,45,43,30,530.0,15900.0
2021101005000916,SLI,35,25,10,526.0,5260.0
2021101005000915,SLI,14,43,15,530.0,7950.0
2021101005000935,SLI,13,17,10,526.0,5260.0
2021101005000933,SLI,13,32,10,526.0,5260.0
2021101005000930,SLI,35,52,10,526.0,5260.0
2021101005000957,SLI,48,58,10,526.0,5260.0
2021101005000961,SLI,54,58,10,525.0,5250.0
2021101005000968,SLI,41,21,10,525.5,5255.0
2021101005000978,SLI,4,16,200,529.0,105800.0
2021101005000982,SLI,41,6,10,525.5,5255.0
2021101005000996,SLI,48,38,10,525.5,5255.0
2021101005001000,SLI,48,38,10,525.6,5256.0
2021101005000998,SLI,51,17,10,525.0,5250.0
2021101005001029,SLI,22,39,10,525.1,5251.0
2021101005001023,SLI,51,21,10,525.0,5250.0
2021101005001040,SLI,51,43,30,525.0,15750.0
2021101005001037,SLI,51,6,10,525.0,5250.0
2021101005001033,SLI,51,38,10,525.0,5250.0
2021101005001043,SLI,51,43,30,525.0,15750.0
2021101005001042,SLI,42,43,50,525.0,26250.0
2021101005001041,SLI,51,43,20,525.0,10500.0
2021101005001049,SLI,13,35,10,524.0,5240.0
2021101005001048,SLI,19,43,30,525.0,15750.0
2021101005001058,SLI,13,58,10,524.0,5240.0
2021101005001056,SLI,13,3,10,524.0,5240.0
2021101005001073,SLI,42,43,40,525.0,21000.0
2021101005001070,SLI,13,10,10,524.0,5240.0
2021101005001084,SLI,13,47,10,524.0,5240.0
2021101005001082,SLI,13,47,10,524.0,5240.0
2021101005001081,SLI,13,35,10,524.0,5240.0
2021101005001091,SLI,13,47,10,524.0,5240.0
2021101005001089,SLI,13,38,10,524.0,5240.0
2021101005001094,SLI,13,58,10,524.0,5240.0
2021101005001100,SLI,13,17,10,524.0,5240.0
2021101005001117,SLI,13,38,10,524.0,5240.0
2021101005001113,SLI,13,25,10,524.0,5240.0
2021101005001124,SLI,13,34,50,524.0,26200.0
2021101005001121,SLI,36,43,21,525.0,11025.0
2021101005001130,SLI,19,38,10,523.0,5230.0
2021101005001129,SLI,34,34,100,524.0,52400.0
2021101005001128,SLI,47,34,10,524.0,5240.0
2021101005001127,SLI,53,34,100,524.0,52400.0
2021101005001126,SLI,7,34,20,524.0,10480.0
2021101005001125,SLI,58,34,40,524.0,20960.0
2021101005001137,SLI,4,57,10,523.0,5230.0
2021101005001133,SLI,11,58,10,524.0,5240.0
2021101005001142,SLI,4,16,50,523.0,26150.0
2021101005001141,SLI,4,47,10,523.0,5230.0
2021101005001161,SLI,17,43,10,525.0,5250.0
2021101005001160,SLI,17,34,20,524.0,10480.0
2021101005001198,SLI,4,38,10,523.0,5230.0
2021101005001197,SLI,4,13,10,523.0,5230.0
2021101005001202,SLI,44,25,10,523.0,5230.0
2021101005001201,SLI,44,47,10,523.0,5230.0
2021101005001221,ULI,48,49,10,590.0,5900.0
2021101005001213,ULI,45,44,10,590.0,5900.0
2021101005001212,ULI,16,44,20,590.0,11800.0
2021101005001211,ULI,45,44,100,590.0,59000.0
2021101005001210,ULI,45,44,50,590.0,29500.0
2021101005001209,ULI,45,44,80,590.0,47200.0
2021101005000740,ULI,21,3,20,593.0,11860.0
2021101005000736,ULI,49,3,100,593.0,59300.0
2021101005000735,ULI,58,39,10,591.0,5910.0
2021101005000726,ULI,36,3,10,593.0,5930.0
2021101005000725,ULI,36,51,50,593.0,29650.0
2021101005000769,ULI,59,3,100,593.0,59300.0
2021101005000767,ULI,22,51,10,592.0,5920.0
2021101005000766,ULI,28,3,55,593.0,32615.0
2021101005000751,ULI,21,3,10,593.0,5930.0
2021101005000746,ULI,58,39,10,591.0,5910.0
2021101005000745,ULI,58,36,10,591.0,5910.0
2021101005000788,ULI,34,14,165,593.0,97845.0
2021101005000786,ULI,51,14,35,593.0,20755.0
2021101005000785,ULI,51,25,10,593.0,5930.0
2021101005000784,ULI,51,16,10,593.0,5930.0
2021101005000783,ULI,51,3,25,593.0,14825.0
2021101005000770,ULI,22,36,10,592.0,5920.0
2021101005000840,ULI,28,6,10,594.0,5940.0
2021101005000839,ULI,25,35,50,593.2,29660.0
2021101005000838,ULI,34,29,10,593.0,5930.0
2021101005000822,ULI,34,36,10,593.0,5930.0
2021101005000802,ULI,34,58,10,593.0,5930.0
2021101005000795,ULI,34,58,10,593.0,5930.0
2021101005000851,ULI,28,19,880,594.0,522720.0
2021101005000849,ULI,28,34,490,595.0,291550.0
2021101005000847,ULI,28,33,10,594.0,5940.0
2021101005000846,ULI,22,34,16,595.0,9520.0
2021101005000844,ULI,47,34,40,595.0,23800.0
2021101005000843,ULI,28,4,100,594.0,59400.0
2021101005000920,ULI,43,17,40,590.1,23604.0
2021101005000919,ULI,34,17,30,593.0,17790.0
2021101005000918,ULI,53,17,10,594.0,5940.0
2021101005000877,ULI,13,14,750,594.0,445500.0
2021101005000876,ULI,34,36,10,593.0,5930.0
2021101005000866,ULI,58,14,80,594.0,47520.0
2021101005000939,ULI,49,7,10,595.0,5950.0
2021101005000938,ULI,49,51,10,595.0,5950.0
2021101005000937,ULI,49,35,10,595.0,5950.0
2021101005000936,ULI,49,34,34,595.0,20230.0
2021101005000922,ULI,16,34,30,595.0,17850.0
2021101005000921,ULI,41,17,20,590.1,11802.0
2021101005000953,ULI,13,38,10,595.0,5950.0
2021101005000944,ULI,13,49,10,595.0,5950.0
2021101005000943,ULI,13,4,84,595.0,49980.0
2021101005000942,ULI,49,4,16,595.0,9520.0
2021101005000941,ULI,49,56,10,595.0,5950.0
2021101005000940,ULI,49,36,10,595.0,5950.0
2021101005000977,ULI,13,46,40,595.0,23800.0
2021101005000975,ULI,13,56,10,595.0,5950.0
2021101005000969,ULI,11,34,10,597.0,5970.0
2021101005000966,ULI,13,55,10,595.0,5950.0
2021101005000959,ULI,13,58,10,595.0,5950.0
2021101005000956,ULI,13,38,10,595.0,5950.0
2021101005001021,ULI,45,19,10,594.0,5940.0
2021101005001018,ULI,34,21,10,590.0,5900.0
2021101005000999,ULI,34,44,10,590.0,5900.0
2021101005000992,ULI,45,46,50,595.0,29750.0
2021101005000989,ULI,34,28,10,590.0,5900.0
2021101005000988,ULI,34,34,10,590.0,5900.0
2021101005001038,ULI,34,6,10,590.0,5900.0
2021101005001035,ULI,34,38,10,590.0,5900.0
2021101005001034,ULI,34,49,10,590.0,5900.0
2021101005001031,ULI,45,35,10,593.0,5930.0
2021101005001026,ULI,34,58,10,590.0,5900.0
2021101005001022,ULI,34,42,10,590.0,5900.0
2021101005001138,ULI,13,17,10,595.0,5950.0
2021101005001131,ULI,49,21,10,591.0,5910.0
2021101005001112,ULI,38,54,10,590.0,5900.0
2021101005001077,ULI,38,6,10,590.0,5900.0
2021101005001074,ULI,45,52,10,599.8,5998.0
2021101005001059,ULI,34,3,10,590.0,5900.0
2021101005001208,ULI,54,44,35,591.0,20685.0
2021101005001203,ULI,54,1,10,591.0,5910.0
2021101005001185,ULI,54,52,35,591.0,20685.0
2021101005001184,ULI,49,52,45,591.0,26595.0
2021101005001164,ULI,45,11,10,594.1,5941.0
2021101005001140,ULI,13,4,76,595.0,45220.0
2021101005000724,JBLB,47,41,10,4640.0,46400.0
2021101005000723,JBLB,42,41,30,4640.0,139200.0
2021101005000719,JBLB,47,41,10,4640.0,46400.0
2021101005000231,JBLB,57,14,20,4600.0,92000.0
2021101005000230,JBLB,38,14,20,4600.0,92000.0
2021101005000229,JBLB,57,14,30,4601.0,138030.0
2021101005000228,JBLB,43,14,10,4602.0,46020.0
2021101005000227,JBLB,42,14,20,4602.0,92040.0
2021101005000236,JBLB,13,4,10,4600.0,46000.0
2021101005000234,JBLB,1,58,10,4640.0,46400.0
2021101005000233,JBLB,1,41,10,4640.0,46400.0
2021101005000232,JBLB,21,14,10,4600.0,46000.0
2021101005000245,JBLB,38,58,40,4600.0,184000.0
2021101005000244,JBLB,45,26,20,4599.0,91980.0
2021101005000243,JBLB,57,52,10,4600.0,46000.0
2021101005000242,JBLB,57,4,40,4600.0,184000.0
2021101005000253,JBLB,3,34,10,4599.0,45990.0
2021101005000250,JBLB,16,13,10,4599.0,45990.0
2021101005000249,JBLB,16,14,25,4590.0,114750.0
2021101005000248,JBLB,53,14,10,4590.0,45900.0
2021101005000247,JBLB,33,14,20,4590.0,91800.0
2021101005000259,JBLB,58,6,10,4590.0,45900.0
2021101005000258,JBLB,25,58,10,4600.0,46000.0
2021101005000257,JBLB,45,45,5,4599.0,22995.0
2021101005000256,JBLB,26,45,15,4599.0,68985.0
2021101005000255,JBLB,26,34,10,4599.0,45990.0
2021101005000254,JBLB,26,34,25,4599.0,114975.0
2021101005000265,JBLB,25,14,20,4599.0,91980.0
2021101005000264,JBLB,53,17,10,4561.0,45610.0
2021101005000261,JBLB,53,52,10,4560.0,45600.0
2021101005000273,JBLB,45,45,10,4590.0,45900.0
2021101005000272,JBLB,45,34,10,4561.0,45610.0
2021101005000269,JBLB,58,21,10,4556.1,45561.0
2021101005000268,JBLB,53,21,30,4561.0,136830.0
2021101005000267,JBLB,53,21,10,4562.0,45620.0
2021101005000282,JBLB,58,44,10,4556.1,45561.0
2021101005000280,JBLB,58,45,10,4556.1,45561.0
2021101005000275,JBLB,16,36,20,4598.0,91960.0
2021101005000274,JBLB,45,36,10,4598.0,45980.0
2021101005000289,JBLB,41,58,500,4561.0,2280500.0
2021101005000288,JBLB,41,58,30,4562.0,136860.0
2021101005000286,JBLB,4,45,10,4556.0,45560.0
2021101005000285,JBLB,4,34,21,4556.0,95676.0
2021101005000284,JBLB,58,34,79,4556.1,359931.9
2021101005000295,JBLB,3,58,100,4540.0,454000.0
2021101005000294,JBLB,19,58,20,4552.0,91040.0
2021101005000293,JBLB,53,11,10,4556.0,45560.0
2021101005000292,JBLB,4,49,10,4556.0,45560.0
2021101005000301,JBLB,7,53,10,4540.0,45400.0
2021101005000300,JBLB,34,53,10,4555.0,45550.0
2021101005000299,JBLB,44,45,10,4556.0,45560.0
2021101005000298,JBLB,44,8,10,4555.0,45550.0
2021101005000296,JBLB,34,58,20,4530.0,90600.0
2021101005000308,JBLB,58,58,20,4500.0,90000.0
2021101005000307,JBLB,21,58,50,4500.0,225000.0
2021101005000306,JBLB,17,58,10,4508.0,45080.0
2021101005000305,JBLB,44,58,10,4510.0,45100.0
2021101005000304,JBLB,58,58,10,4510.0,45100.0
2021101005000303,JBLB,52,58,50,4510.0,225500.0
2021101005000314,JBLB,17,58,10,4470.0,44700.0
2021101005000313,JBLB,14,58,30,4470.0,134100.0
2021101005000312,JBLB,16,58,20,4485.0,89700.0
2021101005000311,JBLB,38,58,20,4500.0,90000.0
2021101005000310,JBLB,38,58,10,4500.0,45000.0
2021101005000309,JBLB,38,58,10,4500.0,45000.0
2021101005000323,JBLB,53,58,10,4475.0,44750.0
2021101005000322,JBLB,34,58,40,4490.0,179600.0
2021101005000321,JBLB,53,58,50,4500.0,225000.0
2021101005000318,JBLB,53,58,50,4501.0,225050.0
2021101005000317,JBLB,53,32,60,4501.0,270060.0
2021101005000315,JBLB,52,58,50,4470.0,223500.0
2021101005000329,JBLB,41,58,10,4461.0,44610.0
2021101005000328,JBLB,18,58,50,4465.0,223250.0
2021101005000327,JBLB,20,58,10,4465.0,44650.0
2021101005000326,JBLB,57,58,30,4465.0,133950.0
2021101005000325,JBLB,25,58,10,4466.0,44660.0
2021101005000324,JBLB,52,58,50,4470.0,223500.0
2021101005000337,JBLB,29,8,10,4500.0,45000.0
2021101005000336,JBLB,26,49,10,4501.0,45010.0
2021101005000332,JBLB,29,58,10,4500.0,45000.0
2021101005000331,JBLB,21,58,20,4460.8,89216.0
2021101005000330,JBLB,56,58,70,4460.8,312256.0
2021101005000344,JBLB,19,14,30,4500.0,135000.0
2021101005000342,JBLB,19,43,10,4500.0,45000.0
2021101005000341,JBLB,42,49,50,4501.0,225050.0
2021101005000340,JBLB,19,50,10,4500.0,45000.0
2021101005000339,JBLB,6,58,10,4500.0,45000.0
2021101005000338,JBLB,29,58,40,4500.0,180000.0
2021101005000350,JBLB,42,58,10,4501.0,45010.0
2021101005000349,JBLB,42,53,80,4501.0,360080.0
2021101005000348,JBLB,42,6,10,4501.0,45010.0
2021101005000347,JBLB,19,49,50,4501.0,225050.0
2021101005000346,JBLB,57,45,12,4500.0,54000.0
2021101005000345,JBLB,48,14,20,4500.0,90000.0
2021101005000355,JBLB,56,38,10,4480.0,44800.0
2021101005000354,JBLB,28,58,20,4500.0,90000.0
2021101005000353,JBLB,52,58,10,4500.0,45000.0
2021101005000352,JBLB,38,58,50,4500.0,225000.0
2021101005000351,JBLB,57,58,188,4500.0,846000.0
2021101005000362,JBLB,45,4,18,4500.0,81000.0
2021101005000361,JBLB,45,58,22,4500.0,99000.0
2021101005000360,JBLB,45,38,10,4480.0,44800.0
2021101005000375,JBLB,45,4,20,4500.0,90000.0
2021101005000373,JBLB,19,58,90,4470.0,402300.0
2021101005000372,JBLB,26,58,20,4470.0,89400.0
2021101005000371,JBLB,28,58,10,4471.0,44710.0
2021101005000370,JBLB,29,58,10,4480.0,44800.0
2021101005000382,JBLB,19,58,10,4470.0,44700.0
2021101005000381,JBLB,20,58,10,4480.0,44800.0
2021101005000380,JBLB,19,58,48,4500.0,216000.0
2021101005000379,JBLB,19,4,52,4500.0,234000.0
2021101005000378,JBLB,20,17,10,4480.0,44800.0
2021101005000377,JBLB,45,4,10,4500.0,45000.0
2021101005000387,JBLB,14,53,18,4540.0,81720.0
2021101005000386,JBLB,14,42,10,4510.0,45100.0
2021101005000385,JBLB,14,49,70,4510.0,315700.0
2021101005000384,JBLB,14,58,252,4500.0,1134000.0
2021101005000383,JBLB,38,58,100,4470.0,447000.0
2021101005000396,JBLB,40,6,20,4500.0,90000.0
2021101005000395,JBLB,40,14,80,4470.0,357600.0
2021101005000392,JBLB,8,14,10,4470.0,44700.0
2021101005000391,JBLB,1,14,20,4470.0,89400.0
2021101005000390,JBLB,53,14,10,4471.0,44710.0
2021101005000402,JBLB,11,4,10,4470.0,44700.0
2021101005000400,JBLB,25,4,10,4470.0,44700.0
2021101005000398,JBLB,54,58,12,4530.0,54360.0
2021101005000397,JBLB,54,6,20,4500.0,90000.0
2021101005000411,JBLB,45,58,20,4530.0,90600.0
2021101005000410,JBLB,58,58,10,4470.0,44700.0
2021101005000409,JBLB,11,16,10,4480.0,44800.0
2021101005000407,JBLB,58,4,68,4470.0,303960.0
2021101005000405,JBLB,34,4,32,4470.0,143040.0
2021101005000417,JBLB,45,58,15,4530.0,67950.0
2021101005000416,JBLB,1,52,10,4500.0,45000.0
2021101005000414,JBLB,54,41,10,4471.0,44710.0
2021101005000413,JBLB,8,41,10,4475.0,44750.0
2021101005000412,JBLB,50,41,10,4480.0,44800.0
2021101005000428,JBLB,58,58,233,4530.0,1055490.0
2021101005000427,JBLB,49,58,10,4525.0,45250.0
2021101005000423,JBLB,42,58,10,4530.0,45300.0
2021101005000421,JBLB,14,58,10,4530.0,45300.0
2021101005000419,JBLB,38,45,10,4525.0,45250.0
2021101005000418,JBLB,1,4,90,4500.0,405000.0
2021101005000434,JBLB,22,53,20,4482.0,89640.0
2021101005000433,JBLB,58,38,10,4483.0,44830.0
2021101005000432,JBLB,56,26,10,4500.0,45000.0
2021101005000431,JBLB,49,26,30,4525.0,135750.0
2021101005000429,JBLB,58,1,17,4530.0,77010.0
2021101005000441,JBLB,58,40,10,4529.0,45290.0
2021101005000440,JBLB,50,26,30,4500.0,135000.0
2021101005000438,JBLB,45,26,20,4500.0,90000.0
2021101005000437,JBLB,50,26,10,4500.0,45000.0
2021101005000435,JBLB,17,53,30,4482.0,134460.0
2021101005000448,JBLB,39,58,25,4501.0,112525.0
2021101005000446,JBLB,36,40,10,4529.0,45290.0
2021101005000443,JBLB,17,56,20,4482.0,89640.0
2021101005000442,JBLB,19,56,40,4484.0,179360.0
2021101005000451,JBLB,57,58,10,4500.0,45000.0
2021101005000449,JBLB,57,58,25,4500.0,112500.0
2021101005000458,JBLB,34,53,25,4529.9,113247.5
2021101005000457,JBLB,16,53,25,4529.9,113247.5
2021101005000456,JBLB,16,53,15,4529.9,67948.5
2021101005000455,JBLB,43,58,50,4529.0,226450.0
2021101005000466,JBLB,16,58,50,4529.9,226495.0
2021101005000464,JBLB,57,58,10,4500.0,45000.0
2021101005000463,JBLB,34,58,40,4529.9,181196.0
2021101005000475,JBLB,26,3,10,4530.0,45300.0
2021101005000474,JBLB,54,52,65,4530.0,294450.0
2021101005000473,JBLB,54,35,10,4530.0,45300.0
2021101005000472,JBLB,54,1,33,4530.0,149490.0
2021101005000467,JBLB,16,45,10,4529.9,45299.0
2021101005000483,JBLB,57,25,20,4545.0,90900.0
2021101005000481,JBLB,16,58,60,4530.0,271800.0
2021101005000478,JBLB,34,53,32,4540.0,145280.0
2021101005000476,JBLB,8,3,40,4500.0,180000.0
2021101005000490,JBLB,19,36,10,4545.0,45450.0
2021101005000489,JBLB,19,49,10,4545.0,45450.0
2021101005000486,JBLB,57,38,10,4545.0,45450.0
2021101005000485,JBLB,57,45,10,4545.0,45450.0
2021101005000484,JBLB,57,21,10,4545.0,45450.0
2021101005000496,JBLB,56,49,10,4550.0,45500.0
2021101005000495,JBLB,56,45,10,4550.0,45500.0
2021101005000494,JBLB,56,57,10,4550.0,45500.0
2021101005000493,JBLB,56,58,10,4550.0,45500.0
2021101005000492,JBLB,56,4,10,4550.0,45500.0
2021101005000491,JBLB,46,36,20,4545.0,90900.0
2021101005000501,JBLB,56,4,500,4559.0,2279500.0
2021101005000500,JBLB,56,22,30,4559.0,136770.0
2021101005000499,JBLB,56,6,10,4555.0,45550.0
2021101005000498,JBLB,56,6,10,4550.0,45500.0
2021101005000497,JBLB,56,45,100,4550.0,455000.0
2021101005000508,JBLB,26,19,10,4545.0,45450.0
2021101005000507,JBLB,26,38,10,4544.0,45440.0
2021101005000515,JBLB,38,38,10,4560.0,45600.0
2021101005000514,JBLB,38,53,10,4549.9,45499.0
2021101005000512,JBLB,56,53,10,4549.9,45499.0
2021101005000511,JBLB,57,53,30,4550.0,136500.0
2021101005000510,JBLB,57,53,10,4549.9,45499.0
2021101005000509,JBLB,57,53,10,4549.9,45499.0
2021101005000524,JBLB,40,58,100,4561.0,456100.0
2021101005000523,JBLB,16,58,20,4561.0,91220.0
2021101005000522,JBLB,57,58,10,4561.0,45610.0
2021101005000520,JBLB,42,59,10,4560.0,45600.0
2021101005000517,JBLB,45,55,10,4549.0,45490.0
2021101005000516,JBLB,38,58,80,4561.0,364880.0
2021101005000530,JBLB,11,58,10,4529.9,45299.0
2021101005000529,JBLB,50,58,10,4540.0,45400.0
2021101005000528,JBLB,47,58,10,4541.0,45410.0
2021101005000527,JBLB,26,58,10,4549.0,45490.0
2021101005000526,JBLB,35,58,10,4550.0,45500.0
2021101005000525,JBLB,42,58,10,4560.0,45600.0
2021101005000537,JBLB,40,58,50,4561.0,228050.0
2021101005000536,JBLB,45,58,10,4561.0,45610.0
2021101005000535,JBLB,45,13,10,4549.0,45490.0
2021101005000531,JBLB,44,58,38,4502.0,171076.0
2021101005000547,JBLB,53,58,30,4560.0,136800.0
2021101005000546,JBLB,14,18,10,4545.0,45450.0
2021101005000545,JBLB,45,58,20,4560.0,91200.0
2021101005000543,JBLB,19,58,50,4560.0,228000.0
