Transact. No.,Symbol,Buyer,Seller,Quantity,Rate,Amount
2020121704001643,BBC,51,28,10,2700.0,27000.0
2020121704001636,BBC,57,41,20,2700.0,54000.0
2020121704001486,BBC,46,46,80,2653.0,212240.0
2020121704001480,BBC,22,46,10,2653.0,26530.0
2020121704001478,BBC,35,46,10,2653.0,26530.0
2020121704001464,BBC,36,37,48,2695.0,129360.0
2020121704001236,BBC,38,49,10,2752.0,27520.0
2020121704001235,BBC,52,49,10,2755.0,27550.0
2020121704001234,BBC,28,49,20,2756.0,55120.0
2020121704001185,BBC,28,21,30,2756.0,82680.0
2020121704001158,BBC,34,50,19,2750.0,52250.0
2020121704001295,BBC,21,34,50,2750.0,137500.0
2020121704001294,BBC,22,34,10,2750.0,27500.0
2020121704001240,BBC,48,49,20,2750.0,55000.0
2020121704001239,BBC,45,49,20,2750.0,55000.0
2020121704001238,BBC,13,49,10,2751.0,27510.0
2020121704001237,BBC,57,49,10,2751.0,27510.0
2020121704001339,BBC,53,34,10,2744.0,27440.0
2020121704001338,BBC,28,34,13,2745.0,35685.0
2020121704001312,BBC,28,41,25,2745.0,68625.0
2020121704001311,BBC,39,6,20,2750.0,55000.0
2020121704001297,BBC,28,34,12,2745.0,32940.0
2020121704001296,BBC,49,34,10,2750.0,27500.0
2020121704001345,BBC,25,34,50,2700.0,135000.0
2020121704001344,BBC,14,34,10,2710.0,27100.0
2020121704001343,BBC,33,34,10,2715.0,27150.0
2020121704001342,BBC,58,34,20,2715.0,54300.0
2020121704001341,BBC,47,34,20,2744.0,54880.0
2020121704001340,BBC,26,34,25,2744.0,68600.0
2020121704001442,BBC,49,26,10,2695.0,26950.0
2020121704001441,BBC,14,26,10,2695.0,26950.0
2020121704001440,BBC,41,26,10,2696.0,26960.0
2020121704001417,BBC,28,55,15,2696.0,40440.0
2020121704001347,BBC,34,34,10,2700.0,27000.0
2020121704001346,BBC,55,34,10,2700.0,27000.0
2020121704001463,BBC,38,37,10,2695.0,26950.0
2020121704001462,BBC,50,37,10,2697.0,26970.0
2020121704001451,BBC,41,49,10,2695.0,26950.0
2020121704001445,BBC,41,26,50,2695.0,134750.0
2020121704001444,BBC,22,26,10,2695.0,26950.0
2020121704001443,BBC,33,26,10,2695.0,26950.0
2020121704001635,CMF1,48,1,500,10.14,5070.0
2020121704001634,CMF1,48,38,"1,700",10.05,17085.0
2020121704001629,CMF1,48,38,300,10.05,3015.0
2020121704001628,CMF1,48,29,"2,000",10.04,20080.0
2020121704001627,CMF1,48,43,"2,700",9.93,26811.0
2020121704001597,CMF1,48,29,"3,000",10.04,30120.0
2020121704001596,CMF1,48,45,"2,000",10.0,20000.0
2020121704001646,GIC,57,32,10,571.0,5710.0
2020121704001645,GIC,57,10,10,571.0,5710.0
2020121704001641,GIC,26,38,10,570.0,5700.0
2020121704001639,GIC,26,38,10,570.0,5700.0
2020121704001637,GIC,26,46,10,570.0,5700.0
2020121704001633,GIC,26,38,10,570.0,5700.0
2020121704001157,GIC,22,21,10,570.0,5700.0
2020121704001170,GIC,57,55,10,571.0,5710.0
2020121704001168,GIC,25,21,10,570.0,5700.0
2020121704001164,GIC,25,58,10,570.0,5700.0
2020121704001163,GIC,25,21,10,570.0,5700.0
2020121704001162,GIC,22,58,10,570.0,5700.0
2020121704001159,GIC,22,58,10,570.0,5700.0
2020121704001203,GIC,25,32,10,570.0,5700.0
2020121704001201,GIC,25,49,10,570.0,5700.0
2020121704001196,GIC,25,49,10,570.0,5700.0
2020121704001193,GIC,25,52,10,570.0,5700.0
2020121704001191,GIC,25,55,10,570.0,5700.0
2020121704001171,GIC,57,36,80,571.0,45680.0
2020121704001226,GIC,50,42,10,571.0,5710.0
2020121704001225,GIC,50,55,10,571.0,5710.0
2020121704001218,GIC,25,52,10,570.0,5700.0
2020121704001215,GIC,25,55,10,570.0,5700.0
2020121704001213,GIC,25,49,10,570.0,5700.0
2020121704001212,GIC,25,59,10,570.0,5700.0
2020121704001244,GIC,25,58,10,570.0,5700.0
2020121704001241,GIC,25,55,10,570.0,5700.0
2020121704001230,GIC,50,28,40,571.0,22840.0
2020121704001229,GIC,50,51,10,571.0,5710.0
2020121704001228,GIC,50,42,10,571.0,5710.0
2020121704001227,GIC,50,36,20,571.0,11420.0
2020121704001264,GIC,58,36,10,570.0,5700.0
2020121704001256,GIC,25,11,20,570.0,11400.0
2020121704001251,GIC,25,55,10,570.0,5700.0
2020121704001250,GIC,25,41,10,570.0,5700.0
2020121704001249,GIC,25,42,10,570.0,5700.0
2020121704001247,GIC,25,52,10,570.0,5700.0
2020121704001321,GIC,33,10,10,570.0,5700.0
2020121704001315,GIC,33,40,10,570.0,5700.0
2020121704001293,GIC,58,45,10,570.0,5700.0
2020121704001274,GIC,58,36,10,570.0,5700.0
2020121704001268,GIC,58,58,10,570.0,5700.0
2020121704001265,GIC,58,26,10,570.0,5700.0
2020121704001330,GIC,42,16,10,571.0,5710.0
2020121704001329,GIC,42,16,10,571.0,5710.0
2020121704001328,GIC,42,34,10,571.0,5710.0
2020121704001327,GIC,42,32,10,571.0,5710.0
2020121704001326,GIC,42,16,10,571.0,5710.0
2020121704001325,GIC,42,28,40,571.0,22840.0
2020121704001336,GIC,43,43,50,571.0,28550.0
2020121704001335,GIC,43,13,10,571.0,5710.0
2020121704001334,GIC,43,26,10,571.0,5710.0
2020121704001333,GIC,43,41,10,571.0,5710.0
2020121704001332,GIC,50,39,10,570.0,5700.0
2020121704001331,GIC,42,48,10,571.0,5710.0
2020121704001358,GIC,47,42,10,571.0,5710.0
2020121704001357,GIC,47,36,10,571.0,5710.0
2020121704001355,GIC,47,55,10,571.0,5710.0
2020121704001354,GIC,47,38,10,571.0,5710.0
2020121704001349,GIC,47,1,10,571.0,5710.0
2020121704001348,GIC,47,32,10,571.0,5710.0
2020121704001373,GIC,19,57,10,573.0,5730.0
2020121704001372,GIC,19,53,10,572.0,5720.0
2020121704001371,GIC,47,45,10,571.0,5710.0
2020121704001369,GIC,47,57,10,571.0,5710.0
2020121704001368,GIC,47,16,10,571.0,5710.0
2020121704001361,GIC,47,58,10,571.0,5710.0
2020121704001379,GIC,19,4,10,575.0,5750.0
2020121704001378,GIC,19,58,10,575.0,5750.0
2020121704001377,GIC,19,58,10,575.0,5750.0
2020121704001376,GIC,19,21,10,575.0,5750.0
2020121704001375,GIC,19,4,10,575.0,5750.0
2020121704001374,GIC,19,19,10,574.0,5740.0
2020121704001400,GIC,34,41,10,571.0,5710.0
2020121704001396,GIC,34,17,10,571.0,5710.0
2020121704001385,GIC,34,1,10,571.0,5710.0
2020121704001384,GIC,34,3,10,571.0,5710.0
2020121704001381,GIC,19,58,10,575.0,5750.0
2020121704001380,GIC,19,17,10,575.0,5750.0
2020121704001425,GIC,34,41,10,571.0,5710.0
2020121704001416,GIC,34,49,10,571.0,5710.0
2020121704001409,GIC,34,56,10,571.0,5710.0
2020121704001408,GIC,34,52,10,571.0,5710.0
2020121704001407,GIC,34,43,10,571.0,5710.0
2020121704001406,GIC,34,56,10,571.0,5710.0
2020121704001438,GIC,34,22,10,571.0,5710.0
2020121704001437,GIC,34,43,10,571.0,5710.0
2020121704001435,GIC,34,13,10,571.0,5710.0
2020121704001432,GIC,48,56,20,574.0,11480.0
2020121704001431,GIC,34,57,10,571.0,5710.0
2020121704001426,GIC,49,56,10,574.0,5740.0
2020121704001454,GIC,51,56,125,574.0,71750.0
2020121704001453,GIC,21,38,10,572.0,5720.0
2020121704001448,GIC,21,38,10,572.0,5720.0
2020121704001447,GIC,56,56,100,571.0,57100.0
2020121704001446,GIC,34,56,50,571.0,28550.0
2020121704001439,GIC,34,43,10,571.0,5710.0
2020121704001474,GIC,21,36,10,572.0,5720.0
2020121704001461,GIC,21,56,10,572.0,5720.0
2020121704001459,GIC,21,41,10,572.0,5720.0
2020121704001458,GIC,21,42,10,572.0,5720.0
2020121704001457,GIC,21,50,10,572.0,5720.0
2020121704001455,GIC,21,36,10,572.0,5720.0
2020121704001489,GIC,58,26,40,572.0,22880.0
2020121704001488,GIC,21,26,880,572.0,503360.0
2020121704001484,GIC,21,10,10,572.0,5720.0
2020121704001482,GIC,21,34,10,572.0,5720.0
2020121704001476,GIC,21,51,10,572.0,5720.0
2020121704001475,GIC,21,38,10,572.0,5720.0
2020121704001515,GIC,41,26,75,571.0,42825.0
2020121704001514,GIC,56,26,110,571.0,62810.0
2020121704001510,GIC,56,51,10,571.0,5710.0
2020121704001507,GIC,56,3,10,571.0,5710.0
2020121704001500,GIC,56,38,10,571.0,5710.0
2020121704001493,GIC,56,51,10,571.0,5710.0
2020121704001529,GIC,50,26,80,570.0,45600.0
2020121704001528,GIC,50,38,10,570.0,5700.0
2020121704001523,GIC,11,26,10,571.0,5710.0
2020121704001518,GIC,6,26,100,571.0,57100.0
2020121704001517,GIC,21,26,"1,000",571.0,571000.0
2020121704001516,GIC,5,26,200,571.0,114200.0
2020121704001535,GIC,29,26,22,570.0,12540.0
2020121704001534,GIC,3,26,10,570.0,5700.0
2020121704001533,GIC,41,26,100,570.0,57000.0
2020121704001532,GIC,42,26,200,570.0,114000.0
2020121704001531,GIC,45,26,100,570.0,57000.0
2020121704001530,GIC,25,26,50,570.0,28500.0
2020121704001544,GIC,45,38,10,569.0,5690.0
2020121704001540,GIC,53,26,100,570.0,57000.0
2020121704001539,GIC,52,26,10,570.0,5700.0
2020121704001538,GIC,47,26,300,570.0,171000.0
2020121704001537,GIC,41,26,200,570.0,114000.0
2020121704001536,GIC,51,26,10,570.0,5700.0
2020121704001571,GIC,45,57,10,569.0,5690.0
2020121704001569,GIC,45,38,10,569.0,5690.0
2020121704001559,GIC,45,38,10,569.0,5690.0
2020121704001553,GIC,45,38,10,569.0,5690.0
2020121704001552,GIC,45,59,10,569.0,5690.0
2020121704001547,GIC,45,42,10,569.0,5690.0
2020121704001590,GIC,21,1,10,570.0,5700.0
2020121704001589,GIC,21,11,10,570.0,5700.0
2020121704001588,GIC,21,26,"1,155",570.0,658350.0
2020121704001587,GIC,45,55,10,569.0,5690.0
2020121704001577,GIC,33,26,90,570.0,51300.0
2020121704001573,GIC,34,26,130,570.0,74100.0
2020121704001626,GIC,26,38,10,570.0,5700.0
2020121704001605,GIC,26,20,10,570.0,5700.0
2020121704001603,GIC,26,38,10,570.0,5700.0
2020121704001595,GIC,45,38,10,569.0,5690.0
2020121704001592,GIC,21,42,10,570.0,5700.0
2020121704001591,GIC,21,50,85,570.0,48450.0
2020121704001575,GIMES1,49,10,"15,000",11.1,166500.0
2020121704001558,GIMES1,7,10,"10,000",11.11,111100.0
2020121704001466,GIMES1,47,22,"2,000",11.2,22400.0
2020121704001465,GIMES1,47,22,"4,000",11.2,44800.0
2020121704001506,LEMF,42,7,"1,000",10.0,10000.0
2020121704001402,LEMF,42,49,"2,000",10.0,20000.0
2020121704001386,LEMF,42,58,500,10.0,5000.0
2020121704001243,LEMF,42,20,"3,200",10.0,32000.0
2020121704001632,LUK,39,38,100,9.25,925.0
2020121704001449,LUK,39,42,100,9.25,925.0
2020121704001305,LUK,39,45,200,9.25,1850.0
2020121704001272,LUK,58,11,200,9.26,1852.0
2020121704001223,LUK,58,3,100,9.26,926.0
2020121704001557,NBF2,42,14,"9,400",9.72,91368.0
2020121704001556,NBF2,5,14,"6,000",9.75,58500.0
2020121704001555,NBF2,49,14,100,9.8,980.0
2020121704001292,NBF2,6,28,"6,500",9.8,63700.0
2020121704001367,NBF2,5,40,"1,600",9.91,15856.0
2020121704001366,NBF2,5,40,"1,800",9.91,17838.0
2020121704001365,NBF2,5,40,200,9.91,1982.0
2020121704001364,NBF2,5,6,200,9.91,1982.0
2020121704001363,NBF2,5,49,"10,000",9.91,99100.0
2020121704001362,NBF2,5,34,200,9.9,1980.0
2020121704001548,NEF,46,19,"1,066",9.94,10596.04
2020121704001542,NEF,46,38,241,9.79,2359.39
2020121704001541,NEF,46,49,314,9.79,3074.06
2020121704001501,NEF,26,52,"2,414",9.71,23439.94
2020121704001470,NEF,19,49,296,9.79,2897.84
2020121704001469,NEF,19,33,"1,127",9.7,10931.9
2020121704001242,NEF,39,28,483,9.86,4762.38
2020121704001388,NEF,58,49,"2,390",9.85,23541.5
2020121704001319,NEF,58,57,110,9.85,1083.5
2020121704001318,NEF,47,57,"2,304",9.85,22694.4
2020121704001271,NEF,6,50,"2,414",9.89,23874.46
2020121704001270,NEF,6,37,"2,414",9.89,23874.46
2020121704001269,NEF,6,37,"2,414",9.89,23874.46
2020121704001399,NEF,19,49,400,9.79,3916.0
2020121704001398,NEF,19,49,"1,600",9.78,15648.0
2020121704001397,NEF,19,49,"2,000",9.79,19580.0
2020121704001391,NEF,41,49,"1,800",9.8,17640.0
2020121704001390,NEF,54,49,790,9.8,7742.0
2020121704001389,NEF,54,49,"1,210",9.8,11858.0
2020121704001607,NIBLPF,28,39,556,10.08,5604.48
2020121704001606,NIBLPF,21,39,707,10.08,7126.56
2020121704001496,NIBLPF,21,52,"1,263",10.08,12731.04
2020121704001434,NIBLPF,21,33,"2,525",10.08,25452.0
2020121704001405,NIBLPF,21,49,505,10.08,5090.4
2020121704001314,NIBLPF,49,39,253,10.07,2547.71
2020121704001313,NIBLPF,49,57,"2,525",10.07,25426.75
2020121704001209,NIBLPF,49,4,"20,892",10.07,210382.44
2020121704001208,NIBLPF,6,4,"6,515",10.08,65671.2
2020121704001199,NIBLPF,4,4,"500,000",10.04,5020000.0
2020121704001190,NIBLPF,4,4,"500,000",10.04,5020000.0
2020121704001624,NIBPO,6,6,200,454.0,90800.0
2020121704001594,NIBPO,56,6,"3,300",455.0,1501500.0
2020121704001586,NIBPO,17,6,500,455.0,227500.0
2020121704001585,NIBPO,25,6,200,455.0,91000.0
2020121704001584,NIBPO,56,6,500,455.0,227500.0
2020121704001527,NIBPO,17,42,200,460.0,92000.0
2020121704001181,NIBPO,17,34,369,455.0,167895.0
2020121704001410,NIBPO,16,32,221,460.0,101660.0
2020121704001337,NIBPO,56,42,500,455.0,227500.0
2020121704001308,NIBPO,17,17,169,454.0,76726.0
2020121704001307,NIBPO,33,17,31,455.0,14105.0
2020121704001276,NIBPO,33,20,169,455.0,76895.0
2020121704001275,NIBPO,17,20,131,455.0,59605.0
2020121704001526,NIBPO,17,17,300,459.0,137700.0
2020121704001487,NIBPO,1,42,116,460.0,53360.0
2020121704001472,NIBPO,17,42,51,460.0,23460.0
2020121704001471,NIBPO,17,11,280,460.0,128800.0
2020121704001412,NIBPO,16,16,361,461.0,166421.0
2020121704001411,NIBPO,16,42,500,461.0,230500.0
2020121704001570,NIBSF1,7,10,"3,805",11.16,42463.8
2020121704001503,NIBSF1,26,51,"3,513",11.25,39521.25
2020121704001610,NICBF,22,47,600,10.0,6000.0
2020121704001609,NICBF,22,49,"1,000",10.0,10000.0
2020121704001572,NICBF,45,28,"5,000",9.99,49950.0
2020121704001566,NICBF,22,35,100,9.95,995.0
2020121704001525,NICBF,22,35,100,9.95,995.0
2020121704001524,NICBF,22,35,100,9.93,993.0
2020121704001601,NICGF,17,40,"1,500",10.45,15675.0
2020121704001600,NICGF,17,58,200,10.45,2090.0
2020121704001599,NICGF,17,6,100,10.32,1032.0
2020121704001598,NICGF,17,10,"1,000",10.32,10320.0
2020121704001383,NICGF,35,49,100,10.27,1027.0
2020121704001309,NICGF,6,59,"31,500",10.3,324450.0
2020121704001255,NICGF,17,59,"40,000",10.3,412000.0
2020121704001184,NICGF,17,59,"15,000",10.3,154500.0
2020121704001180,NICGF,17,59,"20,000",10.3,206000.0
2020121704001179,NICGF,17,59,"20,000",10.3,206000.0
2020121704001178,NICGF,17,59,"20,000",10.3,206000.0
2020121704001452,NMBHF1,11,58,"1,577",9.93,15659.61
2020121704001392,NMBHF1,11,58,832,9.93,8261.76
2020121704001202,NMBHF1,11,44,660,9.9,6534.0
2020121704001647,RBCLPO,51,21,10,13800.0,138000.0
2020121704001642,RBCLPO,51,49,10,13800.0,138000.0
2020121704001582,RBCLPO,56,43,20,13800.0,276000.0
2020121704001581,RBCLPO,34,43,20,13801.0,276020.0
2020121704001580,RBCLPO,19,43,10,13850.0,138500.0
2020121704001561,RBCLPO,42,6,10,13990.0,139900.0
2020121704001197,RBCLPO,33,43,40,14101.0,564040.0
2020121704001169,RBCLPO,33,56,10,14101.0,141010.0
2020121704001401,RBCLPO,59,49,10,13819.0,138190.0
2020121704001287,RBCLPO,26,6,10,13890.0,138900.0
2020121704001266,RBCLPO,16,34,10,13894.0,138940.0
2020121704001233,RBCLPO,45,6,10,14100.0,141000.0
2020121704001216,RBCLPO,45,6,50,14100.0,705000.0
2020121704001214,RBCLPO,45,59,10,14100.0,141000.0
2020121704001546,SAEF,41,17,"2,000",10.96,21920.0
2020121704001505,SAEF,6,10,"5,000",11.07,55350.0
2020121704001495,SAEF,6,10,"10,000",11.06,110600.0
2020121704001494,SAEF,6,39,500,11.06,5530.0
2020121704001479,SAEF,41,1,"1,000",10.96,10960.0
2020121704001422,SAEF,6,56,"4,190",10.97,45964.3
2020121704001304,SAEF,39,10,"1,000",11.05,11050.0
2020121704001303,SAEF,39,10,"1,000",11.05,11050.0
2020121704001302,SAEF,39,10,"1,000",11.05,11050.0
2020121704001301,SAEF,39,10,"1,000",11.05,11050.0
2020121704001299,SAEF,39,10,"1,000",11.05,11050.0
2020121704001421,SAEF,6,56,"5,000",10.97,54850.0
2020121704001420,SAEF,56,56,"9,100",10.97,99827.0
2020121704001419,SAEF,33,56,810,10.98,8893.8
2020121704001404,SAEF,33,22,"4,190",10.98,46006.2
2020121704001351,SAEF,56,42,400,10.96,4384.0
2020121704001350,SAEF,22,42,100,10.98,1098.0
2020121704001623,SEF,48,14,"43,650",10.45,456142.5
2020121704001622,SEF,48,49,"2,000",10.45,20900.0
2020121704001621,SEF,48,32,"4,350",10.45,45457.5
2020121704001579,SEF,6,57,"3,100",10.36,32116.0
2020121704001490,SEF,6,13,"1,500",10.36,15540.0
2020121704001352,SEF,6,49,400,10.36,4144.0
2020121704001175,SEF,14,59,250,10.5,2625.0
2020121704001174,SEF,14,50,"1,000",10.5,10500.0
2020121704001173,SEF,14,18,"5,000",10.5,52500.0
2020121704001172,SEF,14,34,"10,000",10.49,104900.0
2020121704001207,SEF,42,38,"75,000",10.35,776250.0
2020121704001206,SEF,49,38,"30,000",10.36,310800.0
2020121704001205,SEF,49,38,"25,000",10.36,259000.0
2020121704001204,SEF,49,38,"49,000",10.36,507640.0
2020121704001177,SEF,14,14,"100,000",10.5,1050000.0
2020121704001176,SEF,14,6,"3,000",10.5,31500.0
2020121704001578,SFMF,17,32,"1,500",10.1,15150.0
2020121704001656,SGI,42,38,10,598.0,5980.0
2020121704001655,SGI,38,19,20,600.0,12000.0
2020121704001654,SGI,38,25,100,600.0,60000.0
2020121704001653,SGI,38,49,300,600.0,180000.0
2020121704001652,SGI,38,42,10,600.0,6000.0
2020121704001651,SGI,38,36,10,600.0,6000.0
2020121704001161,SGI,38,37,10,600.0,6000.0
2020121704001160,SGI,38,58,10,600.0,6000.0
2020121704001186,SGI,50,55,10,600.0,6000.0
2020121704001183,SGI,38,26,10,600.0,6000.0
2020121704001182,SGI,19,7,10,602.0,6020.0
2020121704001167,SGI,38,59,10,600.0,6000.0
2020121704001166,SGI,38,54,10,600.0,6000.0
2020121704001165,SGI,19,8,10,601.0,6010.0
2020121704001195,SGI,50,52,10,600.0,6000.0
2020121704001194,SGI,50,55,10,600.0,6000.0
2020121704001192,SGI,50,26,10,600.0,6000.0
2020121704001189,SGI,50,29,10,600.0,6000.0
2020121704001188,SGI,50,3,10,600.0,6000.0
2020121704001187,SGI,50,21,10,600.0,6000.0
2020121704001219,SGI,34,49,10,599.0,5990.0
2020121704001217,SGI,19,49,10,600.0,6000.0
2020121704001211,SGI,50,39,10,600.0,6000.0
2020121704001210,SGI,50,49,10,600.0,6000.0
2020121704001200,SGI,19,45,10,602.0,6020.0
2020121704001198,SGI,50,55,10,600.0,6000.0
2020121704001232,SGI,34,49,10,599.0,5990.0
2020121704001231,SGI,34,42,10,599.0,5990.0
2020121704001224,SGI,34,6,10,599.0,5990.0
2020121704001222,SGI,34,26,10,599.0,5990.0
2020121704001221,SGI,34,49,10,599.0,5990.0
2020121704001220,SGI,34,8,10,599.0,5990.0
2020121704001254,SGI,58,41,10,600.0,6000.0
2020121704001253,SGI,58,41,10,600.0,6000.0
2020121704001252,SGI,58,55,10,600.0,6000.0
2020121704001248,SGI,34,52,10,599.0,5990.0
2020121704001246,SGI,34,48,10,599.0,5990.0
2020121704001245,SGI,34,52,10,599.0,5990.0
2020121704001298,SGI,34,58,10,599.0,5990.0
2020121704001291,SGI,51,5,20,602.0,12040.0
2020121704001290,SGI,51,58,10,602.0,6020.0
2020121704001289,SGI,51,33,10,600.0,6000.0
2020121704001288,SGI,51,36,10,600.0,6000.0
2020121704001273,SGI,34,17,10,599.0,5990.0
2020121704001320,SGI,34,40,10,599.0,5990.0
2020121704001317,SGI,34,34,10,599.0,5990.0
2020121704001316,SGI,49,34,10,601.0,6010.0
2020121704001310,SGI,34,59,10,599.0,5990.0
2020121704001306,SGI,34,35,10,599.0,5990.0
2020121704001300,SGI,34,51,10,599.0,5990.0
2020121704001359,SGI,34,55,10,599.0,5990.0
2020121704001356,SGI,34,16,10,599.0,5990.0
2020121704001353,SGI,34,1,10,599.0,5990.0
2020121704001324,SGI,49,48,10,602.0,6020.0
2020121704001323,SGI,49,1,10,602.0,6020.0
2020121704001322,SGI,49,19,10,600.0,6000.0
2020121704001394,SGI,34,21,10,599.0,5990.0
2020121704001393,SGI,34,41,10,599.0,5990.0
2020121704001387,SGI,34,29,10,599.0,5990.0
2020121704001382,SGI,34,57,10,599.0,5990.0
2020121704001370,SGI,34,7,100,599.0,59900.0
2020121704001360,SGI,34,28,10,598.0,5980.0
2020121704001418,SGI,34,43,10,599.0,5990.0
2020121704001415,SGI,34,42,10,599.0,5990.0
2020121704001414,SGI,34,38,10,599.0,5990.0
2020121704001413,SGI,34,42,10,599.0,5990.0
2020121704001403,SGI,34,6,10,599.0,5990.0
2020121704001395,SGI,34,57,10,599.0,5990.0
2020121704001430,SGI,45,55,100,599.0,59900.0
2020121704001429,SGI,45,57,10,599.0,5990.0
2020121704001428,SGI,45,43,10,599.0,5990.0
2020121704001427,SGI,45,43,10,599.0,5990.0
2020121704001424,SGI,45,43,10,599.0,5990.0
2020121704001423,SGI,45,36,10,599.0,5990.0
2020121704001467,SGI,45,36,100,599.0,59900.0
2020121704001460,SGI,45,38,10,599.0,5990.0
2020121704001456,SGI,45,42,10,599.0,5990.0
2020121704001450,SGI,45,38,10,599.0,5990.0
2020121704001436,SGI,45,21,10,599.0,5990.0
2020121704001433,SGI,45,21,10,599.0,5990.0
2020121704001485,SGI,34,38,10,598.0,5980.0
2020121704001483,SGI,42,36,10,599.0,5990.0
2020121704001481,SGI,34,33,10,598.0,5980.0
2020121704001477,SGI,34,58,10,598.0,5980.0
2020121704001473,SGI,34,21,10,598.0,5980.0
2020121704001468,SGI,35,36,500,599.0,299500.0
2020121704001504,SGI,34,3,10,598.0,5980.0
2020121704001502,SGI,34,45,10,598.0,5980.0
2020121704001499,SGI,34,20,10,598.0,5980.0
2020121704001497,SGI,34,51,10,598.0,5980.0
2020121704001492,SGI,34,59,10,598.0,5980.0
2020121704001491,SGI,34,38,10,598.0,5980.0
2020121704001519,SGI,34,45,40,598.0,23920.0
2020121704001513,SGI,34,20,10,598.0,5980.0
2020121704001512,SGI,34,36,10,598.0,5980.0
2020121704001511,SGI,34,20,10,598.0,5980.0
2020121704001509,SGI,34,20,10,598.0,5980.0
2020121704001508,SGI,34,38,10,598.0,5980.0
2020121704001549,SGI,25,46,10,598.0,5980.0
2020121704001545,SGI,38,10,10,598.0,5980.0
2020121704001543,SGI,38,48,20,598.0,11960.0
2020121704001522,SGI,38,45,70,598.0,41860.0
2020121704001521,SGI,8,45,200,598.0,119600.0
2020121704001520,SGI,10,45,90,598.0,53820.0
2020121704001576,SGI,34,38,10,598.0,5980.0
2020121704001574,SGI,25,20,10,598.0,5980.0
2020121704001560,SGI,33,36,100,599.0,59900.0
2020121704001554,SGI,25,41,10,598.0,5980.0
2020121704001551,SGI,25,26,10,598.0,5980.0
2020121704001550,SGI,25,6,10,598.0,5980.0
2020121704001611,SGI,34,36,315,599.0,188685.0
2020121704001608,SGI,33,36,25,599.0,14975.0
2020121704001604,SGI,34,38,10,598.0,5980.0
2020121704001602,SGI,34,45,10,598.0,5980.0
2020121704001593,SGI,34,20,10,598.0,5980.0
2020121704001583,SGI,34,38,10,598.0,5980.0
2020121704001617,SGI,34,47,10,599.0,5990.0
2020121704001616,SGI,34,47,10,599.0,5990.0
2020121704001615,SGI,34,47,10,599.0,5990.0
2020121704001614,SGI,34,47,10,599.0,5990.0
2020121704001613,SGI,34,47,10,599.0,5990.0
2020121704001612,SGI,34,47,10,599.0,5990.0
2020121704001631,SGI,6,20,10,599.0,5990.0
2020121704001630,SGI,42,56,10,598.0,5980.0
2020121704001625,SGI,42,49,20,598.0,11960.0
2020121704001620,SGI,42,5,10,598.0,5980.0
2020121704001619,SGI,34,5,150,598.0,89700.0
2020121704001618,SGI,34,5,325,599.0,194675.0
2020121704001650,SGI,38,49,10,600.0,6000.0
2020121704001649,SGI,38,1,10,599.0,5990.0
2020121704001648,SGI,38,33,40,599.0,23960.0
2020121704001644,SGI,42,46,10,598.0,5980.0
2020121704001640,SGI,42,26,10,598.0,5980.0
2020121704001638,SGI,57,32,10,599.0,5990.0
2020121704001568,STC,49,6,10,5423.0,54230.0
2020121704001567,STC,49,6,20,5425.0,108500.0
2020121704001565,STC,49,6,70,5425.0,379750.0
2020121704001564,STC,5,6,10,5430.0,54300.0
2020121704001563,STC,28,6,10,5431.0,54310.0
2020121704001562,STC,58,6,10,5475.0,54750.0
2020121704001257,STC,5,10,20,5515.0,110300.0
2020121704001263,STC,57,10,10,5465.0,54650.0
2020121704001262,STC,41,10,10,5465.0,54650.0
2020121704001261,STC,34,10,10,5465.0,54650.0
2020121704001260,STC,55,10,30,5470.0,164100.0
2020121704001259,STC,35,10,10,5500.0,55000.0
2020121704001258,STC,19,10,10,5505.0,55050.0
2020121704001281,STC,10,5,10,5400.0,54000.0
2020121704001280,STC,35,5,10,5400.0,54000.0
2020121704001279,STC,51,5,10,5400.0,54000.0
2020121704001278,STC,34,5,10,5450.0,54500.0
2020121704001277,STC,38,5,10,5461.0,54610.0
2020121704001267,STC,57,5,10,5464.0,54640.0
2020121704001498,STC,34,45,10,5462.0,54620.0
2020121704001286,STC,44,5,10,5355.0,53550.0
2020121704001285,STC,36,5,10,5356.0,53560.0
2020121704001284,STC,49,5,10,5356.0,53560.0
2020121704001283,STC,21,5,10,5357.0,53570.0
2020121704001282,STC,46,5,10,5390.0,53900.0
2020121704001122,BBC,35,14,10,2765.0,27650.0
2020121704001121,BBC,6,14,10,2770.0,27700.0
2020121704001120,BBC,57,14,10,2771.0,27710.0
2020121704000922,BBC,21,36,10,2800.0,28000.0
2020121704000878,BBC,58,6,10,2799.0,27990.0
2020121704000781,BBC,34,6,10,2799.0,27990.0
2020121704000780,BBC,34,56,10,2799.0,27990.0
2020121704000912,CMF1,43,50,"10,000",10.0,100000.0
2020121704000911,CMF1,43,22,"1,000",10.0,10000.0
2020121704000910,CMF1,43,19,"1,000",10.0,10000.0
2020121704000909,CMF1,43,40,"2,000",10.0,20000.0
2020121704000908,CMF1,43,17,"1,000",10.0,10000.0
2020121704000907,CMF1,43,17,"1,000",10.0,10000.0
2020121704001124,GBD80/81,11,40,50,1027.0,51350.0
2020121704000990,GBD80/81,8,40,50,1026.0,51300.0
2020121704000894,GBD80/81,11,26,50,1040.0,52000.0
2020121704001153,GIC,22,39,10,570.0,5700.0
2020121704001148,GIC,22,39,10,570.0,5700.0
2020121704001135,GIC,49,56,10,571.0,5710.0
2020121704001130,GIC,49,36,10,571.0,5710.0
2020121704001126,GIC,49,33,10,571.0,5710.0
2020121704001117,GIC,49,35,10,571.0,5710.0
2020121704000678,GIC,37,25,10,574.0,5740.0
2020121704000672,GIC,37,17,10,574.0,5740.0
2020121704000671,GIC,37,14,10,574.0,5740.0
2020121704000668,GIC,37,38,10,574.0,5740.0
2020121704000666,GIC,37,49,10,574.0,5740.0
2020121704000658,GIC,37,25,10,574.0,5740.0
2020121704000704,GIC,36,18,10,574.0,5740.0
2020121704000696,GIC,55,40,10,573.0,5730.0
2020121704000692,GIC,55,40,10,573.0,5730.0
2020121704000690,GIC,55,59,10,573.0,5730.0
2020121704000684,GIC,22,18,18,574.0,10332.0
2020121704000682,GIC,55,29,10,573.0,5730.0
2020121704000731,GIC,48,16,10,572.0,5720.0
2020121704000730,GIC,48,6,10,572.0,5720.0
2020121704000728,GIC,48,58,10,572.0,5720.0
2020121704000719,GIC,48,44,10,572.0,5720.0
2020121704000709,GIC,55,58,10,573.0,5730.0
2020121704000706,GIC,55,25,10,573.0,5730.0
2020121704000741,GIC,29,48,20,571.0,11420.0
2020121704000740,GIC,10,48,70,571.0,39970.0
2020121704000739,GIC,10,25,10,571.0,5710.0
2020121704000737,GIC,10,38,10,571.0,5710.0
2020121704000735,GIC,48,16,10,572.0,5720.0
2020121704000734,GIC,48,58,10,572.0,5720.0
2020121704000763,GIC,29,7,10,571.0,5710.0
2020121704000762,GIC,29,34,10,571.0,5710.0
2020121704000761,GIC,29,21,10,571.0,5710.0
2020121704000750,GIC,29,48,10,571.0,5710.0
2020121704000749,GIC,29,13,10,571.0,5710.0
2020121704000745,GIC,29,7,10,571.0,5710.0
2020121704000777,GIC,29,59,10,571.0,5710.0
2020121704000775,GIC,29,58,10,571.0,5710.0
2020121704000774,GIC,29,46,10,571.0,5710.0
2020121704000773,GIC,29,41,10,571.0,5710.0
2020121704000770,GIC,38,6,25,572.0,14300.0
2020121704000765,GIC,29,29,10,571.0,5710.0
2020121704000787,GIC,29,56,665,571.0,379715.0
2020121704000786,GIC,5,56,100,571.0,57100.0
2020121704000785,GIC,29,59,10,571.0,5710.0
2020121704000784,GIC,29,59,10,571.0,5710.0
2020121704000783,GIC,29,36,10,571.0,5710.0
2020121704000779,GIC,29,42,10,571.0,5710.0
2020121704000819,GIC,38,38,10,572.0,5720.0
2020121704000815,GIC,38,42,10,572.0,5720.0
2020121704000814,GIC,38,8,10,572.0,5720.0
2020121704000799,GIC,29,42,10,571.0,5710.0
2020121704000796,GIC,29,21,10,571.0,5710.0
2020121704000794,GIC,29,45,10,571.0,5710.0
2020121704000829,GIC,38,35,10,572.0,5720.0
2020121704000827,GIC,38,52,10,572.0,5720.0
2020121704000826,GIC,38,44,10,572.0,5720.0
2020121704000823,GIC,38,58,10,572.0,5720.0
2020121704000822,GIC,38,21,10,572.0,5720.0
2020121704000820,GIC,38,48,10,572.0,5720.0
2020121704000836,GIC,38,35,50,572.0,28600.0
2020121704000835,GIC,42,35,205,572.0,117260.0
2020121704000834,GIC,56,35,30,572.0,17160.0
2020121704000833,GIC,56,58,10,572.0,5720.0
2020121704000832,GIC,56,21,60,572.0,34320.0
2020121704000830,GIC,38,39,10,572.0,5720.0
2020121704000847,GIC,29,13,10,571.0,5710.0
2020121704000845,GIC,29,49,10,571.0,5710.0
2020121704000844,GIC,29,32,10,571.0,5710.0
2020121704000841,GIC,29,39,10,571.0,5710.0
2020121704000839,GIC,38,35,15,572.0,8580.0
2020121704000838,GIC,29,42,10,571.0,5710.0
2020121704000857,GIC,29,26,10,571.0,5710.0
2020121704000856,GIC,29,49,10,571.0,5710.0
2020121704000853,GIC,29,45,10,571.0,5710.0
2020121704000852,GIC,29,56,10,571.0,5710.0
2020121704000850,GIC,29,33,10,571.0,5710.0
2020121704000849,GIC,29,36,10,571.0,5710.0
2020121704000884,GIC,48,34,10,571.0,5710.0
2020121704000882,GIC,48,57,10,571.0,5710.0
2020121704000879,GIC,49,42,10,572.0,5720.0
2020121704000877,GIC,49,46,10,572.0,5720.0
2020121704000859,GIC,29,11,10,571.0,5710.0
2020121704000858,GIC,29,26,10,571.0,5710.0
2020121704000917,GIC,13,26,10,571.0,5710.0
2020121704000916,GIC,13,48,10,571.0,5710.0
2020121704000915,GIC,13,49,10,571.0,5710.0
2020121704000914,GIC,13,14,10,571.0,5710.0
2020121704000913,GIC,13,29,30,571.0,17130.0
2020121704000887,GIC,48,29,10,571.0,5710.0
2020121704000932,GIC,22,47,10,571.0,5710.0
2020121704000928,GIC,22,36,10,571.0,5710.0
2020121704000926,GIC,22,49,10,571.0,5710.0
2020121704000925,GIC,22,26,10,571.0,5710.0
2020121704000923,GIC,22,1,10,570.0,5700.0
2020121704000918,GIC,22,1,10,570.0,5700.0
2020121704000946,GIC,22,59,10,571.0,5710.0
2020121704000945,GIC,22,19,10,571.0,5710.0
2020121704000941,GIC,53,49,10,571.0,5710.0
2020121704000940,GIC,53,36,10,571.0,5710.0
2020121704000939,GIC,53,36,10,571.0,5710.0
2020121704000938,GIC,53,19,10,571.0,5710.0
2020121704001023,GIC,3,38,10,572.0,5720.0
2020121704000986,GIC,29,8,250,573.0,143250.0
2020121704000966,GIC,56,52,10,572.0,5720.0
2020121704000963,GIC,22,48,10,571.0,5710.0
2020121704000951,GIC,22,48,10,571.0,5710.0
2020121704000947,GIC,22,42,10,571.0,5710.0
2020121704001037,GIC,3,48,10,572.0,5720.0
2020121704001035,GIC,3,34,10,572.0,5720.0
2020121704001032,GIC,3,22,10,572.0,5720.0
2020121704001030,GIC,49,18,22,574.0,12628.0
2020121704001029,GIC,49,21,10,573.0,5730.0
2020121704001028,GIC,3,41,10,572.0,5720.0
2020121704001087,GIC,3,49,10,572.0,5720.0
2020121704001084,GIC,3,7,10,572.0,5720.0
2020121704001072,GIC,3,37,10,572.0,5720.0
2020121704001058,GIC,3,33,10,572.0,5720.0
2020121704001057,GIC,3,34,10,572.0,5720.0
2020121704001042,GIC,55,41,10,575.0,5750.0
2020121704001111,GIC,49,29,10,571.0,5710.0
2020121704001103,GIC,28,48,10,573.0,5730.0
2020121704001102,GIC,28,48,10,573.0,5730.0
2020121704001095,GIC,49,40,10,571.0,5710.0
2020121704001089,GIC,49,49,170,571.0,97070.0
2020121704001088,GIC,22,49,20,571.0,11420.0
2020121704000865,GIMES1,14,10,"20,000",11.21,224200.0
2020121704000771,GIMES1,26,10,"10,000",11.21,112100.0
2020121704000768,GIMES1,26,10,"10,000",11.2,112000.0
2020121704000767,GIMES1,26,34,500,11.2,5600.0
2020121704000766,GIMES1,26,10,"2,500",11.19,27975.0
2020121704000758,GIMES1,26,10,"2,500",11.19,27975.0
2020121704000757,GIMES1,26,10,"7,500",11.19,83925.0
2020121704000751,GIMES1,26,10,"2,500",11.19,27975.0
2020121704000825,LEMF,42,49,"3,500",10.14,35490.0
2020121704000747,LEMF,42,17,500,10.14,5070.0
2020121704001022,LUK,58,42,500,9.26,4630.0
2020121704000708,LUK,39,39,200,9.25,1850.0
2020121704000901,NBF2,42,42,100,9.72,972.0
2020121704000900,NBF2,55,42,"1,000",9.75,9750.0
2020121704000899,NBF2,38,42,100,9.91,991.0
2020121704000698,NBF2,42,34,100,9.72,972.0
2020121704001127,NEF,46,45,"2,414",9.9,23898.6
2020121704001116,NEF,47,21,"2,414",9.85,23777.9
2020121704001114,NEF,47,21,"2,414",9.85,23777.9
2020121704001061,NEF,47,28,483,9.85,4757.55
2020121704001041,NEF,47,5,"2,144",9.85,21118.4
2020121704001040,NEF,58,5,"1,300",9.86,12818.0
2020121704000896,NEF,58,28,483,9.97,4815.51
2020121704001039,NEF,58,5,"1,223",9.86,12058.78
2020121704001038,NEF,41,5,965,9.9,9553.5
2020121704000985,NEF,41,28,483,9.9,4781.7
2020121704000968,NEF,41,39,386,9.9,3821.4
2020121704000906,NEF,41,59,"1,690",9.9,16731.0
2020121704000897,NEF,58,49,"2,414",9.97,24067.58
2020121704001094,NIBLPF,21,41,"2,525",10.1,25502.5
2020121704001065,NIBLPF,6,28,278,10.07,2799.46
2020121704001031,NIBLPF,6,44,"2,525",10.07,25426.75
2020121704000988,NIBLPF,6,28,278,10.07,2799.46
2020121704000974,NIBLPF,6,39,404,10.07,4068.28
2020121704000863,NIBLPF,28,44,"2,272",10.05,22833.6
2020121704000707,NIBLPF,7,16,"2,525",10.19,25729.75
2020121704001156,NIBPO,8,34,"1,631",455.0,742105.0
2020121704001152,NIBPO,8,6,"3,369",455.0,1532895.0
2020121704001151,NIBPO,39,6,231,456.0,105336.0
2020121704001149,NIBPO,39,46,100,456.0,45600.0
2020121704001141,NIBPO,39,6,100,456.0,45600.0
2020121704001129,NIBPO,39,49,80,456.0,36480.0
2020121704000789,NIBPO,42,34,"1,000",448.0,448000.0
2020121704000788,NIBPO,42,8,50,447.0,22350.0
2020121704000778,NIBPO,22,47,45,444.0,19980.0
2020121704000802,NIBPO,42,10,100,459.0,45900.0
2020121704000801,NIBPO,42,32,500,458.0,229000.0
2020121704000797,NIBPO,42,32,500,457.0,228500.0
2020121704000792,NIBPO,42,55,500,449.0,224500.0
2020121704000791,NIBPO,42,34,500,449.0,224500.0
2020121704000790,NIBPO,42,8,100,449.0,44900.0
2020121704000818,NIBPO,42,10,50,465.0,23250.0
2020121704000807,NIBPO,42,13,500,465.0,232500.0
2020121704000806,NIBPO,42,10,100,464.0,46400.0
2020121704000805,NIBPO,42,51,40,459.0,18360.0
2020121704000804,NIBPO,42,17,57,459.0,26163.0
2020121704000803,NIBPO,42,17,152,459.0,69768.0
2020121704001128,NIBPO,39,34,210,456.0,95760.0
2020121704001064,NIBPO,6,42,500,460.0,230000.0
2020121704001044,NIBPO,42,17,50,460.0,23000.0
2020121704000975,NIBPO,39,41,22,456.0,10032.0
2020121704000875,NIBPO,39,47,157,456.0,71592.0
2020121704000840,NIBPO,39,10,100,456.0,45600.0
2020121704001137,NIBSF1,26,32,"5,000",11.3,56500.0
2020121704001136,NIBSF1,26,32,"8,513",11.3,96196.9
2020121704001133,NIBSF1,26,10,"10,000",11.29,112900.0
2020121704001132,NIBSF1,26,10,"10,000",11.29,112900.0
2020121704001131,NIBSF1,26,21,"2,500",11.29,28225.0
2020121704001069,NIBSF1,26,1,"5,000",11.3,56500.0
2020121704000724,NIBSF1,26,43,"5,000",11.28,56400.0
2020121704000723,NIBSF1,26,21,"5,000",11.25,56250.0
2020121704000722,NIBSF1,26,28,500,11.2,5600.0
2020121704001068,NIBSF1,26,51,"2,000",11.3,22600.0
2020121704001067,NIBSF1,26,33,"10,000",11.29,112900.0
2020121704001066,NIBSF1,26,10,"10,000",11.28,112800.0
2020121704001043,NIBSF1,57,5,"5,000",11.15,55750.0
2020121704000726,NIBSF1,26,58,"3,000",11.3,33900.0
2020121704000725,NIBSF1,26,39,"2,100",11.28,23688.0
2020121704000886,NICBF,7,35,100,9.9,990.0
2020121704000760,NICBF,7,34,100,9.9,990.0
2020121704000669,NICBF,7,35,100,9.9,990.0
2020121704001145,NICGF,35,57,250,10.27,2567.5
2020121704001063,NICGF,29,34,"1,000",10.27,10270.0
2020121704000977,NICGF,48,59,"10,000",10.3,103000.0
2020121704000960,NICGF,10,59,"10,000",10.3,103000.0
2020121704000959,NICGF,48,59,"3,500",10.3,36050.0
2020121704000958,NICGF,48,59,"5,000",10.3,51500.0
2020121704000769,NICGF,58,59,"10,000",10.3,103000.0
2020121704000681,NICGF,17,45,"2,000",10.25,20500.0
2020121704000676,NICGF,58,59,"4,000",10.3,41200.0
2020121704000675,NICGF,58,19,"1,000",10.3,10300.0
2020121704000957,NICGF,48,59,"5,000",10.3,51500.0
2020121704000956,NICGF,48,59,"5,000",10.3,51500.0
2020121704000955,NICGF,48,59,"5,000",10.3,51500.0
2020121704000954,NICGF,17,59,"10,000",10.31,103100.0
2020121704000813,NICGF,49,59,"182,100",10.3,1875630.0
2020121704000782,NICGF,49,59,"3,900",10.3,40170.0
2020121704001104,NMB50,39,19,200,10.29,2058.0
2020121704001099,NMB50,39,19,800,10.29,8232.0
2020121704001098,NMB50,39,54,200,10.29,2058.0
2020121704001096,NMB50,39,58,500,10.23,5115.0
2020121704001091,NMB50,39,57,100,10.2,1020.0
2020121704001090,NMB50,39,14,100,10.2,1020.0
2020121704001085,NMB50,39,48,300,10.18,3054.0
2020121704000984,NMB50,29,49,"1,000",10.15,10150.0
2020121704000891,NMB50,47,35,100,10.14,1014.0
2020121704000673,NMB50,29,34,500,10.09,5045.0
2020121704001123,NMBHF1,49,21,"4,161",9.89,41152.29
2020121704001119,NMBHF1,49,21,"4,161",9.89,41152.29
2020121704001112,NMBHF1,49,21,"4,161",9.89,41152.29
2020121704001048,NMBHF1,49,5,887,9.89,8772.43
2020121704001047,NMBHF1,58,5,"7,000",9.89,69230.0
2020121704000950,NMBHF1,42,44,"3,501",10.01,35045.01
2020121704000949,NMBHF1,42,50,"2,483",10.01,24854.83
2020121704000860,NMBHF1,21,50,"1,678",10.03,16830.34
2020121704000816,NMBHF1,21,37,"4,161",10.03,41734.83
2020121704000772,NMBHF1,21,37,"4,161",10.03,41734.83
2020121704000694,NMBHF1,42,16,"3,198",10.01,32011.98
2020121704000693,NMBHF1,45,16,963,10.02,9649.26
2020121704001150,RBCLPO,33,43,40,14101.0,564040.0
2020121704001055,RBCLPO,33,6,30,14101.0,423030.0
2020121704001054,RBCLPO,33,6,20,14101.0,282020.0
2020121704001053,RBCLPO,47,6,10,14102.0,141020.0
2020121704001155,SAEF,6,56,"10,000",11.0,110000.0
2020121704001144,SAEF,58,28,"2,000",11.0,22000.0
2020121704001113,SAEF,22,59,"3,900",10.98,42822.0
2020121704001109,SAEF,1,59,"4,000",10.98,43920.0
2020121704001100,SAEF,49,59,"10,000",10.98,109800.0
2020121704001049,SAEF,56,57,500,10.95,5475.0
2020121704000934,SAEF,17,28,"3,000",11.0,33000.0
2020121704000721,SAEF,26,49,"5,000",11.0,55000.0
2020121704000720,SAEF,26,59,"6,500",11.0,71500.0
2020121704000699,SAEF,47,59,"30,000",11.0,330000.0
2020121704001076,SEF,14,14,"100,000",10.45,1045000.0
2020121704001075,SEF,14,48,300,10.45,3135.0
2020121704001074,SEF,14,48,300,10.45,3135.0
2020121704001073,SEF,14,42,"2,000",10.45,20900.0
2020121704001071,SEF,49,34,"1,000",10.36,10360.0
2020121704001051,SEF,42,57,500,10.36,5180.0
2020121704000714,SEF,14,19,"10,000",10.5,105000.0
2020121704000713,SEF,14,19,"2,500",10.5,26250.0
2020121704000712,SEF,14,19,"5,000",10.49,52450.0
2020121704000711,SEF,14,52,"2,000",10.49,20980.0
2020121704000670,SEF,42,56,"5,000",10.33,51650.0
2020121704001021,SEF,42,43,"1,000",10.36,10360.0
2020121704001020,SEF,10,43,"10,000",10.37,103700.0
2020121704000880,SEF,45,32,500,10.5,5250.0
2020121704000717,SEF,14,19,"20,000",10.5,210000.0
2020121704000716,SEF,14,51,"1,000",10.5,10500.0
2020121704000715,SEF,14,19,"20,000",10.5,210000.0
2020121704000920,SFMF,42,50,100,10.2,1020.0
2020121704000812,SFMF,42,46,"1,100",10.2,11220.0
2020121704000688,SFMF,42,49,500,10.2,5100.0
2020121704000687,SFMF,42,21,500,10.2,5100.0
2020121704000686,SFMF,42,49,300,10.2,3060.0
2020121704001154,SGI,41,41,10,600.0,6000.0
2020121704001147,SGI,42,4,10,600.0,6000.0
2020121704001146,SGI,42,35,10,600.0,6000.0
2020121704001143,SGI,42,46,10,600.0,6000.0
2020121704001142,SGI,42,59,10,600.0,6000.0
2020121704001140,SGI,42,51,10,600.0,6000.0
2020121704000661,SGI,42,59,10,603.0,6030.0
2020121704000660,SGI,42,26,10,603.0,6030.0
2020121704000659,SGI,42,58,10,603.0,6030.0
2020121704000657,SGI,42,37,10,603.0,6030.0
2020121704000674,SGI,42,57,10,603.0,6030.0
2020121704000667,SGI,42,14,10,603.0,6030.0
2020121704000665,SGI,42,38,10,603.0,6030.0
2020121704000664,SGI,42,46,10,603.0,6030.0
2020121704000663,SGI,42,25,10,603.0,6030.0
2020121704000662,SGI,42,38,10,603.0,6030.0
2020121704000689,SGI,42,59,10,603.0,6030.0
2020121704000685,SGI,42,41,10,603.0,6030.0
2020121704000683,SGI,42,25,10,603.0,6030.0
2020121704000680,SGI,42,7,10,603.0,6030.0
2020121704000679,SGI,42,35,10,603.0,6030.0
2020121704000677,SGI,42,7,10,603.0,6030.0
2020121704000702,SGI,8,16,10,602.0,6020.0
2020121704000701,SGI,8,38,10,602.0,6020.0
2020121704000700,SGI,8,39,10,602.0,6020.0
2020121704000697,SGI,8,38,10,602.0,6020.0
2020121704000695,SGI,8,16,10,602.0,6020.0
2020121704000691,SGI,42,11,10,603.0,6030.0
2020121704000729,SGI,16,16,10,601.0,6010.0
2020121704000727,SGI,16,16,10,601.0,6010.0
2020121704000718,SGI,16,58,10,601.0,6010.0
2020121704000710,SGI,8,25,10,602.0,6020.0
2020121704000705,SGI,8,16,10,602.0,6020.0
2020121704000703,SGI,8,57,10,602.0,6020.0
2020121704000743,SGI,54,16,10,602.0,6020.0
2020121704000742,SGI,16,21,10,601.0,6010.0
2020121704000738,SGI,16,8,10,601.0,6010.0
2020121704000736,SGI,16,58,10,601.0,6010.0
2020121704000733,SGI,16,45,10,601.0,6010.0
2020121704000732,SGI,16,45,10,601.0,6010.0
2020121704000754,SGI,16,21,10,601.0,6010.0
2020121704000753,SGI,16,22,10,601.0,6010.0
2020121704000752,SGI,19,52,10,602.0,6020.0
2020121704000748,SGI,16,48,10,601.0,6010.0
2020121704000746,SGI,16,45,10,601.0,6010.0
2020121704000744,SGI,54,7,10,602.0,6020.0
2020121704000793,SGI,16,21,10,601.0,6010.0
2020121704000776,SGI,16,1,10,601.0,6010.0
2020121704000764,SGI,16,42,10,601.0,6010.0
2020121704000759,SGI,16,21,10,601.0,6010.0
2020121704000756,SGI,16,21,10,601.0,6010.0
2020121704000755,SGI,16,58,10,601.0,6010.0
2020121704000810,SGI,11,34,10,602.0,6020.0
2020121704000809,SGI,11,59,10,602.0,6020.0
2020121704000808,SGI,16,21,10,601.0,6010.0
2020121704000800,SGI,16,7,10,601.0,6010.0
2020121704000798,SGI,16,21,10,601.0,6010.0
2020121704000795,SGI,16,58,10,601.0,6010.0
2020121704000837,SGI,8,52,10,601.0,6010.0
2020121704000831,SGI,8,18,10,601.0,6010.0
2020121704000824,SGI,8,21,10,601.0,6010.0
2020121704000821,SGI,8,41,10,601.0,6010.0
2020121704000817,SGI,52,17,10,601.0,6010.0
2020121704000811,SGI,52,16,10,601.0,6010.0
2020121704000854,SGI,8,49,10,601.0,6010.0
2020121704000851,SGI,8,28,10,601.0,6010.0
2020121704000848,SGI,8,56,10,601.0,6010.0
2020121704000846,SGI,8,17,10,601.0,6010.0
2020121704000843,SGI,8,17,10,601.0,6010.0
2020121704000842,SGI,8,42,10,601.0,6010.0
2020121704000867,SGI,8,26,60,601.0,36060.0
2020121704000866,SGI,56,26,25,602.0,15050.0
2020121704000864,SGI,8,21,10,601.0,6010.0
2020121704000862,SGI,8,21,10,601.0,6010.0
2020121704000861,SGI,8,59,10,601.0,6010.0
2020121704000855,SGI,8,45,10,601.0,6010.0
2020121704000873,SGI,58,26,81,600.0,48600.0
2020121704000872,SGI,36,26,100,600.0,60000.0
2020121704000871,SGI,6,26,150,600.0,90000.0
2020121704000870,SGI,56,26,10,601.0,6010.0
2020121704000869,SGI,57,26,24,601.0,14424.0
2020121704000868,SGI,54,26,50,601.0,30050.0
2020121704000888,SGI,34,49,10,600.0,6000.0
2020121704000885,SGI,34,10,10,600.0,6000.0
2020121704000883,SGI,34,11,10,600.0,6000.0
2020121704000881,SGI,34,36,10,600.0,6000.0
2020121704000876,SGI,34,36,10,600.0,6000.0
2020121704000874,SGI,58,47,9,600.0,5400.0
2020121704000902,SGI,34,58,10,600.0,6000.0
2020121704000898,SGI,34,26,10,600.0,6000.0
2020121704000895,SGI,34,26,10,600.0,6000.0
2020121704000893,SGI,34,22,10,600.0,6000.0
2020121704000890,SGI,34,58,10,600.0,6000.0
2020121704000889,SGI,34,58,10,600.0,6000.0
2020121704000924,SGI,34,38,10,600.0,6000.0
2020121704000921,SGI,34,51,10,600.0,6000.0
2020121704000919,SGI,34,18,10,600.0,6000.0
2020121704000905,SGI,34,26,10,600.0,6000.0
2020121704000904,SGI,34,59,10,600.0,6000.0
2020121704000903,SGI,34,52,10,600.0,6000.0
2020121704000935,SGI,22,59,10,600.0,6000.0
2020121704000933,SGI,22,47,10,600.0,6000.0
2020121704000931,SGI,22,22,10,600.0,6000.0
2020121704000930,SGI,34,38,10,600.0,6000.0
2020121704000929,SGI,34,29,10,600.0,6000.0
2020121704000927,SGI,34,7,10,600.0,6000.0
2020121704000948,SGI,34,21,10,600.0,6000.0
2020121704000944,SGI,34,42,10,600.0,6000.0
2020121704000943,SGI,34,36,10,600.0,6000.0
2020121704000942,SGI,34,22,10,600.0,6000.0
2020121704000937,SGI,22,18,10,600.0,6000.0
2020121704000936,SGI,22,22,10,600.0,6000.0
2020121704000965,SGI,34,59,10,600.0,6000.0
2020121704000964,SGI,34,49,10,600.0,6000.0
2020121704000962,SGI,34,48,10,600.0,6000.0
2020121704000961,SGI,21,49,10,600.0,6000.0
2020121704000953,SGI,21,57,50,600.0,30000.0
2020121704000952,SGI,34,57,160,600.0,96000.0
2020121704000973,SGI,51,45,10,601.0,6010.0
2020121704000972,SGI,51,18,10,601.0,6010.0
2020121704000971,SGI,34,1,10,600.0,6000.0
2020121704000970,SGI,34,49,10,600.0,6000.0
2020121704000969,SGI,34,49,10,600.0,6000.0
2020121704000967,SGI,34,59,10,600.0,6000.0
2020121704000982,SGI,59,59,500,600.0,300000.0
2020121704000981,SGI,19,59,25,600.0,15000.0
2020121704000980,SGI,41,59,10,600.0,6000.0
2020121704000979,SGI,34,59,410,600.0,246000.0
2020121704000978,SGI,34,38,10,600.0,6000.0
2020121704000976,SGI,34,58,10,600.0,6000.0
2020121704000993,SGI,16,29,10,600.0,6000.0
2020121704000992,SGI,16,36,10,600.0,6000.0
2020121704000991,SGI,16,52,20,600.0,12000.0
2020121704000989,SGI,16,36,10,600.0,6000.0
2020121704000987,SGI,16,49,10,600.0,6000.0
2020121704000983,SGI,16,59,45,600.0,27000.0
2020121704000999,SGI,45,13,10,602.0,6020.0
2020121704000998,SGI,45,45,10,602.0,6020.0
2020121704000997,SGI,45,45,10,602.0,6020.0
2020121704000996,SGI,45,13,10,602.0,6020.0
2020121704000995,SGI,45,59,10,602.0,6020.0
2020121704000994,SGI,45,48,10,601.0,6010.0
2020121704001005,SGI,45,13,10,602.0,6020.0
2020121704001004,SGI,45,38,10,602.0,6020.0
2020121704001003,SGI,45,3,10,602.0,6020.0
2020121704001002,SGI,45,45,10,602.0,6020.0
2020121704001001,SGI,45,47,10,602.0,6020.0
2020121704001000,SGI,45,45,10,602.0,6020.0
2020121704001011,SGI,45,59,10,602.0,6020.0
2020121704001010,SGI,45,38,10,602.0,6020.0
2020121704001009,SGI,45,58,10,602.0,6020.0
2020121704001008,SGI,45,35,10,602.0,6020.0
2020121704001007,SGI,45,35,10,602.0,6020.0
2020121704001006,SGI,45,52,10,602.0,6020.0
2020121704001017,SGI,45,56,10,602.0,6020.0
2020121704001016,SGI,45,49,10,602.0,6020.0
2020121704001015,SGI,45,18,10,602.0,6020.0
2020121704001014,SGI,45,1,10,602.0,6020.0
2020121704001013,SGI,45,18,10,602.0,6020.0
2020121704001012,SGI,45,49,10,602.0,6020.0
2020121704001046,SGI,16,34,10,600.0,6000.0
2020121704001036,SGI,55,51,10,602.0,6020.0
2020121704001034,SGI,16,42,10,600.0,6000.0
2020121704001033,SGI,16,22,10,600.0,6000.0
2020121704001019,SGI,45,26,10,602.0,6020.0
2020121704001018,SGI,45,36,10,602.0,6020.0
2020121704001062,SGI,16,33,10,600.0,6000.0
2020121704001060,SGI,16,37,10,600.0,6000.0
2020121704001059,SGI,16,37,10,600.0,6000.0
2020121704001056,SGI,16,37,10,600.0,6000.0
2020121704001052,SGI,16,37,10,600.0,6000.0
2020121704001050,SGI,16,21,10,600.0,6000.0
2020121704001081,SGI,38,49,50,600.0,30000.0
2020121704001080,SGI,10,49,50,600.0,30000.0
2020121704001079,SGI,16,49,275,600.0,165000.0
2020121704001078,SGI,16,57,10,600.0,6000.0
2020121704001077,SGI,16,34,10,600.0,6000.0
2020121704001070,SGI,16,34,10,600.0,6000.0
2020121704001097,SGI,57,36,10,600.0,6000.0
2020121704001093,SGI,57,16,10,600.0,6000.0
2020121704001092,SGI,57,40,10,600.0,6000.0
2020121704001086,SGI,57,16,10,600.0,6000.0
2020121704001083,SGI,40,49,95,600.0,57000.0
2020121704001082,SGI,54,49,30,600.0,18000.0
2020121704001110,SGI,57,43,10,600.0,6000.0
2020121704001108,SGI,57,53,10,600.0,6000.0
2020121704001107,SGI,57,34,10,600.0,6000.0
2020121704001106,SGI,14,42,50,603.0,30150.0
2020121704001105,SGI,57,59,10,600.0,6000.0
2020121704001101,SGI,57,44,10,600.0,6000.0
2020121704001139,SGI,4,37,10,600.0,6000.0
2020121704001138,SGI,4,43,10,600.0,6000.0
2020121704001134,SGI,4,41,10,600.0,6000.0
2020121704001125,SGI,4,51,10,600.0,6000.0
2020121704001118,SGI,4,43,10,600.0,6000.0
2020121704001115,SGI,57,48,10,600.0,6000.0
2020121704001045,STC,8,58,20,5501.0,110020.0
2020121704001027,STC,13,40,30,5515.0,165450.0
2020121704001026,STC,43,40,30,5525.0,165750.0
2020121704001025,STC,13,40,30,5525.0,165750.0
2020121704001024,STC,49,40,10,5526.0,55260.0
2020121704000892,STC,55,6,10,5594.0,55940.0
2020121704000828,STC,59,10,10,5595.0,55950.0
2020121704000447,BBC,45,36,50,2800.0,140000.0
2020121704000422,BBC,56,36,10,2800.0,28000.0
2020121704000414,BBC,19,36,20,2800.0,56000.0
2020121704000369,BBC,10,56,70,2800.0,196000.0
2020121704000364,BBC,10,36,100,2800.0,280000.0
2020121704000339,BBC,43,56,100,2770.0,277000.0
2020121704000167,BBC,53,32,20,2750.0,55000.0
2020121704000487,CCBLPO,34,32,"106,000",112.0,11872000.0
2020121704000482,CCBLPO,34,32,"19,000",112.0,2128000.0
2020121704000569,CMF1,42,47,"49,900",10.0,499000.0
2020121704000568,CMF1,42,1,"1,000",10.0,10000.0
2020121704000567,CMF1,42,42,100,10.0,1000.0
2020121704000493,CMF1,1,20,"1,000",9.9,9900.0
2020121704000405,CMF1,7,42,400,10.0,4000.0
2020121704000651,GIC,37,36,10,574.0,5740.0
2020121704000650,GIC,37,25,10,574.0,5740.0
2020121704000648,GIC,55,25,10,573.0,5730.0
2020121704000637,GIC,55,25,10,573.0,5730.0
2020121704000634,GIC,55,25,10,573.0,5730.0
2020121704000632,GIC,55,26,10,573.0,5730.0
2020121704000165,GIC,54,34,10,574.0,5740.0
2020121704000164,GIC,54,19,10,574.0,5740.0
2020121704000163,GIC,54,43,10,574.0,5740.0
2020121704000182,GIC,54,5,10,574.0,5740.0
2020121704000180,GIC,54,28,10,574.0,5740.0
2020121704000178,GIC,54,47,10,574.0,5740.0
2020121704000177,GIC,54,40,10,574.0,5740.0
2020121704000175,GIC,54,32,10,574.0,5740.0
2020121704000168,GIC,54,50,10,574.0,5740.0
2020121704000202,GIC,54,21,10,574.0,5740.0
2020121704000201,GIC,54,38,10,574.0,5740.0
2020121704000198,GIC,54,21,10,574.0,5740.0
2020121704000195,GIC,54,47,10,574.0,5740.0
2020121704000194,GIC,54,47,10,574.0,5740.0
2020121704000193,GIC,54,21,10,574.0,5740.0
2020121704000226,GIC,14,8,10,574.0,5740.0
2020121704000225,GIC,14,13,10,574.0,5740.0
2020121704000221,GIC,54,11,10,574.0,5740.0
2020121704000220,GIC,54,6,10,574.0,5740.0
2020121704000217,GIC,54,57,10,574.0,5740.0
2020121704000209,GIC,54,10,10,574.0,5740.0
2020121704000237,GIC,56,8,10,572.0,5720.0
2020121704000236,GIC,56,13,10,572.0,5720.0
2020121704000235,GIC,56,1,10,572.0,5720.0
2020121704000229,GIC,14,37,10,574.0,5740.0
2020121704000228,GIC,14,56,10,574.0,5740.0
2020121704000227,GIC,14,16,10,574.0,5740.0
2020121704000261,GIC,16,42,10,573.0,5730.0
2020121704000259,GIC,56,26,10,572.0,5720.0
2020121704000258,GIC,56,49,10,572.0,5720.0
2020121704000257,GIC,16,56,10,574.0,5740.0
2020121704000245,GIC,16,50,10,574.0,5740.0
2020121704000239,GIC,56,49,10,572.0,5720.0
2020121704000269,GIC,56,33,10,572.0,5720.0
2020121704000268,GIC,16,11,10,573.0,5730.0
2020121704000267,GIC,56,50,10,572.0,5720.0
2020121704000266,GIC,56,3,10,572.0,5720.0
2020121704000265,GIC,38,53,10,574.0,5740.0
2020121704000264,GIC,56,39,10,572.0,5720.0
2020121704000292,GIC,56,59,10,572.0,5720.0
2020121704000291,GIC,56,32,10,572.0,5720.0
2020121704000285,GIC,56,28,10,572.0,5720.0
2020121704000278,GIC,56,34,10,572.0,5720.0
2020121704000277,GIC,56,43,10,572.0,5720.0
2020121704000270,GIC,56,5,10,572.0,5720.0
2020121704000305,GIC,42,19,10,573.0,5730.0
2020121704000303,GIC,42,14,10,573.0,5730.0
2020121704000302,GIC,42,13,10,573.0,5730.0
2020121704000300,GIC,42,41,10,573.0,5730.0
2020121704000295,GIC,42,57,10,573.0,5730.0
2020121704000293,GIC,56,32,10,572.0,5720.0
2020121704000316,GIC,43,41,10,573.0,5730.0
2020121704000315,GIC,56,19,10,572.0,5720.0
2020121704000313,GIC,56,56,10,572.0,5720.0
2020121704000312,GIC,56,41,10,572.0,5720.0
2020121704000310,GIC,42,41,40,573.0,22920.0
2020121704000309,GIC,42,57,10,573.0,5730.0
2020121704000346,GIC,56,38,10,572.0,5720.0
2020121704000333,GIC,56,54,10,572.0,5720.0
2020121704000330,GIC,56,45,10,572.0,5720.0
2020121704000329,GIC,56,4,10,572.0,5720.0
2020121704000319,GIC,56,55,10,572.0,5720.0
2020121704000317,GIC,43,1,10,573.0,5730.0
2020121704000367,GIC,56,57,10,572.0,5720.0
2020121704000366,GIC,56,42,10,572.0,5720.0
2020121704000363,GIC,56,6,10,572.0,5720.0
2020121704000358,GIC,56,44,10,572.0,5720.0
2020121704000357,GIC,56,45,10,572.0,5720.0
2020121704000352,GIC,56,35,10,572.0,5720.0
2020121704000382,GIC,3,7,10,573.0,5730.0
2020121704000381,GIC,3,6,10,573.0,5730.0
2020121704000380,GIC,3,47,10,573.0,5730.0
2020121704000379,GIC,3,6,10,573.0,5730.0
2020121704000378,GIC,3,6,10,573.0,5730.0
2020121704000377,GIC,3,56,10,573.0,5730.0
2020121704000389,GIC,56,45,10,572.0,5720.0
2020121704000388,GIC,56,6,10,572.0,5720.0
2020121704000387,GIC,56,6,10,572.0,5720.0
2020121704000385,GIC,3,6,10,573.0,5730.0
2020121704000384,GIC,3,6,10,573.0,5730.0
2020121704000383,GIC,3,45,10,573.0,5730.0
2020121704000403,GIC,14,57,10,572.0,5720.0
2020121704000401,GIC,14,6,10,572.0,5720.0
2020121704000397,GIC,14,39,10,572.0,5720.0
2020121704000394,GIC,14,49,10,572.0,5720.0
2020121704000392,GIC,14,55,10,572.0,5720.0
2020121704000391,GIC,14,57,10,572.0,5720.0
2020121704000428,GIC,29,13,10,571.0,5710.0
2020121704000423,GIC,39,45,10,570.0,5700.0
2020121704000417,GIC,14,1,10,572.0,5720.0
2020121704000416,GIC,14,52,10,572.0,5720.0
2020121704000413,GIC,14,45,10,572.0,5720.0
2020121704000406,GIC,14,7,10,572.0,5720.0
2020121704000440,GIC,38,45,10,571.0,5710.0
2020121704000433,GIC,29,6,10,575.0,5750.0
2020121704000432,GIC,29,45,990,575.0,569250.0
2020121704000431,GIC,29,59,10,575.0,5750.0
2020121704000430,GIC,29,41,10,574.0,5740.0
2020121704000429,GIC,29,45,10,574.0,5740.0
2020121704000467,GIC,53,45,10,570.0,5700.0
2020121704000465,GIC,57,42,10,571.0,5710.0
2020121704000464,GIC,57,8,10,571.0,5710.0
2020121704000463,GIC,57,59,10,571.0,5710.0
2020121704000462,GIC,57,58,10,571.0,5710.0
2020121704000461,GIC,57,47,10,571.0,5710.0
2020121704000489,GIC,22,45,10,570.0,5700.0
2020121704000485,GIC,22,26,10,570.0,5700.0
2020121704000484,GIC,53,55,10,570.0,5700.0
2020121704000481,GIC,53,58,10,570.0,5700.0
2020121704000470,GIC,53,14,10,570.0,5700.0
2020121704000468,GIC,53,45,10,570.0,5700.0
2020121704000499,GIC,29,42,10,571.0,5710.0
2020121704000498,GIC,29,7,10,571.0,5710.0
2020121704000497,GIC,29,51,10,571.0,5710.0
2020121704000496,GIC,29,34,10,571.0,5710.0
2020121704000495,GIC,29,13,10,571.0,5710.0
2020121704000494,GIC,29,40,10,571.0,5710.0
2020121704000536,GIC,41,26,10,575.0,5750.0
2020121704000535,GIC,41,34,10,575.0,5750.0
2020121704000534,GIC,41,42,10,575.0,5750.0
2020121704000532,GIC,38,16,10,572.0,5720.0
2020121704000531,GIC,38,4,10,572.0,5720.0
2020121704000501,GIC,22,45,10,570.0,5700.0
2020121704000564,GIC,38,29,10,572.0,5720.0
2020121704000563,GIC,38,41,10,572.0,5720.0
2020121704000545,GIC,38,49,10,572.0,5720.0
2020121704000539,GIC,41,34,10,575.0,5750.0
2020121704000538,GIC,41,34,10,575.0,5750.0
2020121704000537,GIC,41,34,10,575.0,5750.0
2020121704000630,GIC,45,4,10,576.0,5760.0
2020121704000620,GIC,48,49,20,572.0,11440.0
2020121704000619,GIC,48,26,10,572.0,5720.0
2020121704000606,GIC,48,22,10,572.0,5720.0
2020121704000591,GIC,6,19,10,572.0,5720.0
2020121704000565,GIC,22,26,10,570.0,5700.0
2020121704000645,GIMES1,47,10,"10,000",11.15,111500.0
2020121704000644,GIMES1,47,10,"5,000",11.13,55650.0
2020121704000643,GIMES1,47,10,"5,000",11.12,55600.0
2020121704000642,GIMES1,47,10,"5,000",11.11,55550.0
2020121704000617,GIMES1,21,10,"1,000",11.1,11100.0
2020121704000616,GIMES1,21,10,"2,000",11.1,22200.0
2020121704000230,GIMES1,21,17,"2,000",11.1,22200.0
2020121704000222,GIMES1,7,6,"1,500",11.0,16500.0
2020121704000615,GIMES1,21,10,"2,000",11.11,22220.0
2020121704000438,GIMES1,14,6,"1,000",11.2,11200.0
2020121704000320,GIMES1,3,39,"5,000",11.0,55000.0
2020121704000233,GIMES1,21,49,"1,000",11.1,11100.0
2020121704000232,GIMES1,21,17,"1,000",11.1,11100.0
2020121704000231,GIMES1,21,17,"2,000",11.1,22200.0
2020121704000605,LEMF,42,45,"15,600",10.14,158184.0
2020121704000510,LEMF,42,37,"3,000",10.14,30420.0
2020121704000509,LEMF,42,22,300,10.14,3042.0
2020121704000508,LEMF,42,28,"2,000",10.14,20280.0
2020121704000480,LEMF,14,37,"1,000",9.95,9950.0
2020121704000587,LUK,19,28,500,9.23,4615.0
2020121704000500,LUK,19,1,100,9.23,923.0
2020121704000342,LUK,17,1,"1,000",9.22,9220.0
2020121704000307,LUK,17,56,100,9.22,922.0
2020121704000528,NBF2,42,6,500,9.72,4860.0
2020121704000157,NBF2,53,6,400,9.64,3856.0
2020121704000525,NEF,42,49,"100,000",10.17,1017000.0
2020121704000524,NEF,42,39,"1,127",10.17,11461.59
2020121704000523,NEF,42,16,"2,414",10.15,24502.1
2020121704000522,NEF,42,46,"1,239",10.15,12575.85
2020121704000521,NEF,42,58,"2,414",10.0,24140.0
2020121704000520,NEF,42,41,"1,127",10.0,11270.0
2020121704000252,NEF,58,17,"1,277",9.86,12591.22
2020121704000251,NEF,53,17,"1,137",9.87,11222.19
2020121704000240,NEF,53,17,483,9.87,4767.21
2020121704000238,NEF,53,17,"2,414",9.87,23826.18
2020121704000215,NEF,17,6,"2,414",9.9,23898.6
2020121704000471,NEF,41,13,241,9.9,2385.9
2020121704000444,NEF,7,11,182,10.0,1820.0
2020121704000443,NEF,7,11,241,10.0,2410.0
2020121704000437,NEF,41,13,241,9.9,2385.9
2020121704000281,NEF,58,48,"2,414",9.98,24091.72
2020121704000255,NEF,58,6,"2,414",9.9,23898.6
2020121704000519,NEF,42,46,"1,239",10.0,12390.0
2020121704000518,NEF,42,42,"1,127",10.0,11270.0
2020121704000517,NEF,42,58,724,10.0,7240.0
2020121704000516,NEF,42,11,241,10.0,2410.0
2020121704000515,NEF,42,42,"1,127",10.0,11270.0
2020121704000514,NEF,42,11,542,10.0,5420.0
2020121704000626,NIBLPF,42,44,253,10.39,2628.67
2020121704000624,NIBLPF,17,17,253,10.48,2651.44
2020121704000560,NIBLPF,42,49,"100,000",10.39,1039000.0
2020121704000559,NIBLPF,42,34,"2,525",10.35,26133.75
2020121704000558,NIBLPF,42,41,"1,025",10.35,10608.75
2020121704000556,NIBLPF,42,43,505,10.3,5201.5
2020121704000412,NIBLPF,7,46,100,10.1,1010.0
2020121704000549,NIBLPF,42,42,"2,525",10.3,26007.5
2020121704000548,NIBLPF,42,6,"2,525",10.2,25755.0
2020121704000547,NIBLPF,42,28,278,10.1,2807.8
2020121704000427,NIBLPF,47,46,"2,525",10.1,25502.5
2020121704000426,NIBLPF,47,35,"1,400",10.1,14140.0
2020121704000425,NIBLPF,47,46,"2,425",10.1,24492.5
2020121704000555,NIBLPF,42,43,505,10.3,5201.5
2020121704000554,NIBLPF,42,13,763,10.3,7858.9
2020121704000553,NIBLPF,42,13,258,10.3,2657.4
2020121704000552,NIBLPF,42,13,258,10.3,2657.4
2020121704000551,NIBLPF,42,28,278,10.3,2863.4
2020121704000550,NIBLPF,42,13,969,10.3,9980.7
2020121704000526,NIBPO,44,55,20,442.0,8840.0
2020121704000362,NIBPO,4,53,"5,000",441.0,2205000.0
2020121704000361,NIBPO,8,53,"1,000",442.0,442000.0
2020121704000262,NIBPO,3,21,500,442.0,221000.0
2020121704000197,NIBPO,43,6,100,450.0,45000.0
2020121704000192,NIBPO,5,6,500,450.0,225000.0
2020121704000191,NIBPO,56,6,200,450.0,90000.0
2020121704000190,NIBPO,56,10,200,450.0,90000.0
2020121704000174,NIBPO,56,38,100,450.0,45000.0
2020121704000331,NIBSF1,41,21,"1,850",11.2,20720.0
2020121704000314,NIBSF1,41,14,"3,150",11.2,35280.0
2020121704000224,NIBSF1,58,21,"1,000",11.06,11060.0
2020121704000223,NIBSF1,59,21,"5,000",11.07,55350.0
2020121704000166,NIBSF1,58,49,"1,000",11.06,11060.0
2020121704000404,NICBF,29,21,500,9.76,4880.0
2020121704000324,NICBF,29,21,500,9.9,4950.0
2020121704000323,NICBF,29,49,500,9.9,4950.0
2020121704000322,NICBF,29,49,"1,000",9.9,9900.0
2020121704000321,NICBF,29,28,500,9.89,4945.0
2020121704000298,NICBF,29,28,500,9.89,4945.0
2020121704000297,NICBF,29,21,500,9.89,4945.0
2020121704000296,NICBF,29,28,"1,000",9.85,9850.0
2020121704000631,NICGF,17,22,100,10.5,1050.0
2020121704000540,NICGF,49,59,"96,100",10.3,989830.0
2020121704000504,NICGF,34,20,"1,000",10.22,10220.0
2020121704000448,NICGF,17,59,"3,900",10.4,40560.0
2020121704000424,NICGF,17,41,600,10.4,6240.0
2020121704000325,NICGF,17,14,500,10.4,5200.0
2020121704000280,NICGF,22,10,100,10.52,1052.0
2020121704000263,NICGF,22,41,100,10.5,1050.0
2020121704000218,NICGF,17,10,"2,500",10.4,26000.0
2020121704000171,NICGF,17,49,500,10.4,5200.0
2020121704000304,NMB50,29,50,200,10.01,2002.0
2020121704000543,NMBHF1,42,46,"4,161",10.01,41651.61
2020121704000542,NMBHF1,42,13,"4,161",10.0,41610.0
2020121704000541,NMBHF1,42,6,"2,496",10.0,24960.0
2020121704000474,NMBHF1,58,13,416,9.87,4105.92
2020121704000439,NMBHF1,58,13,416,9.87,4105.92
2020121704000350,NMBHF1,58,46,"4,161",9.89,41152.29
2020121704000345,NMBHF1,58,1,"2,080",9.86,20508.8
2020121704000372,RBCLPO,33,39,10,14101.0,141010.0
2020121704000360,RBCLPO,56,32,20,14161.0,283220.0
2020121704000337,RBCLPO,45,38,30,14100.0,423000.0
2020121704000205,RBCLPO,16,19,20,13894.0,277880.0
2020121704000204,RBCLPO,43,19,10,14000.0,140000.0
2020121704000173,RBCLPO,16,38,20,14000.0,280000.0
2020121704000172,RBCLPO,16,38,10,14000.0,140000.0
2020121704000656,SAEF,6,59,"5,000",11.0,55000.0
2020121704000655,SAEF,42,59,"98,500",11.0,1083500.0
2020121704000654,SAEF,26,59,"5,000",11.01,55050.0
2020121704000653,SAEF,49,59,"5,000",11.02,55100.0
2020121704000588,SAEF,42,14,"1,000",11.0,11000.0
2020121704000572,SAEF,42,14,500,11.0,5500.0
2020121704000570,SAEF,38,10,"3,000",11.15,33450.0
2020121704000530,SAEF,42,59,"47,000",11.09,521230.0
2020121704000506,SAEF,6,20,"5,000",10.88,54400.0
2020121704000453,SAEF,14,59,"5,000",11.09,55450.0
2020121704000452,SAEF,45,59,"48,000",11.1,532800.0
2020121704000445,SAEF,45,59,"2,000",11.1,22200.0
2020121704000647,SEF,42,1,"1,000",10.33,10330.0
2020121704000586,SEF,42,14,500,10.54,5270.0
2020121704000585,SEF,42,32,"1,000",10.54,10540.0
2020121704000584,SEF,42,11,"5,000",10.54,52700.0
2020121704000583,SEF,42,11,"1,000",10.54,10540.0
2020121704000582,SEF,42,11,"2,000",10.54,21080.0
2020121704000340,SEF,29,21,"1,500",10.28,15420.0
2020121704000435,SEF,14,41,"1,000",10.28,10280.0
2020121704000419,SEF,14,46,"1,300",10.28,13364.0
2020121704000418,SEF,41,46,"1,700",10.28,17476.0
2020121704000390,SEF,29,6,500,10.28,5140.0
2020121704000344,SEF,29,21,"1,500",10.28,15420.0
2020121704000341,SEF,29,21,"1,500",10.28,15420.0
2020121704000575,SEF,42,19,"10,000",10.39,103900.0
2020121704000574,SEF,42,46,500,10.3,5150.0
2020121704000573,SEF,42,46,"1,400",10.3,14420.0
2020121704000486,SEF,14,59,"1,000",10.28,10280.0
2020121704000483,SEF,14,59,"1,000",10.28,10280.0
2020121704000446,SEF,7,46,100,10.3,1030.0
2020121704000581,SEF,42,19,"10,000",10.53,105300.0
2020121704000580,SEF,42,7,"1,000",10.53,10530.0
2020121704000579,SEF,42,6,500,10.53,5265.0
2020121704000578,SEF,42,45,"20,000",10.5,210000.0
2020121704000577,SEF,42,1,"10,000",10.5,105000.0
2020121704000576,SEF,42,19,"10,000",10.49,104900.0
2020121704000628,SFMF,22,49,100,10.2,1020.0
2020121704000652,SGI,42,47,10,603.0,6030.0
2020121704000649,SGI,42,25,10,603.0,6030.0
2020121704000646,SGI,42,25,10,603.0,6030.0
2020121704000641,SGI,17,21,10,605.0,6050.0
2020121704000640,SGI,8,48,10,602.0,6020.0
2020121704000639,SGI,8,56,10,602.0,6020.0
2020121704000161,SGI,49,46,10,604.0,6040.0
2020121704000160,SGI,8,57,10,601.0,6010.0
2020121704000159,SGI,8,13,10,601.0,6010.0
2020121704000158,SGI,8,42,10,601.0,6010.0
2020121704000181,SGI,8,14,10,601.0,6010.0
2020121704000179,SGI,8,28,10,601.0,6010.0
2020121704000176,SGI,8,47,10,601.0,6010.0
2020121704000170,SGI,8,1,10,601.0,6010.0
2020121704000169,SGI,8,42,10,601.0,6010.0
2020121704000162,SGI,49,19,10,605.0,6050.0
2020121704000206,SGI,51,10,10,600.0,6000.0
2020121704000203,SGI,51,38,10,600.0,6000.0
2020121704000200,SGI,51,21,10,600.0,6000.0
2020121704000199,SGI,51,47,10,600.0,6000.0
2020121704000196,SGI,8,43,10,601.0,6010.0
2020121704000183,SGI,8,29,10,601.0,6010.0
2020121704000216,SGI,38,21,10,602.0,6020.0
2020121704000214,SGI,38,29,10,602.0,6020.0
2020121704000212,SGI,51,46,10,600.0,6000.0
2020121704000210,SGI,51,41,10,600.0,6000.0
2020121704000208,SGI,51,45,10,600.0,6000.0
2020121704000207,SGI,51,38,10,600.0,6000.0
2020121704000244,SGI,57,8,10,600.0,6000.0
2020121704000243,SGI,57,21,10,600.0,6000.0
2020121704000242,SGI,51,8,10,600.0,6000.0
2020121704000241,SGI,51,13,10,600.0,6000.0
2020121704000234,SGI,38,56,10,602.0,6020.0
2020121704000219,SGI,38,6,10,602.0,6020.0
2020121704000253,SGI,49,13,10,601.0,6010.0
2020121704000250,SGI,49,8,10,601.0,6010.0
2020121704000249,SGI,49,50,10,601.0,6010.0
2020121704000248,SGI,49,41,10,601.0,6010.0
2020121704000247,SGI,34,59,10,604.0,6040.0
2020121704000246,SGI,34,1,10,603.0,6030.0
2020121704000273,SGI,34,7,40,600.0,24000.0
2020121704000272,SGI,57,7,60,600.0,36000.0
2020121704000271,SGI,14,7,90,601.0,54090.0
2020121704000260,SGI,57,14,10,600.0,6000.0
2020121704000256,SGI,57,8,10,600.0,6000.0
2020121704000254,SGI,49,4,10,601.0,6010.0
2020121704000283,SGI,16,28,10,600.0,6000.0
2020121704000282,SGI,16,34,10,600.0,6000.0
2020121704000279,SGI,16,5,10,600.0,6000.0
2020121704000276,SGI,49,7,60,600.0,36000.0
2020121704000275,SGI,34,7,200,600.0,120000.0
2020121704000274,SGI,14,7,50,600.0,30000.0
2020121704000290,SGI,49,16,10,603.0,6030.0
2020121704000289,SGI,49,13,10,602.0,6020.0
2020121704000288,SGI,49,48,10,601.0,6010.0
2020121704000287,SGI,49,50,10,601.0,6010.0
2020121704000286,SGI,49,33,10,601.0,6010.0
2020121704000284,SGI,16,20,10,600.0,6000.0
2020121704000311,SGI,16,55,10,600.0,6000.0
2020121704000308,SGI,16,1,10,600.0,6000.0
2020121704000306,SGI,16,28,10,600.0,6000.0
2020121704000301,SGI,16,45,10,600.0,6000.0
2020121704000299,SGI,16,43,10,600.0,6000.0
2020121704000294,SGI,49,49,10,604.0,6040.0
2020121704000334,SGI,53,34,10,600.0,6000.0
2020121704000332,SGI,16,7,10,600.0,6000.0
2020121704000328,SGI,16,28,10,600.0,6000.0
2020121704000327,SGI,16,44,10,600.0,6000.0
2020121704000326,SGI,16,58,10,600.0,6000.0
2020121704000318,SGI,16,17,10,600.0,6000.0
2020121704000348,SGI,42,45,10,600.0,6000.0
2020121704000347,SGI,42,59,10,600.0,6000.0
2020121704000343,SGI,42,52,10,600.0,6000.0
2020121704000338,SGI,42,55,10,600.0,6000.0
2020121704000336,SGI,42,42,10,600.0,6000.0
2020121704000335,SGI,42,14,10,600.0,6000.0
2020121704000356,SGI,58,54,10,600.0,6000.0
2020121704000355,SGI,58,57,10,600.0,6000.0
2020121704000354,SGI,42,45,10,600.0,6000.0
2020121704000353,SGI,42,58,10,600.0,6000.0
2020121704000351,SGI,42,43,10,600.0,6000.0
2020121704000349,SGI,42,49,10,600.0,6000.0
2020121704000373,SGI,58,17,10,600.0,6000.0
2020121704000371,SGI,58,58,10,600.0,6000.0
2020121704000370,SGI,58,58,10,600.0,6000.0
2020121704000368,SGI,58,58,10,600.0,6000.0
2020121704000365,SGI,58,53,10,600.0,6000.0
2020121704000359,SGI,58,58,10,600.0,6000.0
2020121704000395,SGI,49,59,10,601.0,6010.0
2020121704000393,SGI,58,58,10,600.0,6000.0
2020121704000386,SGI,58,58,10,600.0,6000.0
2020121704000376,SGI,58,39,10,600.0,6000.0
2020121704000375,SGI,58,58,10,600.0,6000.0
2020121704000374,SGI,58,46,10,600.0,6000.0
2020121704000407,SGI,49,51,10,602.0,6020.0
2020121704000402,SGI,58,6,10,600.0,6000.0
2020121704000400,SGI,58,13,10,600.0,6000.0
2020121704000399,SGI,58,16,10,600.0,6000.0
2020121704000398,SGI,49,42,10,601.0,6010.0
2020121704000396,SGI,58,45,10,600.0,6000.0
2020121704000420,SGI,49,32,10,601.0,6010.0
2020121704000415,SGI,49,43,10,601.0,6010.0
2020121704000411,SGI,49,45,10,601.0,6010.0
2020121704000410,SGI,49,6,10,602.0,6020.0
2020121704000409,SGI,49,1,10,602.0,6020.0
2020121704000408,SGI,49,41,10,602.0,6020.0
2020121704000449,SGI,16,41,10,601.0,6010.0
2020121704000442,SGI,6,34,10,600.0,6000.0
2020121704000441,SGI,6,52,10,600.0,6000.0
2020121704000436,SGI,6,36,10,600.0,6000.0
2020121704000434,SGI,6,45,10,600.0,6000.0
2020121704000421,SGI,49,45,10,601.0,6010.0
2020121704000457,SGI,16,17,10,601.0,6010.0
2020121704000456,SGI,16,8,10,601.0,6010.0
2020121704000455,SGI,16,17,10,601.0,6010.0
2020121704000454,SGI,16,55,10,601.0,6010.0
2020121704000451,SGI,16,40,10,601.0,6010.0
2020121704000450,SGI,16,58,10,601.0,6010.0
2020121704000472,SGI,49,17,10,602.0,6020.0
2020121704000469,SGI,16,26,10,601.0,6010.0
2020121704000466,SGI,16,36,10,601.0,6010.0
2020121704000460,SGI,16,42,10,601.0,6010.0
2020121704000459,SGI,16,34,10,601.0,6010.0
2020121704000458,SGI,16,17,10,601.0,6010.0
2020121704000479,SGI,16,44,10,601.0,6010.0
2020121704000478,SGI,16,21,10,601.0,6010.0
2020121704000477,SGI,16,59,10,601.0,6010.0
2020121704000476,SGI,16,40,10,601.0,6010.0
2020121704000475,SGI,16,40,10,601.0,6010.0
2020121704000473,SGI,49,47,10,602.0,6020.0
2020121704000503,SGI,49,1,10,604.0,6040.0
2020121704000502,SGI,49,14,10,603.0,6030.0
2020121704000492,SGI,29,17,10,602.0,6020.0
2020121704000491,SGI,29,26,10,602.0,6020.0
2020121704000490,SGI,29,20,10,602.0,6020.0
2020121704000488,SGI,16,45,10,601.0,6010.0
2020121704000527,SGI,16,3,10,601.0,6010.0
2020121704000513,SGI,49,34,10,604.0,6040.0
2020121704000512,SGI,49,21,10,602.0,6020.0
2020121704000511,SGI,16,32,10,601.0,6010.0
2020121704000507,SGI,29,50,10,602.0,6020.0
2020121704000505,SGI,29,58,10,602.0,6020.0
2020121704000561,SGI,16,56,10,601.0,6010.0
2020121704000557,SGI,16,29,10,601.0,6010.0
2020121704000546,SGI,16,17,10,601.0,6010.0
2020121704000544,SGI,16,32,10,601.0,6010.0
2020121704000533,SGI,16,58,10,601.0,6010.0
2020121704000529,SGI,16,42,10,601.0,6010.0
2020121704000592,SGI,8,19,90,605.0,54450.0
2020121704000590,SGI,48,49,10,602.0,6020.0
2020121704000589,SGI,48,13,10,602.0,6020.0
2020121704000571,SGI,48,26,10,602.0,6020.0
2020121704000566,SGI,16,34,10,601.0,6010.0
2020121704000562,SGI,16,17,10,601.0,6010.0
2020121704000598,SGI,8,57,10,605.0,6050.0
2020121704000597,SGI,8,42,10,605.0,6050.0
2020121704000596,SGI,8,38,10,605.0,6050.0
2020121704000595,SGI,8,45,10,605.0,6050.0
2020121704000594,SGI,8,57,10,605.0,6050.0
2020121704000593,SGI,8,25,10,605.0,6050.0
2020121704000604,SGI,48,49,10,602.0,6020.0
2020121704000603,SGI,8,25,10,605.0,6050.0
2020121704000602,SGI,8,1,10,605.0,6050.0
2020121704000601,SGI,8,32,10,605.0,6050.0
2020121704000600,SGI,8,42,10,605.0,6050.0
2020121704000599,SGI,8,39,10,605.0,6050.0
2020121704000613,SGI,48,38,10,602.0,6020.0
2020121704000612,SGI,48,56,10,602.0,6020.0
2020121704000611,SGI,48,17,10,602.0,6020.0
2020121704000610,SGI,57,45,10,606.0,6060.0
2020121704000609,SGI,48,43,10,602.0,6020.0
2020121704000608,SGI,48,59,10,602.0,6020.0
2020121704000625,SGI,8,22,10,602.0,6020.0
2020121704000623,SGI,8,43,10,602.0,6020.0
2020121704000622,SGI,8,45,10,602.0,6020.0
2020121704000621,SGI,8,38,10,602.0,6020.0
2020121704000618,SGI,8,20,10,602.0,6020.0
2020121704000614,SGI,48,34,10,602.0,6020.0
2020121704000638,SGI,8,58,10,602.0,6020.0
2020121704000636,SGI,8,56,10,602.0,6020.0
2020121704000635,SGI,8,56,10,602.0,6020.0
2020121704000633,SGI,17,54,10,603.0,6030.0
2020121704000629,SGI,8,45,10,602.0,6020.0
2020121704000627,SGI,8,19,10,602.0,6020.0
2020121704000607,STC,8,34,10,5550.0,55500.0
2020121704000213,STC,34,45,10,5464.0,54640.0
2020121704000211,STC,34,54,10,5464.0,54640.0
2020121704000189,STC,17,6,70,5573.0,390110.0
2020121704000188,STC,22,6,10,5573.0,55730.0
2020121704000187,STC,43,6,10,5573.0,55730.0
2020121704000186,STC,48,6,50,5573.0,278650.0
2020121704000185,STC,36,6,20,5574.0,111480.0
2020121704000184,STC,34,6,10,5575.0,55750.0
2020121703024186,ALBSL,44,45,50,999.0,49950.0
2020121703024113,ALBSL,34,45,28,999.0,27972.0
2020121703024057,ALBSL,45,7,67,1000.0,67000.0
2020121703024056,ALBSL,45,36,22,1000.0,22000.0
2020121703024055,ALBSL,45,6,11,1000.0,11000.0
2020121703024003,ALBSL,34,5,11,999.0,10989.0
2020121703024002,ALBSL,34,17,50,999.0,49950.0
2020121703024001,ALBSL,34,57,151,995.0,150245.0
2020121703024000,ALBSL,34,28,200,990.0,198000.0
2020121703023999,ALBSL,34,29,10,988.0,9880.0
2020121703024078,ALICL,33,3,686,927.0,635922.0
2020121703024036,ALICL,8,3,204,927.0,189108.0
2020121703024035,ALICL,8,57,246,927.0,228042.0
2020121703024034,ALICL,8,49,50,926.0,46300.0
2020121704000154,BBC,38,32,10,2750.0,27500.0
2020121704000150,BBC,25,32,150,2750.0,412500.0
2020121704000149,BBC,44,32,100,2750.0,275000.0
2020121704000148,BBC,33,32,100,2755.0,275500.0
2020121704000147,BBC,49,32,20,2756.0,55120.0
2020121704000037,BBC,50,51,10,2800.0,28000.0
2020121703024065,BFC,8,26,278,128.0,35584.0
2020121703024064,BFC,19,26,20,128.0,2560.0
2020121703024063,BFC,46,26,400,128.0,51200.0
2020121703024062,BFC,38,26,200,129.0,25800.0
2020121703024139,CBBL,56,41,10,1441.0,14410.0
2020121703024082,CBBL,43,41,80,1441.0,115280.0
2020121703024019,CBBL,28,1,10,1445.0,14450.0
2020121703023968,CBBL,7,1,92,1445.0,132940.0
2020121703023961,CBBL,56,1,25,1445.0,36125.0
2020121703023885,CBBL,51,1,30,1445.0,43350.0
2020121703024202,CIT,44,39,40,5480.0,219200.0
2020121703024201,CIT,59,39,40,5480.0,219200.0
2020121703024200,CIT,48,39,10,5480.0,54800.0
2020121703024199,CIT,6,39,10,5485.0,54850.0
2020121703024145,CIT,6,13,20,5485.0,109700.0
2020121703024129,CIT,25,59,50,5488.0,274400.0
2020121703023894,CIT,50,33,48,5483.0,263184.0
2020121703023893,CIT,41,33,15,5483.0,82245.0
2020121703023892,CIT,57,33,10,5488.0,54880.0
2020121703023891,CIT,13,33,100,5488.0,548800.0
2020121703023890,CIT,4,33,25,5488.0,137200.0
2020121703023877,CIT,20,37,20,5490.0,109800.0
2020121703023966,CIT,45,37,50,5490.0,274500.0
2020121703023959,CIT,32,37,10,5490.0,54900.0
2020121703023930,CIT,22,37,15,5488.0,82320.0
2020121703023928,CIT,17,37,35,5488.0,192080.0
2020121703023896,CIT,50,33,40,5480.0,219200.0
2020121703023895,CIT,13,33,10,5480.0,54800.0
2020121703024112,CIT,42,59,10,5488.0,54880.0
2020121703024111,CIT,42,37,10,5488.0,54880.0
2020121703024033,CIT,46,42,10,5485.0,54850.0
2020121703024032,CIT,32,37,20,5488.0,109760.0
2020121703024008,CIT,42,37,20,5488.0,109760.0
2020121703023967,CIT,45,48,40,5490.0,219600.0
2020121703024027,CLBSL,1,6,100,864.0,86400.0
2020121703023935,CLBSL,1,45,10,864.0,8640.0
2020121703023863,CLBSL,36,35,23,865.0,19895.0
2020121704000129,CMF1,48,42,500,9.85,4925.0
2020121703024171,DDBL,55,6,10,1468.0,14680.0
2020121703024099,DDBL,32,48,126,1453.0,183078.0
2020121703024098,DDBL,19,48,50,1455.0,72750.0
2020121703024097,DDBL,33,48,90,1456.0,131040.0
2020121703024096,DDBL,57,48,120,1457.0,174840.0
2020121703024095,DDBL,46,48,70,1457.0,101990.0
2020121703023916,DDBL,38,48,420,1459.0,612780.0
2020121703023915,DDBL,38,49,120,1459.0,175080.0
2020121703023865,DDBL,41,42,26,1457.0,37882.0
2020121703023922,DDBL,38,47,100,1465.0,146500.0
2020121703023921,DDBL,38,38,200,1462.0,292400.0
2020121703023920,DDBL,38,50,200,1460.0,292000.0
2020121703023919,DDBL,38,57,100,1460.0,146000.0
2020121703023918,DDBL,38,45,10,1460.0,14600.0
2020121703023917,DDBL,38,1,100,1460.0,146000.0
2020121703024094,DDBL,41,48,244,1457.0,355508.0
2020121703024093,DDBL,33,48,200,1458.0,291600.0
2020121703024092,DDBL,51,48,100,1459.0,145900.0
2020121703024049,DDBL,33,29,50,1458.0,72900.0
2020121703023924,DDBL,38,6,650,1468.0,954200.0
2020121703023923,DDBL,38,34,100,1465.0,146500.0
2020121703024185,FMDBL,38,7,10,617.0,6170.0
2020121703024154,FOWAD,57,58,12,2318.0,27816.0
2020121703024088,FOWAD,57,45,15,2310.0,34650.0
2020121703023932,FOWAD,48,45,15,2310.0,34650.0
2020121703023931,FOWAD,48,57,85,2310.0,196350.0
2020121703024026,GBBL,59,17,20,303.0,6060.0
2020121703023965,GBLBS,36,55,10,615.0,6150.0
2020121703023871,GFCL,28,10,570,207.0,117990.0
2020121704000155,GIC,54,36,10,574.0,5740.0
2020121704000152,GIC,54,57,10,574.0,5740.0
2020121704000141,GIC,54,53,10,574.0,5740.0
2020121704000140,GIC,38,36,10,576.0,5760.0
2020121704000139,GIC,38,38,10,575.0,5750.0
2020121704000134,GIC,54,5,150,574.0,86100.0
2020121704000018,GIC,20,47,10,570.0,5700.0
2020121704000015,GIC,1,3,10,571.0,5710.0
2020121704000005,GIC,1,49,10,571.0,5710.0
2020121704000004,GIC,1,47,10,571.0,5710.0
2020121704000002,GIC,1,47,10,571.0,5710.0
2020121704000001,GIC,1,3,10,571.0,5710.0
2020121704000025,GIC,22,48,50,568.0,28400.0
2020121704000024,GIC,8,48,30,569.0,17070.0
2020121704000023,GIC,20,58,10,570.0,5700.0
2020121704000022,GIC,20,35,10,570.0,5700.0
2020121704000020,GIC,20,47,10,570.0,5700.0
2020121704000019,GIC,20,3,10,570.0,5700.0
2020121704000039,GIC,16,48,10,560.0,5600.0
2020121704000038,GIC,58,48,25,561.0,14025.0
2020121704000030,GIC,41,48,10,565.0,5650.0
2020121704000028,GIC,41,51,10,565.0,5650.0
2020121704000027,GIC,16,39,10,566.0,5660.0
2020121704000026,GIC,44,48,50,568.0,28400.0
2020121704000048,GIC,49,41,10,554.0,5540.0
2020121704000047,GIC,29,48,55,559.0,30745.0
2020121704000044,GIC,47,48,30,559.0,16770.0
2020121704000043,GIC,14,48,140,559.0,78260.0
2020121704000042,GIC,14,41,10,559.0,5590.0
2020121704000040,GIC,38,48,100,560.0,56000.0
2020121704000057,GIC,4,41,10,566.0,5660.0
2020121704000056,GIC,42,41,10,557.0,5570.0
2020121704000055,GIC,34,41,10,555.0,5550.0
2020121704000054,GIC,34,34,10,555.0,5550.0
2020121704000053,GIC,34,34,10,555.0,5550.0
2020121704000051,GIC,49,42,10,554.0,5540.0
2020121704000084,GIC,39,5,10,570.0,5700.0
2020121704000082,GIC,39,59,10,570.0,5700.0
2020121704000080,GIC,39,41,10,570.0,5700.0
2020121704000079,GIC,25,50,10,570.0,5700.0
2020121704000078,GIC,25,11,70,570.0,39900.0
2020121704000059,GIC,33,34,10,566.0,5660.0
2020121704000098,GIC,41,3,10,575.0,5750.0
2020121704000097,GIC,41,26,10,575.0,5750.0
2020121704000096,GIC,54,42,10,574.0,5740.0
2020121704000095,GIC,54,16,10,574.0,5740.0
2020121704000093,GIC,49,17,10,574.0,5740.0
2020121704000089,GIC,39,57,10,570.0,5700.0
2020121704000112,GIC,49,43,20,575.0,11500.0
2020121704000111,GIC,49,25,10,575.0,5750.0
2020121704000109,GIC,41,46,10,575.0,5750.0
2020121704000102,GIC,41,25,10,575.0,5750.0
2020121704000100,GIC,41,46,10,575.0,5750.0
2020121704000099,GIC,41,25,10,575.0,5750.0
2020121704000127,GIC,49,4,10,575.0,5750.0
2020121704000126,GIC,54,19,10,574.0,5740.0
2020121704000120,GIC,49,25,10,576.0,5760.0
2020121704000119,GIC,49,25,10,576.0,5760.0
2020121704000118,GIC,49,41,10,575.0,5750.0
2020121704000116,GIC,49,43,20,575.0,11500.0
2020121703024204,GILB,56,46,10,1745.0,17450.0
2020121703024117,GILB,56,43,80,1744.0,139520.0
2020121703024011,GILB,42,32,31,1740.0,53940.0
2020121703024010,GILB,16,32,59,1740.0,102660.0
2020121703024009,GILB,34,32,10,1740.0,17400.0
2020121704000143,GIMES1,47,10,"20,000",11.0,220000.0
2020121703023984,GLBSL,45,36,20,899.0,17980.0
2020121703023960,GLICL,17,22,10,643.0,6430.0
2020121703024070,GMFBS,25,37,10,1010.0,10100.0
2020121703023958,GMFBS,25,36,14,1008.0,14112.0
2020121703023957,GMFBS,25,38,10,1007.0,10070.0
2020121703023956,GMFBS,25,13,50,1006.0,50300.0
2020121703023955,GMFBS,25,11,10,1000.0,10000.0
2020121703023954,GMFBS,25,59,16,1000.0,16000.0
2020121703024155,GMFIL,52,32,50,204.0,10200.0
2020121703024074,GMFIL,52,1,40,202.0,8080.0
2020121703024073,GMFIL,52,49,200,202.0,40400.0
2020121703024072,GMFIL,52,42,25,201.0,5025.0
2020121703024071,GMFIL,52,57,428,201.0,86028.0
2020121703023938,GMFIL,38,17,329,199.0,65471.0
2020121703023906,GMFIL,18,57,390,201.0,78390.0
2020121703024195,HIDCL,56,42,21,281.0,5901.0
2020121703024194,HIDCL,56,57,179,280.0,50120.0
2020121703024086,HIDCL,26,26,150,279.0,41850.0
2020121703024148,ILBS,36,47,50,1064.0,53200.0
2020121703023983,ILBS,28,16,100,1065.0,106500.0
2020121703024120,JBBL,52,13,300,229.0,68700.0
2020121703024075,JBBL,17,13,250,229.0,57250.0
2020121703024130,JFL,57,57,46,245.0,11270.0
2020121703023977,JSLBB,8,21,50,1751.0,87550.0
2020121703024197,KMCDB,51,5,20,905.0,18100.0
2020121703024196,KMCDB,20,5,90,905.0,81450.0
2020121703024042,KMCDB,20,45,10,905.0,9050.0
2020121703024085,KSBBL,42,33,"1,454",223.0,324242.0
2020121703024084,KSBBL,38,33,72,224.0,16128.0
2020121703024081,KSBBL,34,14,10,225.0,2250.0
2020121703023993,KSBBL,38,13,100,224.0,22400.0
2020121703023992,KSBBL,38,45,28,224.0,6272.0
2020121703024046,LBBL,38,59,82,228.0,18696.0
2020121703024045,LBBL,38,45,28,228.0,6384.0
2020121703023975,LBBL,8,45,10,228.0,2280.0
2020121703023972,LBBL,57,45,30,228.0,6840.0
2020121703024176,LICN,25,50,10,1970.0,19700.0
2020121703024126,LICN,3,5,100,1951.0,195100.0
2020121703023864,LICN,25,50,10,1970.0,19700.0
2020121704000128,LUK,34,6,"1,000",9.2,9200.0
2020121703024206,MERO,18,48,10,980.0,9800.0
2020121703024136,MERO,18,45,25,979.0,24475.0
2020121703023982,MERO,50,25,250,970.0,242500.0
2020121703024175,MMFDB,57,57,72,1068.0,76896.0
2020121703024174,MMFDB,33,57,28,1078.0,30184.0
2020121703024151,MMFDB,33,47,100,1078.0,107800.0
2020121703024150,MMFDB,33,1,122,1078.0,131516.0
2020121703024149,MMFDB,33,22,50,1075.0,53750.0
2020121703024090,MNBBL,1,50,50,385.0,19250.0
2020121703023866,MNBBL,45,50,30,385.0,11550.0
2020121703023943,NADEP,10,1,22,1020.0,22440.0
2020121703023942,NADEP,10,14,301,1015.0,305515.0
2020121703023941,NADEP,10,34,10,1015.0,10150.0
2020121703023940,NADEP,10,17,27,1015.0,27405.0
2020121703023939,NADEP,10,50,90,1014.0,91260.0
2020121703023875,NADEP,45,50,10,1014.0,10140.0
2020121703023874,NADEP,45,45,90,1012.0,91080.0
2020121704000156,NBF2,42,6,100,9.65,965.0
2020121704000138,NBF2,42,55,300,9.65,2895.0
2020121704000137,NBF2,42,42,"2,000",9.65,19300.0
2020121704000136,NBF2,42,13,100,9.65,965.0
2020121704000087,NEF,47,58,241,9.85,2373.85
2020121704000077,NEF,53,22,966,9.81,9476.46
2020121704000125,NIBPO,8,32,"1,000",459.0,459000.0
2020121704000124,NIBPO,26,32,200,459.0,91800.0
2020121704000123,NIBPO,22,32,100,459.0,45900.0
2020121704000122,NIBPO,4,32,100,460.0,46000.0
2020121704000146,NICBF,29,6,150,9.71,1456.5
2020121704000142,NICBF,29,28,"1,000",9.8,9800.0
2020121704000107,NICBF,29,16,"3,000",9.7,29100.0
2020121704000144,NICGF,17,42,500,10.4,5200.0
2020121704000131,NICGF,17,57,"1,500",10.4,15600.0
2020121704000108,NICGF,34,28,300,10.22,3066.0
2020121704000101,NICGF,34,42,500,10.32,5160.0
2020121703024101,NLBBL,6,57,50,1093.0,54650.0
2020121703024100,NLBBL,13,57,11,1093.0,12023.0
2020121703024083,NLBBL,13,20,41,1093.0,44813.0
2020121703023973,NLBBL,13,39,110,1093.0,120230.0
2020121703024114,NLBSL,55,44,150,1160.0,174000.0
2020121703023962,NLBSL,3,44,50,1160.0,58000.0
2020121703024157,NLIC,46,33,200,2195.0,439000.0
2020121703024156,NLIC,46,45,500,2194.0,1097000.0
2020121703024152,NLIC,54,33,10,2195.0,21950.0
2020121703024143,NLIC,14,22,55,2194.0,120670.0
2020121703024140,NLIC,45,33,10,2195.0,21950.0
2020121703024087,NLIC,51,33,32,2195.0,70240.0
2020121703023883,NLIC,59,29,30,2194.0,65820.0
2020121703023946,NLIC,22,33,50,2195.0,109750.0
2020121703023927,NLIC,49,33,500,2195.0,1097500.0
2020121703023909,NLIC,1,33,200,2195.0,439000.0
2020121703023908,NLIC,55,33,500,2195.0,1097500.0
2020121703023907,NLIC,43,33,200,2195.0,439000.0
2020121703023884,NLIC,45,33,100,2195.0,219500.0
2020121703024018,NLIC,59,38,25,2194.0,54850.0
2020121703024004,NLIC,59,19,100,2194.0,219400.0
2020121703023998,NLIC,55,33,100,2195.0,219500.0
2020121703023974,NLIC,49,33,20,2195.0,43900.0
2020121703023969,NLIC,34,33,100,2195.0,219500.0
2020121703023964,NLIC,6,33,50,2195.0,109750.0
2020121703024037,NLIC,10,53,40,2194.0,87760.0
2020121703024031,NLIC,43,53,25,2194.0,54850.0
2020121703024024,NLIC,1,53,10,2194.0,21940.0
2020121703024022,NLIC,22,53,50,2194.0,109700.0
2020121703024021,NLIC,44,53,50,2194.0,109700.0
2020121703024020,NLIC,59,53,25,2194.0,54850.0
2020121703024077,NLIC,54,33,15,2195.0,32925.0
2020121703024076,NLIC,54,59,10,2194.0,21940.0
2020121703024060,NLIC,57,42,25,2194.0,54850.0
2020121703024059,NLIC,57,49,369,2194.0,809586.0
2020121703024052,NLIC,34,49,10,2194.0,21940.0
2020121703024038,NLIC,10,49,21,2194.0,46074.0
2020121703024203,NLICL,8,10,100,1040.0,104000.0
2020121703024137,NLICL,16,55,10,1040.0,10400.0
2020121703024061,NLICL,16,36,15,1040.0,15600.0
2020121703024044,NLICL,44,36,185,1040.0,192400.0
2020121703024043,NLICL,44,20,15,1040.0,15600.0
2020121703023981,NLICL,49,34,40,1038.0,41520.0
2020121703023980,NLICL,37,34,60,1039.0,62340.0
2020121703023870,NLICL,54,20,100,1040.0,104000.0
2020121703023869,NLICL,4,20,50,1040.0,52000.0
2020121703023868,NLICL,36,20,135,1040.0,140400.0
2020121704000110,NMB50,17,57,500,9.9,4950.0
2020121703024141,NMBMF,17,55,100,1190.0,119000.0
2020121703024134,NMBMF,47,55,77,1190.0,91630.0
2020121703024133,NMBMF,47,44,100,1190.0,119000.0
2020121703024132,NMBMF,47,44,100,1190.0,119000.0
2020121703024131,NMBMF,47,45,23,1190.0,27370.0
2020121703023937,NMBMF,56,45,10,1190.0,11900.0
2020121703023925,NMBMF,56,45,10,1190.0,11900.0
2020121703024138,NMFBS,48,52,20,2189.0,43780.0
2020121703023910,NMFBS,28,44,20,2158.0,43160.0
2020121703024170,NRIC,49,33,20,1492.0,29840.0
2020121703024169,NRIC,49,16,30,1492.0,44760.0
2020121703024147,NRIC,3,16,50,1492.0,74600.0
2020121703024146,NRIC,43,16,20,1492.0,29840.0
2020121703024144,NRIC,45,16,100,1492.0,149200.0
2020121703024142,NRIC,13,16,100,1492.0,149200.0
2020121703023898,NRIC,32,48,40,1492.0,59680.0
2020121703023897,NRIC,18,48,15,1492.0,22380.0
2020121703023882,NRIC,18,38,25,1492.0,37300.0
2020121703023881,NRIC,29,38,15,1492.0,22380.0
2020121703023880,NRIC,4,52,100,1493.0,149300.0
2020121703023904,NRIC,3,50,40,1491.0,59640.0
2020121703023903,NRIC,48,50,67,1491.0,99897.0
2020121703023902,NRIC,49,50,50,1491.0,74550.0
2020121703023901,NRIC,8,50,695,1491.0,1036245.0
2020121703023900,NRIC,8,48,445,1491.0,663495.0
2020121703023899,NRIC,16,48,200,1492.0,298400.0
2020121703023944,NRIC,32,45,10,1493.0,14930.0
2020121703023936,NRIC,34,45,20,1493.0,29860.0
2020121703023934,NRIC,53,45,100,1493.0,149300.0
2020121703023933,NRIC,53,50,200,1493.0,298600.0
2020121703023929,NRIC,36,52,200,1493.0,298600.0
2020121703023905,NRIC,1,50,39,1491.0,58149.0
2020121703023970,NRIC,43,34,50,1492.0,74600.0
2020121703023963,NRIC,45,45,70,1493.0,104510.0
2020121703023953,NRIC,53,45,15,1493.0,22395.0
2020121703023952,NRIC,1,45,10,1493.0,14930.0
2020121703023948,NRIC,19,45,100,1493.0,149300.0
2020121703023947,NRIC,53,45,50,1493.0,74650.0
2020121703023987,NRIC,57,26,100,1491.0,149100.0
2020121703023986,NRIC,25,26,50,1492.0,74600.0
2020121703023985,NRIC,28,26,60,1492.0,89520.0
2020121703023979,NRIC,44,45,10,1493.0,14930.0
2020121703023978,NRIC,36,45,100,1493.0,149300.0
2020121703023971,NRIC,28,34,40,1492.0,59680.0
2020121703024017,NRIC,28,36,300,1492.0,447600.0
2020121703024007,NRIC,28,38,50,1492.0,74600.0
2020121703023991,NRIC,51,45,15,1493.0,22395.0
2020121703023990,NRIC,51,45,15,1493.0,22395.0
2020121703023989,NRIC,29,26,220,1491.0,328020.0
2020121703023988,NRIC,48,26,100,1491.0,149100.0
2020121703024048,NRIC,28,33,25,1493.0,37325.0
2020121703024047,NRIC,28,38,75,1493.0,111975.0
2020121703024030,NRIC,22,38,50,1493.0,74650.0
2020121703024028,NRIC,49,38,25,1493.0,37325.0
2020121703024025,NRIC,28,18,40,1492.0,59680.0
2020121703024023,NRIC,32,38,10,1493.0,14930.0
2020121703024091,NRIC,28,25,20,1492.0,29840.0
2020121703024080,NRIC,28,45,60,1492.0,89520.0
2020121703024069,NRIC,46,28,11,1493.0,16423.0
2020121703024068,NRIC,46,3,20,1493.0,29860.0
2020121703024067,NRIC,46,33,39,1493.0,58227.0
2020121703024050,NRIC,26,33,66,1493.0,98538.0
2020121703024107,NRIC,57,20,100,1492.0,149200.0
2020121703024106,NRIC,44,20,100,1492.0,149200.0
2020121703024105,NRIC,32,20,190,1492.0,283480.0
2020121703024104,NRIC,11,28,20,1493.0,29860.0
2020121703024103,NRIC,32,42,10,1492.0,14920.0
2020121703024102,NRIC,28,42,30,1492.0,44760.0
2020121703024119,NRIC,44,5,100,1492.0,149200.0
2020121703024118,NRIC,44,41,100,1492.0,149200.0
2020121703024115,NRIC,21,41,100,1492.0,149200.0
2020121703024110,NRIC,29,20,83,1491.0,123753.0
2020121703024109,NRIC,1,20,100,1492.0,149200.0
2020121703024108,NRIC,42,20,50,1492.0,74600.0
2020121703024187,NRN,4,50,10,380.0,3800.0
2020121703024158,NTC,53,36,10,1150.0,11500.0
2020121703024041,NTC,50,57,415,1146.0,475590.0
2020121703024040,NTC,22,57,55,1147.0,63085.0
2020121703024039,NTC,51,57,30,1147.0,34410.0
2020121703023945,NTC,20,36,100,1150.0,115000.0
2020121703023926,NTC,44,36,50,1150.0,57500.0
2020121703023878,NTC,4,49,50,1148.0,57400.0
2020121703024029,NUBL,41,49,100,1275.0,127500.0
2020121703023914,NUBL,34,49,10,1275.0,12750.0
2020121703023867,NUBL,57,32,11,1270.0,13970.0
2020121703024051,PFL,37,11,17,193.0,3281.0
2020121703023951,PLIC,8,49,25,845.0,21125.0
2020121703024205,PROFL,28,51,154,126.0,19404.0
2020121703024153,PROFL,52,51,81,126.0,10206.0
2020121703024124,PROFL,52,26,100,126.0,12600.0
2020121703024123,PROFL,21,26,100,126.0,12600.0
2020121704000091,RBCLPO,51,6,10,14161.0,141610.0
2020121703024177,RLI,49,38,10,629.0,6290.0
2020121703024016,RLI,49,25,10,629.0,6290.0
2020121703024005,RLI,49,46,10,629.0,6290.0
2020121703023950,RLI,49,32,10,629.0,6290.0
2020121703023949,RLI,49,42,410,629.0,257890.0
2020121703024167,RMDC,49,25,20,1170.0,23400.0
2020121703024166,RMDC,49,38,100,1170.0,117000.0
2020121703024165,RMDC,49,49,12,1170.0,14040.0
2020121703024164,RMDC,49,13,40,1170.0,46800.0
2020121703024163,RMDC,49,19,400,1170.0,468000.0
2020121703024162,RMDC,49,53,56,1169.0,65464.0
2020121703024161,RMDC,49,38,50,1167.0,58350.0
2020121703024160,RMDC,49,42,500,1160.0,580000.0
2020121703024159,RMDC,49,39,157,1160.0,182120.0
2020121703024079,RMDC,36,39,10,1160.0,11600.0
2020121703023873,RMDC,49,42,50,1155.0,57750.0
2020121703023872,RMDC,22,14,50,1165.0,58250.0
2020121703024006,RSDC,34,53,10,669.0,6690.0
2020121703024198,SADBL,57,42,"1,509",180.0,271620.0
2020121704000114,SAND2085,22,42,30,1038.0,31140.0
2020121703024066,SDLBSL,6,11,10,1290.0,12900.0
2020121703023913,SDLBSL,6,38,10,1287.0,12870.0
2020121703023912,SDLBSL,6,7,10,1286.0,12860.0
2020121703023911,SDLBSL,6,35,79,1280.0,101120.0
2020121704000058,SEF,11,47,"5,000",10.47,52350.0
2020121704000153,SGI,8,52,10,601.0,6010.0
2020121704000151,SGI,8,44,10,601.0,6010.0
2020121704000145,SGI,8,54,10,601.0,6010.0
2020121704000135,SGI,8,5,10,601.0,6010.0
2020121704000133,SGI,8,34,10,601.0,6010.0
2020121704000132,SGI,8,14,10,601.0,6010.0
2020121704000010,SGI,58,49,10,605.0,6050.0
2020121704000009,SGI,58,6,10,605.0,6050.0
2020121704000008,SGI,58,3,10,605.0,6050.0
2020121704000007,SGI,58,34,10,605.0,6050.0
2020121704000006,SGI,17,17,10,601.0,6010.0
2020121704000017,SGI,58,3,10,606.0,6060.0
2020121704000016,SGI,58,47,10,606.0,6060.0
2020121704000014,SGI,58,47,10,606.0,6060.0
2020121704000013,SGI,58,3,10,605.0,6050.0
2020121704000012,SGI,58,47,10,605.0,6050.0
2020121704000011,SGI,58,17,10,605.0,6050.0
2020121704000034,SGI,22,47,10,605.0,6050.0
2020121704000033,SGI,22,47,10,605.0,6050.0
2020121704000032,SGI,22,47,10,605.0,6050.0
2020121704000031,SGI,22,45,10,605.0,6050.0
2020121704000029,SGI,10,45,10,600.0,6000.0
2020121704000021,SGI,17,59,10,605.0,6050.0
2020121704000049,SGI,57,58,10,605.0,6050.0
2020121704000046,SGI,57,7,10,605.0,6050.0
2020121704000045,SGI,57,41,10,605.0,6050.0
2020121704000041,SGI,57,58,10,605.0,6050.0
2020121704000036,SGI,22,51,10,605.0,6050.0
2020121704000035,SGI,22,35,10,605.0,6050.0
2020121704000063,SGI,41,46,10,605.0,6050.0
2020121704000062,SGI,41,21,10,605.0,6050.0
2020121704000061,SGI,41,21,10,605.0,6050.0
2020121704000060,SGI,41,21,10,605.0,6050.0
2020121704000052,SGI,57,59,10,605.0,6050.0
2020121704000050,SGI,57,21,10,605.0,6050.0
2020121704000069,SGI,41,21,10,605.0,6050.0
2020121704000068,SGI,41,35,10,605.0,6050.0
2020121704000067,SGI,41,46,10,605.0,6050.0
2020121704000066,SGI,41,21,10,605.0,6050.0
2020121704000065,SGI,41,21,10,605.0,6050.0
2020121704000064,SGI,41,52,10,605.0,6050.0
2020121704000075,SGI,10,19,90,600.0,54000.0
2020121704000074,SGI,41,21,10,605.0,6050.0
2020121704000073,SGI,41,42,10,605.0,6050.0
2020121704000072,SGI,41,46,10,605.0,6050.0
2020121704000071,SGI,41,46,10,605.0,6050.0
2020121704000070,SGI,41,46,10,605.0,6050.0
2020121704000088,SGI,8,42,10,595.0,5950.0
2020121704000086,SGI,8,5,10,595.0,5950.0
2020121704000085,SGI,8,46,10,595.0,5950.0
2020121704000083,SGI,8,46,10,595.0,5950.0
2020121704000081,SGI,8,21,10,595.0,5950.0
2020121704000076,SGI,45,19,100,600.0,60000.0
2020121704000105,SGI,21,55,10,600.0,6000.0
2020121704000104,SGI,21,7,10,600.0,6000.0
2020121704000103,SGI,49,44,10,598.0,5980.0
2020121704000094,SGI,49,59,10,596.0,5960.0
2020121704000092,SGI,33,57,10,595.0,5950.0
2020121704000090,SGI,33,34,10,595.0,5950.0
2020121704000130,SGI,8,18,10,601.0,6010.0
2020121704000121,SGI,8,38,10,601.0,6010.0
2020121704000117,SGI,8,42,10,601.0,6010.0
2020121704000115,SGI,8,41,10,601.0,6010.0
2020121704000113,SGI,8,19,200,605.0,121000.0
2020121704000106,SGI,21,34,10,600.0,6000.0
2020121703024193,SHINE,42,16,22,271.0,5962.0
2020121703024192,SHINE,41,16,300,271.0,81300.0
2020121703024191,SHINE,18,16,400,272.0,108800.0
2020121703024189,SHINE,5,4,146,272.0,39712.0
2020121703024015,SHINE,57,4,100,272.0,27200.0
2020121703024014,SHINE,1,4,300,272.0,81600.0
2020121703024013,SHINE,58,4,354,272.0,96288.0
2020121703024012,SHINE,42,4,"1,100",272.0,299200.0
2020121703023876,SHINE,57,16,300,273.0,81900.0
2020121703024184,SKBBL,10,39,30,1776.0,53280.0
2020121703024183,SKBBL,10,38,60,1775.0,106500.0
2020121703024182,SKBBL,10,14,10,1775.0,17750.0
2020121703024181,SKBBL,10,5,10,1775.0,17750.0
2020121703024180,SKBBL,10,48,50,1775.0,88750.0
2020121703024179,SKBBL,10,39,50,1774.0,88700.0
2020121703024178,SKBBL,10,48,40,1770.0,70800.0
2020121703024116,SKBBL,36,26,20,1765.0,35300.0
2020121703024135,SLBBL,34,43,100,1149.0,114900.0
2020121703024058,SLBBL,57,43,500,1149.0,574500.0
2020121703024053,SLBS,42,57,18,1430.0,25740.0
2020121703024054,SLBSL,52,34,13,1022.0,13286.0
2020121703024128,SLICL,25,57,150,735.0,110250.0
2020121703024122,SLICL,16,57,150,735.0,110250.0
2020121703024121,SLICL,16,36,110,735.0,80850.0
2020121703024127,SMFDB,22,8,100,1037.0,103700.0
2020121703024168,SNLB,46,38,12,1042.0,12504.0
2020121704000003,STC,55,45,10,5686.0,56860.0
2020121703024188,SWBBL,3,49,100,1765.0,176500.0
2020121703024125,SWBBL,34,49,20,1765.0,35300.0
2020121703024089,SWBBL,50,36,372,1760.0,654720.0
2020121703023997,TRH,45,47,245,315.0,77175.0
2020121703023996,TRH,43,47,100,315.0,31500.0
2020121703023995,TRH,57,47,100,315.0,31500.0
2020121703023994,TRH,57,47,155,316.0,48980.0
2020121703023889,UFL,1,38,90,233.0,20970.0
2020121703023888,UFL,1,38,100,233.0,23300.0
2020121703023887,UFL,57,38,10,233.0,2330.0
2020121703023886,UFL,35,38,800,233.0,186400.0
2020121703024190,USLB,41,38,15,1370.0,20550.0
2020121703024173,USLB,57,38,185,1370.0,253450.0
2020121703024172,USLB,57,52,15,1370.0,20550.0
2020121703023976,VLBS,41,46,10,1250.0,12500.0
2020121703023879,VLBS,38,34,80,1240.0,99200.0
2020121703023626,ALICL,28,57,50,927.0,46350.0
2020121703023584,ALICL,32,57,100,927.0,92700.0
2020121703023531,ALICL,33,57,50,927.0,46350.0
2020121703023426,BFC,46,41,100,128.0,12800.0
2020121703023835,CBBL,51,49,20,1449.0,28980.0
2020121703023793,CBBL,55,25,90,1440.0,129600.0
2020121703023792,CBBL,17,25,100,1440.0,144000.0
2020121703023791,CBBL,14,25,50,1440.0,72000.0
2020121703023790,CBBL,55,25,500,1440.0,720000.0
2020121703023789,CBBL,52,25,20,1441.0,28820.0
2020121703023414,CBBL,57,41,23,1446.0,33258.0
2020121703023651,CBBL,28,41,25,1445.0,36125.0
2020121703023457,CBBL,28,25,131,1445.0,189295.0
2020121703023456,CBBL,49,25,10,1445.0,14450.0
2020121703023455,CBBL,40,25,36,1445.0,52020.0
2020121703023454,CBBL,18,25,23,1446.0,33258.0
2020121703023415,CBBL,18,41,77,1446.0,111342.0
2020121703023782,CBBL,57,25,100,1445.0,144500.0
2020121703023781,CBBL,51,25,39,1445.0,56355.0
2020121703023684,CBBL,51,45,11,1445.0,15895.0
2020121703023683,CBBL,4,45,30,1445.0,43350.0
2020121703023682,CBBL,28,45,44,1445.0,63580.0
2020121703023681,CBBL,51,45,15,1446.0,21690.0
2020121703023788,CBBL,35,25,300,1441.0,432300.0
2020121703023787,CBBL,17,25,10,1441.0,14410.0
2020121703023786,CBBL,4,25,69,1442.0,99498.0
2020121703023785,CBBL,50,25,100,1442.0,144200.0
2020121703023784,CBBL,45,25,100,1444.0,144400.0
2020121703023783,CBBL,26,25,22,1444.0,31768.0
2020121703023803,CIT,38,37,20,5490.0,109800.0
2020121703023756,CIT,57,38,26,5485.0,142610.0
2020121703023755,CIT,44,38,10,5488.0,54880.0
2020121703023754,CIT,34,38,14,5488.0,76832.0
2020121703023732,CIT,34,26,16,5488.0,87808.0
2020121703023704,CIT,57,34,30,5485.0,164550.0
2020121703023512,CIT,6,48,20,5483.0,109660.0
2020121703023458,CIT,45,48,50,5483.0,274150.0
2020121703023443,CIT,51,28,10,5483.0,54830.0
2020121703023427,CIT,17,28,10,5483.0,54830.0
2020121703023370,CIT,25,28,30,5483.0,164490.0
2020121703023367,CIT,13,33,30,5480.0,164400.0
2020121703023699,CIT,57,36,11,5485.0,60335.0
2020121703023696,CIT,33,57,100,5488.0,548800.0
2020121703023618,CIT,57,22,10,5485.0,54850.0
2020121703023617,CIT,57,26,20,5485.0,109700.0
2020121703023589,CIT,57,26,80,5485.0,438800.0
2020121703023583,CIT,38,48,30,5483.0,164490.0
2020121703023608,CLBSL,55,35,40,865.0,34600.0
2020121703023577,CLBSL,10,58,30,865.0,25950.0
2020121703023576,CLBSL,10,45,200,865.0,173000.0
2020121703023575,CLBSL,10,34,70,865.0,60550.0
2020121703023488,CLBSL,8,49,31,863.0,26753.0
2020121703023487,CLBSL,52,49,69,863.0,59547.0
2020121703023486,CLBSL,49,49,100,864.0,86400.0
2020121703023703,DDBL,41,32,230,1457.0,335110.0
2020121703023654,DDBL,38,32,100,1457.0,145700.0
2020121703023554,DDBL,26,26,20,1452.0,29040.0
2020121703023553,DDBL,4,26,130,1452.0,188760.0
2020121703023552,DDBL,32,26,10,1455.0,14550.0
2020121703023551,DDBL,48,26,150,1455.0,218250.0
2020121703023550,DDBL,47,26,30,1456.0,43680.0
2020121703023549,DDBL,18,26,50,1456.0,72800.0
2020121703023548,DDBL,29,26,10,1456.0,14560.0
2020121703023504,DDBL,32,32,70,1457.0,101990.0
2020121703023483,DDBL,19,32,50,1457.0,72850.0
2020121703023376,DDBL,47,32,50,1457.0,72850.0
2020121703023461,EDBL,25,32,10,350.0,3500.0
2020121703023765,FMDBL,51,17,135,615.0,83025.0
2020121703023764,FMDBL,13,17,465,616.0,286440.0
2020121703023690,FMDBL,13,34,35,616.0,21560.0
2020121703023689,FMDBL,34,34,65,617.0,40105.0
2020121703023833,FOWAD,48,57,100,2310.0,231000.0
2020121703023520,FOWAD,49,57,31,2310.0,71610.0
2020121703023519,FOWAD,49,48,25,2309.0,57725.0
2020121703023518,FOWAD,49,22,24,2308.0,55392.0
2020121703023517,FOWAD,49,17,12,2308.0,27696.0
2020121703023516,FOWAD,49,42,43,2307.0,99201.0
2020121703023515,FOWAD,49,21,15,2301.0,34515.0
2020121703023779,GBBL,54,38,866,306.0,264996.0
2020121703023778,GBBL,54,45,200,306.0,61200.0
2020121703023777,GBBL,54,37,"2,000",306.0,612000.0
2020121703023776,GBBL,54,29,300,306.0,91800.0
2020121703023775,GBBL,54,53,"1,000",306.0,306000.0
2020121703023774,GBBL,54,56,50,306.0,15300.0
2020121703023373,GBBL,39,22,164,304.0,49856.0
2020121703023372,GBBL,45,22,250,304.0,76000.0
2020121703023371,GBBL,38,22,86,304.0,26144.0
2020121703023773,GBBL,54,43,400,306.0,122400.0
2020121703023772,GBBL,54,7,54,306.0,16524.0
2020121703023771,GBBL,54,57,30,305.0,9150.0
2020121703023770,GBBL,54,45,100,305.0,30500.0
2020121703023413,GBBL,38,46,464,304.0,141056.0
2020121703023412,GBBL,39,46,36,304.0,10944.0
2020121703023660,GILB,49,46,59,1740.0,102660.0
2020121703023810,GLBSL,35,4,99,887.0,87813.0
2020121703023809,GLBSL,52,4,100,888.0,88800.0
2020121703023843,GLICL,42,53,50,645.0,32250.0
2020121703023620,GLICL,17,50,100,643.0,64300.0
2020121703023409,GLICL,47,4,500,645.0,322500.0
2020121703023408,GLICL,47,51,470,645.0,303150.0
2020121703023641,GMFBS,25,22,10,1000.0,10000.0
2020121703023523,GMFBS,25,32,10,990.0,9900.0
2020121703023425,GMFBS,25,21,10,990.0,9900.0
2020121703023378,GMFIL,18,52,110,200.0,22000.0
2020121703023738,GRDBL,51,10,90,151.0,13590.0
2020121703023862,HIDCL,39,57,152,280.0,42560.0
2020121703023801,HIDCL,32,57,169,280.0,47320.0
2020121703023753,HIDCL,32,22,47,280.0,13160.0
2020121703023702,HIDCL,32,49,300,280.0,84000.0
2020121703023701,HIDCL,32,33,234,280.0,65520.0
2020121703023693,HIDCL,3,33,250,280.0,70000.0
2020121703023490,HIDCL,32,25,130,280.0,36400.0
2020121703023489,HIDCL,40,25,981,280.0,274680.0
2020121703023496,HIDCL,51,25,489,280.0,136920.0
2020121703023495,HIDCL,57,25,100,280.0,28000.0
2020121703023494,HIDCL,59,25,100,280.0,28000.0
2020121703023493,HIDCL,6,25,"1,000",280.0,280000.0
2020121703023492,HIDCL,58,25,100,280.0,28000.0
2020121703023491,HIDCL,39,25,200,280.0,56000.0
2020121703023670,HIDCL,26,13,150,279.0,41850.0
2020121703023669,HIDCL,22,13,200,279.0,55800.0
2020121703023606,HIDCL,42,33,355,280.0,99400.0
2020121703023580,HIDCL,49,33,100,280.0,28000.0
2020121703023541,HIDCL,42,33,50,280.0,14000.0
2020121703023540,HIDCL,51,33,11,280.0,3080.0
2020121703023529,ILBS,14,16,500,1062.0,531000.0
2020121703023528,ILBS,18,16,49,1062.0,52038.0
2020121703023795,JBBL,52,29,100,228.0,22800.0
2020121703023769,JBBL,34,13,200,229.0,45800.0
2020121703023645,JBBL,44,5,"1,000",227.0,227000.0
2020121703023547,JBBL,44,59,181,227.0,41087.0
2020121703023546,JBBL,49,59,20,227.0,4540.0
2020121703023545,JBBL,44,59,"1,000",228.0,228000.0
2020121703023501,JFL,57,58,200,245.0,49000.0
2020121703023500,JFL,57,6,50,245.0,12250.0
2020121703023842,JSLBB,38,26,10,1752.0,17520.0
2020121703023819,KSBBL,56,45,100,224.0,22400.0
2020121703023567,KSBBL,22,45,35,224.0,7840.0
2020121703023566,KSBBL,52,45,200,224.0,44800.0
2020121703023565,KSBBL,22,45,47,224.0,10528.0
2020121703023498,KSBBL,54,14,700,225.0,157500.0
2020121703023497,KSBBL,54,42,300,225.0,67500.0
2020121703023468,KSBBL,22,17,20,224.0,4480.0
2020121703023385,KSBBL,22,44,23,224.0,5152.0
2020121703023364,KSBBL,22,8,10,224.0,2240.0
2020121703023363,KSBBL,45,8,190,224.0,42560.0
2020121703023418,LBBL,34,45,100,229.0,22900.0
2020121703023752,LICN,1,5,10,1940.0,19400.0
2020121703023751,LICN,49,5,20,1940.0,38800.0
2020121703023750,LICN,6,5,20,1941.0,38820.0
2020121703023749,LICN,28,5,50,1944.0,97200.0
2020121703023748,LICN,49,5,110,1944.0,213840.0
2020121703023747,LICN,38,5,10,1944.0,19440.0
2020121703023579,LICN,33,50,50,1960.0,98000.0
2020121703023482,LICN,25,50,10,1960.0,19600.0
2020121703023740,LICN,3,5,150,1950.0,292500.0
2020121703023739,LICN,28,5,50,1952.0,97600.0
2020121703023698,LICN,25,50,10,1970.0,19700.0
2020121703023625,LICN,3,50,50,1950.0,97500.0
2020121703023624,LICN,21,50,190,1951.0,370690.0
2020121703023623,LICN,54,50,200,1951.0,390200.0
2020121703023746,LICN,50,5,200,1945.0,389000.0
2020121703023745,LICN,41,5,50,1945.0,97250.0
2020121703023744,LICN,14,5,100,1945.0,194500.0
2020121703023743,LICN,45,5,30,1945.0,58350.0
2020121703023742,LICN,35,5,500,1947.0,973500.0
2020121703023741,LICN,1,5,100,1949.0,194900.0
2020121703023836,LLBS,56,41,37,1570.0,58090.0
2020121703023705,MDB,4,42,50,386.0,19300.0
2020121703023581,MDB,22,38,10,386.0,3860.0
2020121703023460,MDB,17,38,370,386.0,142820.0
2020121703023459,MDB,17,36,"1,630",386.0,629180.0
2020121703023853,MERO,50,34,100,970.0,97000.0
2020121703023852,MERO,50,6,996,970.0,966120.0
2020121703023851,MERO,50,45,120,970.0,116400.0
2020121703023445,MERO,39,45,10,970.0,9700.0
2020121703023568,MFIL,49,52,777,385.0,299145.0
2020121703023846,MLBL,42,17,88,247.0,21736.0
2020121703023845,MLBL,42,36,90,247.0,22230.0
2020121703023844,MLBL,42,49,18,247.0,4446.0
2020121703023731,MMFDB,26,38,127,1070.0,135890.0
2020121703023644,MMFDB,34,38,222,1070.0,237540.0
2020121703023635,MMFDB,44,38,10,1070.0,10700.0
2020121703023588,MMFDB,20,11,50,1066.0,53300.0
2020121703023780,MNBBL,19,50,100,385.0,38500.0
2020121703023758,MNBBL,32,50,277,385.0,106645.0
2020121703023697,MNBBL,32,29,150,385.0,57750.0
2020121703023652,MNBBL,32,45,73,385.0,28105.0
2020121703023630,MNBBL,38,45,70,385.0,26950.0
2020121703023629,MNBBL,34,45,55,385.0,21175.0
2020121703023542,MNBBL,40,57,120,385.0,46200.0
2020121703023442,MNBBL,40,57,138,385.0,53130.0
2020121703023441,MNBBL,36,57,200,385.0,77000.0
2020121703023440,MNBBL,45,57,132,385.0,50820.0
2020121703023628,MNBBL,37,45,50,385.0,19250.0
2020121703023627,MNBBL,29,45,86,385.0,33110.0
2020121703023609,MNBBL,29,8,100,385.0,38500.0
2020121703023557,MNBBL,29,13,64,385.0,24640.0
2020121703023556,MNBBL,25,13,50,385.0,19250.0
2020121703023555,MNBBL,40,13,42,385.0,16170.0
2020121703023379,MPFL,45,4,49,158.0,7742.0
2020121703023639,MSMBS,46,32,12,939.0,11268.0
2020121703023513,MSMBS,46,41,31,939.0,29109.0
2020121703023381,MSMBS,46,50,100,939.0,93900.0
2020121703023511,NADEP,33,17,13,1015.0,13195.0
2020121703023708,NLBBL,13,28,24,1093.0,26232.0
2020121703023707,NLBBL,33,28,445,1094.0,486830.0
2020121703023638,NLBBL,34,39,50,1095.0,54750.0
2020121703023637,NLBBL,38,39,200,1095.0,219000.0
2020121703023636,NLBBL,10,39,100,1095.0,109500.0
2020121703023480,NLBBL,50,28,10,1105.0,11050.0
2020121703023416,NLBBL,38,39,100,1096.0,109600.0
2020121703023847,NLIC,6,33,14,2195.0,30730.0
2020121703023808,NLIC,59,59,20,2194.0,43880.0
2020121703023804,NLIC,6,33,50,2195.0,109750.0
