Transact. No.,Symbol,Buyer,Seller,Quantity,Rate,Amount
2020121604001499,BBC,45,34,10,2793.0,27930.0
2020121604001489,BBC,57,33,10,2793.0,27930.0
2020121604001468,BBC,49,34,10,2800.0,28000.0
2020121604001437,BBC,14,34,20,2800.0,56000.0
2020121604001436,BBC,42,34,15,2800.0,42000.0
2020121604001435,BBC,14,34,10,2800.0,28000.0
2020121604001232,BBC,33,36,10,2855.0,28550.0
2020121604001229,BBC,16,36,20,2870.0,57400.0
2020121604001228,BBC,3,36,50,2871.0,143550.0
2020121604001227,BBC,57,36,30,2872.0,86160.0
2020121604001180,BBC,59,49,10,2925.0,29250.0
2020121604001170,BBC,59,50,10,2925.0,29250.0
2020121604001272,BBC,34,20,50,2820.0,141000.0
2020121604001271,BBC,50,20,10,2825.0,28250.0
2020121604001270,BBC,41,20,10,2835.0,28350.0
2020121604001256,BBC,59,36,30,2855.0,85650.0
2020121604001243,BBC,16,36,20,2855.0,57100.0
2020121604001233,BBC,3,36,20,2855.0,57100.0
2020121604001353,BBC,34,20,10,2815.0,28150.0
2020121604001352,BBC,11,20,20,2815.0,56300.0
2020121604001351,BBC,49,20,10,2825.0,28250.0
2020121604001350,BBC,10,20,10,2850.0,28500.0
2020121604001296,BBC,53,36,120,2855.0,342600.0
2020121604001273,BBC,11,20,30,2815.0,84450.0
2020121604001434,BBC,6,34,10,2801.0,28010.0
2020121604001375,BBC,50,34,200,2803.0,560600.0
2020121604001374,BBC,21,34,85,2810.0,238850.0
2020121604001373,BBC,11,34,10,2811.0,28110.0
2020121604001355,BBC,11,20,40,2811.0,112440.0
2020121604001354,BBC,34,20,10,2812.0,28120.0
2020121604001287,CMF1,1,34,"7,500",10.0,75000.0
2020121604001286,CMF1,58,34,"20,000",10.01,200200.0
2020121604001285,CMF1,8,34,"2,500",10.09,25225.0
2020121604001546,GIC,29,42,20,577.0,11540.0
2020121604001545,GIC,49,42,200,577.0,115400.0
2020121604001533,GIC,49,38,30,577.0,17310.0
2020121604001505,GIC,5,25,10,579.0,5790.0
2020121604001504,GIC,5,5,200,579.0,115800.0
2020121604001503,GIC,5,45,10,579.0,5790.0
2020121604001074,GIC,42,41,10,576.0,5760.0
2020121604001073,GIC,42,42,10,576.0,5760.0
2020121604001072,GIC,42,58,10,576.0,5760.0
2020121604001071,GIC,42,34,10,576.0,5760.0
2020121604001051,GIC,13,49,50,577.0,28850.0
2020121604001101,GIC,29,41,10,576.0,5760.0
2020121604001100,GIC,29,42,10,576.0,5760.0
2020121604001095,GIC,42,10,10,576.0,5760.0
2020121604001087,GIC,42,53,10,576.0,5760.0
2020121604001077,GIC,42,7,10,576.0,5760.0
2020121604001076,GIC,42,58,10,576.0,5760.0
2020121604001117,GIC,29,39,10,576.0,5760.0
2020121604001116,GIC,29,38,10,576.0,5760.0
2020121604001115,GIC,29,41,10,576.0,5760.0
2020121604001114,GIC,29,38,10,576.0,5760.0
2020121604001105,GIC,29,3,100,576.0,57600.0
2020121604001104,GIC,29,10,10,576.0,5760.0
2020121604001142,GIC,29,42,10,576.0,5760.0
2020121604001138,GIC,29,29,10,576.0,5760.0
2020121604001137,GIC,29,29,10,576.0,5760.0
2020121604001136,GIC,34,49,150,577.0,86550.0
2020121604001129,GIC,29,38,10,576.0,5760.0
2020121604001126,GIC,29,58,10,576.0,5760.0
2020121604001166,GIC,45,42,10,577.0,5770.0
2020121604001165,GIC,45,38,10,577.0,5770.0
2020121604001164,GIC,45,54,10,577.0,5770.0
2020121604001159,GIC,45,25,10,577.0,5770.0
2020121604001145,GIC,45,29,10,577.0,5770.0
2020121604001144,GIC,45,3,10,577.0,5770.0
2020121604001190,GIC,45,26,10,577.0,5770.0
2020121604001187,GIC,45,40,10,577.0,5770.0
2020121604001183,GIC,45,8,10,577.0,5770.0
2020121604001182,GIC,45,6,10,577.0,5770.0
2020121604001175,GIC,45,8,10,577.0,5770.0
2020121604001169,GIC,45,59,10,577.0,5770.0
2020121604001215,GIC,45,34,10,577.0,5770.0
2020121604001212,GIC,45,47,10,577.0,5770.0
2020121604001198,GIC,45,8,10,577.0,5770.0
2020121604001197,GIC,45,8,10,577.0,5770.0
2020121604001194,GIC,45,46,10,577.0,5770.0
2020121604001193,GIC,45,44,10,577.0,5770.0
2020121604001246,GIC,54,56,10,577.0,5770.0
2020121604001244,GIC,54,38,10,577.0,5770.0
2020121604001230,GIC,54,54,10,577.0,5770.0
2020121604001220,GIC,54,25,10,577.0,5770.0
2020121604001219,GIC,45,45,10,577.0,5770.0
2020121604001217,GIC,45,10,10,577.0,5770.0
2020121604001262,GIC,37,42,10,578.0,5780.0
2020121604001261,GIC,37,51,10,578.0,5780.0
2020121604001260,GIC,37,56,50,578.0,28900.0
2020121604001250,GIC,54,21,10,577.0,5770.0
2020121604001249,GIC,54,55,10,577.0,5770.0
2020121604001247,GIC,54,17,10,577.0,5770.0
2020121604001294,GIC,58,40,10,578.0,5780.0
2020121604001291,GIC,58,41,10,578.0,5780.0
2020121604001290,GIC,3,17,10,579.0,5790.0
2020121604001282,GIC,37,16,10,578.0,5780.0
2020121604001264,GIC,37,47,10,578.0,5780.0
2020121604001263,GIC,37,51,10,578.0,5780.0
2020121604001307,GIC,58,17,10,577.0,5770.0
2020121604001306,GIC,54,50,10,577.0,5770.0
2020121604001305,GIC,50,38,100,578.0,57800.0
2020121604001300,GIC,54,58,10,577.0,5770.0
2020121604001298,GIC,54,3,10,577.0,5770.0
2020121604001295,GIC,58,38,15,578.0,8670.0
2020121604001337,GIC,58,33,10,577.0,5770.0
2020121604001327,GIC,58,38,45,577.0,25965.0
2020121604001317,GIC,58,58,10,577.0,5770.0
2020121604001311,GIC,58,14,10,577.0,5770.0
2020121604001310,GIC,58,16,10,577.0,5770.0
2020121604001308,GIC,58,58,10,577.0,5770.0
2020121604001363,GIC,39,42,10,578.0,5780.0
2020121604001362,GIC,39,42,10,578.0,5780.0
2020121604001361,GIC,39,51,10,578.0,5780.0
2020121604001346,GIC,58,11,10,577.0,5770.0
2020121604001342,GIC,58,56,10,577.0,5770.0
2020121604001341,GIC,58,45,10,577.0,5770.0
2020121604001415,GIC,58,58,40,577.0,23080.0
2020121604001406,GIC,58,57,10,577.0,5770.0
2020121604001405,GIC,58,22,10,577.0,5770.0
2020121604001395,GIC,58,55,10,577.0,5770.0
2020121604001382,GIC,58,29,10,577.0,5770.0
2020121604001370,GIC,58,58,10,577.0,5770.0
2020121604001421,GIC,49,51,10,578.0,5780.0
2020121604001420,GIC,45,58,40,577.0,23080.0
2020121604001419,GIC,8,58,30,577.0,17310.0
2020121604001418,GIC,41,58,100,577.0,57700.0
2020121604001417,GIC,49,58,90,577.0,51930.0
2020121604001416,GIC,22,58,100,577.0,57700.0
2020121604001433,GIC,54,34,10,577.0,5770.0
2020121604001430,GIC,54,43,10,577.0,5770.0
2020121604001428,GIC,45,38,10,577.0,5770.0
2020121604001424,GIC,49,42,10,578.0,5780.0
2020121604001423,GIC,49,58,10,578.0,5780.0
2020121604001422,GIC,49,22,10,578.0,5780.0
2020121604001482,GIC,49,11,10,577.0,5770.0
2020121604001480,GIC,58,42,30,578.0,17340.0
2020121604001470,GIC,49,20,10,577.0,5770.0
2020121604001462,GIC,49,35,10,577.0,5770.0
2020121604001461,GIC,49,52,10,577.0,5770.0
2020121604001439,GIC,29,8,10,576.0,5760.0
2020121604001502,GIC,5,58,10,579.0,5790.0
2020121604001501,GIC,5,6,10,579.0,5790.0
2020121604001500,GIC,5,51,10,578.0,5780.0
2020121604001493,GIC,49,10,10,577.0,5770.0
2020121604001484,GIC,49,10,10,577.0,5770.0
2020121604001483,GIC,49,45,10,577.0,5770.0
2020121604001312,GIMES1,49,57,"87,193",11.1,967842.3
2020121604001258,GIMES1,21,57,507,11.1,5627.7
2020121604001178,GIMES1,58,57,"10,000",11.1,111000.0
2020121604001177,GIMES1,58,57,"10,000",11.1,111000.0
2020121604001176,GIMES1,58,57,"10,000",11.1,111000.0
2020121604001125,GIMES1,49,57,"14,000",11.09,155260.0
2020121604001124,GIMES1,17,57,"25,000",11.09,277250.0
2020121604001123,GIMES1,58,57,"10,000",11.1,111000.0
2020121604001122,GIMES1,11,57,"1,000",11.11,11110.0
2020121604001518,LEMF,42,13,"1,850",10.15,18777.5
2020121604001517,LEMF,42,49,"5,000",10.1,50500.0
2020121604001516,LEMF,42,38,"5,000",10.1,50500.0
2020121604001515,LEMF,42,47,"29,248",10.0,292480.0
2020121604001513,LEMF,42,33,"1,000",9.96,9960.0
2020121604001512,LEMF,42,47,"4,000",9.96,39840.0
2020121604001511,LEMF,42,47,"2,000",9.89,19780.0
2020121604001510,LEMF,42,7,"1,000",9.78,9780.0
2020121604001509,LEMF,42,7,"1,000",9.78,9780.0
2020121604001508,LEMF,42,7,"1,000",9.78,9780.0
2020121604001507,LEMF,42,7,"1,000",9.78,9780.0
2020121604001506,LEMF,42,45,"2,500",9.78,24450.0
2020121604001400,LUK,17,29,700,9.37,6559.0
2020121604001399,LUK,41,29,300,9.37,2811.0
2020121604001388,LUK,41,29,100,9.37,937.0
2020121604001387,LUK,41,29,400,9.37,3748.0
2020121604001365,LUK,54,29,500,9.38,4690.0
2020121604001301,LUK,41,41,200,9.5,1900.0
2020121604001289,LUK,41,54,400,9.37,3748.0
2020121604001119,LUK,34,51,400,9.23,3692.0
2020121604001103,LUK,34,57,"1,100",9.24,10164.0
2020121604001098,LUK,34,17,200,9.24,1848.0
2020121604001061,LUK,34,54,100,9.37,937.0
2020121604001429,NBF2,58,50,100,9.83,983.0
2020121604001309,NBF2,41,45,500,9.82,4910.0
2020121604001150,NBF2,41,55,100,9.82,982.0
2020121604001130,NBF2,41,42,100,9.82,982.0
2020121604001469,NEF,41,38,914,10.0,9140.0
2020121604001413,NEF,17,49,"1,448",10.0,14480.0
2020121604001412,NEF,17,43,"15,000",10.0,150000.0
2020121604001407,NEF,17,49,"2,414",9.96,24043.44
2020121604001302,NEF,17,14,"7,607",10.0,76070.0
2020121604001283,NEF,17,11,"2,414",10.0,24140.0
2020121604001058,NEF,38,34,"1,690",10.07,17018.3
2020121604001057,NEF,38,58,"1,931",10.06,19425.86
2020121604001056,NEF,38,52,"1,014",10.05,10190.7
2020121604001055,NEF,38,46,"2,000",10.05,20100.0
2020121604001054,NEF,38,26,483,10.04,4849.32
2020121604001268,NEF,17,41,"2,414",10.0,24140.0
2020121604001231,NEF,17,32,"1,127",10.0,11270.0
2020121604001218,NEF,17,41,"2,414",10.0,24140.0
2020121604001207,NEF,17,32,"2,414",10.0,24140.0
2020121604001186,NEF,17,7,"1,127",10.0,11270.0
2020121604001059,NEF,38,44,882,10.07,8881.74
2020121604001520,NIBLPF,42,26,"1,515",10.3,15604.5
2020121604001497,NIBLPF,42,42,"1,010",10.45,10554.5
2020121604001496,NIBLPF,42,17,505,10.35,5226.75
2020121604001495,NIBLPF,42,14,"20,000",10.35,207000.0
2020121604001487,NIBLPF,42,59,"2,525",10.3,26007.5
2020121604001486,NIBLPF,42,49,"100,000",10.3,1030000.0
2020121604001485,NIBLPF,42,47,"50,000",10.28,514000.0
2020121604001458,NIBPO,14,19,200,468.0,93600.0
2020121604001457,NIBPO,34,28,"1,000",468.0,468000.0
2020121604001432,NIBPO,51,58,534,467.0,249378.0
2020121604001281,NIBPO,4,58,150,469.0,70350.0
2020121604001280,NIBPO,4,43,500,468.0,234000.0
2020121604001279,NIBPO,4,33,10,468.0,4680.0
2020121604001141,NIBPO,35,53,"4,787",460.0,2202020.0
2020121604001140,NIBPO,10,53,183,460.0,84180.0
2020121604001139,NIBPO,43,53,30,461.0,13830.0
2020121604001053,NIBPO,10,43,196,460.0,90160.0
2020121604001234,NIBPO,49,50,"1,000",464.0,464000.0
2020121604001226,NIBPO,56,34,28,461.0,12908.0
2020121604001221,NIBPO,56,34,14,461.0,6454.0
2020121604001196,NIBPO,56,7,10,461.0,4610.0
2020121604001173,NIBPO,35,6,"4,287",460.0,1972020.0
2020121604001172,NIBPO,35,6,213,460.0,97980.0
2020121604001278,NIBPO,4,22,"1,000",467.0,467000.0
2020121604001277,NIBPO,4,51,40,467.0,18680.0
2020121604001276,NIBPO,4,52,100,466.0,46600.0
2020121604001275,NIBPO,4,22,100,466.0,46600.0
2020121604001274,NIBPO,4,6,100,465.0,46500.0
2020121604001266,NIBPO,56,39,554,461.0,255394.0
2020121604001535,NIBSF1,59,41,"5,000",11.21,56050.0
2020121604001394,NIBSF1,26,7,"10,000",11.31,113100.0
2020121604001393,NIBSF1,26,34,600,11.31,6786.0
2020121604001390,NIBSF1,26,48,"3,478",11.3,39301.4
2020121604001389,NIBSF1,26,48,488,11.3,5514.4
2020121604001386,NIBSF1,26,48,"2,990",11.3,33787.0
2020121604001385,NIBSF1,26,19,"5,000",11.29,56450.0
2020121604001384,NIBSF1,26,45,"17,010",11.28,191872.8
2020121604001381,NIBSF1,26,45,"20,000",11.28,225600.0
2020121604001380,NIBSF1,26,56,"5,000",11.27,56350.0
2020121604001379,NICBF,49,57,"7,800",9.71,75738.0
2020121604001378,NICBF,34,57,"16,600",9.72,161352.0
2020121604001377,NICBF,49,57,"50,000",9.73,486500.0
2020121604001376,NICBF,49,57,"1,100",9.75,10725.0
2020121604001322,NICBF,49,45,"1,000",9.75,9750.0
2020121604001185,NICBF,41,57,"10,000",9.81,98100.0
2020121604001184,NICBF,34,57,"3,000",9.81,29430.0
2020121604001494,NICD83/84,28,16,25,1065.0,26625.0
2020121604001209,NICGF,17,41,100,10.32,1032.0
2020121604001492,NMB50,58,45,100,10.03,1003.0
2020121604001491,NMB50,58,45,500,10.06,5030.0
2020121604001316,NMB50,58,45,500,10.03,5015.0
2020121604001315,NMB50,58,45,500,10.1,5050.0
2020121604001163,RBCLPO,42,6,10,14450.0,144500.0
2020121604001162,RBCLPO,42,28,20,14311.0,286220.0
2020121604001152,RBCLPO,51,28,20,14311.0,286220.0
2020121604001477,SAEF,42,28,"1,000",11.31,11310.0
2020121604001476,SAEF,42,50,"1,000",11.31,11310.0
2020121604001475,SAEF,42,49,"10,000",11.3,113000.0
2020121604001474,SAEF,42,35,"4,500",11.2,50400.0
2020121604001473,SAEF,42,34,"1,100",11.2,12320.0
2020121604001472,SAEF,42,58,500,11.2,5600.0
2020121604001094,SAEF,56,56,"5,000",11.01,55050.0
2020121604001403,SAEF,6,4,"1,000",10.96,10960.0
2020121604001211,SAEF,49,41,500,10.95,5475.0
2020121604001210,SAEF,17,41,500,10.95,5475.0
2020121604001158,SAEF,47,56,"25,000",11.0,275000.0
2020121604001148,SAEF,56,56,"3,000",11.01,33030.0
2020121604001118,SAEF,56,6,"2,000",11.01,22020.0
2020121604001471,SAEF,42,49,500,11.2,5600.0
2020121604001467,SAEF,42,55,"3,000",11.12,33360.0
2020121604001466,SAEF,42,57,"2,500",11.1,27750.0
2020121604001465,SAEF,42,48,"1,200",11.1,13320.0
2020121604001464,SAEF,42,19,500,11.09,5545.0
2020121604001463,SAEF,42,19,200,11.0,2200.0
2020121604001127,SAND2085,13,13,25,1035.0,25875.0
2020121604001544,SEF,42,16,"1,000",10.54,10540.0
2020121604001543,SEF,42,50,"10,000",10.54,105400.0
2020121604001542,SEF,42,34,347,10.54,3657.38
2020121604001541,SEF,42,17,"10,000",10.54,105400.0
2020121604001540,SEF,42,49,"8,000",10.51,84080.0
2020121604001539,SEF,42,32,500,10.5,5250.0
2020121604001214,SEF,49,41,500,10.26,5130.0
2020121604001112,SEF,14,57,"10,000",10.3,103000.0
2020121604001111,SEF,14,48,"4,800",10.3,49440.0
2020121604001075,SEF,49,28,500,10.26,5130.0
2020121604001481,SEF,14,52,"10,000",10.28,102800.0
2020121604001369,SEF,14,6,"1,000",10.35,10350.0
2020121604001368,SEF,14,14,"25,000",10.35,258750.0
2020121604001367,SEF,14,52,"1,000",10.34,10340.0
2020121604001314,SEF,48,1,"15,000",10.34,155100.0
2020121604001313,SEF,48,35,"2,000",10.33,20660.0
2020121604001527,SEF,42,47,"50,000",10.4,520000.0
2020121604001526,SEF,42,19,"10,000",10.39,103900.0
2020121604001525,SEF,42,35,"9,900",10.39,102861.0
2020121604001524,SEF,42,1,"5,000",10.38,51900.0
2020121604001523,SEF,42,1,"5,000",10.37,51850.0
2020121604001522,SEF,42,14,"25,000",10.35,258750.0
2020121604001538,SEF,42,55,500,10.5,5250.0
2020121604001537,SEF,42,50,"1,200",10.5,12600.0
2020121604001531,SEF,42,55,"30,000",10.48,314400.0
2020121604001530,SEF,42,45,"2,000",10.48,20960.0
2020121604001529,SEF,42,48,"10,000",10.46,104600.0
2020121604001528,SEF,42,57,"2,000",10.4,20800.0
2020121604001521,SFMF,33,44,200,10.1,2020.0
2020121604001324,SFMF,33,45,300,10.1,3030.0
2020121604001323,SFMF,34,45,700,10.15,7105.0
2020121604001550,SGI,29,42,420,608.0,255360.0
2020121604001549,SGI,29,48,400,608.0,243200.0
2020121604001548,SGI,29,51,10,608.0,6080.0
2020121604001547,SGI,29,26,140,608.0,85120.0
2020121604001536,SGI,58,19,10,607.0,6070.0
2020121604001534,SGI,58,38,10,607.0,6070.0
2020121604001062,SGI,49,58,10,605.0,6050.0
2020121604001060,SGI,16,41,10,603.0,6030.0
2020121604001052,SGI,16,11,10,603.0,6030.0
2020121604001068,SGI,49,10,10,605.0,6050.0
2020121604001067,SGI,49,36,10,605.0,6050.0
2020121604001066,SGI,49,42,10,605.0,6050.0
2020121604001065,SGI,49,10,10,605.0,6050.0
2020121604001064,SGI,49,22,10,605.0,6050.0
2020121604001063,SGI,49,10,10,605.0,6050.0
2020121604001081,SGI,49,14,10,605.0,6050.0
2020121604001080,SGI,49,10,10,605.0,6050.0
2020121604001079,SGI,49,49,10,605.0,6050.0
2020121604001078,SGI,49,42,10,604.0,6040.0
2020121604001070,SGI,49,36,10,605.0,6050.0
2020121604001069,SGI,49,53,10,605.0,6050.0
2020121604001088,SGI,16,38,10,603.0,6030.0
2020121604001086,SGI,49,59,10,607.0,6070.0
2020121604001085,SGI,49,7,10,605.0,6050.0
2020121604001084,SGI,49,10,10,605.0,6050.0
2020121604001083,SGI,49,14,10,605.0,6050.0
2020121604001082,SGI,49,10,10,605.0,6050.0
2020121604001096,SGI,49,59,10,607.0,6070.0
2020121604001093,SGI,49,59,10,607.0,6070.0
2020121604001092,SGI,49,59,10,607.0,6070.0
2020121604001091,SGI,49,10,10,605.0,6050.0
2020121604001090,SGI,49,10,10,605.0,6050.0
2020121604001089,SGI,49,25,10,604.0,6040.0
2020121604001108,SGI,49,21,10,605.0,6050.0
2020121604001107,SGI,16,42,10,603.0,6030.0
2020121604001106,SGI,16,1,10,603.0,6030.0
2020121604001102,SGI,16,19,10,603.0,6030.0
2020121604001099,SGI,16,19,10,603.0,6030.0
2020121604001097,SGI,49,26,10,608.0,6080.0
2020121604001132,SGI,39,39,10,605.0,6050.0
2020121604001131,SGI,52,29,10,604.0,6040.0
2020121604001128,SGI,52,38,10,604.0,6040.0
2020121604001113,SGI,49,34,10,607.0,6070.0
2020121604001110,SGI,49,3,10,607.0,6070.0
2020121604001109,SGI,49,36,10,605.0,6050.0
2020121604001147,SGI,16,6,10,603.0,6030.0
2020121604001146,SGI,16,56,10,603.0,6030.0
2020121604001143,SGI,16,35,10,603.0,6030.0
2020121604001135,SGI,39,54,20,605.0,12100.0
2020121604001134,SGI,39,29,10,605.0,6050.0
2020121604001133,SGI,39,55,10,605.0,6050.0
2020121604001157,SGI,1,4,10,605.0,6050.0
2020121604001156,SGI,1,34,10,605.0,6050.0
2020121604001155,SGI,1,34,10,605.0,6050.0
2020121604001154,SGI,1,45,10,605.0,6050.0
2020121604001153,SGI,1,56,10,605.0,6050.0
2020121604001149,SGI,16,53,10,603.0,6030.0
2020121604001174,SGI,16,54,10,603.0,6030.0
2020121604001171,SGI,16,4,10,603.0,6030.0
2020121604001168,SGI,16,59,10,603.0,6030.0
2020121604001167,SGI,16,8,10,603.0,6030.0
2020121604001161,SGI,16,38,60,603.0,36180.0
2020121604001160,SGI,1,38,50,605.0,30250.0
2020121604001192,SGI,25,4,10,602.0,6020.0
2020121604001191,SGI,25,19,10,602.0,6020.0
2020121604001189,SGI,25,19,10,602.0,6020.0
2020121604001188,SGI,25,46,10,602.0,6020.0
2020121604001181,SGI,25,13,10,602.0,6020.0
2020121604001179,SGI,25,8,10,602.0,6020.0
2020121604001203,SGI,41,22,10,605.0,6050.0
2020121604001202,SGI,41,17,10,605.0,6050.0
2020121604001201,SGI,41,49,10,605.0,6050.0
2020121604001200,SGI,41,45,10,604.0,6040.0
2020121604001199,SGI,41,29,10,603.0,6030.0
2020121604001195,SGI,51,22,10,603.0,6030.0
2020121604001216,SGI,25,59,10,602.0,6020.0
2020121604001213,SGI,25,32,10,602.0,6020.0
2020121604001208,SGI,25,4,10,602.0,6020.0
2020121604001206,SGI,41,26,30,608.0,18240.0
2020121604001205,SGI,41,17,10,607.0,6070.0
2020121604001204,SGI,41,44,10,606.0,6060.0
2020121604001245,SGI,51,17,10,603.0,6030.0
2020121604001242,SGI,51,38,10,603.0,6030.0
2020121604001225,SGI,51,3,10,603.0,6030.0
2020121604001224,SGI,51,10,10,603.0,6030.0
2020121604001223,SGI,51,38,10,603.0,6030.0
2020121604001222,SGI,25,47,10,602.0,6020.0
2020121604001255,SGI,52,40,80,603.0,48240.0
2020121604001254,SGI,51,40,60,603.0,36180.0
2020121604001253,SGI,42,40,150,603.0,90450.0
2020121604001252,SGI,51,25,10,603.0,6030.0
2020121604001251,SGI,51,38,10,603.0,6030.0
2020121604001248,SGI,51,36,10,603.0,6030.0
2020121604001284,SGI,25,36,10,602.0,6020.0
2020121604001269,SGI,37,40,100,603.0,60300.0
2020121604001267,SGI,25,41,10,602.0,6020.0
2020121604001265,SGI,25,3,10,602.0,6020.0
2020121604001259,SGI,25,28,10,602.0,6020.0
2020121604001257,SGI,25,45,10,602.0,6020.0
2020121604001303,SGI,25,58,10,602.0,6020.0
2020121604001299,SGI,25,45,10,602.0,6020.0
2020121604001297,SGI,25,57,100,602.0,60200.0
2020121604001293,SGI,25,17,10,602.0,6020.0
2020121604001292,SGI,25,3,10,602.0,6020.0
2020121604001288,SGI,42,40,50,603.0,30150.0
2020121604001325,SGI,25,14,55,602.0,33110.0
2020121604001321,SGI,25,34,10,602.0,6020.0
2020121604001320,SGI,25,33,10,602.0,6020.0
2020121604001319,SGI,25,48,20,602.0,12040.0
2020121604001318,SGI,25,25,10,602.0,6020.0
2020121604001304,SGI,25,41,10,602.0,6020.0
2020121604001333,SGI,25,45,10,602.0,6020.0
2020121604001332,SGI,25,58,10,602.0,6020.0
2020121604001331,SGI,25,22,10,602.0,6020.0
2020121604001330,SGI,25,56,10,602.0,6020.0
2020121604001329,SGI,25,56,10,602.0,6020.0
2020121604001328,SGI,25,5,10,602.0,6020.0
2020121604001340,SGI,58,56,10,602.0,6020.0
2020121604001339,SGI,58,3,10,602.0,6020.0
2020121604001338,SGI,25,56,10,602.0,6020.0
2020121604001336,SGI,25,3,10,602.0,6020.0
2020121604001335,SGI,25,17,10,602.0,6020.0
2020121604001334,SGI,3,40,20,603.0,12060.0
2020121604001349,SGI,58,56,10,602.0,6020.0
2020121604001348,SGI,58,58,10,602.0,6020.0
2020121604001347,SGI,58,58,10,602.0,6020.0
2020121604001345,SGI,58,56,10,602.0,6020.0
2020121604001344,SGI,58,56,10,602.0,6020.0
2020121604001343,SGI,58,58,10,602.0,6020.0
2020121604001364,SGI,58,38,10,602.0,6020.0
2020121604001360,SGI,56,52,10,603.0,6030.0
2020121604001359,SGI,56,42,10,603.0,6030.0
2020121604001358,SGI,56,36,10,603.0,6030.0
2020121604001357,SGI,56,38,10,603.0,6030.0
2020121604001356,SGI,56,40,30,603.0,18090.0
2020121604001392,SGI,58,58,10,602.0,6020.0
2020121604001391,SGI,58,35,10,602.0,6020.0
2020121604001383,SGI,58,58,10,602.0,6020.0
2020121604001372,SGI,58,46,10,602.0,6020.0
2020121604001371,SGI,58,58,10,602.0,6020.0
2020121604001366,SGI,58,5,10,602.0,6020.0
2020121604001404,SGI,58,50,10,602.0,6020.0
2020121604001402,SGI,58,34,10,602.0,6020.0
2020121604001401,SGI,58,48,10,602.0,6020.0
2020121604001398,SGI,58,16,10,602.0,6020.0
2020121604001397,SGI,58,6,10,602.0,6020.0
2020121604001396,SGI,58,58,10,602.0,6020.0
2020121604001425,SGI,58,34,10,602.0,6020.0
2020121604001414,SGI,58,34,10,602.0,6020.0
2020121604001411,SGI,22,49,20,603.0,12060.0
2020121604001410,SGI,22,57,10,603.0,6030.0
2020121604001409,SGI,22,11,10,603.0,6030.0
2020121604001408,SGI,22,52,10,603.0,6030.0
2020121604001441,SGI,58,39,10,602.0,6020.0
2020121604001440,SGI,58,13,10,602.0,6020.0
2020121604001438,SGI,58,10,10,602.0,6020.0
2020121604001431,SGI,58,58,10,602.0,6020.0
2020121604001427,SGI,39,49,208,603.0,125424.0
2020121604001426,SGI,58,50,10,602.0,6020.0
2020121604001448,SGI,38,40,10,604.0,6040.0
2020121604001447,SGI,38,33,130,603.0,78390.0
2020121604001446,SGI,58,10,10,602.0,6020.0
2020121604001445,SGI,39,33,30,603.0,18090.0
2020121604001444,SGI,39,43,10,603.0,6030.0
2020121604001443,SGI,39,49,10,603.0,6030.0
2020121604001454,SGI,38,5,460,605.0,278300.0
2020121604001453,SGI,38,35,10,605.0,6050.0
2020121604001452,SGI,38,56,190,604.0,114760.0
2020121604001451,SGI,38,41,10,604.0,6040.0
2020121604001450,SGI,38,42,10,604.0,6040.0
2020121604001449,SGI,38,38,10,604.0,6040.0
2020121604001479,SGI,58,26,20,608.0,12160.0
2020121604001478,SGI,58,42,10,607.0,6070.0
2020121604001460,SGI,38,59,10,605.0,6050.0
2020121604001459,SGI,38,35,10,605.0,6050.0
2020121604001456,SGI,38,57,10,605.0,6050.0
2020121604001455,SGI,38,42,10,605.0,6050.0
2020121604001532,SGI,55,34,10,607.0,6070.0
2020121604001519,SGI,55,37,10,607.0,6070.0
2020121604001514,SGI,55,58,10,607.0,6070.0
2020121604001498,SGI,29,11,10,606.0,6060.0
2020121604001490,SGI,29,49,10,606.0,6060.0
2020121604001488,SGI,29,20,10,606.0,6060.0
2020121604001120,SRBLD83,42,22,15,1065.0,15975.0
2020121604001442,STC,49,49,292,5575.0,1627900.0
2020121604001326,STC,51,58,25,5600.0,140000.0
2020121604001241,STC,40,10,50,5540.0,277000.0
2020121604001240,STC,22,10,10,5540.0,55400.0
2020121604001239,STC,8,10,20,5540.0,110800.0
2020121604001238,STC,43,10,10,5540.0,55400.0
2020121604001237,STC,52,10,10,5540.0,55400.0
2020121604001236,STC,58,10,10,5540.0,55400.0
2020121604001235,STC,51,10,10,5550.0,55500.0
2020121604001151,STC,43,58,10,5653.0,56530.0
2020121604001121,STC,48,58,60,5653.0,339180.0
2020121604001022,BBC,34,34,20,2900.0,58000.0
2020121604001019,BBC,14,20,10,2856.0,28560.0
2020121604001008,BBC,49,20,190,2856.0,542640.0
2020121604001007,BBC,49,34,19,2855.0,54245.0
2020121604001006,BBC,49,50,10,2854.0,28540.0
2020121604000999,BBC,56,38,20,2855.0,57100.0
2020121604000614,BBC,34,50,11,2847.0,31317.0
2020121604000972,BBC,41,34,10,2855.0,28550.0
2020121604000895,BBC,42,36,30,2850.0,85500.0
2020121604000869,BBC,14,39,40,2850.0,114000.0
2020121604000859,BBC,39,50,11,2849.0,31339.0
2020121604000796,BBC,8,39,10,2850.0,28500.0
2020121604000724,BBC,41,1,10,2848.0,28480.0
2020121604000718,CMF1,8,6,"20,000",10.09,201800.0
2020121604000717,CMF1,8,42,500,10.08,5040.0
2020121604001050,GIC,13,6,10,577.0,5770.0
2020121604001048,GIC,13,11,10,577.0,5770.0
2020121604001046,GIC,13,17,10,577.0,5770.0
2020121604001043,GIC,13,45,10,577.0,5770.0
2020121604001042,GIC,13,57,10,577.0,5770.0
2020121604001041,GIC,13,54,10,577.0,5770.0
2020121604000586,GIC,45,4,10,576.0,5760.0
2020121604000585,GIC,45,19,10,576.0,5760.0
2020121604000579,GIC,26,42,10,576.0,5760.0
2020121604000573,GIC,26,22,10,576.0,5760.0
2020121604000572,GIC,26,1,10,576.0,5760.0
2020121604000552,GIC,26,38,10,576.0,5760.0
2020121604000622,GIC,36,47,10,576.0,5760.0
2020121604000620,GIC,36,39,10,576.0,5760.0
2020121604000615,GIC,36,22,10,576.0,5760.0
2020121604000609,GIC,40,38,10,577.0,5770.0
2020121604000604,GIC,40,40,10,577.0,5770.0
2020121604000596,GIC,57,1,10,575.0,5750.0
2020121604000685,GIC,34,28,10,575.0,5750.0
2020121604000682,GIC,38,39,100,576.0,57600.0
2020121604000673,GIC,36,42,10,576.0,5760.0
2020121604000666,GIC,36,44,10,576.0,5760.0
2020121604000654,GIC,36,45,10,576.0,5760.0
2020121604000641,GIC,36,1,10,576.0,5760.0
2020121604000706,GIC,34,33,10,575.0,5750.0
2020121604000705,GIC,34,38,10,575.0,5750.0
2020121604000703,GIC,34,21,10,575.0,5750.0
2020121604000702,GIC,34,58,10,575.0,5750.0
2020121604000690,GIC,34,34,10,575.0,5750.0
2020121604000688,GIC,42,49,50,578.0,28900.0
2020121604000746,GIC,34,38,10,575.0,5750.0
2020121604000742,GIC,34,38,10,575.0,5750.0
2020121604000737,GIC,34,49,10,575.0,5750.0
2020121604000732,GIC,34,34,10,575.0,5750.0
2020121604000729,GIC,45,13,10,576.0,5760.0
2020121604000721,GIC,45,44,10,576.0,5760.0
2020121604000769,GIC,3,56,10,578.0,5780.0
2020121604000768,GIC,3,46,10,578.0,5780.0
2020121604000767,GIC,3,7,10,578.0,5780.0
2020121604000761,GIC,34,57,10,575.0,5750.0
2020121604000760,GIC,28,28,10,577.0,5770.0
2020121604000748,GIC,34,58,10,575.0,5750.0
2020121604000802,GIC,42,41,10,576.0,5760.0
2020121604000780,GIC,34,42,10,575.0,5750.0
2020121604000779,GIC,34,58,10,575.0,5750.0
2020121604000777,GIC,34,10,10,575.0,5750.0
2020121604000771,GIC,3,1,10,579.0,5790.0
2020121604000770,GIC,3,1,10,578.0,5780.0
2020121604000812,GIC,42,59,10,576.0,5760.0
2020121604000811,GIC,42,11,10,576.0,5760.0
2020121604000810,GIC,58,44,10,577.0,5770.0
2020121604000807,GIC,42,39,10,576.0,5760.0
2020121604000806,GIC,42,58,10,576.0,5760.0
2020121604000804,GIC,42,50,10,576.0,5760.0
2020121604000821,GIC,45,58,10,577.0,5770.0
2020121604000820,GIC,45,34,10,577.0,5770.0
2020121604000819,GIC,45,49,10,577.0,5770.0
2020121604000817,GIC,42,40,10,576.0,5760.0
2020121604000815,GIC,42,41,10,576.0,5760.0
2020121604000813,GIC,42,32,10,576.0,5760.0
2020121604000834,GIC,42,58,10,576.0,5760.0
2020121604000833,GIC,42,39,10,576.0,5760.0
2020121604000831,GIC,42,50,10,576.0,5760.0
2020121604000824,GIC,42,45,10,576.0,5760.0
2020121604000823,GIC,42,55,10,576.0,5760.0
2020121604000822,GIC,42,39,10,576.0,5760.0
2020121604000855,GIC,42,58,10,576.0,5760.0
2020121604000848,GIC,42,47,10,576.0,5760.0
2020121604000847,GIC,42,58,10,576.0,5760.0
2020121604000845,GIC,42,58,10,576.0,5760.0
2020121604000837,GIC,42,50,10,576.0,5760.0
2020121604000835,GIC,42,50,10,576.0,5760.0
2020121604000880,GIC,42,50,10,576.0,5760.0
2020121604000879,GIC,42,11,10,576.0,5760.0
2020121604000864,GIC,42,58,10,576.0,5760.0
2020121604000863,GIC,42,41,10,576.0,5760.0
2020121604000860,GIC,42,32,10,576.0,5760.0
2020121604000857,GIC,42,40,10,576.0,5760.0
2020121604000902,GIC,42,16,10,579.0,5790.0
2020121604000901,GIC,42,52,10,576.0,5760.0
2020121604000896,GIC,42,34,10,576.0,5760.0
2020121604000888,GIC,55,36,10,578.0,5780.0
2020121604000887,GIC,55,41,10,578.0,5780.0
2020121604000886,GIC,42,57,10,576.0,5760.0
2020121604000940,GIC,42,39,10,576.0,5760.0
2020121604000938,GIC,42,29,10,576.0,5760.0
2020121604000935,GIC,42,11,10,576.0,5760.0
2020121604000927,GIC,42,20,10,576.0,5760.0
2020121604000923,GIC,42,40,10,576.0,5760.0
2020121604000916,GIC,42,34,10,576.0,5760.0
2020121604000971,GIC,42,50,10,576.0,5760.0
2020121604000957,GIC,42,39,10,576.0,5760.0
2020121604000955,GIC,42,16,70,576.0,40320.0
2020121604000949,GIC,42,51,10,576.0,5760.0
2020121604000948,GIC,42,17,60,576.0,34560.0
2020121604000946,GIC,42,21,10,576.0,5760.0
2020121604001005,GIC,13,41,10,577.0,5770.0
2020121604001000,GIC,13,1,10,577.0,5770.0
2020121604000993,GIC,13,49,10,577.0,5770.0
2020121604000978,GIC,42,42,10,576.0,5760.0
2020121604000977,GIC,42,33,10,576.0,5760.0
2020121604000973,GIC,42,3,10,576.0,5760.0
2020121604001025,GIC,13,17,10,577.0,5770.0
2020121604001023,GIC,13,33,10,577.0,5770.0
2020121604001021,GIC,13,48,10,577.0,5770.0
2020121604001018,GIC,13,3,10,577.0,5770.0
2020121604001017,GIC,13,56,110,577.0,63470.0
2020121604001011,GIC,13,43,10,577.0,5770.0
2020121604001003,GIMES1,17,17,"5,000",11.12,55600.0
2020121604001002,GIMES1,11,40,"4,000",11.11,44440.0
2020121604000997,GIMES1,17,17,"5,000",11.12,55600.0
2020121604000669,GIMES1,7,57,"5,986",11.1,66444.6
2020121604000647,GIMES1,47,57,"2,000",11.1,22200.0
2020121604000646,GIMES1,47,57,"3,500",11.1,38850.0
2020121604000645,GIMES1,21,57,"10,000",11.1,111000.0
2020121604000644,GIMES1,17,57,"28,007",11.11,311157.77
2020121604000643,GIMES1,58,57,507,11.12,5637.84
2020121604000640,GIMES1,58,59,"9,493",11.12,105562.16
2020121604000772,LEMF,26,16,"2,600",9.79,25454.0
2020121604000877,LEMF,34,25,"1,000",9.77,9770.0
2020121604000861,LEMF,45,25,126,9.78,1232.28
2020121604000843,LEMF,26,25,"2,400",9.79,23496.0
2020121604000875,LUK,41,57,400,9.56,3824.0
2020121604000782,LUK,41,58,100,9.56,956.0
2020121604000684,LUK,41,34,500,9.75,4875.0
2020121604000636,LUK,41,57,500,9.56,4780.0
2020121604000631,LUK,41,58,150,9.4,1410.0
2020121604000629,LUK,41,35,100,9.39,939.0
2020121604000628,LUK,41,45,100,9.39,939.0
2020121604000619,LUK,41,17,100,9.3,930.0
2020121604000611,LUK,34,19,100,9.23,923.0
2020121604001047,NBF2,41,38,100,9.82,982.0
2020121604000945,NBF2,41,49,200,9.82,1964.0
2020121604000931,NBF2,6,58,"48,200",9.81,472842.0
2020121604000924,NBF2,6,55,100,9.7,970.0
2020121604000891,NBF2,22,58,"4,300",9.81,42183.0
2020121604000881,NBF2,22,25,500,9.8,4900.0
2020121604000801,NBF2,25,25,900,9.8,8820.0
2020121604000800,NBF2,25,34,100,9.8,980.0
2020121604000795,NBF2,25,42,100,9.74,974.0
2020121604000776,NBF2,25,42,300,9.74,2922.0
2020121604000606,NBF2,53,55,100,9.67,967.0
2020121604000874,NBF2,6,58,500,9.7,4850.0
2020121604000809,NBF2,25,25,600,9.8,5880.0
2020121604000803,NBF2,25,25,"1,000",9.8,9800.0
2020121604000893,NEF,17,35,483,10.0,4830.0
2020121604000734,NEF,17,51,483,9.96,4810.68
2020121604000676,NEF,17,1,"1,931",9.96,19232.76
2020121604000671,NEF,17,59,789,9.96,7858.44
2020121604000662,NEF,17,10,"5,000",10.03,50150.0
2020121604000661,NEF,17,33,"3,380",10.03,33901.4
2020121604000660,NEF,17,25,"5,000",10.02,50100.0
2020121604000659,NEF,17,8,"5,000",10.01,50050.0
2020121604000658,NEF,17,52,"1,014",10.0,10140.0
2020121604000657,NEF,17,25,966,10.0,9660.0
2020121604000656,NEF,17,4,"2,414",10.0,24140.0
2020121604001024,NIBLPF,49,42,"2,525",10.1,25502.5
2020121604001001,NIBLPF,49,41,"8,577",10.1,86627.7
2020121604000991,NIBLPF,49,50,707,10.1,7140.7
2020121604000970,NIBLPF,17,44,"2,525",10.25,25881.25
2020121604000969,NIBLPF,17,49,"2,525",10.25,25881.25
2020121604000968,NIBLPF,17,51,"2,525",10.25,25881.25
2020121604000878,NIBLPF,6,49,"2,525",10.1,25502.5
2020121604000735,NIBLPF,17,51,505,10.08,5090.4
2020121604000601,NIBLPF,17,19,758,10.08,7640.64
2020121604000967,NIBLPF,17,51,"2,525",10.25,25881.25
2020121604000966,NIBLPF,17,47,"30,100",10.24,308224.0
2020121604000937,NIBLPF,6,47,"19,900",10.24,203776.0
2020121604000936,NIBLPF,6,3,"2,525",10.2,25755.0
2020121604000914,NIBLPF,6,52,"2,525",10.16,25654.0
2020121604000913,NIBLPF,6,43,"2,525",10.16,25654.0
2020121604001049,NIBPO,35,28,"1,000",465.0,465000.0
2020121604001038,NIBPO,35,25,100,465.0,46500.0
2020121604001037,NIBPO,35,25,554,465.0,257610.0
2020121604001036,NIBPO,35,16,200,465.0,93000.0
2020121604001035,NIBPO,35,46,150,465.0,69750.0
2020121604001034,NIBPO,35,10,444,465.0,206460.0
2020121604000583,NIBPO,4,28,"1,700",464.0,788800.0
2020121604000582,NIBPO,8,28,300,464.0,139200.0
2020121604000554,NIBPO,17,28,"1,000",465.0,465000.0
2020121604000553,NIBPO,17,42,303,465.0,140895.0
2020121604000625,NIBPO,8,6,600,462.0,277200.0
2020121604000624,NIBPO,8,6,400,462.0,184800.0
2020121604000623,NIBPO,37,6,500,462.0,231000.0
2020121604000599,NIBPO,8,44,"1,000",463.0,463000.0
2020121604000598,NIBPO,58,44,"2,000",463.0,926000.0
2020121604000587,NIBPO,4,50,300,464.0,139200.0
2020121604000642,NIBPO,17,28,"1,000",462.0,462000.0
2020121604000639,NIBPO,17,6,"1,000",462.0,462000.0
2020121604000638,NIBPO,8,28,"1,000",461.0,461000.0
2020121604000637,NIBPO,34,28,"2,000",461.0,922000.0
2020121604000627,NIBPO,8,6,"1,000",462.0,462000.0
2020121604000626,NIBPO,8,6,"1,000",462.0,462000.0
2020121604000692,NIBPO,17,6,"2,720",461.0,1253920.0
2020121604000691,NIBPO,49,6,200,462.0,92400.0
2020121604000689,NIBPO,49,45,300,462.0,138600.0
2020121604000678,NIBPO,49,33,300,462.0,138600.0
2020121604000652,NIBPO,49,17,200,462.0,92400.0
2020121604000650,NIBPO,17,45,280,461.0,129080.0
2020121604000700,NIBPO,8,44,231,460.0,106260.0
2020121604000699,NIBPO,8,44,231,460.0,106260.0
2020121604000696,NIBPO,8,6,80,460.0,36800.0
2020121604000695,NIBPO,11,6,500,460.0,230000.0
2020121604000694,NIBPO,42,6,"5,000",460.0,2300000.0
2020121604000693,NIBPO,42,6,"5,000",460.0,2300000.0
2020121604000716,NIBPO,17,33,500,460.0,230000.0
2020121604000714,NIBPO,17,47,27,460.0,12420.0
2020121604000712,NIBPO,17,44,243,460.0,111780.0
2020121604000711,NIBPO,8,44,96,460.0,44160.0
2020121604000707,NIBPO,8,52,100,460.0,46000.0
2020121604000701,NIBPO,8,44,262,460.0,120520.0
2020121604000764,NIBPO,4,33,"1,000",463.0,463000.0
2020121604000763,NIBPO,4,33,300,462.0,138600.0
2020121604000762,NIBPO,4,10,100,462.0,46200.0
2020121604000733,NIBPO,17,6,"1,350",460.0,621000.0
2020121604000731,NIBPO,4,33,200,461.0,92200.0
2020121604000720,NIBPO,17,33,300,460.0,138000.0
2020121604000922,NIBPO,17,28,"2,400",462.0,1108800.0
2020121604000908,NIBPO,17,33,17,462.0,7854.0
2020121604000890,NIBPO,17,28,"1,741",461.0,802601.0
2020121604000889,NIBPO,57,28,259,461.0,119399.0
2020121604000842,NIBPO,57,47,41,461.0,18901.0
2020121604000765,NIBPO,4,50,700,464.0,324800.0
2020121604000961,NIBPO,17,6,80,462.0,36960.0
2020121604000960,NIBPO,17,6,83,462.0,38346.0
2020121604000933,NIBPO,17,46,50,464.0,23200.0
2020121604000932,NIBPO,17,28,"2,000",464.0,928000.0
2020121604000929,NIBPO,17,55,56,463.0,25928.0
2020121604000928,NIBPO,17,55,204,463.0,94452.0
2020121604001027,NIBPO,17,28,"5,000",460.0,2300000.0
2020121604001026,NIBPO,58,28,779,460.0,358340.0
2020121604001020,NIBPO,58,14,221,460.0,101660.0
2020121604000984,NIBPO,17,28,"2,500",461.0,1152500.0
2020121604000983,NIBPO,14,28,400,461.0,184400.0
2020121604000982,NIBPO,17,28,759,461.0,349899.0
2020121604001033,NIBPO,35,39,"1,000",465.0,465000.0
2020121604001032,NIBPO,35,28,200,465.0,93000.0
2020121604001031,NIBPO,35,43,250,465.0,116250.0
2020121604001030,NIBPO,35,28,941,462.0,434742.0
2020121604001029,NIBPO,35,6,157,462.0,72534.0
2020121604001028,NIBPO,10,28,"1,221",460.0,561660.0
2020121604000603,NIBSF1,17,19,"1,000",11.13,11130.0
2020121604000827,NICBF,34,14,"3,000",9.85,29550.0
2020121604000826,NICBF,25,14,"1,000",9.85,9850.0
2020121604000883,NICGF,6,47,"50,000",10.4,520000.0
2020121604000778,NICGF,17,22,500,10.35,5175.0
2020121604000687,NICGF,17,52,500,10.35,5175.0
2020121604000686,NICGF,17,52,"4,000",10.35,41400.0
2020121604000617,NICGF,49,57,"11,100",10.31,114441.0
2020121604000616,NICGF,49,57,"10,500",10.31,108255.0
2020121604000590,NICGF,49,42,500,10.31,5155.0
2020121604000727,NMB50,17,20,100,10.2,1020.0
2020121604000959,NMBHF1,58,54,416,10.03,4172.48
2020121604000785,NMBHF1,58,4,"4,161",10.1,42026.1
2020121604000784,NMBHF1,58,14,825,10.1,8332.5
2020121604000783,NMBHF1,58,13,"1,664",10.1,16806.4
2020121604000738,NMBHF1,21,51,832,10.02,8336.64
2020121604000577,NMBHF1,21,19,416,10.02,4168.32
2020121604000613,RBCLPO,42,28,15,14311.0,214665.0
2020121604000612,RBCLPO,42,28,10,14311.0,143110.0
2020121604000610,RBCLPO,42,28,30,14311.0,429330.0
2020121604000943,SAEF,33,19,"1,000",11.09,11090.0
2020121604000921,SAEF,53,19,"3,000",11.09,33270.0
2020121604000852,SAEF,17,51,"2,000",10.95,21900.0
2020121604000849,SAEF,17,51,"2,000",10.95,21900.0
2020121604000741,SAEF,43,51,500,10.91,5455.0
2020121604000719,SAEF,43,57,500,11.0,5500.0
2020121604000574,SAEF,32,59,"5,000",10.91,54550.0
2020121604000555,SAEF,6,59,"12,500",10.92,136500.0
2020121604000591,SAEF,6,59,"5,000",10.9,54500.0
2020121604000584,SAEF,49,49,"1,000",10.88,10880.0
2020121604000581,SAEF,58,42,"1,000",10.88,10880.0
2020121604000580,SAEF,17,59,"30,000",10.9,327000.0
2020121604000576,SAEF,14,59,"50,000",10.9,545000.0
2020121604000575,SAEF,57,59,"10,000",10.9,109000.0
2020121604000708,SAEF,49,59,"50,000",10.98,549000.0
2020121604000698,SAEF,13,59,"50,000",10.98,549000.0
2020121604000680,SAEF,17,1,500,10.89,5445.0
2020121604000664,SAEF,17,42,"1,000",10.89,10890.0
2020121604000655,SAEF,6,1,"4,500",10.9,49050.0
2020121604000649,SAEF,6,14,500,10.9,5450.0
2020121604000996,SEF,41,6,500,10.34,5170.0
2020121604000995,SEF,41,45,"4,500",10.34,46530.0
2020121604000994,SEF,41,13,"1,000",10.33,10330.0
2020121604000992,SEF,33,58,500,10.3,5150.0
2020121604000985,SEF,33,28,500,10.3,5150.0
2020121604000906,SEF,49,28,500,10.26,5130.0
2020121604000710,SEF,42,51,"1,000",10.3,10300.0
2020121604000634,SEF,14,21,"5,000",10.3,51500.0
2020121604000633,SEF,14,14,"25,000",10.3,257500.0
2020121604000632,SEF,14,17,"10,000",10.3,103000.0
2020121604000608,SEF,17,42,"1,000",10.25,10250.0
2020121604000594,SEF,29,49,"1,300",10.21,13273.0
2020121604000882,SEF,49,35,"5,000",10.26,51300.0
2020121604000865,SEF,49,6,"1,030",10.26,10567.8
2020121604000808,SEF,43,38,"1,000",10.26,10260.0
2020121604000797,SEF,43,42,500,10.26,5130.0
2020121604000744,SEF,43,51,500,10.26,5130.0
2020121604000723,SEF,43,18,700,10.32,7224.0
2020121604000975,SFMF,10,49,100,10.25,1025.0
2020121604000825,SFMF,34,11,100,10.15,1015.0
2020121604000677,SFMF,34,37,200,10.15,2030.0
2020121604001045,SGI,14,5,40,609.0,24360.0
2020121604001044,SGI,14,10,10,605.0,6050.0
2020121604001040,SGI,49,14,10,609.0,6090.0
2020121604001039,SGI,49,13,10,604.0,6040.0
2020121604001016,SGI,29,41,10,610.0,6100.0
2020121604001015,SGI,29,58,10,610.0,6100.0
2020121604000556,SGI,29,20,10,602.0,6020.0
2020121604000551,SGI,29,1,10,602.0,6020.0
2020121604000562,SGI,38,47,10,610.0,6100.0
2020121604000561,SGI,38,49,10,606.0,6060.0
2020121604000560,SGI,38,41,10,605.0,6050.0
2020121604000559,SGI,38,17,10,605.0,6050.0
2020121604000558,SGI,38,17,10,605.0,6050.0
2020121604000557,SGI,38,1,10,604.0,6040.0
2020121604000571,SGI,29,44,10,602.0,6020.0
2020121604000570,SGI,29,1,10,602.0,6020.0
2020121604000569,SGI,29,44,10,602.0,6020.0
2020121604000568,SGI,29,26,10,602.0,6020.0
2020121604000567,SGI,29,26,10,602.0,6020.0
2020121604000563,SGI,38,4,40,610.0,24400.0
2020121604000595,SGI,40,36,10,603.0,6030.0
2020121604000593,SGI,29,54,10,602.0,6020.0
2020121604000592,SGI,29,1,10,602.0,6020.0
2020121604000589,SGI,29,42,30,602.0,18060.0
2020121604000588,SGI,29,17,10,602.0,6020.0
2020121604000578,SGI,29,59,10,602.0,6020.0
2020121604000618,SGI,29,22,10,602.0,6020.0
2020121604000607,SGI,29,6,10,602.0,6020.0
2020121604000605,SGI,29,40,10,602.0,6020.0
2020121604000602,SGI,29,48,10,602.0,6020.0
2020121604000600,SGI,40,40,10,603.0,6030.0
2020121604000597,SGI,29,40,10,602.0,6020.0
2020121604000653,SGI,29,34,10,602.0,6020.0
2020121604000651,SGI,29,25,10,602.0,6020.0
2020121604000648,SGI,29,19,10,602.0,6020.0
2020121604000635,SGI,29,39,10,602.0,6020.0
2020121604000630,SGI,29,1,10,602.0,6020.0
2020121604000621,SGI,29,38,10,602.0,6020.0
2020121604000672,SGI,38,1,10,602.0,6020.0
2020121604000670,SGI,38,37,10,602.0,6020.0
2020121604000668,SGI,38,37,10,602.0,6020.0
2020121604000667,SGI,38,37,10,602.0,6020.0
2020121604000665,SGI,38,37,10,602.0,6020.0
2020121604000663,SGI,38,37,10,602.0,6020.0
2020121604000697,SGI,16,20,10,601.0,6010.0
2020121604000683,SGI,26,5,10,600.0,6000.0
2020121604000681,SGI,38,37,10,602.0,6020.0
2020121604000679,SGI,38,37,10,602.0,6020.0
2020121604000675,SGI,38,37,10,602.0,6020.0
2020121604000674,SGI,38,42,10,602.0,6020.0
2020121604000725,SGI,16,16,10,601.0,6010.0
2020121604000722,SGI,16,39,10,601.0,6010.0
2020121604000715,SGI,16,49,10,601.0,6010.0
2020121604000713,SGI,16,32,10,601.0,6010.0
2020121604000709,SGI,16,42,10,601.0,6010.0
2020121604000704,SGI,16,33,10,601.0,6010.0
2020121604000740,SGI,35,58,10,602.0,6020.0
2020121604000739,SGI,35,42,10,602.0,6020.0
2020121604000736,SGI,16,49,10,601.0,6010.0
2020121604000730,SGI,16,57,10,601.0,6010.0
2020121604000728,SGI,16,13,10,601.0,6010.0
2020121604000726,SGI,16,46,10,601.0,6010.0
2020121604000757,SGI,35,40,10,602.0,6020.0
2020121604000750,SGI,35,38,10,602.0,6020.0
2020121604000749,SGI,35,21,10,602.0,6020.0
2020121604000747,SGI,35,38,10,602.0,6020.0
2020121604000745,SGI,35,1,10,602.0,6020.0
2020121604000743,SGI,35,58,10,602.0,6020.0
2020121604000781,SGI,35,42,10,602.0,6020.0
2020121604000775,SGI,49,33,10,604.0,6040.0
2020121604000774,SGI,49,38,10,603.0,6030.0
2020121604000773,SGI,49,37,10,603.0,6030.0
2020121604000766,SGI,35,52,10,602.0,6020.0
2020121604000758,SGI,35,38,10,602.0,6020.0
2020121604000791,SGI,49,58,10,605.0,6050.0
2020121604000790,SGI,49,34,10,605.0,6050.0
2020121604000789,SGI,49,13,10,605.0,6050.0
2020121604000788,SGI,49,22,10,605.0,6050.0
2020121604000787,SGI,49,51,10,605.0,6050.0
2020121604000786,SGI,49,22,10,605.0,6050.0
2020121604000805,SGI,35,50,10,602.0,6020.0
2020121604000799,SGI,58,58,10,604.0,6040.0
2020121604000798,SGI,35,50,10,602.0,6020.0
2020121604000794,SGI,35,40,10,602.0,6020.0
2020121604000793,SGI,49,49,10,605.0,6050.0
2020121604000792,SGI,49,46,10,605.0,6050.0
2020121604000830,SGI,22,45,10,607.0,6070.0
2020121604000829,SGI,39,11,10,602.0,6020.0
2020121604000828,SGI,39,29,10,602.0,6020.0
2020121604000818,SGI,58,58,10,605.0,6050.0
2020121604000816,SGI,39,50,10,602.0,6020.0
2020121604000814,SGI,35,50,10,602.0,6020.0
2020121604000841,SGI,16,25,20,608.0,12160.0
2020121604000840,SGI,16,57,115,608.0,69920.0
2020121604000839,SGI,16,54,10,608.0,6080.0
2020121604000838,SGI,16,41,10,608.0,6080.0
2020121604000836,SGI,39,47,10,602.0,6020.0
2020121604000832,SGI,39,58,10,602.0,6020.0
2020121604000854,SGI,49,13,10,608.0,6080.0
2020121604000853,SGI,49,34,10,608.0,6080.0
2020121604000851,SGI,39,58,10,602.0,6020.0
2020121604000850,SGI,39,58,10,602.0,6020.0
2020121604000846,SGI,39,58,10,602.0,6020.0
2020121604000844,SGI,39,39,10,602.0,6020.0
2020121604000868,SGI,16,29,10,601.0,6010.0
2020121604000867,SGI,16,39,10,601.0,6010.0
2020121604000866,SGI,16,38,10,601.0,6010.0
2020121604000862,SGI,49,4,10,610.0,6100.0
2020121604000858,SGI,16,58,10,601.0,6010.0
2020121604000856,SGI,39,3,10,602.0,6020.0
2020121604000885,SGI,16,11,10,601.0,6010.0
2020121604000876,SGI,49,4,10,610.0,6100.0
2020121604000873,SGI,16,34,10,601.0,6010.0
2020121604000872,SGI,16,50,10,601.0,6010.0
2020121604000871,SGI,16,41,10,601.0,6010.0
2020121604000870,SGI,49,32,10,607.0,6070.0
2020121604000903,SGI,49,20,10,602.0,6020.0
2020121604000899,SGI,49,20,10,602.0,6020.0
2020121604000898,SGI,49,49,10,602.0,6020.0
2020121604000897,SGI,49,34,10,602.0,6020.0
2020121604000894,SGI,49,34,10,602.0,6020.0
2020121604000892,SGI,16,20,10,601.0,6010.0
2020121604000918,SGI,16,58,10,603.0,6030.0
2020121604000917,SGI,16,39,10,603.0,6030.0
2020121604000915,SGI,16,57,50,603.0,30150.0
2020121604000907,SGI,49,20,10,602.0,6020.0
2020121604000905,SGI,49,20,10,602.0,6020.0
2020121604000904,SGI,49,20,10,602.0,6020.0
2020121604000939,SGI,16,13,10,603.0,6030.0
2020121604000934,SGI,16,17,10,603.0,6030.0
2020121604000926,SGI,16,20,10,603.0,6030.0
2020121604000925,SGI,16,20,10,603.0,6030.0
2020121604000920,SGI,16,20,10,603.0,6030.0
2020121604000919,SGI,16,17,10,603.0,6030.0
2020121604000952,SGI,49,50,10,604.0,6040.0
2020121604000951,SGI,16,51,10,603.0,6030.0
2020121604000947,SGI,16,46,10,603.0,6030.0
2020121604000944,SGI,16,17,10,603.0,6030.0
2020121604000942,SGI,16,45,10,603.0,6030.0
2020121604000941,SGI,16,17,10,603.0,6030.0
2020121604000964,SGI,49,45,10,609.0,6090.0
2020121604000963,SGI,49,45,10,609.0,6090.0
2020121604000958,SGI,49,58,10,606.0,6060.0
2020121604000956,SGI,16,3,10,603.0,6030.0
2020121604000954,SGI,16,51,10,603.0,6030.0
2020121604000953,SGI,16,58,10,603.0,6030.0
2020121604000989,SGI,16,29,10,603.0,6030.0
2020121604000988,SGI,16,39,10,603.0,6030.0
2020121604000987,SGI,16,29,10,603.0,6030.0
2020121604000986,SGI,16,3,10,603.0,6030.0
2020121604000974,SGI,16,42,10,603.0,6030.0
2020121604000965,SGI,49,59,10,610.0,6100.0
2020121604001014,SGI,29,45,10,605.0,6050.0
2020121604001013,SGI,29,52,10,604.0,6040.0
2020121604001012,SGI,29,58,10,604.0,6040.0
2020121604001004,SGI,16,29,10,603.0,6030.0
2020121604000998,SGI,16,58,10,603.0,6030.0
2020121604000990,SGI,16,34,10,603.0,6030.0
2020121604001010,STC,16,10,10,5653.0,56530.0
2020121604001009,STC,56,10,200,5653.0,1130600.0
2020121604000981,STC,56,22,10,5768.0,57680.0
2020121604000980,STC,56,26,10,5768.0,57680.0
2020121604000979,STC,56,6,80,5750.0,460000.0
2020121604000976,STC,56,6,20,5750.0,115000.0
2020121604000564,STC,41,6,10,5500.0,55000.0
2020121604000754,STC,47,10,10,5452.0,54520.0
2020121604000753,STC,46,10,10,5455.0,54550.0
2020121604000752,STC,40,10,40,5500.0,220000.0
2020121604000751,STC,58,10,10,5500.0,55000.0
2020121604000566,STC,47,6,10,5500.0,55000.0
2020121604000565,STC,56,6,10,5500.0,55000.0
2020121604000909,STC,55,10,100,5610.0,561000.0
2020121604000900,STC,8,38,50,5555.0,277750.0
2020121604000884,STC,20,6,50,5545.0,277250.0
2020121604000759,STC,49,10,10,5451.0,54510.0
2020121604000756,STC,40,10,50,5451.0,272550.0
2020121604000755,STC,40,10,10,5451.0,54510.0
2020121604000962,STC,3,55,20,5750.0,115000.0
2020121604000950,STC,48,55,10,5750.0,57500.0
2020121604000930,STC,56,45,10,5655.0,56550.0
2020121604000912,STC,55,53,10,5610.0,56100.0
2020121604000911,STC,55,34,100,5610.0,561000.0
2020121604000910,STC,55,22,10,5610.0,56100.0
2020121604000528,BBC,21,26,15,2810.0,42150.0
2020121604000424,BBC,34,35,20,2805.0,56100.0
2020121604000423,BBC,56,35,20,2810.0,56200.0
2020121604000283,BBC,35,1,10,2848.0,28480.0
2020121604000242,BBC,45,3,20,2800.0,56000.0
2020121604000343,CMF1,48,47,100,10.1,1010.0
2020121604000313,CMF1,53,52,"2,000",10.05,20100.0
2020121604000304,CMF1,1,26,"5,000",10.0,50000.0
2020121604000248,CMF1,1,41,100,10.0,1000.0
2020121604000239,CMF1,38,54,100,9.94,994.0
2020121604000548,GIC,26,45,10,576.0,5760.0
2020121604000542,GIC,26,26,10,576.0,5760.0
2020121604000540,GIC,26,26,10,576.0,5760.0
2020121604000535,GIC,26,26,10,576.0,5760.0
2020121604000532,GIC,26,21,10,576.0,5760.0
2020121604000529,GIC,26,49,10,576.0,5760.0
2020121604000081,GIC,22,57,10,575.0,5750.0
2020121604000080,GIC,22,51,10,575.0,5750.0
2020121604000075,GIC,22,44,10,575.0,5750.0
2020121604000070,GIC,55,1,10,574.0,5740.0
2020121604000062,GIC,43,42,25,575.0,14375.0
2020121604000056,GIC,34,40,10,573.0,5730.0
2020121604000111,GIC,55,49,10,576.0,5760.0
2020121604000106,GIC,55,28,10,576.0,5760.0
2020121604000104,GIC,55,34,10,576.0,5760.0
2020121604000091,GIC,8,17,10,575.0,5750.0
2020121604000089,GIC,22,42,10,575.0,5750.0
2020121604000087,GIC,22,58,10,575.0,5750.0
2020121604000127,GIC,55,54,10,576.0,5760.0
2020121604000126,GIC,55,14,10,576.0,5760.0
2020121604000121,GIC,55,49,10,576.0,5760.0
2020121604000120,GIC,55,38,10,576.0,5760.0
2020121604000114,GIC,55,58,10,576.0,5760.0
2020121604000112,GIC,55,26,10,576.0,5760.0
2020121604000140,GIC,22,17,10,575.0,5750.0
2020121604000139,GIC,34,54,10,576.0,5760.0
2020121604000136,GIC,22,39,40,575.0,23000.0
2020121604000135,GIC,8,39,20,575.0,11500.0
2020121604000133,GIC,8,34,10,575.0,5750.0
2020121604000128,GIC,55,49,10,576.0,5760.0
2020121604000176,GIC,33,10,10,575.0,5750.0
2020121604000175,GIC,33,40,10,575.0,5750.0
2020121604000173,GIC,33,49,10,575.0,5750.0
2020121604000171,GIC,33,21,10,575.0,5750.0
2020121604000162,GIC,29,51,10,575.0,5750.0
2020121604000157,GIC,29,21,10,575.0,5750.0
2020121604000209,GIC,33,45,10,575.0,5750.0
2020121604000201,GIC,33,44,10,575.0,5750.0
2020121604000196,GIC,34,38,10,576.0,5760.0
2020121604000193,GIC,34,54,10,576.0,5760.0
2020121604000186,GIC,34,22,10,576.0,5760.0
2020121604000177,GIC,33,25,10,575.0,5750.0
2020121604000230,GIC,55,44,10,576.0,5760.0
2020121604000223,GIC,55,11,10,576.0,5760.0
2020121604000215,GIC,55,34,10,576.0,5760.0
2020121604000214,GIC,55,50,10,576.0,5760.0
2020121604000213,GIC,55,49,10,576.0,5760.0
2020121604000211,GIC,33,51,10,575.0,5750.0
2020121604000246,GIC,56,42,10,578.0,5780.0
2020121604000238,GIC,56,13,10,578.0,5780.0
2020121604000235,GIC,55,44,10,576.0,5760.0
2020121604000234,GIC,13,45,10,578.0,5780.0
2020121604000233,GIC,13,38,10,578.0,5780.0
2020121604000231,GIC,55,34,10,576.0,5760.0
2020121604000254,GIC,56,54,10,578.0,5780.0
2020121604000253,GIC,56,7,10,578.0,5780.0
2020121604000252,GIC,56,59,10,578.0,5780.0
2020121604000251,GIC,56,7,10,578.0,5780.0
2020121604000250,GIC,56,11,10,578.0,5780.0
2020121604000247,GIC,56,7,10,578.0,5780.0
2020121604000267,GIC,56,47,10,578.0,5780.0
2020121604000266,GIC,56,7,10,578.0,5780.0
2020121604000263,GIC,56,7,10,578.0,5780.0
2020121604000261,GIC,56,11,10,578.0,5780.0
2020121604000259,GIC,56,29,10,578.0,5780.0
2020121604000256,GIC,56,7,10,578.0,5780.0
2020121604000286,GIC,56,7,10,578.0,5780.0
2020121604000284,GIC,56,36,10,578.0,5780.0
2020121604000282,GIC,56,45,10,578.0,5780.0
2020121604000278,GIC,56,36,10,578.0,5780.0
2020121604000277,GIC,56,41,10,578.0,5780.0
2020121604000270,GIC,56,11,10,578.0,5780.0
2020121604000309,GIC,44,41,10,576.0,5760.0
2020121604000305,GIC,44,28,10,576.0,5760.0
2020121604000302,GIC,44,3,10,576.0,5760.0
2020121604000300,GIC,55,22,10,576.0,5760.0
2020121604000290,GIC,55,33,10,576.0,5760.0
2020121604000289,GIC,55,51,10,576.0,5760.0
2020121604000319,GIC,28,36,10,580.0,5800.0
2020121604000318,GIC,28,42,10,579.0,5790.0
2020121604000317,GIC,28,42,10,579.0,5790.0
2020121604000316,GIC,28,59,10,579.0,5790.0
2020121604000315,GIC,28,56,10,578.0,5780.0
2020121604000312,GIC,7,32,10,576.0,5760.0
2020121604000325,GIC,28,6,10,580.0,5800.0
2020121604000324,GIC,28,57,10,580.0,5800.0
2020121604000323,GIC,28,5,10,580.0,5800.0
2020121604000322,GIC,28,17,10,580.0,5800.0
2020121604000321,GIC,28,41,10,580.0,5800.0
2020121604000320,GIC,28,59,10,580.0,5800.0
2020121604000331,GIC,28,21,10,580.0,5800.0
2020121604000330,GIC,28,36,10,580.0,5800.0
2020121604000329,GIC,28,36,10,580.0,5800.0
2020121604000328,GIC,28,36,10,580.0,5800.0
2020121604000327,GIC,28,57,10,580.0,5800.0
2020121604000326,GIC,28,47,10,580.0,5800.0
2020121604000351,GIC,28,41,10,580.0,5800.0
2020121604000345,GIC,28,5,10,580.0,5800.0
2020121604000340,GIC,28,39,10,580.0,5800.0
2020121604000337,GIC,28,21,10,580.0,5800.0
2020121604000334,GIC,28,48,10,580.0,5800.0
2020121604000332,GIC,28,52,100,580.0,58000.0
2020121604000377,GIC,33,36,10,575.0,5750.0
2020121604000371,GIC,7,17,10,576.0,5760.0
2020121604000370,GIC,7,17,10,576.0,5760.0
2020121604000369,GIC,7,49,10,576.0,5760.0
2020121604000361,GIC,7,3,10,576.0,5760.0
2020121604000355,GIC,28,43,30,580.0,17400.0
2020121604000397,GIC,26,25,10,575.0,5750.0
2020121604000392,GIC,26,40,10,575.0,5750.0
2020121604000390,GIC,21,40,10,576.0,5760.0
2020121604000389,GIC,26,17,10,575.0,5750.0
2020121604000388,GIC,26,40,10,575.0,5750.0
2020121604000381,GIC,33,26,10,575.0,5750.0
2020121604000465,GIC,26,40,10,576.0,5760.0
2020121604000440,GIC,26,11,10,576.0,5760.0
2020121604000437,GIC,57,45,10,575.0,5750.0
2020121604000432,GIC,57,41,10,575.0,5750.0
2020121604000430,GIC,49,34,10,577.0,5770.0
2020121604000419,GIC,26,17,10,575.0,5750.0
2020121604000478,GIC,22,42,10,577.0,5770.0
2020121604000476,GIC,22,36,10,577.0,5770.0
2020121604000474,GIC,22,36,10,577.0,5770.0
2020121604000468,GIC,57,28,470,575.0,270250.0
2020121604000467,GIC,26,28,480,576.0,276480.0
2020121604000466,GIC,38,28,50,576.0,28800.0
2020121604000501,GIC,26,46,10,576.0,5760.0
2020121604000495,GIC,26,11,10,576.0,5760.0
2020121604000492,GIC,26,56,10,576.0,5760.0
2020121604000487,GIC,26,38,10,576.0,5760.0
2020121604000485,GIC,22,38,10,577.0,5770.0
2020121604000481,GIC,22,36,10,577.0,5770.0
2020121604000527,GIC,26,26,10,576.0,5760.0
2020121604000520,GIC,26,14,10,576.0,5760.0
2020121604000515,GIC,26,58,10,576.0,5760.0
2020121604000514,GIC,26,17,10,576.0,5760.0
2020121604000512,GIC,26,17,10,576.0,5760.0
2020121604000502,GIC,26,17,10,576.0,5760.0
2020121604000310,GIMES1,21,59,"9,493",11.06,104992.58
2020121604000291,GIMES1,7,39,500,11.1,5550.0
2020121604000153,GIMES1,17,59,"1,993",10.98,21883.14
2020121604000152,GIMES1,32,59,"5,000",10.98,54900.0
2020121604000151,GIMES1,17,59,"2,500",10.98,27450.0
2020121604000103,GIMES1,7,38,100,10.97,1097.0
2020121604000065,GIMES1,17,48,"1,000",11.13,11130.0
2020121604000059,GIMES1,7,16,"2,500",11.1,27750.0
2020121604000052,GIMES1,41,16,"29,500",11.1,327450.0
2020121604000372,JBBLPO,41,28,"6,193",111.0,687423.0
2020121604000429,LUK,41,42,100,9.22,922.0
2020121604000404,LUK,41,42,500,9.22,4610.0
2020121604000314,LUK,41,21,200,9.22,1844.0
2020121604000273,LUK,41,58,200,9.22,1844.0
2020121604000226,LUK,41,44,200,9.22,1844.0
2020121604000207,LUK,41,44,"1,000",9.22,9220.0
2020121604000161,LUK,41,17,500,9.22,4610.0
2020121604000124,LUK,41,49,100,9.22,922.0
2020121604000076,LUK,34,57,200,9.21,1842.0
2020121604000511,NBF2,6,13,500,9.62,4810.0
2020121604000480,NBF2,6,13,500,9.62,4810.0
2020121604000475,NBF2,6,45,300,9.62,2886.0
2020121604000464,NBF2,6,20,100,9.62,962.0
2020121604000463,NBF2,22,13,500,9.61,4805.0
2020121604000333,NBF2,29,55,100,9.6,960.0
2020121604000228,NBF2,29,44,100,9.6,960.0
2020121604000206,NBF2,53,43,100,9.74,974.0
2020121604000205,NBF2,53,14,100,9.74,974.0
2020121604000159,NBF2,10,45,"2,000",9.65,19300.0
2020121604000385,NEF,17,59,789,9.9,7811.1
2020121604000288,NEF,58,49,483,9.89,4776.87
2020121604000281,NEF,58,58,241,9.89,2383.49
2020121604000229,NEF,17,49,"13,195",10.02,132213.9
2020121604000225,NEF,17,58,"2,586",10.0,25860.0
2020121604000224,NEF,17,58,"1,500",10.0,15000.0
2020121604000172,NEF,17,59,789,9.88,7795.32
2020121604000113,NEF,17,58,100,9.81,981.0
2020121604000071,NEF,17,59,789,9.81,7740.09
2020121604000491,NIBLPF,41,26,"2,525",10.15,25628.75
2020121604000490,NIBLPF,41,42,400,10.15,4060.0
2020121604000450,NIBLPF,41,6,500,10.12,5060.0
2020121604000396,NIBLPF,40,35,253,10.07,2547.71
2020121604000365,NIBLPF,58,26,"2,445",10.06,24596.7
2020121604000360,NIBLPF,58,36,505,10.06,5080.3
2020121604000354,NIBLPF,58,26,"2,050",10.06,20623.0
2020121604000353,NIBLPF,49,26,475,10.07,4783.25
2020121604000292,NIBLPF,49,49,"2,525",10.07,25426.75
2020121604000054,NIBLPF,49,57,"4,657",10.05,46802.85
2020121604000546,NIBPO,8,28,200,464.0,92800.0
2020121604000545,NIBPO,8,28,"2,000",464.0,928000.0
2020121604000544,NIBPO,46,28,500,464.0,232000.0
2020121604000543,NIBPO,8,28,300,464.0,139200.0
2020121604000521,NIBPO,58,28,"1,000",465.0,465000.0
2020121604000513,NIBPO,3,45,20,465.0,9300.0
2020121604000095,NIBPO,58,50,500,452.0,226000.0
2020121604000060,NIBPO,47,50,500,452.0,226000.0
2020121604000105,NIBPO,33,22,133,452.0,60116.0
2020121604000101,NIBPO,58,22,367,452.0,165884.0
2020121604000100,NIBPO,58,52,300,452.0,135600.0
2020121604000099,NIBPO,58,1,333,452.0,150516.0
2020121604000097,NIBPO,58,52,200,452.0,90400.0
2020121604000096,NIBPO,58,47,500,452.0,226000.0
2020121604000117,NIBPO,58,32,383,453.0,173499.0
2020121604000116,NIBPO,33,32,617,453.0,279501.0
2020121604000115,NIBPO,33,43,250,453.0,113250.0
2020121604000109,NIBPO,4,25,"1,000",453.0,453000.0
2020121604000108,NIBPO,4,32,500,453.0,226500.0
2020121604000107,NIBPO,4,10,100,453.0,45300.0
2020121604000143,NIBPO,34,32,500,457.0,228500.0
2020121604000137,NIBPO,3,43,250,456.0,114000.0
2020121604000131,NIBPO,48,44,385,455.0,175175.0
2020121604000130,NIBPO,48,53,383,454.0,173882.0
2020121604000122,NIBPO,58,43,250,450.0,112500.0
2020121604000118,NIBPO,58,53,"2,228",454.0,1011512.0
2020121604000149,NIBPO,58,50,"1,000",462.0,462000.0
2020121604000148,NIBPO,58,1,"1,000",460.0,460000.0
2020121604000147,NIBPO,58,6,100,460.0,46000.0
2020121604000146,NIBPO,58,8,50,460.0,23000.0
2020121604000145,NIBPO,58,32,500,459.0,229500.0
2020121604000144,NIBPO,58,32,500,458.0,229000.0
2020121604000178,NIBPO,42,10,100,460.0,46000.0
2020121604000168,NIBPO,50,33,"2,348",462.0,1084776.0
2020121604000156,NIBPO,4,33,100,465.0,46500.0
2020121604000155,NIBPO,4,33,100,464.0,46400.0
2020121604000154,NIBPO,4,33,100,463.0,46300.0
2020121604000150,NIBPO,50,52,152,462.0,70224.0
2020121604000184,NIBPO,42,26,287,467.0,134029.0
2020121604000183,NIBPO,42,3,663,467.0,309621.0
2020121604000182,NIBPO,42,4,"1,000",465.0,465000.0
2020121604000181,NIBPO,42,43,250,463.0,115750.0
2020121604000180,NIBPO,42,50,"2,200",462.0,1016400.0
2020121604000179,NIBPO,42,50,"1,000",461.0,461000.0
2020121604000219,NIBPO,42,13,230,467.0,107410.0
2020121604000218,NIBPO,42,26,63,467.0,29421.0
2020121604000217,NIBPO,42,32,500,465.0,232500.0
2020121604000198,NIBPO,8,33,"1,000",465.0,465000.0
2020121604000194,NIBPO,8,33,"1,000",466.0,466000.0
2020121604000188,NIBPO,34,44,562,458.0,257396.0
2020121604000279,NIBPO,3,50,900,470.0,423000.0
2020121604000274,NIBPO,56,14,300,469.0,140700.0
2020121604000258,NIBPO,1,50,100,470.0,47000.0
2020121604000222,NIBPO,42,8,200,471.0,94200.0
2020121604000221,NIBPO,42,43,250,470.0,117500.0
2020121604000220,NIBPO,42,42,50,470.0,23500.0
2020121604000346,NIBPO,8,28,"1,000",465.0,465000.0
2020121604000336,NIBPO,8,55,200,464.0,92800.0
2020121604000335,NIBPO,56,55,200,465.0,93000.0
2020121604000307,NIBPO,3,28,500,469.0,234500.0
2020121604000306,NIBPO,3,28,500,469.0,234500.0
2020121604000280,NIBPO,3,51,100,470.0,47000.0
2020121604000395,NIBPO,10,51,"1,000",468.0,468000.0
2020121604000394,NIBPO,10,33,400,468.0,187200.0
2020121604000368,NIBPO,8,21,201,465.0,93465.0
2020121604000364,NIBPO,8,28,"1,000",465.0,465000.0
2020121604000363,NIBPO,58,28,800,465.0,372000.0
2020121604000349,NIBPO,58,46,200,465.0,93000.0
2020121604000426,NIBPO,8,28,187,465.0,86955.0
2020121604000425,NIBPO,6,33,200,468.0,93600.0
2020121604000420,NIBPO,8,40,35,465.0,16275.0
2020121604000414,NIBPO,8,28,577,465.0,268305.0
2020121604000413,NIBPO,35,28,250,466.0,116500.0
2020121604000402,NIBPO,10,33,100,468.0,46800.0
2020121604000510,NIBPO,4,28,"2,700",467.0,1260900.0
2020121604000509,NIBPO,4,11,41,467.0,19147.0
2020121604000483,NIBPO,3,45,280,465.0,130200.0
2020121604000482,NIBPO,8,45,120,465.0,55800.0
2020121604000473,NIBPO,8,41,367,465.0,170655.0
2020121604000427,NIBPO,8,28,13,465.0,6045.0
2020121604000471,NIBSF1,21,6,"2,435",11.11,27052.85
2020121604000418,NIBSF1,53,6,435,11.1,4828.5
2020121604000417,NIBSF1,50,6,"2,000",11.1,22200.0
2020121604000295,NIBSF1,51,49,"1,000",11.09,11090.0
2020121604000433,NICBF,13,14,100,9.82,982.0
2020121604000339,NICBF,13,55,100,9.66,966.0
2020121604000245,NICBF,53,14,"2,000",9.8,19600.0
2020121604000237,NICBF,13,44,100,9.66,966.0
2020121604000442,NICGF,49,35,"4,000",10.31,41240.0
2020121604000352,NICGF,17,58,470,10.3,4841.0
2020121604000240,NICGF,17,54,100,10.3,1030.0
2020121604000199,NICGF,17,21,"1,100",10.3,11330.0
2020121604000359,NMB50,42,45,400,10.4,4160.0
2020121604000269,NMB50,42,47,100,10.4,1040.0
2020121604000244,NMB50,42,17,500,10.4,5200.0
2020121604000493,NMBHF1,21,26,"4,161",10.02,41693.22
2020121604000375,NMBHF1,17,26,"4,161",10.0,41610.0
2020121604000296,NMBHF1,17,49,832,10.0,8320.0
2020121604000508,RBCLPO,56,33,30,14250.0,427500.0
2020121604000400,RBCLPO,16,33,10,14250.0,142500.0
2020121604000308,RBCLPO,32,28,25,14200.0,355000.0
2020121604000549,SAEF,58,59,"10,000",10.92,109200.0
2020121604000534,SAEF,49,59,"10,000",10.92,109200.0
2020121604000533,SAEF,58,59,"10,000",10.92,109200.0
2020121604000531,SAEF,47,59,"25,000",10.92,273000.0
2020121604000526,SAEF,58,59,"10,000",10.92,109200.0
2020121604000524,SAEF,58,59,"10,000",10.92,109200.0
2020121604000522,SAEF,58,59,"10,000",10.92,109200.0
2020121604000516,SAEF,17,59,"2,500",10.92,27300.0
2020121604000498,SAEF,43,38,"1,000",11.0,11000.0
2020121604000496,SAEF,43,45,"1,000",10.99,10990.0
2020121604000391,SEF,16,26,"5,000",10.23,51150.0
2020121604000373,SEF,6,43,"1,000",10.2,10200.0
2020121604000160,SEF,10,45,"5,500",10.34,56870.0
2020121604000051,SEF,58,35,"3,000",10.14,30420.0
2020121604000434,SFMF,10,37,100,10.15,1015.0
2020121604000550,SGI,29,38,10,602.0,6020.0
2020121604000547,SGI,29,5,10,602.0,6020.0
2020121604000541,SGI,29,57,10,602.0,6020.0
2020121604000539,SGI,29,39,10,602.0,6020.0
2020121604000538,SGI,29,26,10,602.0,6020.0
2020121604000537,SGI,29,39,10,602.0,6020.0
2020121604000063,SGI,33,50,10,607.0,6070.0
2020121604000061,SGI,33,10,10,607.0,6070.0
2020121604000058,SGI,33,10,10,607.0,6070.0
2020121604000057,SGI,33,17,10,607.0,6070.0
2020121604000055,SGI,33,17,10,607.0,6070.0
2020121604000053,SGI,33,20,10,607.0,6070.0
2020121604000072,SGI,33,41,10,607.0,6070.0
2020121604000069,SGI,33,34,10,607.0,6070.0
2020121604000068,SGI,33,59,10,607.0,6070.0
2020121604000067,SGI,33,38,10,607.0,6070.0
2020121604000066,SGI,43,52,10,608.0,6080.0
2020121604000064,SGI,33,34,10,607.0,6070.0
2020121604000082,SGI,33,44,10,607.0,6070.0
2020121604000079,SGI,33,58,10,607.0,6070.0
2020121604000078,SGI,33,51,10,607.0,6070.0
2020121604000077,SGI,33,34,10,607.0,6070.0
2020121604000074,SGI,33,6,10,607.0,6070.0
2020121604000073,SGI,33,25,10,607.0,6070.0
2020121604000090,SGI,33,44,10,607.0,6070.0
2020121604000088,SGI,33,6,10,607.0,6070.0
2020121604000086,SGI,33,7,10,607.0,6070.0
2020121604000085,SGI,33,40,10,607.0,6070.0
2020121604000084,SGI,33,59,10,607.0,6070.0
2020121604000083,SGI,33,17,10,607.0,6070.0
2020121604000110,SGI,39,57,10,608.0,6080.0
2020121604000102,SGI,39,41,10,608.0,6080.0
2020121604000098,SGI,39,59,10,608.0,6080.0
2020121604000094,SGI,39,17,10,608.0,6080.0
2020121604000093,SGI,33,34,10,607.0,6070.0
2020121604000092,SGI,33,57,10,607.0,6070.0
2020121604000134,SGI,33,59,10,607.0,6070.0
2020121604000132,SGI,33,49,10,607.0,6070.0
2020121604000129,SGI,33,51,10,607.0,6070.0
2020121604000125,SGI,33,46,10,607.0,6070.0
2020121604000123,SGI,33,14,10,607.0,6070.0
2020121604000119,SGI,39,26,10,608.0,6080.0
2020121604000164,SGI,33,42,10,607.0,6070.0
2020121604000163,SGI,33,51,10,607.0,6070.0
2020121604000158,SGI,33,34,10,607.0,6070.0
2020121604000142,SGI,33,42,10,607.0,6070.0
2020121604000141,SGI,33,14,10,607.0,6070.0
2020121604000138,SGI,33,59,10,607.0,6070.0
2020121604000174,SGI,32,55,10,600.0,6000.0
2020121604000170,SGI,32,54,10,600.0,6000.0
2020121604000169,SGI,19,26,"1,000",605.0,605000.0
2020121604000167,SGI,33,36,10,607.0,6070.0
2020121604000166,SGI,33,20,10,607.0,6070.0
2020121604000165,SGI,33,36,10,607.0,6070.0
2020121604000197,SGI,52,37,10,600.0,6000.0
2020121604000195,SGI,52,1,10,600.0,6000.0
2020121604000192,SGI,6,49,10,600.0,6000.0
2020121604000191,SGI,6,54,10,600.0,6000.0
2020121604000187,SGI,22,11,10,600.0,6000.0
2020121604000185,SGI,32,45,10,600.0,6000.0
2020121604000210,SGI,52,40,10,600.0,6000.0
2020121604000208,SGI,52,10,10,600.0,6000.0
2020121604000204,SGI,13,43,10,602.0,6020.0
2020121604000203,SGI,13,4,10,602.0,6020.0
2020121604000202,SGI,52,44,10,600.0,6000.0
2020121604000200,SGI,52,1,10,600.0,6000.0
2020121604000241,SGI,21,11,10,600.0,6000.0
2020121604000236,SGI,33,45,10,599.0,5990.0
2020121604000232,SGI,52,11,10,600.0,6000.0
2020121604000227,SGI,52,45,10,600.0,6000.0
2020121604000216,SGI,52,35,10,600.0,6000.0
2020121604000212,SGI,52,56,10,600.0,6000.0
2020121604000262,SGI,21,40,10,600.0,6000.0
2020121604000260,SGI,21,21,10,600.0,6000.0
2020121604000257,SGI,21,35,10,600.0,6000.0
2020121604000255,SGI,21,59,10,600.0,6000.0
2020121604000249,SGI,21,45,10,600.0,6000.0
2020121604000243,SGI,21,47,10,600.0,6000.0
2020121604000275,SGI,33,33,10,599.0,5990.0
2020121604000272,SGI,21,50,150,600.0,90000.0
2020121604000271,SGI,21,50,50,600.0,30000.0
2020121604000268,SGI,21,38,10,600.0,6000.0
2020121604000265,SGI,21,38,10,600.0,6000.0
2020121604000264,SGI,21,11,10,600.0,6000.0
2020121604000297,SGI,34,26,10,597.0,5970.0
2020121604000294,SGI,33,33,40,599.0,23960.0
2020121604000293,SGI,33,39,10,599.0,5990.0
2020121604000287,SGI,33,51,10,599.0,5990.0
2020121604000285,SGI,33,56,10,599.0,5990.0
2020121604000276,SGI,33,58,10,599.0,5990.0
2020121604000338,SGI,7,21,10,598.0,5980.0
2020121604000311,SGI,7,48,10,598.0,5980.0
2020121604000303,SGI,7,38,10,598.0,5980.0
2020121604000301,SGI,7,33,10,598.0,5980.0
2020121604000299,SGI,26,50,20,600.0,12000.0
2020121604000298,SGI,34,28,10,597.0,5970.0
2020121604000350,SGI,21,22,10,598.0,5980.0
2020121604000348,SGI,21,39,10,598.0,5980.0
2020121604000347,SGI,38,46,10,598.0,5980.0
2020121604000344,SGI,1,48,10,598.0,5980.0
2020121604000342,SGI,1,39,10,598.0,5980.0
2020121604000341,SGI,7,48,10,598.0,5980.0
2020121604000367,SGI,33,36,10,599.0,5990.0
2020121604000366,SGI,33,58,10,598.0,5980.0
2020121604000362,SGI,33,44,10,598.0,5980.0
2020121604000358,SGI,33,56,10,599.0,5990.0
2020121604000357,SGI,33,45,10,599.0,5990.0
2020121604000356,SGI,33,48,10,599.0,5990.0
2020121604000382,SGI,33,40,10,598.0,5980.0
2020121604000380,SGI,33,40,10,598.0,5980.0
2020121604000379,SGI,33,40,10,598.0,5980.0
2020121604000378,SGI,33,40,10,598.0,5980.0
2020121604000376,SGI,33,40,10,598.0,5980.0
2020121604000374,SGI,33,17,10,598.0,5980.0
2020121604000398,SGI,21,41,10,599.0,5990.0
2020121604000393,SGI,51,50,100,600.0,60000.0
2020121604000387,SGI,33,40,10,598.0,5980.0
2020121604000386,SGI,49,47,10,599.0,5990.0
2020121604000384,SGI,33,13,10,598.0,5980.0
2020121604000383,SGI,33,40,10,598.0,5980.0
2020121604000407,SGI,49,10,30,600.0,18000.0
2020121604000406,SGI,49,35,10,600.0,6000.0
2020121604000405,SGI,49,50,80,600.0,48000.0
2020121604000403,SGI,21,47,10,599.0,5990.0
2020121604000401,SGI,21,22,10,599.0,5990.0
2020121604000399,SGI,21,50,100,600.0,60000.0
2020121604000415,SGI,42,41,10,600.0,6000.0
2020121604000412,SGI,42,25,10,600.0,6000.0
2020121604000411,SGI,42,35,10,600.0,6000.0
2020121604000410,SGI,49,55,10,600.0,6000.0
2020121604000409,SGI,49,44,10,600.0,6000.0
2020121604000408,SGI,49,14,10,600.0,6000.0
2020121604000435,SGI,49,45,10,601.0,6010.0
2020121604000431,SGI,42,45,10,600.0,6000.0
2020121604000428,SGI,42,57,10,600.0,6000.0
2020121604000422,SGI,49,36,10,604.0,6040.0
2020121604000421,SGI,49,6,150,601.0,90150.0
2020121604000416,SGI,42,34,10,600.0,6000.0
2020121604000444,SGI,49,37,10,605.0,6050.0
2020121604000443,SGI,49,47,10,604.0,6040.0
2020121604000441,SGI,26,43,10,600.0,6000.0
2020121604000439,SGI,42,45,10,600.0,6000.0
2020121604000438,SGI,42,6,10,600.0,6000.0
2020121604000436,SGI,49,47,10,604.0,6040.0
2020121604000451,SGI,49,52,10,606.0,6060.0
2020121604000449,SGI,49,45,10,605.0,6050.0
2020121604000448,SGI,49,47,10,605.0,6050.0
2020121604000447,SGI,49,34,10,605.0,6050.0
2020121604000446,SGI,49,46,10,605.0,6050.0
2020121604000445,SGI,49,57,10,605.0,6050.0
2020121604000457,SGI,49,14,10,608.0,6080.0
2020121604000456,SGI,49,45,10,608.0,6080.0
2020121604000455,SGI,49,52,10,608.0,6080.0
2020121604000454,SGI,49,7,10,608.0,6080.0
2020121604000453,SGI,49,49,10,606.0,6060.0
2020121604000452,SGI,49,22,10,606.0,6060.0
2020121604000469,SGI,49,32,10,610.0,6100.0
2020121604000462,SGI,49,17,10,609.0,6090.0
2020121604000461,SGI,49,26,10,609.0,6090.0
2020121604000460,SGI,49,32,10,609.0,6090.0
2020121604000459,SGI,49,16,10,608.0,6080.0
2020121604000458,SGI,49,29,10,608.0,6080.0
2020121604000486,SGI,49,38,10,601.0,6010.0
2020121604000484,SGI,26,33,10,600.0,6000.0
2020121604000479,SGI,44,42,10,606.0,6060.0
2020121604000477,SGI,26,25,10,600.0,6000.0
2020121604000472,SGI,26,38,10,600.0,6000.0
2020121604000470,SGI,26,38,10,600.0,6000.0
2020121604000500,SGI,26,56,10,600.0,6000.0
2020121604000499,SGI,26,46,10,600.0,6000.0
2020121604000497,SGI,26,46,10,600.0,6000.0
2020121604000494,SGI,26,11,10,600.0,6000.0
2020121604000489,SGI,49,38,10,606.0,6060.0
2020121604000488,SGI,49,43,10,605.0,6050.0
2020121604000517,SGI,29,28,10,602.0,6020.0
2020121604000507,SGI,29,38,10,602.0,6020.0
2020121604000506,SGI,49,26,10,608.0,6080.0
2020121604000505,SGI,49,49,10,607.0,6070.0
2020121604000504,SGI,49,49,10,607.0,6070.0
2020121604000503,SGI,29,26,10,602.0,6020.0
2020121604000536,SGI,29,49,10,602.0,6020.0
2020121604000530,SGI,29,26,10,602.0,6020.0
2020121604000525,SGI,29,26,10,602.0,6020.0
2020121604000523,SGI,29,26,10,602.0,6020.0
2020121604000519,SGI,29,22,10,602.0,6020.0
2020121604000518,SGI,29,26,10,602.0,6020.0
2020121604000190,STC,50,10,10,5500.0,55000.0
2020121604000189,STC,57,10,10,5500.0,55000.0
2020121603018644,ALBSL,50,7,161,1000.0,161000.0
2020121603018483,ALICL,54,34,10,942.0,9420.0
2020121603018711,BFC,51,57,"1,800",131.0,235800.0
2020121603018753,CBBL,38,57,350,1466.0,513100.0
2020121603018742,CBBL,38,57,200,1466.0,293200.0
2020121603018426,CBBL,20,41,10,1467.0,14670.0
2020121603018412,CBBL,38,19,20,1466.0,29320.0
2020121603018363,CBBL,38,44,200,1466.0,293200.0
2020121603018684,CIT,11,19,10,5235.0,52350.0
2020121603018650,CIT,6,58,75,5250.0,393750.0
2020121603018649,CIT,6,29,25,5249.0,131225.0
2020121603018528,CIT,45,59,17,5235.0,88995.0
2020121603018429,CIT,59,56,10,5231.0,52310.0
2020121603018413,CIT,14,56,40,5231.0,209240.0
2020121603018404,CIT,52,59,20,5235.0,104700.0
2020121603018403,CIT,51,59,13,5235.0,68055.0
2020121603018379,CIT,22,59,50,5235.0,261750.0
2020121603018775,CLBSL,34,33,10,840.0,8400.0
2020121603018425,CLBSL,36,29,400,834.0,333600.0
2020121603018424,CLBSL,49,29,50,835.0,41750.0
2020121603018423,CLBSL,16,29,50,835.0,41750.0
2020121603018394,CLBSL,58,33,40,840.0,33600.0
2020121603018550,DDBL,44,49,200,1483.0,296600.0
2020121603018502,DDBL,44,34,890,1490.0,1326100.0
2020121603018501,DDBL,44,14,10,1490.0,14900.0
2020121603018500,DDBL,44,38,200,1490.0,298000.0
2020121603018499,DDBL,44,33,584,1489.0,869576.0
2020121603018498,DDBL,44,35,266,1488.0,395808.0
2020121603018497,DDBL,44,25,10,1485.0,14850.0
2020121603018496,DDBL,44,45,40,1485.0,59400.0
2020121603018334,DDBL,4,45,100,1482.0,148200.0
2020121603018769,FMDBL,38,50,10,612.0,6120.0
2020121603018740,FMDBL,34,50,10,612.0,6120.0
2020121603018643,FMDBL,39,58,390,605.0,235950.0
2020121603018642,FMDBL,41,58,100,605.0,60500.0
2020121603018641,FMDBL,26,58,300,606.0,181800.0
2020121603018640,FMDBL,6,58,500,607.0,303500.0
2020121603018416,FMDBL,50,49,428,610.0,261080.0
2020121603018359,FMDBL,50,45,35,610.0,21350.0
2020121603018639,FMDBL,49,58,632,608.0,384256.0
2020121603018638,FMDBL,55,58,100,609.0,60900.0
2020121603018637,FMDBL,14,58,28,610.0,17080.0
2020121603018636,FMDBL,1,58,50,612.0,30600.0
2020121603018445,FMDBL,34,16,500,613.0,306500.0
2020121603018417,FMDBL,14,49,72,610.0,43920.0
2020121603018780,FOWAD,58,54,25,2349.0,58725.0
2020121603018779,FOWAD,58,41,10,2349.0,23490.0
2020121603018778,FOWAD,58,19,25,2345.0,58625.0
2020121603018777,FOWAD,58,42,64,2340.0,149760.0
2020121603018776,FOWAD,58,49,50,2337.0,116850.0
2020121603018758,FOWAD,58,14,60,2326.0,139560.0
2020121603018757,FOWAD,58,14,20,2328.0,46560.0
2020121603018756,FOWAD,58,14,20,2337.0,46740.0
2020121603018592,FOWAD,6,4,20,2327.0,46540.0
2020121603018521,FOWAD,41,52,25,2327.0,58175.0
2020121603018489,FOWAD,34,52,25,2338.0,58450.0
2020121603018781,GBBL,46,4,312,312.0,97344.0
2020121603018745,GBBL,49,4,277,312.0,86424.0
2020121603018719,GBBL,49,51,10,312.0,3120.0
2020121603018718,GBBL,49,25,13,312.0,4056.0
2020121603018635,GBBL,42,25,37,312.0,11544.0
2020121603018634,GBBL,42,42,100,312.0,31200.0
2020121603018352,GBBL,38,47,553,311.0,171983.0
2020121603018494,GBBL,43,34,50,312.0,15600.0
2020121603018480,GBBL,49,34,400,312.0,124800.0
2020121603018442,GBBL,34,22,"1,000",311.0,311000.0
2020121603018406,GBBL,34,38,151,311.0,46961.0
2020121603018354,GBBL,34,47,347,311.0,107917.0
2020121603018353,GBBL,6,47,100,311.0,31100.0
2020121603018633,GBBL,42,32,300,312.0,93600.0
2020121603018632,GBBL,42,14,63,312.0,19656.0
2020121603018558,GBBL,49,14,37,312.0,11544.0
2020121603018557,GBBL,49,11,200,312.0,62400.0
2020121603018556,GBBL,49,42,40,312.0,12480.0
2020121603018555,GBBL,49,34,23,312.0,7176.0
2020121603018695,GBLBS,10,3,200,620.0,124000.0
2020121603018694,GBLBS,10,28,10,620.0,6200.0
2020121603018652,GBLBS,43,3,400,619.0,247600.0
2020121603018401,GBLBS,51,28,90,620.0,55800.0
2020121604000045,GIC,55,39,10,572.0,5720.0
2020121604000041,GIC,55,55,10,572.0,5720.0
2020121604000040,GIC,55,40,10,572.0,5720.0
2020121604000033,GIC,32,18,10,580.0,5800.0
2020121604000031,GIC,32,32,10,580.0,5800.0
2020121604000024,GIC,32,41,10,580.0,5800.0
2020121604000018,GIC,55,17,10,578.0,5780.0
2020121604000013,GIC,43,14,10,581.0,5810.0
2020121604000012,GIC,21,8,100,576.0,57600.0
2020121603018543,GILB,34,49,10,1790.0,17900.0
2020121603018518,GILB,49,49,13,1790.0,23270.0
2020121604000048,GIMES1,7,59,"9,493",10.92,103663.56
2020121604000007,GIMES1,48,45,"5,000",11.05,55250.0
2020121603018619,GLBSL,25,40,10,929.0,9290.0
2020121603018617,GLICL,6,51,"1,465",654.0,958110.0
2020121603018616,GLICL,38,51,15,654.0,9810.0
2020121603018615,GLICL,13,51,20,654.0,13080.0
2020121603018703,GMFBS,25,41,20,990.0,19800.0
2020121603018760,GMFIL,25,4,390,203.0,79170.0
2020121603018511,GMFIL,25,59,"1,000",203.0,203000.0
2020121603018452,GMFIL,25,59,"1,000",203.0,203000.0
2020121603018419,GRDBL,22,52,50,155.0,7750.0
2020121603018418,GRDBL,22,58,50,155.0,7750.0
2020121603018715,GUFL,17,33,50,200.0,10000.0
2020121603018754,HIDCL,5,49,10,284.0,2840.0
2020121603018662,HIDCL,6,44,31,283.0,8773.0
2020121603018661,HIDCL,45,44,30,283.0,8490.0
2020121603018630,HIDCL,14,49,100,284.0,28400.0
2020121603018567,HIDCL,17,49,530,284.0,150520.0
2020121603018566,HIDCL,17,37,31,284.0,8804.0
2020121603018361,HIDCL,14,41,111,283.0,31413.0
2020121603018349,HIDCL,26,57,67,284.0,19028.0
2020121603018348,HIDCL,26,6,33,284.0,9372.0
2020121603018565,HIDCL,17,41,25,284.0,7100.0
2020121603018564,HIDCL,17,57,21,284.0,5964.0
2020121603018563,HIDCL,17,57,393,284.0,111612.0
2020121603018495,HIDCL,5,57,10,284.0,2840.0
2020121603018488,HIDCL,14,14,192,283.0,54336.0
2020121603018395,HIDCL,14,14,530,283.0,149990.0
2020121603018591,ICFC,26,34,10,292.0,2920.0
2020121603018448,ICFC,25,16,400,290.0,116000.0
2020121603018447,ICFC,38,16,100,291.0,29100.0
2020121603018628,ILBS,3,55,95,1080.0,102600.0
2020121603018627,ILBS,3,17,11,1080.0,11880.0
2020121603018422,ILBS,36,55,10,1080.0,10800.0
2020121603018421,ILBS,36,38,11,1079.0,11869.0
2020121603018420,ILBS,36,41,11,1070.0,11770.0
2020121603018493,JBBL,48,22,200,225.0,45000.0
2020121603018492,JBBL,55,22,500,225.0,112500.0
2020121603018491,JBBL,1,22,200,225.0,45000.0
2020121603018490,JBBL,37,22,100,225.0,22500.0
2020121603018444,JBBL,1,52,14,226.0,3164.0
2020121603018443,JBBL,1,26,81,226.0,18306.0
2020121603018399,JFL,4,58,50,252.0,12600.0
2020121603018398,JFL,4,38,150,251.0,37650.0
2020121603018380,JFL,4,11,100,250.0,25000.0
2020121603018378,JFL,4,38,100,249.0,24900.0
2020121603018377,JFL,4,45,100,249.0,24900.0
2020121603018376,JFL,4,14,46,249.0,11454.0
2020121603018375,JFL,4,41,"1,000",248.0,248000.0
2020121603018755,JSLBB,52,52,8,1703.0,13624.0
2020121603018397,JSLBB,16,44,25,1737.0,43425.0
2020121603018774,KMCDB,5,43,90,902.0,81180.0
2020121603018537,KMCDB,55,29,293,901.0,263993.0
2020121603018536,KMCDB,38,29,100,901.0,90100.0
2020121603018516,KMCDB,53,29,100,902.0,90200.0
2020121603018515,KMCDB,25,29,100,903.0,90300.0
2020121603018514,KMCDB,26,29,267,904.0,241368.0
2020121603018513,KMCDB,5,29,40,905.0,36200.0
2020121603018512,KMCDB,25,29,100,906.0,90600.0
2020121603018391,KMCDB,25,44,40,909.0,36360.0
2020121603018390,KMCDB,25,52,10,908.0,9080.0
2020121603018435,KRBL,38,38,40,139.0,5560.0
2020121603018692,KSBBL,45,57,400,223.0,89200.0
2020121603018575,KSBBL,45,38,100,223.0,22300.0
2020121603018509,KSBBL,19,45,40,223.0,8920.0
2020121603018508,KSBBL,14,45,300,223.0,66900.0
2020121603018507,KSBBL,38,45,200,223.0,44600.0
2020121603018506,KSBBL,38,45,50,223.0,11150.0
2020121603018485,KSBBL,57,34,10,224.0,2240.0
2020121603018748,LBBL,34,49,50,231.0,11550.0
2020121603018477,LBBL,57,25,101,229.0,23129.0
2020121603018476,LBBL,46,25,25,229.0,5725.0
2020121603018475,LBBL,42,25,40,229.0,9160.0
2020121603018474,LBBL,56,25,50,229.0,11450.0
2020121603018473,LBBL,56,25,"1,000",229.0,229000.0
2020121603018472,LBBL,56,25,984,229.0,225336.0
2020121603018471,LBBL,14,25,300,230.0,69000.0
2020121603018470,LBBL,5,25,500,230.0,115000.0
2020121603018699,LICN,34,39,90,2021.0,181890.0
2020121603018698,LICN,58,39,10,2023.0,20230.0
2020121603018697,LICN,54,39,15,2024.0,30360.0
2020121603018696,LICN,26,39,10,2025.0,20250.0
2020121603018772,LLBS,32,28,167,1624.0,271208.0
2020121603018517,LLBS,17,28,33,1624.0,53592.0
2020121603018386,MDB,17,19,139,382.0,53098.0
2020121603018346,MDB,52,19,300,383.0,114900.0
2020121603018345,MDB,45,19,50,383.0,19150.0
2020121603018344,MDB,14,19,100,383.0,38300.0
2020121603018343,MDB,38,19,200,383.0,76600.0
2020121603018342,MDB,45,19,466,383.0,178478.0
2020121603018335,MDB,50,19,50,385.0,19250.0
2020121603018341,MDB,36,19,25,384.0,9600.0
2020121603018340,MDB,33,19,200,384.0,76800.0
2020121603018339,MDB,34,19,100,384.0,38400.0
2020121603018338,MDB,25,19,200,384.0,76800.0
2020121603018337,MDB,22,19,30,384.0,11520.0
2020121603018336,MDB,39,19,140,385.0,53900.0
2020121603018666,MERO,43,49,24,961.0,23064.0
2020121603018665,MERO,43,17,100,961.0,96100.0
2020121603018664,MERO,43,41,176,960.0,168960.0
2020121603018603,MERO,40,41,24,960.0,23040.0
2020121603018600,MERO,40,48,13,960.0,12480.0
2020121603018599,MERO,40,39,53,960.0,50880.0
2020121603018598,MERO,40,51,10,959.0,9590.0
2020121603018710,MFIL,51,34,15,392.0,5880.0
2020121603018709,MFIL,55,34,10,394.0,3940.0
2020121603018708,MFIL,58,34,15,394.0,5910.0
2020121603018707,MFIL,51,34,10,394.0,3940.0
2020121603018723,MLBBL,43,28,10,1275.0,12750.0
2020121603018722,MLBBL,11,28,100,1275.0,127500.0
2020121603018721,MLBBL,46,28,50,1275.0,63750.0
2020121603018538,MLBBL,42,28,10,1280.0,12800.0
2020121603018767,MLBL,16,13,783,251.0,196533.0
2020121603018672,MLBL,16,5,50,251.0,12550.0
2020121603018668,MLBL,38,41,20,252.0,5040.0
2020121603018704,MMFDB,33,43,500,1020.0,510000.0
2020121603018612,MMFDB,45,44,50,1020.0,51000.0
2020121603018369,MMFDB,6,44,50,1020.0,51000.0
2020121603018368,MMFDB,6,55,50,1019.0,50950.0
2020121603018693,MNBBL,17,10,250,387.0,96750.0
2020121603018686,MNBBL,17,10,750,387.0,290250.0
2020121603018685,MNBBL,17,32,50,387.0,19350.0
2020121603018389,MNBBL,39,41,130,386.0,50180.0
2020121603018372,MNBBL,13,58,387,385.0,148995.0
2020121603018371,MNBBL,8,58,100,385.0,38500.0
2020121603018370,MNBBL,20,58,613,385.0,236005.0
2020121603018547,MSMBS,43,32,34,940.0,31960.0
2020121603018546,MSMBS,43,32,116,946.0,109736.0
2020121603018545,MSMBS,43,32,350,947.0,331450.0
2020121603018601,NABBC,6,10,50,639.0,31950.0
2020121603018702,NADEP,33,20,10,1010.0,10100.0
2020121603018434,NADEP,40,45,"1,554",1000.0,1554000.0
2020121603018433,NADEP,33,45,977,1001.0,977977.0
2020121603018548,NADEP,21,1,100,1008.0,100800.0
2020121603018486,NADEP,58,45,469,1000.0,469000.0
2020121603018701,NADEP,33,21,10,1009.0,10090.0
2020121603018629,NFS,52,34,10,225.0,2250.0
2020121604000028,NIBPO,1,53,389,454.0,176606.0
2020121604000022,NIBPO,52,4,500,451.0,225500.0
2020121604000021,NIBPO,26,4,200,452.0,90400.0
2020121604000009,NIBPO,58,16,511,456.0,233016.0
2020121604000008,NIBPO,48,33,500,457.0,228500.0
2020121603018741,NLBBL,11,4,50,1112.0,55600.0
2020121603018544,NLBBL,48,51,40,1111.0,44440.0
2020121603018432,NLBBL,49,49,500,1105.0,552500.0
2020121603018374,NLBBL,6,25,50,1111.0,55550.0
2020121603018373,NLBBL,6,49,48,1111.0,53328.0
2020121603018751,NLIC,21,49,126,2242.0,282492.0
2020121603018749,NLIC,39,41,11,2244.0,24684.0
2020121603018714,NLIC,39,49,29,2244.0,65076.0
2020121603018651,NLIC,58,49,31,2244.0,69564.0
2020121603018631,NLIC,57,28,50,2244.0,112200.0
2020121603018590,NLIC,45,34,22,2244.0,49368.0
2020121603018436,NLIC,8,44,300,2245.0,673500.0
2020121603018415,NLIC,58,44,50,2245.0,112250.0
2020121603018414,NLIC,10,44,70,2245.0,157150.0
2020121603018385,NLIC,10,14,30,2245.0,67350.0
2020121603018381,NLIC,48,14,100,2245.0,224500.0
2020121603018532,NLIC,22,5,38,2244.0,85272.0
2020121603018527,NLIC,8,44,35,2245.0,78575.0
2020121603018481,NLIC,49,44,50,2245.0,112250.0
2020121603018479,NLIC,18,44,100,2245.0,224500.0
2020121603018465,NLIC,1,44,100,2245.0,224500.0
2020121603018446,NLIC,22,34,22,2244.0,49368.0
2020121603018579,NLIC,51,58,30,2243.0,67290.0
2020121603018578,NLIC,6,58,28,2243.0,62804.0
2020121603018577,NLIC,32,58,25,2243.0,56075.0
2020121603018576,NLIC,14,58,87,2243.0,195141.0
2020121603018539,NLIC,58,49,10,2244.0,22440.0
2020121603018533,NLIC,14,5,113,2243.0,253459.0
2020121603018589,NLIC,45,49,18,2244.0,40392.0
2020121603018587,NLIC,34,49,10,2244.0,22440.0
2020121603018583,NLIC,21,58,42,2242.0,94164.0
2020121603018582,NLIC,58,58,200,2242.0,448400.0
2020121603018581,NLIC,34,58,60,2243.0,134580.0
2020121603018580,NLIC,44,58,48,2243.0,107664.0
2020121603018588,NLICL,52,32,700,1065.0,745500.0
2020121603018571,NLICL,52,13,147,1065.0,156555.0
2020121603018504,NLICL,58,17,100,1069.0,106900.0
2020121603018464,NLICL,52,3,50,1065.0,53250.0
2020121603018437,NLICL,52,14,200,1065.0,213000.0
2020121603018608,NMBMF,56,45,63,1155.0,72765.0
2020121603018607,NMBMF,35,45,110,1155.0,127050.0
2020121603018606,NMBMF,38,45,10,1156.0,11560.0
2020121603018605,NMBMF,26,45,59,1158.0,68322.0
2020121603018604,NMBMF,58,45,58,1160.0,67280.0
2020121603018463,NMBMF,58,36,100,1160.0,116000.0
2020121603018462,NMBMF,58,47,26,1160.0,30160.0
2020121603018461,NMBMF,58,47,16,1160.0,18560.0
2020121603018750,NRIC,56,14,50,1584.0,79200.0
2020121603018747,NRIC,49,13,100,1585.0,158500.0
2020121603018746,NRIC,49,55,10,1584.0,15840.0
2020121603018738,NRIC,28,46,15,1582.0,23730.0
2020121603018737,NRIC,45,46,30,1582.0,47460.0
2020121603018736,NRIC,48,46,190,1582.0,300580.0
2020121603018393,NRIC,21,52,25,1585.0,39625.0
2020121603018392,NRIC,32,52,20,1585.0,31700.0
2020121603018365,NRIC,49,29,40,1586.0,63440.0
2020121603018362,NRIC,48,29,150,1586.0,237900.0
2020121603018455,NRIC,45,1,100,1585.0,158500.0
2020121603018454,NRIC,22,1,20,1585.0,31700.0
2020121603018453,NRIC,7,1,90,1585.0,142650.0
2020121603018431,NRIC,7,32,10,1585.0,15850.0
2020121603018427,NRIC,6,6,50,1585.0,79250.0
2020121603018405,NRIC,6,42,50,1585.0,79250.0
2020121603018467,NRIC,41,1,200,1585.0,317000.0
2020121603018460,NRIC,19,1,50,1585.0,79250.0
2020121603018459,NRIC,14,1,100,1585.0,158500.0
2020121603018458,NRIC,57,1,30,1585.0,47550.0
2020121603018457,NRIC,58,1,30,1585.0,47550.0
2020121603018456,NRIC,57,1,100,1585.0,158500.0
2020121603018520,NRIC,48,28,100,1584.0,158400.0
2020121603018519,NRIC,32,1,30,1585.0,47550.0
2020121603018510,NRIC,52,1,250,1585.0,396250.0
2020121603018503,NRIC,32,1,100,1585.0,158500.0
2020121603018482,NRIC,13,1,20,1585.0,31700.0
2020121603018468,NRIC,50,1,200,1585.0,317000.0
2020121603018551,NRIC,49,55,40,1585.0,63400.0
2020121603018534,NRIC,19,55,20,1585.0,31700.0
2020121603018531,NRIC,21,55,20,1585.0,31700.0
2020121603018525,NRIC,59,55,100,1585.0,158500.0
2020121603018524,NRIC,43,55,20,1585.0,31700.0
2020121603018523,NRIC,43,1,30,1585.0,47550.0
2020121603018595,NRIC,57,26,10,1584.0,15840.0
2020121603018594,NRIC,34,26,20,1584.0,31680.0
2020121603018569,NRIC,50,35,40,1585.0,63400.0
2020121603018568,NRIC,50,21,60,1585.0,95100.0
2020121603018554,NRIC,45,21,10,1585.0,15850.0
2020121603018552,NRIC,49,21,60,1585.0,95100.0
2020121603018655,NRIC,21,35,80,1585.0,126800.0
2020121603018645,NRIC,49,38,80,1584.0,126720.0
2020121603018618,NRIC,22,35,20,1585.0,31700.0
2020121603018609,NRIC,49,26,90,1584.0,142560.0
2020121603018597,NRIC,51,26,50,1584.0,79200.0
2020121603018596,NRIC,45,26,100,1584.0,158400.0
2020121603018717,NRIC,49,57,10,1584.0,15840.0
2020121603018712,NRIC,32,13,10,1585.0,15850.0
2020121603018700,NRIC,49,56,15,1584.0,23760.0
2020121603018663,NRIC,19,13,20,1585.0,31700.0
2020121603018659,NRIC,58,13,90,1585.0,142650.0
2020121603018658,NRIC,58,35,60,1585.0,95100.0
2020121603018729,NRIC,22,46,15,1583.0,23745.0
2020121603018728,NRIC,52,46,200,1583.0,316600.0
2020121603018727,NRIC,55,46,50,1584.0,79200.0
2020121603018726,NRIC,26,46,30,1584.0,47520.0
2020121603018725,NRIC,52,46,20,1584.0,31680.0
2020121603018724,NRIC,49,46,55,1584.0,87120.0
2020121603018735,NRIC,39,46,50,1582.0,79100.0
2020121603018734,NRIC,1,46,10,1582.0,15820.0
2020121603018733,NRIC,48,46,60,1582.0,94920.0
2020121603018732,NRIC,42,46,250,1583.0,395750.0
2020121603018731,NRIC,49,46,100,1583.0,158300.0
2020121603018730,NRIC,42,46,35,1583.0,55405.0
2020121603018771,NRN,4,52,10,385.0,3850.0
2020121603018770,NRN,4,4,10,385.0,3850.0
2020121603018759,NRN,21,45,10,384.0,3840.0
2020121603018478,NRN,47,55,10,384.0,3840.0
2020121603018768,NTC,22,56,55,1171.0,64405.0
2020121603018761,NTC,4,56,38,1171.0,44498.0
2020121603018676,NTC,58,56,50,1171.0,58550.0
2020121603018675,NTC,36,56,50,1171.0,58550.0
2020121603018674,NTC,50,56,145,1171.0,169795.0
2020121603018602,NTC,50,56,100,1171.0,117100.0
2020121603018430,NTC,5,37,10,1172.0,11720.0
2020121603018561,NTC,50,14,320,1173.0,375360.0
2020121603018560,NTC,50,56,500,1172.0,586000.0
2020121603018559,NTC,50,37,180,1172.0,210960.0
2020121603018542,NTC,55,37,10,1172.0,11720.0
2020121603018450,NTC,50,52,55,1171.0,64405.0
2020121603018449,NTC,39,52,100,1171.0,117100.0
2020121603018691,NUBL,53,43,10,1298.0,12980.0
2020121603018484,NUBL,48,14,45,1295.0,58275.0
2020121603018428,NUBL,53,43,10,1298.0,12980.0
2020121603018333,NUBL,14,42,40,1295.0,51800.0
2020121603018332,NUBL,14,44,200,1295.0,259000.0
2020121603018562,OHL,45,13,30,487.0,14610.0
2020121603018411,OHL,4,45,50,485.0,24250.0
2020121603018438,PLIC,28,44,30,863.0,25890.0
2020121603018351,PROFL,45,32,30,129.0,3870.0
2020121603018648,RLFL,34,44,10,174.0,1740.0
2020121603018667,RLI,42,58,10,639.0,6390.0
2020121603018654,RLI,57,45,40,640.0,25600.0
2020121603018653,RLI,57,16,60,640.0,38400.0
2020121603018613,RLI,42,6,10,639.0,6390.0
2020121603018540,RLI,42,19,10,639.0,6390.0
2020121603018530,RLI,42,45,10,639.0,6390.0
2020121603018529,RLI,42,39,10,639.0,6390.0
2020121603018410,RLI,26,16,40,640.0,25600.0
2020121603018409,RLI,26,56,60,640.0,38400.0
2020121603018367,RLI,22,56,80,640.0,51200.0
2020121603018364,RLI,58,13,10,638.0,6380.0
2020121603018360,RLI,58,8,10,638.0,6380.0
2020121603018505,RMDC,6,20,"1,000",1105.0,1105000.0
2020121603018670,RSDC,57,22,10,665.0,6650.0
2020121603018402,RSDC,32,34,350,664.0,232400.0
2020121603018347,RSDC,32,56,10,663.0,6630.0
2020121603018706,SABSL,44,44,22,980.0,21560.0
2020121603018705,SABSL,44,34,11,978.0,10758.0
2020121603018660,SABSL,57,29,11,975.0,10725.0
2020121603018522,SADBL,41,26,20,182.0,3640.0
2020121603018683,SAPDBL,34,49,41,155.0,6355.0
2020121603018682,SAPDBL,34,41,200,154.0,30800.0
2020121603018681,SAPDBL,34,16,100,153.0,15300.0
2020121603018680,SAPDBL,34,46,200,153.0,30600.0
2020121603018679,SAPDBL,34,17,64,151.0,9664.0
2020121603018678,SAPDBL,34,29,64,151.0,9664.0
2020121603018677,SAPDBL,34,45,81,150.0,12150.0
2020121603018713,SDLBSL,6,54,10,1289.0,12890.0
2020121603018549,SDLBSL,37,38,10,1265.0,12650.0
2020121604000026,SEF,48,35,"4,200",10.12,42504.0
2020121603018744,SFCL,58,42,40,133.0,5320.0
2020121603018743,SFCL,58,34,20,133.0,2660.0
2020121604000050,SGI,33,35,10,607.0,6070.0
2020121604000047,SGI,33,43,10,607.0,6070.0
2020121604000044,SGI,33,28,10,607.0,6070.0
2020121604000043,SGI,33,43,10,607.0,6070.0
2020121604000042,SGI,33,18,10,607.0,6070.0
2020121604000039,SGI,33,42,10,607.0,6070.0
2020121604000017,SGI,57,41,10,610.0,6100.0
2020121604000011,SGI,57,45,10,610.0,6100.0
2020121604000006,SGI,57,6,10,604.0,6040.0
2020121604000005,SGI,57,14,10,604.0,6040.0
2020121604000030,SGI,57,3,10,610.0,6100.0
2020121604000029,SGI,57,19,10,610.0,6100.0
2020121604000027,SGI,57,57,10,610.0,6100.0
2020121604000023,SGI,57,53,10,610.0,6100.0
2020121604000020,SGI,57,19,10,610.0,6100.0
2020121604000019,SGI,57,56,10,610.0,6100.0
2020121604000038,SGI,33,18,10,607.0,6070.0
2020121604000037,SGI,33,40,10,607.0,6070.0
2020121604000036,SGI,33,56,10,607.0,6070.0
2020121604000035,SGI,33,41,10,607.0,6070.0
2020121604000034,SGI,33,38,10,607.0,6070.0
2020121604000032,SGI,32,33,30,610.0,18300.0
2020121603018526,SHINE,14,1,10,272.0,2720.0
2020121603018384,SHINE,38,32,200,271.0,54200.0
2020121603018383,SHINE,38,34,50,271.0,13550.0
2020121603018382,SHINE,38,16,235,271.0,63685.0
2020121603018673,SHL,58,5,110,206.0,22660.0
2020121603018553,SIFC,33,59,"1,280",199.0,254720.0
2020121603018451,SIFC,45,59,20,200.0,4000.0
2020121603018626,SINDU,45,34,780,159.0,124020.0
2020121603018574,SKBBL,40,32,"1,500",1750.0,2625000.0
2020121603018358,SKBBL,44,32,100,1750.0,175000.0
2020121603018357,SKBBL,7,32,208,1750.0,364000.0
2020121603018356,SKBBL,50,32,128,1750.0,224000.0
2020121603018355,SKBBL,19,32,90,1750.0,157500.0
2020121603018752,SLBBL,58,45,50,1148.0,57400.0
2020121603018739,SLBBL,57,51,50,1145.0,57250.0
2020121603018657,SLBBL,34,51,50,1145.0,57250.0
2020121603018656,SLBBL,34,40,50,1145.0,57250.0
2020121603018487,SLBBL,38,47,100,1141.0,114100.0
2020121603018647,SLBS,1,47,38,1357.0,51566.0
2020121603018646,SLBS,1,11,11,1357.0,14927.0
2020121603018469,SLBS,42,11,35,1357.0,47495.0
2020121603018441,SLBS,54,11,30,1357.0,40710.0
2020121603018669,SLBSL,22,39,19,998.0,18962.0
2020121603018593,SLBSL,49,57,30,999.0,29970.0
2020121603018586,SLBSL,44,57,57,999.0,56943.0
2020121603018585,SLBSL,44,32,30,999.0,29970.0
2020121603018584,SLBSL,44,35,13,999.0,12987.0
2020121603018720,SLICL,6,51,10,740.0,7400.0
2020121603018573,SLICL,6,14,300,738.0,221400.0
2020121603018572,SLICL,40,14,200,739.0,147800.0
2020121603018388,SLICL,6,21,400,738.0,295200.0
2020121603018387,SLICL,18,21,100,739.0,73900.0
2020121603018766,SMFDB,39,51,154,1002.0,154308.0
2020121603018765,SMFDB,39,39,100,1002.0,100200.0
2020121603018764,SMFDB,39,51,200,1002.0,200400.0
2020121603018763,SMFDB,39,11,200,1002.0,200400.0
2020121603018762,SMFDB,39,46,346,1002.0,346692.0
2020121603018396,SMFDB,28,17,100,999.0,99900.0
2020121603018623,SMFDB,39,39,73,1000.0,73000.0
2020121603018622,SMFDB,39,57,747,1000.0,747000.0
2020121603018621,SMFDB,39,14,50,1000.0,50000.0
2020121603018620,SMFDB,39,17,76,999.0,75924.0
2020121603018690,SMFDB,39,46,154,1002.0,154308.0
2020121603018689,SMFDB,39,13,100,1001.0,100100.0
2020121603018688,SMFDB,39,16,500,1001.0,500500.0
2020121603018687,SMFDB,39,39,246,1001.0,246246.0
2020121603018624,SMFDB,39,39,54,1001.0,54054.0
2020121603018773,SNLB,6,34,100,981.0,98100.0
2020121604000049,STC,51,10,80,5500.0,440000.0
2020121604000046,STC,38,28,10,5547.0,55470.0
2020121604000025,STC,21,21,69,5660.0,390540.0
2020121604000016,STC,52,10,10,5660.0,56600.0
2020121604000015,STC,38,10,200,5660.0,1132000.0
2020121604000014,STC,1,10,10,5700.0,57000.0
2020121604000010,STC,49,34,10,5680.0,56800.0
2020121604000004,STC,52,58,10,5775.0,57750.0
2020121604000003,STC,5,51,10,5775.0,57750.0
2020121604000002,STC,5,50,10,5775.0,57750.0
2020121604000001,STC,47,50,10,5775.0,57750.0
2020121603018625,TRH,57,4,375,319.0,119625.0
2020121603018408,TRH,46,16,110,318.0,34980.0
2020121603018407,TRH,26,16,90,318.0,28620.0
2020121603018400,TRH,38,4,100,320.0,32000.0
2020121603018671,UFL,52,16,10,240.0,2400.0
2020121603018614,UFL,52,22,50,239.0,11950.0
2020121603018570,USLB,32,46,10,1400.0,14000.0
2020121603018541,USLB,14,44,50,1380.0,69000.0
2020121603018466,USLB,47,46,10,1405.0,14050.0
2020121603018366,USLB,5,10,50,1390.0,69500.0
2020121603018716,VLBS,39,34,23,1231.0,28313.0
2020121603018611,VLBS,39,36,27,1231.0,33237.0
2020121603018610,VLBS,33,36,10,1250.0,12500.0
2020121603018535,VLBS,34,34,139,1250.0,173750.0
2020121603018440,VLBS,34,46,11,1250.0,13750.0
2020121603018439,VLBS,34,46,50,1250.0,62500.0
2020121603018350,VLBS,14,38,183,1234.0,225822.0
2020121603017997,ALBSL,44,7,18,1000.0,18000.0
2020121603017927,ALBSL,40,29,30,995.0,29850.0
2020121603017902,ALBSL,50,8,11,993.0,10923.0
2020121603018297,ALICL,14,5,30,940.0,28200.0
2020121603018296,ALICL,54,5,70,940.0,65800.0
2020121603018266,ALICL,54,52,230,940.0,216200.0
2020121603017929,ALICL,48,52,100,941.0,94100.0
2020121603017834,ALICL,14,57,304,945.0,287280.0
2020121603017833,ALICL,14,55,10,945.0,9450.0
2020121603017832,ALICL,14,50,500,945.0,472500.0
2020121603018291,CBBL,1,41,10,1467.0,14670.0
2020121603018278,CBBL,38,4,100,1466.0,146600.0
2020121603018262,CBBL,38,49,13,1466.0,19058.0
2020121603018261,CBBL,38,49,29,1467.0,42543.0
2020121603018199,CBBL,38,14,11,1467.0,16137.0
2020121603017999,CBBL,38,47,400,1466.0,586400.0
2020121603017983,CBBL,16,25,50,1468.0,73400.0
2020121603017982,CBBL,16,26,100,1467.0,146700.0
2020121603017925,CBBL,38,42,500,1466.0,733000.0
2020121603018253,CFCL,25,39,360,160.0,57600.0
2020121603018252,CFCL,25,13,40,160.0,6400.0
2020121603018315,CIT,52,20,3,5200.0,15600.0
2020121603018294,CIT,38,43,50,5230.0,261500.0
2020121603018293,CIT,40,43,10,5230.0,52300.0
2020121603018258,CIT,34,59,74,5235.0,387390.0
2020121603018256,CIT,34,21,26,5235.0,136110.0
2020121603018255,CIT,49,21,24,5235.0,125640.0
2020121603017950,CIT,11,16,19,5245.0,99655.0
2020121603017913,CIT,32,54,25,5246.0,131150.0
2020121603017901,CIT,38,54,10,5246.0,52460.0
2020121603017874,CIT,11,16,31,5245.0,162595.0
2020121603018207,CIT,34,58,50,5237.0,261850.0
2020121603018206,CIT,16,58,30,5238.0,157140.0
2020121603018143,CIT,45,16,71,5245.0,372395.0
2020121603018142,CIT,53,16,19,5245.0,99655.0
2020121603018040,CIT,34,54,50,5246.0,262300.0
2020121603017969,CIT,53,16,81,5245.0,424845.0
2020121603018254,CIT,7,21,50,5235.0,261750.0
2020121603018241,CIT,49,58,10,5250.0,52500.0
2020121603018240,CIT,49,41,90,5249.0,472410.0
2020121603018238,CIT,41,59,280,5236.0,1466080.0
2020121603018209,CIT,41,58,20,5236.0,104720.0
2020121603018208,CIT,34,58,100,5237.0,523700.0
2020121603018271,CLBSL,22,32,23,840.0,19320.0
2020121603018247,CORBL,51,7,"1,140",214.0,243960.0
2020121603018246,CORBL,51,20,40,213.0,8520.0
2020121603018245,CORBL,51,20,40,213.0,8520.0
2020121603018244,CORBL,51,20,40,213.0,8520.0
2020121603018243,CORBL,51,20,40,213.0,8520.0
2020121603017994,DDBL,44,47,100,1480.0,148000.0
2020121603017955,DDBL,44,42,"1,000",1480.0,1480000.0
2020121603017951,DDBL,44,41,30,1480.0,44400.0
2020121603017912,DDBL,16,45,60,1485.0,89100.0
2020121603018242,FMDBL,50,5,37,610.0,22570.0
2020121603018064,FMDBL,49,42,368,608.0,223744.0
2020121603018058,FMDBL,47,42,200,608.0,121600.0
2020121603018036,FMDBL,40,42,"1,000",608.0,608000.0
2020121603018035,FMDBL,32,42,32,608.0,19456.0
2020121603018034,FMDBL,3,42,100,608.0,60800.0
2020121603018009,FMDBL,28,38,100,613.0,61300.0
2020121603017998,FMDBL,16,22,60,611.0,36660.0
2020121603017933,FMDBL,16,29,40,611.0,24440.0
2020121603018033,FMDBL,58,42,200,610.0,122000.0
2020121603018032,FMDBL,16,42,100,611.0,61100.0
2020121603018013,FMDBL,28,56,55,615.0,33825.0
2020121603018012,FMDBL,28,25,30,615.0,18450.0
2020121603018011,FMDBL,28,57,25,614.0,15350.0
2020121603018010,FMDBL,28,44,290,614.0,178060.0
2020121603017898,FOWAD,39,38,10,2327.0,23270.0
2020121603018300,GBBL,38,16,100,311.0,31100.0
2020121603018257,GBBL,38,13,"1,000",311.0,311000.0
2020121603018214,GBBL,38,13,347,311.0,107917.0
2020121603018213,GBBL,1,13,787,311.0,244757.0
2020121603018180,GBBL,1,35,213,311.0,66243.0
2020121603018179,GBBL,34,35,287,311.0,89257.0
2020121603017924,GBBL,34,17,571,311.0,177581.0
2020121603018107,GBBL,34,51,100,311.0,31100.0
2020121603018096,GBBL,34,41,270,311.0,83970.0
2020121603018003,GBBL,34,37,500,311.0,155500.0
2020121603017989,GBBL,45,34,276,312.0,86112.0
2020121603017988,GBBL,45,59,"1,724",312.0,537888.0
2020121603017926,GBBL,34,42,50,311.0,15550.0
2020121603018313,GBLBS,53,13,344,619.0,212936.0
2020121603018100,GBLBS,42,45,40,620.0,24800.0
2020121603017992,GBLBS,26,45,50,620.0,31000.0
2020121603018260,GILB,6,26,193,1776.0,342768.0
2020121603018259,GILB,20,26,10,1785.0,17850.0
2020121603018210,GILB,6,38,50,1785.0,89250.0
2020121603018205,GILB,6,39,40,1776.0,71040.0
2020121603018041,GILB,50,45,50,1782.0,89100.0
2020121603017857,GILB,14,34,65,1782.0,115830.0
2020121603017863,GILB,59,34,985,1775.0,1748375.0
2020121603017862,GILB,45,34,50,1775.0,88750.0
2020121603017861,GILB,29,34,"1,000",1775.0,1775000.0
2020121603017860,GILB,35,34,100,1776.0,177600.0
2020121603017859,GILB,37,34,100,1780.0,178000.0
2020121603017858,GILB,22,34,100,1780.0,178000.0
2020121603018216,GLBSL,49,25,90,918.0,82620.0
2020121603018059,GLBSL,49,55,10,918.0,9180.0
2020121603018141,GLICL,42,25,60,655.0,39300.0
2020121603017930,GLICL,42,39,15,655.0,9825.0
2020121603017921,GLICL,13,52,200,654.0,130800.0
2020121603018219,GMFBS,42,29,10,990.0,9900.0
2020121603018302,GMFIL,22,4,200,204.0,40800.0
2020121603018301,GMFIL,32,4,160,204.0,32640.0
2020121603018308,GRDBL,42,43,120,154.0,18480.0
2020121603018307,GRDBL,42,55,60,154.0,9240.0
2020121603018306,GRDBL,42,26,110,154.0,16940.0
2020121603018305,GRDBL,42,37,110,154.0,16940.0
2020121603018164,GRDBL,46,41,100,152.0,15200.0
2020121603018298,HIDCL,14,33,61,283.0,17263.0
2020121603018276,HIDCL,49,57,30,284.0,8520.0
2020121603018008,HIDCL,14,25,106,283.0,29998.0
2020121603018007,HIDCL,49,25,100,283.0,28300.0
2020121603018006,HIDCL,6,25,94,283.0,26602.0
2020121603018110,ICFC,38,34,50,292.0,14600.0
2020121603017841,ICFC,58,42,25,291.0,7275.0
2020121603018290,JBBL,4,21,497,225.0,111825.0
2020121603018289,JBBL,26,21,10,225.0,2250.0
2020121603018288,JBBL,55,21,200,225.0,45000.0
2020121603018287,JBBL,48,21,293,225.0,65925.0
2020121603018236,JBBL,48,41,18,225.0,4050.0
2020121603018235,JBBL,40,41,92,226.0,20792.0
2020121603018088,JBBL,49,13,300,227.0,68100.0
2020121603018269,JFL,4,4,10,246.0,2460.0
2020121603018098,JSLBB,45,34,30,1740.0,52200.0
2020121603018039,JSLBB,44,34,10,1740.0,17400.0
2020121603018017,JSLBB,44,38,70,1740.0,121800.0
2020121603017964,JSLBB,44,20,20,1740.0,34800.0
2020121603018314,KMCDB,5,34,10,905.0,9050.0
2020121603018201,KMCDB,57,44,300,909.0,272700.0
2020121603018109,KMCDB,5,3,50,905.0,45250.0
2020121603018108,KMCDB,35,3,40,908.0,36320.0
2020121603018047,KMCDB,34,44,450,909.0,409050.0
2020121603017960,KMCDB,35,34,10,908.0,9080.0
2020121603017959,KMCDB,25,44,50,909.0,45450.0
2020121603017938,KMCDB,35,32,10,908.0,9080.0
2020121603017928,KMCDB,35,36,10,908.0,9080.0
2020121603017911,KMCDB,35,52,10,908.0,9080.0
2020121603017839,KMCDB,35,38,10,908.0,9080.0
2020121603017835,KMCDB,1,44,100,909.0,90900.0
2020121603018153,KSBBL,49,34,100,224.0,22400.0
2020121603018152,KSBBL,49,33,200,223.0,44600.0
2020121603018105,KSBBL,41,33,100,223.0,22300.0
2020121603018045,KSBBL,41,33,150,223.0,33450.0
2020121603017993,KSBBL,39,33,50,223.0,11150.0
2020121603018322,LBBL,56,33,16,229.0,3664.0
2020121603018321,LBBL,50,33,10,229.0,2290.0
2020121603018320,LBBL,32,33,18,229.0,4122.0
2020121603018117,LBBL,49,49,119,231.0,27489.0
2020121603018116,LBBL,49,29,100,231.0,23100.0
2020121603018115,LBBL,49,45,81,230.0,18630.0
2020121603018037,LBBL,21,45,19,230.0,4370.0
2020121603018055,LICN,54,25,80,2024.0,161920.0
2020121603017856,LICN,38,50,20,2024.0,40480.0
2020121603017855,LICN,38,14,28,2024.0,56672.0
2020121603017854,LICN,38,16,40,2024.0,80960.0
2020121603018248,LLBS,57,47,100,1630.0,163000.0
2020121603018215,LLBS,17,42,14,1624.0,22736.0
2020121603018251,MDB,42,59,80,386.0,30880.0
2020121603018250,MDB,42,36,120,386.0,46320.0
2020121603018234,MDB,58,36,10,386.0,3860.0
2020121603018065,MDB,45,36,100,386.0,38600.0
2020121603018229,MERO,33,39,260,960.0,249600.0
2020121603018228,MERO,33,32,100,960.0,96000.0
2020121603018227,MERO,33,58,10,960.0,9600.0
2020121603018226,MERO,33,39,400,960.0,384000.0
2020121603018225,MERO,33,10,500,959.0,479500.0
2020121603018224,MERO,33,4,500,958.0,479000.0
2020121603017961,MERO,29,4,30,956.0,28680.0
2020121603017852,MERO,26,39,47,950.0,44650.0
2020121603017851,MERO,25,39,53,950.0,50350.0
2020121603018223,MERO,33,4,430,956.0,411080.0
2020121603018222,MERO,33,41,100,955.0,95500.0
2020121603018221,MERO,33,14,200,955.0,191000.0
2020121603018044,MERO,45,4,40,956.0,38240.0
2020121603017922,MFIL,57,29,225,392.0,88200.0
2020121603018149,MLBBL,59,58,50,1285.0,64250.0
2020121603017984,MLBL,16,1,200,251.0,50200.0
2020121603018123,MLBL,16,43,146,251.0,36646.0
2020121603018060,MLBL,16,1,23,251.0,5773.0
2020121603018097,MNBBL,45,41,70,386.0,27020.0
2020121603018151,MPFL,4,34,28,164.0,4592.0
2020121603018150,MPFL,4,47,22,162.0,3564.0
2020121603018024,MPFL,4,49,10,162.0,1620.0
2020121603018265,MSMBS,43,19,150,947.0,142050.0
2020121603018144,MSMBS,36,22,11,950.0,10450.0
2020121603018249,NABBC,49,10,100,639.0,63900.0
2020121603018051,NADEP,45,49,100,1000.0,100000.0
2020121603018050,NADEP,32,49,21,1000.0,21000.0
2020121603017945,NADEP,32,42,23,1000.0,23000.0
2020121603018211,NADEP,33,44,23,1001.0,23023.0
2020121603018186,NADEP,40,14,206,1000.0,206000.0
2020121603018103,NADEP,40,49,70,1000.0,70000.0
2020121603018094,NADEP,40,20,11,1000.0,11000.0
2020121603018084,NADEP,40,49,80,1000.0,80000.0
2020121603018052,NADEP,40,49,79,1000.0,79000.0
2020121603018106,NFS,57,34,10,221.0,2210.0
2020121603018264,NLBBL,49,48,100,1105.0,110500.0
2020121603018114,NLBBL,49,49,72,1111.0,79992.0
2020121603018038,NLBBL,49,39,48,1111.0,53328.0
2020121603017910,NLBBL,49,5,200,1111.0,222200.0
2020121603017909,NLBBL,49,13,69,1111.0,76659.0
2020121603017908,NLBBL,49,1,100,1110.0,111000.0
2020121603017907,NLBBL,49,29,511,1110.0,567210.0
2020121603018325,NLIC,22,49,140,2244.0,314160.0
2020121603018324,NLIC,56,49,100,2245.0,224500.0
