Transact. No.,Symbol,Buyer,Seller,Quantity,Rate,Amount
2020122804001075,ALICLP,39,44,"5,988",380.0,2275440.0
2020122804001368,BBC,46,33,30,2590.0,77700.0
2020122804001310,BBC,34,20,10,2591.0,25910.0
2020122804001276,BBC,8,20,30,2591.0,77730.0
2020122804001275,BBC,8,22,20,2590.0,51800.0
2020122804001125,BBC,19,20,20,2591.0,51820.0
2020122804001104,BBC,25,20,12,2591.0,31092.0
2020122804001055,BBC,10,14,10,2585.0,25850.0
2020122804001511,CBBLPO,39,44,50,570.0,28500.0
2020122804001457,CBBLPO,39,44,"1,069",570.0,609330.0
2020122804001456,CBBLPO,39,44,50,570.0,28500.0
2020122804001455,CBBLPO,39,44,181,570.0,103170.0
2020122804001454,CBBLPO,39,44,50,570.0,28500.0
2020122804001453,CBBLPO,39,44,100,570.0,57000.0
2020122804001462,CMF1,41,6,100,9.81,981.0
2020122804001176,CMF1,48,6,"5,000",10.0,50000.0
2020122804001175,CMF1,48,6,"2,800",10.0,28000.0
2020122804001121,CMF1,19,43,"24,500",10.01,245245.0
2020122804001057,CMF1,19,6,"1,500",10.01,15015.0
2020122804001230,GBLBSP,17,58,"1,000",211.0,211000.0
2020122804001216,GBLBSP,38,58,500,203.0,101500.0
2020122804001163,GBLBSP,6,58,"1,694",192.0,325248.0
2020122804001542,GIC,51,7,10,542.0,5420.0
2020122804001536,GIC,51,56,10,542.0,5420.0
2020122804001535,GIC,51,49,10,542.0,5420.0
2020122804001534,GIC,51,22,10,542.0,5420.0
2020122804001533,GIC,51,26,36,542.0,19512.0
2020122804001528,GIC,21,42,10,541.0,5410.0
2020122804001046,GIC,33,36,10,540.0,5400.0
2020122804001073,GIC,29,26,10,540.0,5400.0
2020122804001072,GIC,50,45,10,540.0,5400.0
2020122804001071,GIC,50,42,10,540.0,5400.0
2020122804001068,GIC,50,6,10,540.0,5400.0
2020122804001062,GIC,50,58,10,540.0,5400.0
2020122804001047,GIC,8,1,10,541.0,5410.0
2020122804001096,GIC,29,6,10,540.0,5400.0
2020122804001094,GIC,29,57,10,540.0,5400.0
2020122804001088,GIC,29,6,10,540.0,5400.0
2020122804001087,GIC,14,37,10,541.0,5410.0
2020122804001086,GIC,14,42,10,541.0,5410.0
2020122804001083,GIC,29,32,10,540.0,5400.0
2020122804001107,GIC,52,26,10,540.0,5400.0
2020122804001106,GIC,52,6,10,540.0,5400.0
2020122804001105,GIC,52,6,10,540.0,5400.0
2020122804001100,GIC,52,29,10,540.0,5400.0
2020122804001099,GIC,52,36,10,540.0,5400.0
2020122804001098,GIC,52,41,10,540.0,5400.0
2020122804001122,GIC,16,6,10,541.0,5410.0
2020122804001119,GIC,37,6,10,540.0,5400.0
2020122804001118,GIC,52,45,10,540.0,5400.0
2020122804001117,GIC,52,44,10,540.0,5400.0
2020122804001115,GIC,52,26,10,540.0,5400.0
2020122804001113,GIC,52,6,10,540.0,5400.0
2020122804001141,GIC,16,6,10,541.0,5410.0
2020122804001140,GIC,16,6,10,541.0,5410.0
2020122804001139,GIC,16,16,10,541.0,5410.0
2020122804001138,GIC,16,6,10,541.0,5410.0
2020122804001127,GIC,16,38,10,541.0,5410.0
2020122804001123,GIC,45,38,10,542.0,5420.0
2020122804001159,GIC,37,10,10,540.0,5400.0
2020122804001158,GIC,37,6,10,540.0,5400.0
2020122804001156,GIC,16,50,10,541.0,5410.0
2020122804001149,GIC,16,6,10,541.0,5410.0
2020122804001144,GIC,16,7,10,541.0,5410.0
2020122804001143,GIC,16,55,150,541.0,81150.0
2020122804001188,GIC,1,58,10,541.0,5410.0
2020122804001183,GIC,56,53,10,541.0,5410.0
2020122804001179,GIC,37,58,10,540.0,5400.0
2020122804001178,GIC,37,59,10,540.0,5400.0
2020122804001162,GIC,37,6,10,540.0,5400.0
2020122804001160,GIC,37,6,10,540.0,5400.0
2020122804001205,GIC,43,38,10,542.0,5420.0
2020122804001199,GIC,1,42,10,541.0,5410.0
2020122804001196,GIC,1,36,10,541.0,5410.0
2020122804001193,GIC,1,41,10,541.0,5410.0
2020122804001190,GIC,1,34,10,541.0,5410.0
2020122804001189,GIC,1,45,10,541.0,5410.0
2020122804001228,GIC,21,45,10,541.0,5410.0
2020122804001227,GIC,1,44,10,541.0,5410.0
2020122804001222,GIC,1,42,10,541.0,5410.0
2020122804001221,GIC,1,17,10,541.0,5410.0
2020122804001219,GIC,1,44,10,541.0,5410.0
2020122804001206,GIC,43,45,10,542.0,5420.0
2020122804001237,GIC,21,38,10,541.0,5410.0
2020122804001236,GIC,21,38,10,541.0,5410.0
2020122804001234,GIC,21,16,10,541.0,5410.0
2020122804001233,GIC,21,38,10,541.0,5410.0
2020122804001232,GIC,21,45,10,541.0,5410.0
2020122804001231,GIC,21,42,10,541.0,5410.0
2020122804001245,GIC,21,38,10,541.0,5410.0
2020122804001244,GIC,21,38,10,541.0,5410.0
2020122804001243,GIC,21,45,10,541.0,5410.0
2020122804001242,GIC,21,38,10,541.0,5410.0
2020122804001240,GIC,21,38,10,541.0,5410.0
2020122804001238,GIC,21,45,10,541.0,5410.0
2020122804001251,GIC,56,6,10,542.0,5420.0
2020122804001250,GIC,38,25,10,544.0,5440.0
2020122804001249,GIC,38,13,10,543.0,5430.0
2020122804001248,GIC,38,57,50,543.0,27150.0
2020122804001247,GIC,56,38,10,542.0,5420.0
2020122804001246,GIC,56,56,10,542.0,5420.0
2020122804001261,GIC,56,45,10,542.0,5420.0
2020122804001260,GIC,56,42,10,542.0,5420.0
2020122804001259,GIC,56,45,10,542.0,5420.0
2020122804001258,GIC,56,56,10,542.0,5420.0
2020122804001254,GIC,56,45,10,542.0,5420.0
2020122804001252,GIC,56,46,300,542.0,162600.0
2020122804001273,GIC,56,57,10,542.0,5420.0
2020122804001272,GIC,56,44,10,542.0,5420.0
2020122804001268,GIC,56,45,10,542.0,5420.0
2020122804001267,GIC,56,25,10,542.0,5420.0
2020122804001266,GIC,56,44,10,542.0,5420.0
2020122804001264,GIC,56,16,10,542.0,5420.0
2020122804001286,GIC,56,17,10,542.0,5420.0
2020122804001283,GIC,56,16,10,542.0,5420.0
2020122804001281,GIC,56,17,10,542.0,5420.0
2020122804001278,GIC,56,42,10,542.0,5420.0
2020122804001277,GIC,56,13,10,542.0,5420.0
2020122804001274,GIC,56,16,10,542.0,5420.0
2020122804001297,GIC,14,17,10,542.0,5420.0
2020122804001296,GIC,14,16,10,542.0,5420.0
2020122804001293,GIC,14,33,10,542.0,5420.0
2020122804001291,GIC,14,17,10,542.0,5420.0
2020122804001290,GIC,14,17,10,542.0,5420.0
2020122804001288,GIC,14,46,10,542.0,5420.0
2020122804001319,GIC,56,58,10,542.0,5420.0
2020122804001317,GIC,56,42,10,542.0,5420.0
2020122804001312,GIC,14,42,10,542.0,5420.0
2020122804001308,GIC,14,17,10,542.0,5420.0
2020122804001299,GIC,14,17,10,542.0,5420.0
2020122804001298,GIC,14,17,10,542.0,5420.0
2020122804001354,GIC,56,36,10,542.0,5420.0
2020122804001350,GIC,56,17,10,542.0,5420.0
2020122804001326,GIC,56,58,10,542.0,5420.0
2020122804001325,GIC,56,17,10,542.0,5420.0
2020122804001322,GIC,56,17,10,542.0,5420.0
2020122804001320,GIC,56,55,10,542.0,5420.0
2020122804001367,GIC,51,58,10,543.0,5430.0
2020122804001366,GIC,51,38,10,543.0,5430.0
2020122804001365,GIC,56,22,10,542.0,5420.0
2020122804001359,GIC,56,16,10,542.0,5420.0
2020122804001357,GIC,56,17,10,542.0,5420.0
2020122804001356,GIC,56,16,10,542.0,5420.0
2020122804001389,GIC,56,43,10,542.0,5420.0
2020122804001385,GIC,56,43,10,542.0,5420.0
2020122804001382,GIC,56,43,10,542.0,5420.0
2020122804001380,GIC,56,14,10,542.0,5420.0
2020122804001379,GIC,56,36,10,542.0,5420.0
2020122804001370,GIC,56,16,10,542.0,5420.0
2020122804001429,GIC,55,48,10,542.0,5420.0
2020122804001423,GIC,56,48,10,542.0,5420.0
2020122804001401,GIC,56,54,10,542.0,5420.0
2020122804001394,GIC,56,14,10,542.0,5420.0
2020122804001393,GIC,56,45,10,542.0,5420.0
2020122804001391,GIC,56,50,10,542.0,5420.0
2020122804001452,GIC,21,45,10,541.0,5410.0
2020122804001450,GIC,21,58,10,541.0,5410.0
2020122804001449,GIC,21,10,10,541.0,5410.0
2020122804001448,GIC,55,26,70,542.0,37940.0
2020122804001438,GIC,55,47,10,542.0,5420.0
2020122804001437,GIC,55,49,10,542.0,5420.0
2020122804001476,GIC,21,21,10,541.0,5410.0
2020122804001466,GIC,21,57,10,541.0,5410.0
2020122804001463,GIC,21,45,10,541.0,5410.0
2020122804001461,GIC,21,45,10,541.0,5410.0
2020122804001459,GIC,21,58,50,541.0,27050.0
2020122804001458,GIC,21,37,10,541.0,5410.0
2020122804001494,GIC,25,26,10,542.0,5420.0
2020122804001493,GIC,21,44,10,541.0,5410.0
2020122804001485,GIC,21,36,50,541.0,27050.0
2020122804001483,GIC,21,52,10,541.0,5410.0
2020122804001479,GIC,21,16,10,541.0,5410.0
2020122804001478,GIC,42,26,20,542.0,10840.0
2020122804001527,GIC,21,25,10,541.0,5410.0
2020122804001526,GIC,21,26,50,542.0,27100.0
2020122804001510,GIC,21,55,10,541.0,5410.0
2020122804001509,GIC,21,37,10,541.0,5410.0
2020122804001502,GIC,21,58,10,541.0,5410.0
2020122804001495,GIC,21,41,10,541.0,5410.0
2020122804001460,GIMES1,45,35,"20,000",11.23,224600.0
2020122804001403,GIMES1,45,22,500,11.15,5575.0
2020122804001050,GIMES1,45,54,"1,000",11.15,11150.0
2020122804001506,LEMF,53,10,"2,000",9.75,19500.0
2020122804001505,LEMF,53,10,"3,000",9.75,29250.0
2020122804001436,MEGAPO,6,17,"10,521",126.0,1325646.0
2020122804001435,MEGAPO,6,17,"11,136",126.0,1403136.0
2020122804001434,MEGAPO,6,17,"9,761",126.0,1229886.0
2020122804001433,MEGAPO,6,17,"47,298",126.0,5959548.0
2020122804001486,MLBLPO,33,7,"18,000",109.0,1962000.0
2020122804001164,NBF2,10,1,"1,000",9.56,9560.0
2020122804001392,NEF,17,11,241,9.9,2385.9
2020122804001377,NEF,17,44,"1,316",9.9,13028.4
2020122804001305,NEF,17,4,483,9.9,4781.7
2020122804001303,NEF,17,17,"2,414",9.9,23898.6
2020122804001301,NEF,17,4,483,9.9,4781.7
2020122804001294,NEF,17,17,"2,414",9.9,23898.6
2020122804001257,NEF,38,44,"1,098",9.91,10881.18
2020122804001065,NEF,38,57,902,9.91,8938.82
2020122804001064,NEF,38,57,"5,000",9.91,49550.0
2020122804001063,NEF,38,57,333,9.91,3300.03
2020122804001053,NEF,38,6,"2,253",9.91,22327.23
2020122804001537,NIBLPF,6,17,"2,414",10.02,24188.28
2020122804001373,NIBLPF,6,6,"2,395",10.02,23997.9
2020122804001372,NIBLPF,39,6,130,10.02,1302.6
2020122804001256,NIBLPF,39,44,353,10.02,3537.06
2020122804001255,NIBLPF,6,44,"1,162",10.02,11643.24
2020122804001545,NIBPO,17,35,105,434.0,45570.0
2020122804001500,NIBPO,34,19,300,434.0,130200.0
2020122804001499,NIBPO,34,19,400,434.0,173600.0
2020122804001498,NIBPO,26,19,300,435.0,130500.0
2020122804001497,NIBPO,17,19,"1,000",436.0,436000.0
2020122804001424,NIBPO,34,10,59,433.0,25547.0
2020122804001134,NIBPO,17,37,80,440.0,35200.0
2020122804001129,NIBPO,57,37,186,440.0,81840.0
2020122804001128,NIBPO,57,42,14,440.0,6160.0
2020122804001054,NIBPO,7,42,10,440.0,4400.0
2020122804001314,NIBPO,49,39,200,440.0,88000.0
2020122804001200,NIBPO,13,19,14,439.0,6146.0
2020122804001172,NIBPO,13,8,204,439.0,89556.0
2020122804001171,NIBPO,57,8,46,439.0,20194.0
2020122804001170,NIBPO,17,8,200,440.0,88000.0
2020122804001135,NIBPO,17,37,500,440.0,220000.0
2020122804001408,NIBPO,19,10,500,438.0,219000.0
2020122804001407,NIBPO,26,10,100,438.0,43800.0
2020122804001406,NIBPO,17,10,"1,000",439.0,439000.0
2020122804001405,NIBPO,13,10,52,439.0,22828.0
2020122804001402,NIBPO,13,10,130,439.0,57070.0
2020122804001315,NIBPO,13,39,100,439.0,43900.0
2020122804001414,NIBPO,17,10,500,436.0,218000.0
2020122804001413,NIBPO,26,10,300,436.0,130800.0
2020122804001412,NIBPO,26,10,200,436.0,87200.0
2020122804001411,NIBPO,49,10,"1,000",437.0,437000.0
2020122804001410,NIBPO,17,10,500,437.0,218500.0
2020122804001409,NIBPO,26,10,489,437.0,213693.0
2020122804001420,NIBPO,1,10,300,434.0,130200.0
2020122804001419,NIBPO,49,10,"2,000",435.0,870000.0
2020122804001418,NIBPO,37,10,500,435.0,217500.0
2020122804001417,NIBPO,17,10,500,435.0,217500.0
2020122804001416,NIBPO,13,10,500,435.0,217500.0
2020122804001415,NIBPO,4,10,500,436.0,218000.0
2020122804001287,NIBSF1,7,1,"20,345",11.31,230101.95
2020122804001265,NIBSF1,35,1,"4,000",11.31,45240.0
2020122804001147,NIBSF1,28,56,"8,000",11.35,90800.0
2020122804001116,NIBSF1,28,35,"2,000",11.35,22700.0
2020122804001074,NIBSF1,57,56,"7,500",11.36,85200.0
2020122804001169,NICBF,43,1,500,9.82,4910.0
2020122804001360,NICD83/84,13,42,25,1052.0,26300.0
2020122804001477,NICGF,58,3,500,10.5,5250.0
2020122804001447,NICGF,58,49,"5,000",10.5,52500.0
2020122804001446,NICGF,58,11,200,10.5,2100.0
2020122804001445,NICGF,58,33,"2,500",10.5,26250.0
2020122804001444,NICGF,58,11,"5,000",10.5,52500.0
2020122804001443,NICGF,58,38,250,10.49,2622.5
2020122804001442,NICGF,58,11,200,10.49,2098.0
2020122804001441,NICGF,58,43,"12,950",10.49,135845.5
2020122804001440,NICGF,58,43,"1,000",10.48,10480.0
2020122804001439,NICGF,58,35,"2,200",10.48,23056.0
2020122804001168,NICGF,58,42,100,10.39,1039.0
2020122804001538,NMB50,34,59,"2,200",10.2,22440.0
2020122804001174,NMB50,3,1,500,10.07,5035.0
2020122804001166,NMB50,41,59,"5,000",10.2,51000.0
2020122804001109,NMB50,22,59,"9,500",10.2,96900.0
2020122804001108,NMB50,22,14,500,10.19,5095.0
2020122804001501,NMBHF1,6,10,332,9.97,3310.04
2020122804001378,NMBHF1,17,47,833,9.98,8313.34
2020122804001324,NMBHF1,28,6,"3,155",9.95,31392.25
2020122804001167,NMBHF1,13,49,832,9.88,8220.16
2020122804001111,NMBHF1,13,49,416,9.88,4110.08
2020122804001056,NMBHF1,13,56,416,9.88,4110.08
2020122804001048,NMBHF1,13,47,"2,080",9.88,20550.4
2020122804001133,NMBPO,49,57,"12,479",250.0,3119750.0
2020122804001532,RBCLPO,7,32,50,13000.0,650000.0
2020122804001531,RBCLPO,7,25,57,13000.0,741000.0
2020122804001503,RBCLPO,6,49,20,12892.0,257840.0
2020122804001404,RBCLPO,22,13,10,12882.0,128820.0
2020122804001396,RBCLPO,7,26,10,12990.0,129900.0
2020122804001395,RBCLPO,7,45,10,12990.0,129900.0
2020122804001369,RBCLPO,43,45,10,12990.0,129900.0
2020122804001194,RBCLPO,51,32,10,12900.0,129000.0
2020122804001191,RBCLPO,6,32,10,12900.0,129000.0
2020122804001082,RBCLPO,17,32,50,12900.0,645000.0
2020122804001081,RBCLPO,51,32,20,12901.0,258020.0
2020122804001543,SAEF,34,6,100,11.21,1121.0
2020122804001482,SAEF,58,34,"100,000",11.07,1107000.0
2020122804001481,SAEF,47,34,"11,400",11.2,127680.0
2020122804001480,SAEF,58,34,"4,500",11.21,50445.0
2020122804001352,SAEF,47,22,"2,000",11.2,22400.0
2020122804001327,SAEF,47,38,"1,000",11.2,11200.0
2020122804001311,SAEF,47,54,"5,000",11.2,56000.0
2020122804001226,SAEF,47,29,"2,000",11.2,22400.0
2020122804001220,SAEF,47,29,"1,000",11.2,11200.0
2020122804001091,SAEF,47,35,"5,000",11.2,56000.0
2020122804001061,SAND2085,13,45,50,1040.0,52000.0
2020122804001051,SAND2085,39,4,50,1041.0,52050.0
2020122804001253,SBIBD86,57,14,100,1060.0,106000.0
2020122804001114,SBLD2082,39,4,20,1034.0,20680.0
2020122804001102,SBLD2082,39,4,10,1055.0,10550.0
2020122804001070,SBLD2082,39,4,10,1076.0,10760.0
2020122804001067,SBLD2082,39,4,10,1097.0,10970.0
2020122804001507,SEF,17,41,300,10.38,3114.0
2020122804001496,SEF,17,22,"1,000",10.38,10380.0
2020122804001432,SEF,41,17,500,10.4,5200.0
2020122804001431,SEF,13,17,"8,050",10.4,83720.0
2020122804001364,SEF,13,51,"1,950",10.4,20280.0
2020122804001362,SEF,17,51,900,10.41,9369.0
2020122804001262,SEF,17,53,"1,000",10.41,10410.0
2020122804001225,SEF,17,29,"3,000",10.41,31230.0
2020122804001223,SEF,17,29,"1,000",10.41,10410.0
2020122804001161,SEF,17,42,"1,000",10.41,10410.0
2020122804001060,SEF,13,16,"2,000",10.43,20860.0
2020122804001544,SFMF,45,58,100,10.0,1000.0
2020122804001173,SFMF,45,50,420,9.85,4137.0
2020122804001541,SGI,34,41,10,570.0,5700.0
2020122804001540,SGI,34,47,10,568.0,5680.0
2020122804001539,SGI,34,11,10,568.0,5680.0
2020122804001530,SGI,38,16,10,560.0,5600.0
2020122804001524,SGI,38,38,10,560.0,5600.0
2020122804001523,SGI,35,38,100,560.0,56000.0
2020122804001059,SGI,35,6,10,562.0,5620.0
2020122804001058,SGI,35,37,10,562.0,5620.0
2020122804001052,SGI,35,1,10,562.0,5620.0
2020122804001049,SGI,41,6,10,562.0,5620.0
2020122804001079,SGI,21,13,10,563.0,5630.0
2020122804001078,SGI,21,38,10,563.0,5630.0
2020122804001077,SGI,21,28,10,563.0,5630.0
2020122804001076,SGI,21,16,10,563.0,5630.0
2020122804001069,SGI,35,26,10,562.0,5620.0
2020122804001066,SGI,35,45,10,562.0,5620.0
2020122804001092,SGI,35,6,10,562.0,5620.0
2020122804001090,SGI,35,25,10,562.0,5620.0
2020122804001089,SGI,35,6,10,562.0,5620.0
2020122804001085,SGI,35,36,10,562.0,5620.0
2020122804001084,SGI,35,6,10,562.0,5620.0
2020122804001080,SGI,21,42,10,563.0,5630.0
2020122804001110,SGI,19,6,10,561.0,5610.0
2020122804001103,SGI,35,6,10,562.0,5620.0
2020122804001101,SGI,35,29,10,562.0,5620.0
2020122804001097,SGI,35,6,10,562.0,5620.0
2020122804001095,SGI,35,6,10,562.0,5620.0
2020122804001093,SGI,35,7,10,562.0,5620.0
2020122804001131,SGI,29,16,10,561.0,5610.0
2020122804001130,SGI,29,36,10,561.0,5610.0
2020122804001126,SGI,19,21,10,561.0,5610.0
2020122804001124,SGI,19,16,10,561.0,5610.0
2020122804001120,SGI,19,3,10,561.0,5610.0
2020122804001112,SGI,19,26,10,561.0,5610.0
2020122804001146,SGI,45,17,10,561.0,5610.0
2020122804001145,SGI,45,22,10,561.0,5610.0
2020122804001142,SGI,45,6,10,561.0,5610.0
2020122804001137,SGI,45,38,10,561.0,5610.0
2020122804001136,SGI,29,6,10,561.0,5610.0
2020122804001132,SGI,29,6,10,561.0,5610.0
2020122804001154,SGI,16,55,80,561.0,44880.0
2020122804001153,SGI,52,6,10,562.0,5620.0
2020122804001152,SGI,52,34,10,562.0,5620.0
2020122804001151,SGI,16,50,10,561.0,5610.0
2020122804001150,SGI,16,6,10,561.0,5610.0
2020122804001148,SGI,45,16,10,561.0,5610.0
2020122804001182,SGI,52,38,10,562.0,5620.0
2020122804001181,SGI,52,45,10,562.0,5620.0
2020122804001180,SGI,52,38,10,562.0,5620.0
2020122804001177,SGI,19,49,10,561.0,5610.0
2020122804001157,SGI,19,10,10,561.0,5610.0
2020122804001155,SGI,19,55,20,561.0,11220.0
2020122804001195,SGI,52,42,10,562.0,5620.0
2020122804001192,SGI,52,38,10,562.0,5620.0
2020122804001187,SGI,52,38,10,562.0,5620.0
2020122804001186,SGI,56,25,10,563.0,5630.0
2020122804001185,SGI,52,38,10,562.0,5620.0
2020122804001184,SGI,52,38,10,562.0,5620.0
2020122804001204,SGI,19,38,10,561.0,5610.0
2020122804001203,SGI,19,36,10,561.0,5610.0
2020122804001202,SGI,19,38,10,561.0,5610.0
2020122804001201,SGI,19,26,10,561.0,5610.0
2020122804001198,SGI,19,55,10,561.0,5610.0
2020122804001197,SGI,19,26,10,561.0,5610.0
2020122804001212,SGI,38,42,10,566.0,5660.0
2020122804001211,SGI,38,58,10,565.0,5650.0
2020122804001210,SGI,38,57,10,565.0,5650.0
2020122804001209,SGI,38,57,10,565.0,5650.0
2020122804001208,SGI,38,22,10,565.0,5650.0
2020122804001207,SGI,38,21,10,563.0,5630.0
2020122804001224,SGI,19,42,10,561.0,5610.0
2020122804001218,SGI,19,56,10,561.0,5610.0
2020122804001217,SGI,52,36,10,563.0,5630.0
2020122804001215,SGI,38,35,10,566.0,5660.0
2020122804001214,SGI,38,35,10,566.0,5660.0
2020122804001213,SGI,38,16,10,566.0,5660.0
2020122804001269,SGI,45,52,10,562.0,5620.0
2020122804001263,SGI,45,42,10,562.0,5620.0
2020122804001241,SGI,39,17,10,561.0,5610.0
2020122804001239,SGI,39,16,10,561.0,5610.0
2020122804001235,SGI,39,44,10,561.0,5610.0
2020122804001229,SGI,35,21,10,561.0,5610.0
2020122804001284,SGI,45,45,10,562.0,5620.0
2020122804001282,SGI,45,17,10,562.0,5620.0
2020122804001280,SGI,45,50,10,562.0,5620.0
2020122804001279,SGI,45,13,10,562.0,5620.0
2020122804001271,SGI,45,38,10,562.0,5620.0
2020122804001270,SGI,45,44,10,562.0,5620.0
2020122804001302,SGI,56,17,10,561.0,5610.0
2020122804001300,SGI,56,50,10,561.0,5610.0
2020122804001295,SGI,56,17,10,561.0,5610.0
2020122804001292,SGI,21,17,10,561.0,5610.0
2020122804001289,SGI,45,17,10,562.0,5620.0
2020122804001285,SGI,45,16,10,562.0,5620.0
2020122804001316,SGI,56,26,10,561.0,5610.0
2020122804001313,SGI,56,26,10,561.0,5610.0
2020122804001309,SGI,56,14,10,561.0,5610.0
2020122804001307,SGI,56,14,10,561.0,5610.0
2020122804001306,SGI,56,17,10,561.0,5610.0
2020122804001304,SGI,56,17,10,561.0,5610.0
2020122804001330,SGI,29,14,10,564.0,5640.0
2020122804001329,SGI,56,58,10,561.0,5610.0
2020122804001328,SGI,56,17,10,561.0,5610.0
2020122804001323,SGI,56,17,10,561.0,5610.0
2020122804001321,SGI,56,58,10,561.0,5610.0
2020122804001318,SGI,56,57,10,561.0,5610.0
2020122804001336,SGI,29,35,10,566.0,5660.0
2020122804001335,SGI,29,35,10,566.0,5660.0
2020122804001334,SGI,29,35,10,566.0,5660.0
2020122804001333,SGI,29,42,10,565.0,5650.0
2020122804001332,SGI,29,8,10,565.0,5650.0
2020122804001331,SGI,29,11,10,565.0,5650.0
2020122804001342,SGI,29,35,10,566.0,5660.0
2020122804001341,SGI,29,35,10,566.0,5660.0
2020122804001340,SGI,29,35,10,566.0,5660.0
2020122804001339,SGI,29,35,10,566.0,5660.0
2020122804001338,SGI,29,35,10,566.0,5660.0
2020122804001337,SGI,29,35,10,566.0,5660.0
2020122804001348,SGI,29,36,10,569.0,5690.0
2020122804001347,SGI,29,11,10,569.0,5690.0
2020122804001346,SGI,29,42,10,568.0,5680.0
2020122804001345,SGI,29,45,10,568.0,5680.0
2020122804001344,SGI,29,45,10,567.0,5670.0
2020122804001343,SGI,29,57,10,566.0,5660.0
2020122804001361,SGI,56,16,10,561.0,5610.0
2020122804001358,SGI,56,41,10,561.0,5610.0
2020122804001355,SGI,56,17,10,561.0,5610.0
2020122804001353,SGI,56,16,10,561.0,5610.0
2020122804001351,SGI,56,17,10,561.0,5610.0
2020122804001349,SGI,29,16,10,569.0,5690.0
2020122804001381,SGI,56,45,10,561.0,5610.0
2020122804001376,SGI,56,16,10,561.0,5610.0
2020122804001375,SGI,56,42,10,561.0,5610.0
2020122804001374,SGI,56,16,10,561.0,5610.0
2020122804001371,SGI,56,55,10,561.0,5610.0
2020122804001363,SGI,56,16,10,561.0,5610.0
2020122804001390,SGI,56,48,10,561.0,5610.0
2020122804001388,SGI,56,58,10,561.0,5610.0
2020122804001387,SGI,56,34,10,561.0,5610.0
2020122804001386,SGI,56,14,10,561.0,5610.0
2020122804001384,SGI,56,43,10,561.0,5610.0
2020122804001383,SGI,56,43,10,561.0,5610.0
2020122804001465,SGI,29,58,10,562.0,5620.0
2020122804001464,SGI,29,34,10,562.0,5620.0
2020122804001451,SGI,29,32,10,562.0,5620.0
2020122804001430,SGI,29,49,10,562.0,5620.0
2020122804001422,SGI,29,47,10,562.0,5620.0
2020122804001421,SGI,29,14,10,562.0,5620.0
2020122804001472,SGI,5,28,10,570.0,5700.0
2020122804001471,SGI,5,58,10,570.0,5700.0
2020122804001470,SGI,5,45,10,570.0,5700.0
2020122804001469,SGI,5,8,10,565.0,5650.0
2020122804001468,SGI,5,45,10,563.0,5630.0
2020122804001467,SGI,5,45,10,563.0,5630.0
2020122804001504,SGI,45,58,10,564.0,5640.0
2020122804001492,SGI,29,16,10,562.0,5620.0
2020122804001484,SGI,29,58,10,565.0,5650.0
2020122804001475,SGI,5,33,10,570.0,5700.0
2020122804001474,SGI,5,53,10,570.0,5700.0
2020122804001473,SGI,5,28,10,570.0,5700.0
2020122804001516,SGI,45,38,50,562.0,28100.0
2020122804001515,SGI,29,38,430,562.0,241660.0
2020122804001514,SGI,42,38,90,563.0,50670.0
2020122804001513,SGI,45,38,70,564.0,39480.0
2020122804001512,SGI,45,58,10,564.0,5640.0
2020122804001508,SGI,45,44,10,564.0,5640.0
2020122804001522,SGI,56,38,20,560.0,11200.0
2020122804001521,SGI,49,38,100,560.0,56000.0
2020122804001520,SGI,16,38,100,560.0,56000.0
2020122804001519,SGI,20,38,20,560.0,11200.0
2020122804001518,SGI,38,38,20,561.0,11220.0
2020122804001517,SGI,57,38,100,561.0,56100.0
2020122804001529,STC,52,32,10,5190.0,51900.0
2020122804001525,STC,52,52,10,5249.0,52490.0
2020122804001491,STC,40,56,18,5191.0,93438.0
2020122804001490,STC,10,56,10,5192.0,51920.0
2020122804001489,STC,52,56,10,5195.0,51950.0
2020122804001488,STC,7,56,12,5197.0,62364.0
2020122804001399,STC,56,28,10,5215.0,52150.0
2020122804001398,STC,56,28,10,5215.0,52150.0
2020122804001397,STC,13,28,10,5220.0,52200.0
2020122804001165,STC,1,11,45,5250.0,236250.0
2020122804001487,STC,32,56,10,5205.0,52050.0
2020122804001428,STC,7,28,50,5206.0,260300.0
2020122804001427,STC,52,28,30,5209.0,156270.0
2020122804001426,STC,56,28,10,5210.0,52100.0
2020122804001425,STC,10,28,10,5210.0,52100.0
2020122804001400,STC,52,28,20,5211.0,104220.0
2020122804000994,BBC,51,53,10,2575.0,25750.0
2020122804000657,BBC,51,36,10,2541.0,25410.0
2020122804001004,CMF1,19,40,"2,500",10.01,25025.0
2020122804000997,CMF1,19,37,"1,000",10.01,10010.0
2020122804000750,CMF1,48,6,"1,500",10.0,15000.0
2020122804000733,CMF1,48,45,500,10.0,5000.0
2020122804000603,CMF1,48,11,100,10.0,1000.0
2020122804001044,GIC,33,39,10,540.0,5400.0
2020122804001042,GIC,48,6,10,540.0,5400.0
2020122804001041,GIC,48,36,10,540.0,5400.0
2020122804001035,GIC,52,13,10,542.0,5420.0
2020122804001034,GIC,38,1,10,541.0,5410.0
2020122804001033,GIC,38,36,10,541.0,5410.0
2020122804000554,GIC,56,41,10,546.0,5460.0
2020122804000553,GIC,56,8,10,546.0,5460.0
2020122804000550,GIC,56,41,10,546.0,5460.0
2020122804000549,GIC,56,45,10,546.0,5460.0
2020122804000548,GIC,56,3,10,546.0,5460.0
2020122804000569,GIC,56,3,10,546.0,5460.0
2020122804000567,GIC,56,41,10,546.0,5460.0
2020122804000565,GIC,56,3,10,546.0,5460.0
2020122804000563,GIC,56,45,10,546.0,5460.0
2020122804000562,GIC,56,35,10,546.0,5460.0
2020122804000558,GIC,56,4,10,546.0,5460.0
2020122804000591,GIC,57,34,10,547.0,5470.0
2020122804000590,GIC,57,58,10,547.0,5470.0
2020122804000589,GIC,57,48,20,547.0,10940.0
2020122804000588,GIC,56,13,10,546.0,5460.0
2020122804000584,GIC,56,13,10,546.0,5460.0
2020122804000578,GIC,56,4,10,546.0,5460.0
2020122804000607,GIC,39,39,10,546.0,5460.0
2020122804000604,GIC,39,8,10,546.0,5460.0
2020122804000599,GIC,6,4,10,546.0,5460.0
2020122804000595,GIC,6,8,10,546.0,5460.0
2020122804000593,GIC,57,13,300,547.0,164100.0
2020122804000592,GIC,57,58,10,547.0,5470.0
2020122804000619,GIC,17,57,10,545.0,5450.0
2020122804000616,GIC,17,38,10,545.0,5450.0
2020122804000614,GIC,58,36,10,548.0,5480.0
2020122804000612,GIC,39,44,10,546.0,5460.0
2020122804000611,GIC,39,44,10,546.0,5460.0
2020122804000608,GIC,39,8,10,546.0,5460.0
2020122804000640,GIC,43,6,10,546.0,5460.0
2020122804000639,GIC,43,33,10,546.0,5460.0
2020122804000638,GIC,43,6,10,546.0,5460.0
2020122804000635,GIC,17,44,10,545.0,5450.0
2020122804000632,GIC,17,39,10,545.0,5450.0
2020122804000625,GIC,17,44,10,545.0,5450.0
2020122804000654,GIC,41,28,10,545.0,5450.0
2020122804000650,GIC,41,44,10,545.0,5450.0
2020122804000644,GIC,41,42,10,545.0,5450.0
2020122804000643,GIC,41,44,10,545.0,5450.0
2020122804000642,GIC,43,10,10,546.0,5460.0
2020122804000641,GIC,43,28,10,546.0,5460.0
2020122804000673,GIC,41,20,10,545.0,5450.0
2020122804000671,GIC,41,58,10,545.0,5450.0
2020122804000670,GIC,41,16,10,545.0,5450.0
2020122804000666,GIC,42,28,10,546.0,5460.0
2020122804000659,GIC,42,34,10,546.0,5460.0
2020122804000656,GIC,42,28,10,546.0,5460.0
2020122804000686,GIC,43,55,10,545.0,5450.0
2020122804000685,GIC,43,35,10,545.0,5450.0
2020122804000682,GIC,55,35,10,545.0,5450.0
2020122804000680,GIC,41,55,10,545.0,5450.0
2020122804000679,GIC,41,35,10,545.0,5450.0
2020122804000674,GIC,41,55,10,545.0,5450.0
2020122804000694,GIC,39,44,10,545.0,5450.0
2020122804000693,GIC,39,41,150,545.0,81750.0
2020122804000692,GIC,43,41,50,545.0,27250.0
2020122804000690,GIC,43,35,10,545.0,5450.0
2020122804000688,GIC,43,28,10,545.0,5450.0
2020122804000687,GIC,43,26,10,545.0,5450.0
2020122804000706,GIC,39,6,10,545.0,5450.0
2020122804000704,GIC,39,39,10,545.0,5450.0
2020122804000703,GIC,39,45,10,545.0,5450.0
2020122804000701,GIC,39,59,10,545.0,5450.0
2020122804000699,GIC,39,51,10,545.0,5450.0
2020122804000696,GIC,39,57,10,545.0,5450.0
2020122804000714,GIC,34,58,10,547.0,5470.0
2020122804000711,GIC,22,14,10,547.0,5470.0
2020122804000710,GIC,45,49,10,546.0,5460.0
2020122804000709,GIC,45,38,10,546.0,5460.0
2020122804000708,GIC,45,59,10,546.0,5460.0
2020122804000707,GIC,45,52,10,546.0,5460.0
2020122804000738,GIC,45,57,10,546.0,5460.0
2020122804000732,GIC,45,51,10,546.0,5460.0
2020122804000730,GIC,45,38,10,546.0,5460.0
2020122804000717,GIC,34,14,10,548.0,5480.0
2020122804000716,GIC,34,50,10,548.0,5480.0
2020122804000715,GIC,34,38,20,547.0,10940.0
2020122804000759,GIC,39,44,10,545.0,5450.0
2020122804000757,GIC,39,49,10,545.0,5450.0
2020122804000754,GIC,39,44,10,545.0,5450.0
2020122804000751,GIC,45,20,10,546.0,5460.0
2020122804000744,GIC,45,57,10,546.0,5460.0
2020122804000740,GIC,45,58,10,546.0,5460.0
2020122804000768,GIC,5,22,100,545.0,54500.0
2020122804000767,GIC,39,22,60,545.0,32700.0
2020122804000766,GIC,39,35,10,545.0,5450.0
2020122804000763,GIC,39,52,10,545.0,5450.0
2020122804000761,GIC,39,52,10,545.0,5450.0
2020122804000760,GIC,39,20,10,545.0,5450.0
2020122804000800,GIC,5,6,10,545.0,5450.0
2020122804000792,GIC,5,35,10,545.0,5450.0
2020122804000788,GIC,5,35,10,545.0,5450.0
2020122804000786,GIC,5,33,10,545.0,5450.0
2020122804000776,GIC,5,39,10,545.0,5450.0
2020122804000774,GIC,5,50,10,545.0,5450.0
2020122804000819,GIC,5,38,10,545.0,5450.0
2020122804000817,GIC,5,48,10,545.0,5450.0
2020122804000809,GIC,5,44,10,545.0,5450.0
2020122804000805,GIC,5,58,10,545.0,5450.0
2020122804000802,GIC,5,48,10,545.0,5450.0
2020122804000801,GIC,5,42,10,545.0,5450.0
2020122804000837,GIC,51,28,10,545.0,5450.0
2020122804000830,GIC,51,16,10,545.0,5450.0
2020122804000829,GIC,49,28,10,545.0,5450.0
2020122804000824,GIC,5,48,10,545.0,5450.0
2020122804000822,GIC,5,48,10,545.0,5450.0
2020122804000821,GIC,5,41,10,545.0,5450.0
2020122804000855,GIC,25,49,10,545.0,5450.0
2020122804000853,GIC,25,13,10,545.0,5450.0
2020122804000851,GIC,25,45,10,545.0,5450.0
2020122804000849,GIC,25,48,10,545.0,5450.0
2020122804000842,GIC,25,49,10,545.0,5450.0
2020122804000839,GIC,51,55,110,545.0,59950.0
2020122804000894,GIC,20,39,10,544.0,5440.0
2020122804000890,GIC,20,45,10,544.0,5440.0
2020122804000878,GIC,20,39,10,544.0,5440.0
2020122804000872,GIC,20,3,10,544.0,5440.0
2020122804000861,GIC,20,49,10,544.0,5440.0
2020122804000858,GIC,20,34,10,544.0,5440.0
2020122804000901,GIC,20,3,50,540.0,27000.0
2020122804000900,GIC,39,3,100,541.0,54100.0
2020122804000899,GIC,20,3,40,541.0,21640.0
2020122804000898,GIC,58,3,10,544.0,5440.0
2020122804000897,GIC,20,3,80,544.0,43520.0
2020122804000896,GIC,20,5,10,544.0,5440.0
2020122804000918,GIC,38,59,10,540.0,5400.0
2020122804000917,GIC,38,25,10,540.0,5400.0
2020122804000916,GIC,37,28,10,540.0,5400.0
2020122804000914,GIC,37,11,10,540.0,5400.0
2020122804000910,GIC,37,37,10,540.0,5400.0
2020122804000902,GIC,37,3,20,540.0,10800.0
2020122804000934,GIC,29,51,10,540.0,5400.0
2020122804000933,GIC,29,49,10,540.0,5400.0
2020122804000926,GIC,29,49,10,540.0,5400.0
2020122804000924,GIC,29,49,10,540.0,5400.0
2020122804000921,GIC,29,6,10,540.0,5400.0
2020122804000920,GIC,29,49,10,540.0,5400.0
2020122804000943,GIC,58,49,10,540.0,5400.0
2020122804000941,GIC,58,39,10,540.0,5400.0
2020122804000940,GIC,29,21,10,540.0,5400.0
2020122804000938,GIC,29,25,10,540.0,5400.0
2020122804000937,GIC,29,49,10,540.0,5400.0
2020122804000936,GIC,29,39,10,540.0,5400.0
2020122804000960,GIC,47,41,20,540.0,10800.0
2020122804000959,GIC,45,41,100,540.0,54000.0
2020122804000958,GIC,57,41,20,540.0,10800.0
2020122804000957,GIC,4,41,20,540.0,10800.0
2020122804000956,GIC,35,41,40,540.0,21600.0
2020122804000955,GIC,35,1,10,540.0,5400.0
2020122804000974,GIC,35,39,10,541.0,5410.0
2020122804000969,GIC,35,45,10,541.0,5410.0
2020122804000968,GIC,48,21,10,540.0,5400.0
2020122804000966,GIC,48,57,120,540.0,64800.0
2020122804000965,GIC,47,57,70,540.0,37800.0
2020122804000963,GIC,47,21,10,540.0,5400.0
2020122804000995,GIC,35,57,10,541.0,5410.0
2020122804000992,GIC,35,29,10,541.0,5410.0
2020122804000987,GIC,35,53,10,541.0,5410.0
2020122804000985,GIC,35,39,10,541.0,5410.0
2020122804000981,GIC,35,39,10,541.0,5410.0
2020122804000976,GIC,35,39,10,541.0,5410.0
2020122804001015,GIC,35,36,10,541.0,5410.0
2020122804001014,GIC,35,57,10,541.0,5410.0
2020122804001013,GIC,35,58,10,541.0,5410.0
2020122804001007,GIC,35,16,10,541.0,5410.0
2020122804001005,GIC,35,28,10,541.0,5410.0
2020122804000996,GIC,35,58,10,541.0,5410.0
2020122804001031,GIC,45,13,10,541.0,5410.0
2020122804001027,GIC,45,36,10,541.0,5410.0
2020122804001023,GIC,45,38,10,541.0,5410.0
2020122804001022,GIC,45,57,10,541.0,5410.0
2020122804001021,GIC,45,39,10,541.0,5410.0
2020122804001020,GIC,35,36,10,541.0,5410.0
2020122804000972,GIMES1,21,21,"2,500",11.25,28125.0
2020122804000971,GIMES1,21,37,"2,500",11.23,28075.0
2020122804000954,GIMES1,45,54,"2,000",11.15,22300.0
2020122804000942,GIMES1,45,42,"1,000",11.15,11150.0
2020122804000928,GIMES1,57,7,"5,897",11.15,65751.55
2020122804000927,GIMES1,57,36,"5,000",11.15,55750.0
2020122804000838,GIMES1,6,42,"1,000",11.09,11090.0
2020122804000812,GIMES1,6,56,"1,000",11.09,11090.0
2020122804000609,GIMES1,6,11,"2,500",11.09,27725.0
2020122804000626,JBBLPO,57,14,"31,586",113.0,3569218.0
2020122804000617,LEMF,29,1,700,9.72,6804.0
2020122804000854,LUK,7,59,"3,000",9.15,27450.0
2020122804000827,LUK,17,25,610,9.33,5691.3
2020122804000803,LUK,5,42,100,9.2,920.0
2020122804000777,MEGAPO,13,1,"1,399",126.0,176274.0
2020122804001016,MNBBLP,58,49,"3,544",182.0,645008.0
2020122804000787,NBF2,58,33,"1,000",9.51,9510.0
2020122804000587,NBF2,53,39,"2,750",9.47,26042.5
2020122804000586,NBF2,29,39,"1,650",9.47,15625.5
2020122804000585,NBF2,29,39,"3,350",9.47,31724.5
2020122804000583,NBF2,53,39,"10,000",9.47,94700.0
2020122804000580,NBF2,53,39,"4,650",9.47,44035.5
2020122804000579,NBF2,53,39,"5,350",9.47,50664.5
2020122804000560,NBF2,29,39,"1,600",9.47,15152.0
2020122804000556,NBF2,34,39,"7,700",9.47,72919.0
2020122804000555,NBF2,34,39,"12,700",9.47,120269.0
2020122804000845,NCCBPO,11,13,"4,268",114.0,486552.0
2020122804001043,NEF,38,47,"2,414",9.91,23922.74
2020122804000879,NEF,39,47,483,10.0,4830.0
2020122804000816,NEF,6,47,"2,633",9.91,26093.03
2020122804000815,NEF,38,47,413,9.92,4096.96
2020122804000814,NEF,38,47,"2,586",9.92,25653.12
2020122804000736,NEF,38,28,"2,414",9.92,23946.88
2020122804000661,NEF,38,22,"2,173",10.0,21730.0
2020122804000660,NEF,38,17,"2,414",9.99,24115.86
2020122804000624,NEF,6,16,"2,254",9.91,22337.14
2020122804000623,NEF,38,16,160,9.91,1585.6
2020122804000622,NEF,38,58,483,9.91,4786.53
2020122804001045,NIBLPF,6,47,"2,525",10.02,25300.5
2020122804000991,NIBLPF,6,49,505,10.02,5060.1
2020122804000848,NIBLPF,6,47,808,10.02,8096.16
2020122804000846,NIBLPF,39,47,"1,717",10.02,17204.34
2020122804000831,NIBLPF,39,47,808,10.02,8096.16
2020122804000828,NIBLPF,6,47,"1,717",10.02,17204.34
2020122804000818,NIBLPF,6,47,"2,525",10.02,25300.5
2020122804000620,NIBLPF,6,58,758,10.02,7595.16
2020122804001032,NIBPO,4,42,"1,976",440.0,869440.0
2020122804001028,NIBPO,4,29,24,440.0,10560.0
2020122804000863,NIBPO,57,4,954,439.0,418806.0
2020122804000862,NIBPO,34,4,46,440.0,20240.0
2020122804000841,NIBPO,34,4,200,440.0,88000.0
2020122804000683,NIBPO,34,28,754,440.0,331760.0
2020122804001008,NIBSF1,57,17,"5,000",11.36,56800.0
2020122804001003,NIBSF1,57,37,"2,500",11.36,28400.0
2020122804000998,NIBSF1,57,49,"10,000",11.36,113600.0
2020122804000886,NIBSF1,28,17,"4,563",11.38,51926.94
2020122804000684,NIBSF1,28,37,"2,087",11.38,23750.06
2020122804000681,NIBSF1,28,37,"2,913",11.38,33149.94
2020122804000678,NIBSF1,28,14,850,11.35,9647.5
2020122804000677,NIBSF1,28,13,"2,500",11.34,28350.0
2020122804000633,NIBSF1,35,14,"1,000",11.35,11350.0
2020122804000610,NICBF,13,58,300,9.76,2928.0
2020122804000857,NICD83/84,13,34,25,1044.0,26100.0
2020122804001017,NICGF,58,44,800,10.38,8304.0
2020122804001006,NICGF,58,37,"1,000",10.38,10380.0
2020122804000977,NICGF,58,53,"1,000",10.4,10400.0
2020122804000939,NICGF,58,58,"1,000",10.4,10400.0
2020122804000905,NICGF,29,38,"3,000",10.38,31140.0
2020122804000904,NICGF,35,38,"2,000",10.39,20780.0
2020122804000572,NICGF,19,1,200,10.45,2090.0
2020122804000756,NICGF,35,34,"5,000",10.4,52000.0
2020122804000753,NICGF,6,6,"1,500",10.37,15555.0
2020122804000746,NICGF,6,6,"1,000",10.37,10370.0
2020122804000602,NICGF,29,10,"5,000",10.45,52250.0
2020122804000574,NICGF,19,34,500,10.45,5225.0
2020122804000573,NICGF,19,34,500,10.45,5225.0
2020122804000712,NLICP,56,4,"2,000",814.0,1628000.0
2020122804000993,NMB50,3,4,"1,500",10.02,15030.0
2020122804000893,NMB50,29,59,"10,000",10.2,102000.0
2020122804000871,NMB50,17,59,"50,000",10.21,510500.0
2020122804000870,NMB50,22,59,"20,000",10.29,205800.0
2020122804000869,NMB50,41,59,"2,000",10.3,20600.0
2020122804000868,NMB50,29,59,"4,400",10.31,45364.0
2020122804000780,NMB50,29,45,100,10.31,1031.0
2020122804000980,NMBHF1,13,49,416,9.88,4110.08
2020122804000877,NMBHF1,13,42,738,9.88,7291.44
2020122804000876,NMBHF1,21,42,839,9.9,8306.1
2020122804000697,NMBHF1,21,7,"4,161",9.9,41193.9
2020122804000999,RBCLPO,17,59,50,12900.0,645000.0
2020122804000984,RBCLPO,17,32,10,13000.0,130000.0
2020122804000982,RBCLPO,17,40,10,13000.0,130000.0
2020122804000790,RBCLPO,33,32,20,13000.0,260000.0
2020122804000773,RBCLPO,17,32,30,13000.0,390000.0
2020122804000770,RBCLPO,33,25,50,13100.0,655000.0
2020122804001010,SAEF,47,19,"2,700",11.2,30240.0
2020122804000990,SAEF,47,36,"14,200",11.2,159040.0
2020122804000967,SAEF,21,6,"4,700",11.21,52687.0
2020122804000925,SAEF,47,33,"1,000",11.2,11200.0
2020122804000923,SAEF,47,29,"4,700",11.2,52640.0
2020122804000909,SAEF,34,6,"12,760",11.21,143039.6
2020122804000597,SAEF,47,34,"7,500",11.25,84375.0
2020122804000907,SAEF,34,38,"5,000",11.21,56050.0
2020122804000860,SAEF,6,48,"1,000",11.21,11210.0
2020122804000859,SAEF,6,43,"1,000",11.21,11210.0
2020122804000741,SAEF,6,6,"3,000",11.21,33630.0
2020122804000737,SAEF,34,29,300,11.29,3387.0
2020122804000598,SAEF,47,53,"2,000",11.25,22500.0
2020122804000672,SAND2085,13,48,25,1040.0,26000.0
2020122804001000,SEF,17,49,"5,000",10.41,52050.0
2020122804000983,SEF,17,51,"75,000",10.41,780750.0
2020122804000919,SEF,17,45,500,10.41,5205.0
2020122804000892,SEF,17,6,500,10.41,5205.0
2020122804000836,SEF,17,58,500,10.41,5205.0
2020122804000743,SEF,17,6,"3,000",10.41,31230.0
2020122804000689,SEF,17,45,"1,000",10.41,10410.0
2020122804000669,SEF,17,11,100,10.41,1041.0
2020122804000653,SEF,17,13,"2,500",10.41,26025.0
2020122804000559,SEF,17,38,"5,000",10.41,52050.0
2020122804000606,SFMF,29,49,700,10.0,7000.0
2020122804001040,SGI,41,36,10,562.0,5620.0
2020122804001039,SGI,41,45,10,562.0,5620.0
2020122804001038,SGI,41,6,10,562.0,5620.0
2020122804001037,SGI,41,49,10,562.0,5620.0
2020122804001026,SGI,8,36,10,562.0,5620.0
2020122804001025,SGI,8,58,10,562.0,5620.0
2020122804000564,SGI,51,35,10,563.0,5630.0
2020122804000561,SGI,51,4,10,563.0,5630.0
2020122804000557,SGI,51,35,10,563.0,5630.0
2020122804000552,SGI,51,45,10,563.0,5630.0
2020122804000551,SGI,51,45,10,563.0,5630.0
2020122804000576,SGI,34,13,10,562.0,5620.0
2020122804000575,SGI,34,3,10,562.0,5620.0
2020122804000571,SGI,34,3,10,562.0,5620.0
2020122804000570,SGI,34,8,10,562.0,5620.0
2020122804000568,SGI,51,8,10,563.0,5630.0
2020122804000566,SGI,51,3,10,563.0,5630.0
2020122804000600,SGI,34,8,10,562.0,5620.0
2020122804000596,SGI,34,4,10,562.0,5620.0
2020122804000594,SGI,34,8,10,562.0,5620.0
2020122804000582,SGI,34,13,10,562.0,5620.0
2020122804000581,SGI,34,3,10,562.0,5620.0
2020122804000577,SGI,21,3,10,563.0,5630.0
2020122804000621,SGI,8,48,10,562.0,5620.0
2020122804000618,SGI,8,33,10,562.0,5620.0
2020122804000615,SGI,58,48,10,562.0,5620.0
2020122804000613,SGI,34,44,10,562.0,5620.0
2020122804000605,SGI,34,35,10,562.0,5620.0
2020122804000601,SGI,34,16,10,562.0,5620.0
2020122804000634,SGI,57,28,10,563.0,5630.0
2020122804000631,SGI,8,28,10,562.0,5620.0
2020122804000630,SGI,28,39,10,565.0,5650.0
2020122804000629,SGI,28,44,10,564.0,5640.0
2020122804000628,SGI,28,44,10,564.0,5640.0
2020122804000627,SGI,28,49,10,563.0,5630.0
2020122804000648,SGI,57,44,10,563.0,5630.0
2020122804000647,SGI,57,10,10,563.0,5630.0
2020122804000646,SGI,57,28,10,563.0,5630.0
2020122804000645,SGI,57,42,10,563.0,5630.0
2020122804000637,SGI,57,44,10,563.0,5630.0
2020122804000636,SGI,57,6,10,563.0,5630.0
2020122804000662,SGI,57,44,10,563.0,5630.0
2020122804000658,SGI,57,28,10,563.0,5630.0
2020122804000655,SGI,57,44,10,563.0,5630.0
2020122804000652,SGI,57,44,10,563.0,5630.0
2020122804000651,SGI,57,8,10,563.0,5630.0
2020122804000649,SGI,57,58,10,563.0,5630.0
2020122804000675,SGI,21,55,10,564.0,5640.0
2020122804000668,SGI,21,55,10,564.0,5640.0
2020122804000667,SGI,57,44,10,563.0,5630.0
2020122804000665,SGI,57,39,10,563.0,5630.0
2020122804000664,SGI,57,44,10,563.0,5630.0
2020122804000663,SGI,57,58,10,563.0,5630.0
2020122804000702,SGI,52,48,10,565.0,5650.0
2020122804000700,SGI,52,38,10,565.0,5650.0
2020122804000698,SGI,52,38,10,565.0,5650.0
2020122804000695,SGI,21,51,10,564.0,5640.0
2020122804000691,SGI,10,59,10,565.0,5650.0
2020122804000676,SGI,10,33,10,565.0,5650.0
2020122804000725,SGI,21,17,10,564.0,5640.0
2020122804000724,SGI,21,39,10,564.0,5640.0
2020122804000723,SGI,21,54,10,564.0,5640.0
2020122804000718,SGI,21,51,10,564.0,5640.0
2020122804000713,SGI,21,41,10,564.0,5640.0
2020122804000705,SGI,21,51,10,564.0,5640.0
2020122804000734,SGI,21,58,10,564.0,5640.0
2020122804000731,SGI,21,51,10,564.0,5640.0
2020122804000729,SGI,21,17,10,564.0,5640.0
2020122804000728,SGI,47,49,10,565.0,5650.0
2020122804000727,SGI,21,51,10,564.0,5640.0
2020122804000726,SGI,21,38,10,564.0,5640.0
2020122804000748,SGI,21,21,10,564.0,5640.0
2020122804000747,SGI,21,43,10,564.0,5640.0
2020122804000745,SGI,21,38,10,564.0,5640.0
2020122804000742,SGI,21,43,10,564.0,5640.0
2020122804000739,SGI,21,51,10,564.0,5640.0
2020122804000735,SGI,21,14,10,564.0,5640.0
2020122804000764,SGI,41,44,10,565.0,5650.0
2020122804000762,SGI,41,58,10,565.0,5650.0
2020122804000758,SGI,41,42,10,565.0,5650.0
2020122804000755,SGI,43,13,10,564.0,5640.0
2020122804000752,SGI,43,48,10,564.0,5640.0
2020122804000749,SGI,43,41,10,564.0,5640.0
2020122804000778,SGI,43,45,30,564.0,16920.0
2020122804000775,SGI,43,52,10,564.0,5640.0
2020122804000772,SGI,43,35,10,564.0,5640.0
2020122804000771,SGI,43,52,10,564.0,5640.0
2020122804000769,SGI,41,44,10,565.0,5650.0
2020122804000765,SGI,41,1,10,565.0,5650.0
2020122804000794,SGI,57,6,10,563.0,5630.0
2020122804000793,SGI,57,38,10,563.0,5630.0
2020122804000791,SGI,57,29,10,563.0,5630.0
2020122804000789,SGI,57,46,10,563.0,5630.0
2020122804000785,SGI,57,50,10,563.0,5630.0
2020122804000779,SGI,57,45,40,563.0,22520.0
2020122804000804,SGI,57,56,10,563.0,5630.0
2020122804000799,SGI,57,1,10,563.0,5630.0
2020122804000798,SGI,57,48,10,563.0,5630.0
2020122804000797,SGI,57,35,10,563.0,5630.0
2020122804000796,SGI,57,39,10,563.0,5630.0
2020122804000795,SGI,57,16,10,563.0,5630.0
2020122804000813,SGI,57,38,10,563.0,5630.0
2020122804000811,SGI,57,38,10,563.0,5630.0
2020122804000810,SGI,57,41,10,563.0,5630.0
2020122804000808,SGI,57,58,10,563.0,5630.0
2020122804000807,SGI,57,44,10,563.0,5630.0
2020122804000806,SGI,57,48,10,563.0,5630.0
2020122804000833,SGI,14,58,10,565.0,5650.0
2020122804000832,SGI,14,41,10,564.0,5640.0
2020122804000826,SGI,47,42,10,565.0,5650.0
2020122804000825,SGI,57,8,10,563.0,5630.0
2020122804000823,SGI,57,38,10,563.0,5630.0
2020122804000820,SGI,57,48,10,563.0,5630.0
2020122804000847,SGI,57,48,10,563.0,5630.0
2020122804000844,SGI,57,34,10,563.0,5630.0
2020122804000843,SGI,57,48,10,563.0,5630.0
2020122804000840,SGI,14,28,10,565.0,5650.0
2020122804000835,SGI,14,48,10,565.0,5650.0
2020122804000834,SGI,14,46,10,565.0,5650.0
2020122804000866,SGI,21,10,10,564.0,5640.0
2020122804000865,SGI,57,29,10,563.0,5630.0
2020122804000864,SGI,57,29,10,563.0,5630.0
2020122804000856,SGI,57,13,10,563.0,5630.0
2020122804000852,SGI,57,44,10,563.0,5630.0
2020122804000850,SGI,57,46,10,563.0,5630.0
2020122804000881,SGI,57,46,10,563.0,5630.0
2020122804000880,SGI,57,58,10,563.0,5630.0
2020122804000875,SGI,57,3,10,563.0,5630.0
2020122804000874,SGI,57,41,10,563.0,5630.0
2020122804000873,SGI,21,45,10,565.0,5650.0
2020122804000867,SGI,57,39,10,563.0,5630.0
2020122804000895,SGI,57,40,10,563.0,5630.0
2020122804000891,SGI,57,58,10,563.0,5630.0
2020122804000889,SGI,21,45,10,565.0,5650.0
2020122804000888,SGI,21,49,10,565.0,5650.0
2020122804000887,SGI,21,58,10,565.0,5650.0
2020122804000885,SGI,57,45,10,563.0,5630.0
2020122804000913,SGI,57,39,10,563.0,5630.0
2020122804000912,SGI,57,59,10,563.0,5630.0
2020122804000911,SGI,57,39,10,563.0,5630.0
2020122804000908,SGI,57,58,10,563.0,5630.0
2020122804000906,SGI,57,21,10,563.0,5630.0
2020122804000903,SGI,57,8,10,563.0,5630.0
2020122804000932,SGI,57,49,10,563.0,5630.0
2020122804000931,SGI,57,49,10,563.0,5630.0
2020122804000930,SGI,57,49,10,563.0,5630.0
2020122804000929,SGI,57,6,10,563.0,5630.0
2020122804000922,SGI,57,49,10,563.0,5630.0
2020122804000915,SGI,57,25,10,563.0,5630.0
2020122804000948,SGI,11,25,10,564.0,5640.0
2020122804000947,SGI,11,49,10,564.0,5640.0
2020122804000946,SGI,11,25,10,564.0,5640.0
2020122804000945,SGI,11,59,10,564.0,5640.0
2020122804000944,SGI,11,49,10,564.0,5640.0
2020122804000935,SGI,57,49,10,563.0,5630.0
2020122804000961,SGI,57,57,10,563.0,5630.0
2020122804000953,SGI,11,14,10,564.0,5640.0
2020122804000952,SGI,11,36,10,564.0,5640.0
2020122804000951,SGI,11,49,10,564.0,5640.0
2020122804000950,SGI,11,19,10,564.0,5640.0
2020122804000949,SGI,11,21,10,564.0,5640.0
2020122804000978,SGI,57,57,240,563.0,135120.0
2020122804000975,SGI,57,51,10,563.0,5630.0
2020122804000973,SGI,57,40,10,563.0,5630.0
2020122804000970,SGI,57,34,10,563.0,5630.0
2020122804000964,SGI,57,46,10,563.0,5630.0
2020122804000962,SGI,57,36,10,563.0,5630.0
2020122804001002,SGI,38,6,10,565.0,5650.0
2020122804001001,SGI,58,18,10,563.0,5630.0
2020122804000989,SGI,58,56,10,563.0,5630.0
2020122804000988,SGI,58,32,10,563.0,5630.0
2020122804000986,SGI,58,58,10,563.0,5630.0
2020122804000979,SGI,58,57,50,563.0,28150.0
2020122804001024,SGI,8,43,10,562.0,5620.0
2020122804001019,SGI,8,56,10,562.0,5620.0
2020122804001018,SGI,8,38,10,562.0,5620.0
2020122804001012,SGI,8,36,10,562.0,5620.0
2020122804001011,SGI,8,29,10,562.0,5620.0
2020122804001009,SGI,58,53,10,563.0,5630.0
2020122804001036,STC,10,17,30,5295.0,158850.0
2020122804001030,STC,10,17,10,5295.0,52950.0
2020122804001029,STC,10,22,10,5295.0,52950.0
2020122804000884,STC,39,38,11,5192.0,57112.0
2020122804000883,STC,22,38,10,5192.0,51920.0
2020122804000882,STC,43,38,10,5193.0,51930.0
2020122804000720,STC,28,10,20,5201.0,104020.0
2020122804000719,STC,33,10,10,5202.0,52020.0
2020122804000547,STC,42,38,10,5200.0,52000.0
2020122804000546,STC,39,38,10,5201.0,52010.0
2020122804000784,STC,13,10,10,5195.0,51950.0
2020122804000783,STC,28,10,30,5196.0,155880.0
2020122804000782,STC,56,10,10,5197.0,51970.0
2020122804000781,STC,45,10,50,5200.0,260000.0
2020122804000722,STC,32,10,20,5200.0,104000.0
2020122804000721,STC,41,10,20,5200.0,104000.0
2020122804000136,BBC,38,45,10,2541.0,25410.0
2020122804000499,CMF1,48,42,100,10.0,1000.0
2020122804000440,CMF1,43,14,100,10.18,1018.0
2020122804000438,CMF1,43,49,400,10.09,4036.0
2020122804000310,CMF1,19,45,500,9.9,4950.0
2020122804000304,CMF1,19,7,"1,400",10.0,14000.0
2020122804000303,CMF1,59,7,"50,000",10.0,500000.0
2020122804000276,CMF1,19,10,600,10.0,6000.0
2020122804000204,CMF1,38,10,"2,000",10.0,20000.0
2020122804000183,CMF1,38,10,"2,000",10.0,20000.0
2020122804000162,CMF1,54,10,400,10.0,4000.0
2020122804000161,CMF1,54,58,100,10.0,1000.0
2020122804000545,GIC,56,35,10,546.0,5460.0
2020122804000543,GIC,56,45,10,546.0,5460.0
2020122804000539,GIC,56,41,10,546.0,5460.0
2020122804000536,GIC,56,3,10,546.0,5460.0
2020122804000533,GIC,56,45,10,546.0,5460.0
2020122804000528,GIC,56,41,10,546.0,5460.0
2020122804000046,GIC,34,22,10,545.0,5450.0
2020122804000076,GIC,32,6,10,547.0,5470.0
2020122804000066,GIC,32,42,10,547.0,5470.0
2020122804000065,GIC,32,22,10,547.0,5470.0
2020122804000060,GIC,55,46,10,549.0,5490.0
2020122804000059,GIC,55,56,10,549.0,5490.0
2020122804000055,GIC,32,39,10,547.0,5470.0
2020122804000099,GIC,43,6,10,547.0,5470.0
2020122804000097,GIC,34,6,10,545.0,5450.0
2020122804000096,GIC,34,45,10,545.0,5450.0
2020122804000091,GIC,34,47,10,545.0,5450.0
2020122804000084,GIC,34,45,10,545.0,5450.0
2020122804000082,GIC,34,22,10,545.0,5450.0
2020122804000115,GIC,39,21,10,545.0,5450.0
2020122804000113,GIC,39,45,20,545.0,10900.0
2020122804000112,GIC,41,45,50,545.0,27250.0
2020122804000111,GIC,34,45,10,545.0,5450.0
2020122804000110,GIC,34,18,10,545.0,5450.0
2020122804000103,GIC,34,45,10,545.0,5450.0
2020122804000137,GIC,39,28,10,545.0,5450.0
2020122804000131,GIC,39,55,10,545.0,5450.0
2020122804000129,GIC,39,38,10,545.0,5450.0
2020122804000128,GIC,39,37,10,545.0,5450.0
2020122804000126,GIC,39,34,10,545.0,5450.0
2020122804000122,GIC,39,38,10,545.0,5450.0
2020122804000163,GIC,41,42,10,546.0,5460.0
2020122804000151,GIC,39,47,10,545.0,5450.0
2020122804000150,GIC,45,34,10,546.0,5460.0
2020122804000149,GIC,45,34,10,546.0,5460.0
2020122804000148,GIC,45,39,10,546.0,5460.0
2020122804000140,GIC,39,48,10,545.0,5450.0
2020122804000180,GIC,52,21,10,547.0,5470.0
2020122804000179,GIC,39,17,10,545.0,5450.0
2020122804000175,GIC,39,17,10,545.0,5450.0
2020122804000174,GIC,39,49,10,545.0,5450.0
2020122804000168,GIC,41,17,10,546.0,5460.0
2020122804000165,GIC,41,34,10,546.0,5460.0
2020122804000189,GIC,52,51,10,547.0,5470.0
2020122804000188,GIC,52,39,10,547.0,5470.0
2020122804000187,GIC,52,18,10,547.0,5470.0
2020122804000186,GIC,52,58,10,547.0,5470.0
2020122804000184,GIC,52,17,10,547.0,5470.0
2020122804000181,GIC,52,53,10,547.0,5470.0
2020122804000207,GIC,52,41,10,547.0,5470.0
2020122804000205,GIC,52,51,10,547.0,5470.0
2020122804000194,GIC,52,1,10,547.0,5470.0
2020122804000192,GIC,35,7,10,549.0,5490.0
2020122804000191,GIC,35,46,30,549.0,16470.0
2020122804000190,GIC,35,6,10,548.0,5480.0
2020122804000222,GIC,46,56,10,548.0,5480.0
2020122804000217,GIC,46,33,10,548.0,5480.0
2020122804000214,GIC,34,33,10,549.0,5490.0
2020122804000213,GIC,46,49,10,548.0,5480.0
2020122804000211,GIC,46,33,10,548.0,5480.0
2020122804000208,GIC,46,34,10,548.0,5480.0
2020122804000251,GIC,14,11,20,548.0,10960.0
2020122804000236,GIC,46,39,10,548.0,5480.0
2020122804000232,GIC,46,33,10,548.0,5480.0
2020122804000231,GIC,46,34,10,548.0,5480.0
2020122804000227,GIC,46,6,10,548.0,5480.0
2020122804000225,GIC,46,17,10,548.0,5480.0
2020122804000269,GIC,28,39,10,546.0,5460.0
2020122804000260,GIC,28,34,10,546.0,5460.0
2020122804000259,GIC,28,38,10,546.0,5460.0
2020122804000254,GIC,14,45,10,548.0,5480.0
2020122804000253,GIC,14,36,10,548.0,5480.0
2020122804000252,GIC,14,11,80,548.0,43840.0
2020122804000287,GIC,42,14,10,546.0,5460.0
2020122804000286,GIC,42,16,10,546.0,5460.0
2020122804000285,GIC,39,14,10,545.0,5450.0
2020122804000280,GIC,39,51,10,545.0,5450.0
2020122804000275,GIC,39,56,10,545.0,5450.0
2020122804000274,GIC,39,21,10,545.0,5450.0
2020122804000324,GIC,42,38,10,546.0,5460.0
2020122804000323,GIC,42,25,10,546.0,5460.0
2020122804000320,GIC,42,45,10,546.0,5460.0
2020122804000316,GIC,42,45,10,546.0,5460.0
2020122804000313,GIC,42,56,10,546.0,5460.0
2020122804000307,GIC,42,6,10,546.0,5460.0
2020122804000338,GIC,39,43,10,545.0,5450.0
2020122804000336,GIC,39,38,10,545.0,5450.0
2020122804000331,GIC,42,38,10,546.0,5460.0
2020122804000328,GIC,42,38,10,546.0,5460.0
2020122804000327,GIC,42,37,10,546.0,5460.0
2020122804000326,GIC,42,38,10,546.0,5460.0
2020122804000352,GIC,34,48,30,547.0,16410.0
2020122804000347,GIC,34,49,10,547.0,5470.0
2020122804000346,GIC,34,52,10,547.0,5470.0
2020122804000344,GIC,39,47,10,545.0,5450.0
2020122804000340,GIC,39,45,10,545.0,5450.0
2020122804000339,GIC,39,38,10,545.0,5450.0
2020122804000362,GIC,1,28,10,545.0,5450.0
2020122804000361,GIC,1,17,10,545.0,5450.0
2020122804000360,GIC,1,45,10,545.0,5450.0
2020122804000358,GIC,1,41,10,545.0,5450.0
2020122804000356,GIC,39,57,10,545.0,5450.0
2020122804000355,GIC,39,58,10,545.0,5450.0
2020122804000395,GIC,48,36,10,546.0,5460.0
2020122804000394,GIC,48,38,10,546.0,5460.0
2020122804000391,GIC,49,48,10,545.0,5450.0
2020122804000386,GIC,49,45,10,545.0,5450.0
2020122804000366,GIC,49,39,10,545.0,5450.0
2020122804000363,GIC,1,8,10,545.0,5450.0
2020122804000418,GIC,49,5,10,545.0,5450.0
2020122804000406,GIC,49,45,10,545.0,5450.0
2020122804000405,GIC,49,38,10,545.0,5450.0
2020122804000403,GIC,48,38,10,546.0,5460.0
2020122804000402,GIC,48,28,10,546.0,5460.0
2020122804000401,GIC,48,35,10,546.0,5460.0
2020122804000448,GIC,56,47,10,546.0,5460.0
2020122804000445,GIC,56,47,10,546.0,5460.0
2020122804000437,GIC,56,38,10,546.0,5460.0
2020122804000434,GIC,56,47,10,546.0,5460.0
2020122804000421,GIC,56,45,10,546.0,5460.0
2020122804000420,GIC,56,28,10,546.0,5460.0
2020122804000472,GIC,56,38,10,546.0,5460.0
2020122804000468,GIC,56,38,10,546.0,5460.0
2020122804000465,GIC,56,7,10,546.0,5460.0
2020122804000457,GIC,56,47,10,546.0,5460.0
2020122804000454,GIC,56,47,10,546.0,5460.0
2020122804000449,GIC,56,47,10,546.0,5460.0
2020122804000488,GIC,56,13,10,546.0,5460.0
2020122804000487,GIC,56,28,10,546.0,5460.0
2020122804000486,GIC,56,38,10,546.0,5460.0
2020122804000484,GIC,56,47,10,546.0,5460.0
2020122804000481,GIC,56,42,10,546.0,5460.0
2020122804000480,GIC,56,57,10,546.0,5460.0
2020122804000506,GIC,56,49,10,546.0,5460.0
2020122804000505,GIC,56,21,10,546.0,5460.0
2020122804000502,GIC,56,43,10,546.0,5460.0
2020122804000501,GIC,56,21,10,546.0,5460.0
2020122804000498,GIC,56,21,10,546.0,5460.0
2020122804000489,GIC,56,38,10,546.0,5460.0
2020122804000526,GIC,56,28,10,546.0,5460.0
2020122804000522,GIC,56,4,10,546.0,5460.0
2020122804000514,GIC,56,45,10,546.0,5460.0
2020122804000512,GIC,56,38,10,546.0,5460.0
2020122804000510,GIC,56,44,10,546.0,5460.0
2020122804000508,GIC,56,52,10,546.0,5460.0
2020122804000516,GIMES1,34,7,"4,103",11.15,45748.45
2020122804000373,LEMF,17,34,"1,000",9.7,9700.0
2020122804000353,LEMF,17,17,"2,500",9.7,24250.0
2020122804000467,LUK,7,26,"1,900",9.15,17385.0
2020122804000466,LUK,13,26,600,9.15,5490.0
2020122804000393,LUK,38,42,140,9.14,1279.6
2020122804000330,LUK,39,10,500,9.18,4590.0
2020122804000235,LUK,19,48,100,9.0,900.0
2020122804000087,LUK,5,58,100,9.16,916.0
2020122804000432,NBF2,43,39,300,9.47,2841.0
2020122804000431,NBF2,16,39,"5,000",9.52,47600.0
2020122804000430,NBF2,45,39,"1,000",9.53,9530.0
2020122804000429,NBF2,35,39,"1,000",9.53,9530.0
2020122804000264,NBF2,57,34,200,9.51,1902.0
2020122804000167,NBF2,58,34,200,9.7,1940.0
2020122804000166,NBF2,58,10,500,9.7,4850.0
2020122804000497,NEF,38,38,"1,357",9.91,13447.87
2020122804000496,NEF,38,38,"1,057",9.91,10474.87
2020122804000375,NEF,38,34,"1,127",9.91,11168.57
2020122804000333,NEF,38,38,"2,816",9.91,27906.56
2020122804000309,NEF,17,17,241,9.9,2385.9
2020122804000305,NEF,17,5,241,9.9,2385.9
2020122804000203,NEF,34,41,263,9.99,2627.37
2020122804000202,NEF,34,47,"5,632",9.99,56263.68
2020122804000105,NEF,54,50,483,9.8,4733.4
2020122804000295,NEF,17,26,"2,414",9.9,23898.6
2020122804000294,NEF,11,47,"2,414",10.0,24140.0
2020122804000293,NEF,11,57,"1,127",10.0,11270.0
2020122804000290,NEF,11,35,"2,414",9.99,24115.86
2020122804000289,NEF,11,32,"1,448",9.99,14465.52
2020122804000288,NEF,11,41,"2,151",9.99,21488.49
2020122804000463,NIBLPF,16,22,253,10.1,2555.3
2020122804000462,NIBLPF,16,49,505,10.1,5100.5
2020122804000461,NIBLPF,16,49,117,10.1,1181.7
2020122804000460,NIBLPF,59,49,388,10.1,3918.8
2020122804000380,NIBLPF,19,34,"2,525",10.0,25250.0
2020122804000178,NIBLPF,47,41,"2,525",10.0,25250.0
2020122804000177,NIBLPF,47,51,"2,525",10.0,25250.0
2020122804000176,NIBLPF,47,47,"2,525",10.0,25250.0
2020122804000090,NIBLPF,53,49,505,10.0,5050.0
2020122804000081,NIBLPF,53,8,"1,743",10.0,17430.0
2020122804000068,NIBLPF,54,8,500,10.0,5000.0
2020122804000525,NIBPO,26,47,11,437.0,4807.0
2020122804000268,NIBPO,28,50,"2,000",440.0,880000.0
2020122804000210,NIBPO,4,58,153,448.0,68544.0
2020122804000154,NIBPO,4,35,"1,000",448.0,448000.0
2020122804000153,NIBPO,4,4,347,447.0,155109.0
2020122804000152,NIBPO,4,11,500,441.0,220500.0
2020122804000500,NIBSF1,35,25,"3,000",11.35,34050.0
2020122804000397,NIBSF1,28,6,"2,087",11.3,23583.1
2020122804000396,NIBSF1,28,37,"5,000",11.3,56500.0
2020122804000325,NIBSF1,7,57,"5,000",11.16,55800.0
2020122804000300,NIBSF1,28,26,"2,000",11.15,22300.0
2020122804000318,NICGF,58,50,200,10.5,2100.0
2020122804000317,NICGF,58,10,"4,300",10.5,45150.0
2020122804000439,NMB50,14,28,"2,000",10.5,21000.0
2020122804000388,NMB50,14,28,"1,100",10.5,11550.0
2020122804000387,NMB50,14,28,900,10.5,9450.0
2020122804000384,NMB50,14,28,"2,000",10.5,21000.0
2020122804000299,NMB50,14,28,"1,100",10.5,11550.0
2020122804000284,NMB50,29,46,500,10.22,5110.0
2020122804000093,NMB50,14,3,"1,600",10.54,16864.0
2020122804000063,NMB50,14,39,"2,000",10.55,21100.0
2020122804000206,NMB50,14,28,"2,000",10.4,20800.0
2020122804000155,NMB50,14,28,"2,000",10.4,20800.0
2020122804000101,NMB50,14,16,200,10.6,2120.0
2020122804000100,NMB50,14,41,"1,800",10.6,19080.0
2020122804000095,NMB50,14,41,200,10.6,2120.0
2020122804000094,NMB50,14,39,200,10.55,2110.0
2020122804000453,NMBHF1,13,10,832,9.88,8220.16
2020122804000404,NMBHF1,13,18,"4,161",9.88,41110.68
2020122804000399,NMBHF1,13,18,"4,161",9.88,41110.68
2020122804000308,NMBHF1,13,5,416,9.88,4110.08
2020122804000130,NMBHF1,17,16,167,9.8,1636.6
2020122804000459,RBCLPO,17,32,50,13000.0,650000.0
2020122804000479,SAEF,17,34,"2,500",11.25,28125.0
2020122804000478,SAEF,17,34,500,11.19,5595.0
2020122804000477,SAEF,17,34,500,11.19,5595.0
2020122804000476,SAEF,17,25,"1,500",11.19,16785.0
2020122804000475,SAEF,17,37,"4,000",11.19,44760.0
2020122804000474,SAEF,17,44,"1,000",11.19,11190.0
2020122804000409,SAEF,11,34,"5,000",11.12,55600.0
2020122804000408,SAEF,29,34,"5,000",11.13,55650.0
2020122804000291,SAEF,19,49,100,11.11,1111.0
2020122804000133,SAEF,21,58,100,11.0,1100.0
2020122804000106,SAEF,21,25,200,11.0,2200.0
2020122804000471,SAEF,34,10,"2,240",11.06,24774.4
2020122804000414,SAEF,47,34,"30,000",11.05,331500.0
2020122804000413,SAEF,17,34,"2,500",11.1,27750.0
2020122804000412,SAEF,17,34,"2,500",11.1,27750.0
2020122804000411,SAEF,17,34,"50,000",11.1,555000.0
2020122804000410,SAEF,19,34,"1,900",11.11,21109.0
2020122804000452,SEF,17,47,"58,400",10.5,613200.0
2020122804000451,SEF,16,47,"6,000",10.51,63060.0
2020122804000446,SEF,16,45,"4,000",10.51,42040.0
2020122804000398,SEF,17,52,"9,600",10.5,100800.0
2020122804000377,SEF,17,29,"2,000",10.5,21000.0
2020122804000263,SEF,13,25,500,10.4,5200.0
2020122804000088,SEF,3,35,500,10.22,5110.0
2020122804000544,SGI,51,3,10,563.0,5630.0
2020122804000542,SGI,51,45,10,563.0,5630.0
2020122804000541,SGI,51,17,10,563.0,5630.0
2020122804000540,SGI,58,3,10,563.0,5630.0
2020122804000538,SGI,58,26,10,563.0,5630.0
2020122804000537,SGI,58,3,10,563.0,5630.0
2020122804000054,SGI,38,57,20,563.0,11260.0
2020122804000053,SGI,50,57,80,563.0,45040.0
2020122804000052,SGI,50,6,10,563.0,5630.0
2020122804000047,SGI,21,28,10,564.0,5640.0
2020122804000064,SGI,38,28,10,563.0,5630.0
2020122804000062,SGI,38,39,10,563.0,5630.0
2020122804000061,SGI,38,42,10,563.0,5630.0
2020122804000058,SGI,21,58,10,570.0,5700.0
2020122804000057,SGI,21,41,10,570.0,5700.0
2020122804000056,SGI,21,54,10,565.0,5650.0
2020122804000073,SGI,36,22,10,563.0,5630.0
2020122804000072,SGI,36,45,10,563.0,5630.0
2020122804000071,SGI,36,39,10,563.0,5630.0
2020122804000070,SGI,54,28,10,563.0,5630.0
2020122804000069,SGI,54,14,10,563.0,5630.0
2020122804000067,SGI,54,28,10,563.0,5630.0
2020122804000086,SGI,36,28,10,563.0,5630.0
2020122804000085,SGI,36,58,10,563.0,5630.0
2020122804000083,SGI,36,28,10,563.0,5630.0
2020122804000080,SGI,36,28,10,563.0,5630.0
2020122804000075,SGI,36,58,10,563.0,5630.0
2020122804000074,SGI,36,47,10,563.0,5630.0
2020122804000107,SGI,34,39,10,562.0,5620.0
2020122804000104,SGI,41,20,10,563.0,5630.0
2020122804000102,SGI,34,52,10,562.0,5620.0
2020122804000098,SGI,34,39,10,562.0,5620.0
2020122804000092,SGI,36,28,10,563.0,5630.0
2020122804000089,SGI,36,28,10,563.0,5630.0
2020122804000118,SGI,34,39,10,562.0,5620.0
2020122804000117,SGI,34,41,100,562.0,56200.0
2020122804000116,SGI,34,40,10,562.0,5620.0
2020122804000114,SGI,34,18,10,562.0,5620.0
2020122804000109,SGI,34,35,30,562.0,16860.0
2020122804000108,SGI,34,58,10,562.0,5620.0
2020122804000125,SGI,34,29,10,562.0,5620.0
2020122804000124,SGI,34,28,10,562.0,5620.0
2020122804000123,SGI,13,29,10,563.0,5630.0
2020122804000121,SGI,34,52,10,562.0,5620.0
2020122804000120,SGI,34,35,10,562.0,5620.0
2020122804000119,SGI,34,38,10,562.0,5620.0
2020122804000141,SGI,34,38,10,562.0,5620.0
2020122804000138,SGI,34,28,10,562.0,5620.0
2020122804000135,SGI,34,45,10,562.0,5620.0
2020122804000134,SGI,17,6,10,563.0,5630.0
2020122804000132,SGI,34,28,10,562.0,5620.0
2020122804000127,SGI,34,16,10,562.0,5620.0
2020122804000147,SGI,45,39,10,563.0,5630.0
2020122804000146,SGI,45,34,10,563.0,5630.0
2020122804000145,SGI,45,57,10,563.0,5630.0
2020122804000144,SGI,34,38,10,562.0,5620.0
2020122804000143,SGI,34,58,10,562.0,5620.0
2020122804000142,SGI,34,58,10,562.0,5620.0
2020122804000164,SGI,19,17,10,564.0,5640.0
2020122804000160,SGI,19,58,10,564.0,5640.0
2020122804000159,SGI,52,14,10,563.0,5630.0
2020122804000158,SGI,52,38,10,563.0,5630.0
2020122804000157,SGI,34,38,10,562.0,5620.0
2020122804000156,SGI,34,58,10,562.0,5620.0
2020122804000182,SGI,19,17,10,564.0,5640.0
2020122804000173,SGI,19,45,10,564.0,5640.0
2020122804000172,SGI,19,26,10,564.0,5640.0
2020122804000171,SGI,19,58,10,564.0,5640.0
2020122804000170,SGI,19,17,10,564.0,5640.0
2020122804000169,SGI,19,6,10,564.0,5640.0
2020122804000198,SGI,33,38,10,565.0,5650.0
2020122804000197,SGI,33,34,10,565.0,5650.0
2020122804000196,SGI,33,42,10,565.0,5650.0
2020122804000195,SGI,33,42,10,565.0,5650.0
2020122804000193,SGI,19,41,10,564.0,5640.0
2020122804000185,SGI,19,17,10,564.0,5640.0
2020122804000215,SGI,33,56,10,566.0,5660.0
2020122804000212,SGI,33,33,10,566.0,5660.0
2020122804000209,SGI,33,51,10,566.0,5660.0
2020122804000201,SGI,33,32,10,566.0,5660.0
2020122804000200,SGI,33,42,10,566.0,5660.0
2020122804000199,SGI,33,1,10,565.0,5650.0
2020122804000223,SGI,33,49,10,567.0,5670.0
2020122804000221,SGI,33,42,10,567.0,5670.0
2020122804000220,SGI,33,42,10,567.0,5670.0
2020122804000219,SGI,33,42,10,567.0,5670.0
2020122804000218,SGI,33,6,10,567.0,5670.0
2020122804000216,SGI,33,56,10,566.0,5660.0
2020122804000238,SGI,22,38,10,570.0,5700.0
2020122804000237,SGI,22,58,10,569.0,5690.0
2020122804000234,SGI,33,29,10,568.0,5680.0
2020122804000233,SGI,33,33,10,568.0,5680.0
2020122804000226,SGI,33,42,10,568.0,5680.0
2020122804000224,SGI,33,21,10,567.0,5670.0
2020122804000244,SGI,22,14,10,570.0,5700.0
2020122804000243,SGI,22,39,10,570.0,5700.0
2020122804000242,SGI,22,32,10,570.0,5700.0
2020122804000241,SGI,22,46,10,570.0,5700.0
2020122804000240,SGI,22,50,10,570.0,5700.0
2020122804000239,SGI,22,41,10,570.0,5700.0
2020122804000250,SGI,52,45,10,570.0,5700.0
2020122804000249,SGI,52,42,20,570.0,11400.0
2020122804000248,SGI,42,36,10,565.0,5650.0
2020122804000247,SGI,22,42,100,570.0,57000.0
2020122804000246,SGI,22,19,10,570.0,5700.0
2020122804000245,SGI,22,41,10,570.0,5700.0
2020122804000262,SGI,52,42,10,570.0,5700.0
2020122804000261,SGI,52,21,10,570.0,5700.0
2020122804000258,SGI,52,21,10,570.0,5700.0
2020122804000257,SGI,52,16,10,570.0,5700.0
2020122804000256,SGI,52,38,10,570.0,5700.0
2020122804000255,SGI,52,38,10,570.0,5700.0
2020122804000272,SGI,52,57,10,570.0,5700.0
2020122804000271,SGI,52,58,10,570.0,5700.0
2020122804000270,SGI,52,38,10,570.0,5700.0
2020122804000267,SGI,52,38,10,570.0,5700.0
2020122804000266,SGI,52,38,10,570.0,5700.0
2020122804000265,SGI,52,34,10,570.0,5700.0
2020122804000282,SGI,13,13,10,570.0,5700.0
2020122804000281,SGI,52,42,10,570.0,5700.0
2020122804000279,SGI,52,17,10,570.0,5700.0
2020122804000278,SGI,52,16,10,570.0,5700.0
2020122804000277,SGI,52,56,10,570.0,5700.0
2020122804000273,SGI,52,39,10,570.0,5700.0
2020122804000302,SGI,13,38,10,570.0,5700.0
2020122804000298,SGI,55,59,10,571.0,5710.0
2020122804000297,SGI,13,16,10,570.0,5700.0
2020122804000296,SGI,13,51,10,570.0,5700.0
2020122804000292,SGI,13,56,10,570.0,5700.0
2020122804000283,SGI,13,14,10,570.0,5700.0
2020122804000319,SGI,13,6,10,570.0,5700.0
2020122804000315,SGI,45,6,50,571.0,28550.0
2020122804000314,SGI,13,56,10,570.0,5700.0
2020122804000312,SGI,13,35,10,570.0,5700.0
2020122804000311,SGI,13,41,10,570.0,5700.0
2020122804000306,SGI,13,37,10,570.0,5700.0
2020122804000335,SGI,13,33,10,570.0,5700.0
2020122804000334,SGI,13,13,10,570.0,5700.0
2020122804000332,SGI,13,33,10,570.0,5700.0
2020122804000329,SGI,13,17,10,570.0,5700.0
2020122804000322,SGI,13,44,10,570.0,5700.0
2020122804000321,SGI,13,55,10,570.0,5700.0
2020122804000348,SGI,13,35,10,570.0,5700.0
2020122804000345,SGI,13,56,10,570.0,5700.0
2020122804000343,SGI,13,45,10,570.0,5700.0
2020122804000342,SGI,13,58,10,570.0,5700.0
2020122804000341,SGI,13,33,10,570.0,5700.0
2020122804000337,SGI,13,33,10,570.0,5700.0
2020122804000359,SGI,13,38,10,570.0,5700.0
2020122804000357,SGI,13,57,10,570.0,5700.0
2020122804000354,SGI,13,38,10,570.0,5700.0
2020122804000351,SGI,13,22,10,570.0,5700.0
2020122804000350,SGI,13,56,10,570.0,5700.0
2020122804000349,SGI,13,58,10,570.0,5700.0
2020122804000370,SGI,42,17,10,565.0,5650.0
2020122804000369,SGI,42,47,10,565.0,5650.0
2020122804000368,SGI,42,57,10,565.0,5650.0
2020122804000367,SGI,42,38,10,565.0,5650.0
2020122804000365,SGI,42,38,10,565.0,5650.0
2020122804000364,SGI,13,28,10,570.0,5700.0
2020122804000379,SGI,49,56,10,565.0,5650.0
2020122804000378,SGI,49,58,10,565.0,5650.0
2020122804000376,SGI,42,38,10,565.0,5650.0
2020122804000374,SGI,42,47,10,565.0,5650.0
2020122804000372,SGI,42,38,10,565.0,5650.0
2020122804000371,SGI,45,45,50,570.0,28500.0
2020122804000390,SGI,19,47,10,564.0,5640.0
2020122804000389,SGI,19,17,10,564.0,5640.0
2020122804000385,SGI,49,28,10,565.0,5650.0
2020122804000383,SGI,49,17,10,565.0,5650.0
2020122804000382,SGI,49,36,10,565.0,5650.0
2020122804000381,SGI,49,38,10,565.0,5650.0
2020122804000417,SGI,19,45,10,564.0,5640.0
2020122804000416,SGI,19,28,10,564.0,5640.0
2020122804000415,SGI,19,45,10,564.0,5640.0
2020122804000407,SGI,19,42,10,564.0,5640.0
2020122804000400,SGI,19,28,10,564.0,5640.0
2020122804000392,SGI,19,17,10,564.0,5640.0
2020122804000441,SGI,52,45,10,563.0,5630.0
2020122804000436,SGI,52,47,10,563.0,5630.0
2020122804000435,SGI,52,16,10,563.0,5630.0
2020122804000433,SGI,21,57,10,564.0,5640.0
2020122804000422,SGI,19,36,10,564.0,5640.0
2020122804000419,SGI,19,28,10,564.0,5640.0
2020122804000455,SGI,52,45,10,563.0,5630.0
2020122804000450,SGI,52,45,10,563.0,5630.0
2020122804000447,SGI,52,47,10,563.0,5630.0
2020122804000444,SGI,52,47,10,563.0,5630.0
2020122804000443,SGI,52,35,10,563.0,5630.0
2020122804000442,SGI,21,39,10,564.0,5640.0
2020122804000473,SGI,39,16,10,563.0,5630.0
2020122804000470,SGI,39,44,10,563.0,5630.0
2020122804000469,SGI,39,47,10,563.0,5630.0
2020122804000464,SGI,39,56,10,563.0,5630.0
2020122804000458,SGI,39,28,10,563.0,5630.0
2020122804000456,SGI,39,47,10,563.0,5630.0
2020122804000492,SGI,44,28,10,570.0,5700.0
2020122804000491,SGI,44,57,10,570.0,5700.0
2020122804000490,SGI,39,21,10,563.0,5630.0
2020122804000485,SGI,38,38,10,565.0,5650.0
2020122804000483,SGI,39,39,10,563.0,5630.0
2020122804000482,SGI,39,47,10,563.0,5630.0
2020122804000507,SGI,34,13,10,562.0,5620.0
2020122804000504,SGI,34,21,10,562.0,5620.0
2020122804000503,SGI,39,21,10,563.0,5630.0
2020122804000495,SGI,44,49,10,570.0,5700.0
2020122804000494,SGI,44,32,10,570.0,5700.0
2020122804000493,SGI,44,58,10,570.0,5700.0
2020122804000518,SGI,6,43,10,570.0,5700.0
2020122804000517,SGI,44,17,10,570.0,5700.0
2020122804000515,SGI,44,17,10,570.0,5700.0
2020122804000513,SGI,44,17,10,570.0,5700.0
2020122804000511,SGI,44,17,10,570.0,5700.0
2020122804000509,SGI,44,44,10,570.0,5700.0
2020122804000527,SGI,16,38,10,563.0,5630.0
2020122804000524,SGI,16,16,10,563.0,5630.0
2020122804000523,SGI,16,16,10,563.0,5630.0
2020122804000521,SGI,42,35,10,571.0,5710.0
2020122804000520,SGI,42,38,10,563.0,5630.0
2020122804000519,SGI,6,49,10,570.0,5700.0
2020122804000535,SGI,58,28,10,563.0,5630.0
2020122804000534,SGI,58,29,10,563.0,5630.0
2020122804000532,SGI,58,4,10,563.0,5630.0
2020122804000531,SGI,58,40,10,563.0,5630.0
2020122804000530,SGI,16,38,10,563.0,5630.0
2020122804000529,SGI,16,40,10,563.0,5630.0
2020122804000428,STC,26,28,20,5201.0,104020.0
2020122804000427,STC,38,28,10,5201.0,52010.0
2020122804000426,STC,40,28,20,5202.0,104040.0
2020122804000425,STC,34,28,10,5203.0,52030.0
2020122804000424,STC,13,28,10,5205.0,52050.0
2020122804000423,STC,40,28,20,5206.0,104120.0
2020122804000078,STC,52,28,50,5140.0,257000.0
2020122804000077,STC,25,28,20,5140.0,102800.0
2020122804000051,STC,25,28,18,5139.0,92502.0
2020122804000050,STC,14,28,30,5140.0,154200.0
2020122804000049,STC,52,28,22,5150.0,113300.0
2020122804000048,STC,25,28,20,5155.0,103100.0
2020122804000301,STC,40,18,20,5202.0,104040.0
2020122804000230,STC,52,28,10,5255.0,52550.0
2020122804000229,STC,52,28,50,5255.0,262750.0
2020122804000228,STC,14,28,30,5255.0,157650.0
2020122804000139,STC,22,19,10,5152.0,51520.0
2020122804000079,STC,40,28,10,5139.0,51390.0
2020122803012923,ALBSL,59,29,500,920.0,460000.0
2020122803012775,ALBSL,40,6,100,921.0,92100.0
2020122803012774,ALBSL,40,13,50,920.0,46000.0
2020122803013006,ALICL,49,38,90,920.0,82800.0
2020122803012964,ALICL,49,21,100,920.0,92000.0
2020122803012932,ALICL,49,32,20,920.0,18400.0
2020122803012931,ALICL,49,32,30,920.0,27600.0
2020122803012930,ALICL,49,57,50,920.0,46000.0
2020122803012929,ALICL,49,49,50,920.0,46000.0
2020122803012829,ALICL,58,45,50,917.0,45850.0
2020122803012629,ALICL,58,14,200,917.0,183400.0
2020122803012613,ALICL,58,46,150,917.0,137550.0
2020122803012928,ALICL,49,45,128,920.0,117760.0
2020122803012927,ALICL,49,32,10,919.0,9190.0
2020122803012926,ALICL,49,3,93,919.0,85467.0
2020122803012925,ALICL,49,32,10,918.0,9180.0
2020122803012924,ALICL,49,50,150,918.0,137700.0
2020122803012871,ALICL,58,17,75,917.0,68775.0
2020122803013009,CBBL,16,16,50,1382.0,69100.0
2020122803012999,CBBL,37,21,47,1385.0,65095.0
2020122803012947,CBBL,13,21,42,1385.0,58170.0
2020122803012822,CBBL,32,21,50,1386.0,69300.0
2020122803012756,CBBL,32,8,150,1386.0,207900.0
2020122803012724,CBBL,49,21,30,1390.0,41700.0
2020122803013005,CIT,28,6,20,5008.0,100160.0
2020122803012985,CIT,35,3,15,5004.0,75060.0
2020122803012981,CIT,33,19,9,5005.0,45045.0
2020122803012980,CIT,33,34,13,5005.0,65065.0
2020122803012973,CIT,35,49,14,5004.0,70056.0
2020122803012955,CIT,6,34,87,5005.0,435435.0
2020122803012573,CIT,50,19,30,5003.0,150090.0
2020122803012572,CIT,50,52,20,5003.0,100060.0
2020122803012585,CIT,53,43,21,5003.0,105063.0
2020122803012581,CIT,7,32,10,5002.0,50020.0
2020122803012580,CIT,50,49,10,5004.0,50040.0
2020122803012576,CIT,7,19,10,5002.0,50020.0
2020122803012575,CIT,34,19,50,5002.0,250100.0
2020122803012574,CIT,55,19,10,5002.0,50020.0
2020122803012591,CIT,58,45,10,5005.0,50050.0
2020122803012590,CIT,58,39,14,5005.0,70070.0
2020122803012589,CIT,58,49,15,5004.0,75060.0
2020122803012588,CIT,7,59,10,5002.0,50020.0
2020122803012587,CIT,6,59,10,5003.0,50030.0
2020122803012586,CIT,13,43,7,5002.0,35014.0
2020122803012603,CIT,52,45,100,5003.0,500300.0
2020122803012602,CIT,44,45,30,5003.0,150090.0
2020122803012601,CIT,34,45,15,5003.0,75045.0
2020122803012600,CIT,22,45,10,5003.0,50030.0
2020122803012599,CIT,39,45,15,5004.0,75060.0
2020122803012592,CIT,58,28,11,5005.0,55055.0
2020122803012624,CIT,50,48,10,5002.0,50020.0
2020122803012623,CIT,7,48,40,5002.0,200080.0
2020122803012622,CIT,56,48,25,5002.0,125050.0
2020122803012621,CIT,7,48,20,5002.0,100040.0
2020122803012612,CIT,41,51,40,5003.0,200120.0
2020122803012604,CIT,7,45,10,5002.0,50020.0
2020122803012642,CIT,35,59,200,5002.0,1000400.0
2020122803012641,CIT,57,51,20,5003.0,100060.0
2020122803012628,CIT,3,48,54,5001.0,270054.0
2020122803012627,CIT,58,48,10,5002.0,50020.0
2020122803012626,CIT,45,48,15,5002.0,75030.0
2020122803012625,CIT,28,48,20,5002.0,100040.0
2020122803012662,CIT,6,38,53,5003.0,265159.0
2020122803012661,CIT,42,6,90,5004.0,450360.0
2020122803012647,CIT,57,6,13,5004.0,65052.0
2020122803012645,CIT,45,14,8,5003.0,40024.0
2020122803012644,CIT,45,45,80,5003.0,400240.0
2020122803012643,CIT,3,59,100,5001.0,500100.0
2020122803012706,CIT,45,56,10,5004.0,50040.0
2020122803012705,CIT,45,6,13,5004.0,65052.0
2020122803012698,CIT,52,6,34,5004.0,170136.0
2020122803012697,CIT,52,6,16,5004.0,80064.0
2020122803012686,CIT,6,26,30,5003.0,150090.0
2020122803012671,CIT,33,6,50,5004.0,250200.0
2020122803012712,CIT,58,35,60,5003.0,300180.0
2020122803012711,CIT,32,35,20,5003.0,100060.0
2020122803012710,CIT,50,35,12,5003.0,60036.0
2020122803012709,CIT,6,35,17,5003.0,85051.0
2020122803012708,CIT,45,35,65,5004.0,325260.0
2020122803012707,CIT,16,35,95,5004.0,475380.0
2020122803012718,CIT,3,35,36,5001.0,180036.0
2020122803012717,CIT,55,35,10,5002.0,50020.0
2020122803012716,CIT,37,35,50,5002.0,250100.0
2020122803012715,CIT,16,35,50,5002.0,250100.0
2020122803012714,CIT,32,35,35,5003.0,175105.0
2020122803012713,CIT,45,35,10,5003.0,50030.0
2020122803012740,CIT,33,39,50,5002.0,250100.0
2020122803012736,CIT,59,39,50,5002.0,250100.0
2020122803012731,CIT,5,41,17,5003.0,85051.0
2020122803012730,CIT,33,41,50,5004.0,250200.0
2020122803012729,CIT,19,41,10,5004.0,50040.0
2020122803012719,CIT,35,35,80,5001.0,400080.0
2020122803012759,CIT,1,41,16,5003.0,80048.0
2020122803012758,CIT,1,39,24,5002.0,120048.0
2020122803012757,CIT,38,39,10,5002.0,50020.0
2020122803012754,CIT,26,39,10,5002.0,50020.0
2020122803012742,CIT,26,39,20,5002.0,100040.0
2020122803012741,CIT,38,39,10,5002.0,50020.0
2020122803012841,CIT,52,45,38,5003.0,190114.0
2020122803012840,CIT,36,45,30,5003.0,150090.0
2020122803012817,CIT,36,49,20,5003.0,100060.0
2020122803012766,CIT,39,41,10,5003.0,50030.0
2020122803012763,CIT,51,41,40,5003.0,200120.0
2020122803012762,CIT,6,50,54,5002.0,270108.0
2020122803012848,CIT,1,45,20,5002.0,100040.0
2020122803012847,CIT,6,45,20,5002.0,100040.0
2020122803012846,CIT,45,45,20,5003.0,100060.0
2020122803012845,CIT,36,45,38,5003.0,190114.0
2020122803012843,CIT,36,45,12,5003.0,60036.0
2020122803012842,CIT,48,45,20,5003.0,100060.0
2020122803012870,CIT,35,58,45,5001.0,225045.0
2020122803012869,CIT,29,58,35,5004.0,175140.0
2020122803012865,CIT,3,28,10,5005.0,50050.0
2020122803012864,CIT,29,34,15,5004.0,75060.0
2020122803012850,CIT,35,45,92,5001.0,460092.0
2020122803012849,CIT,44,45,10,5002.0,50020.0
2020122803012917,CIT,6,10,10,5003.0,50030.0
2020122803012913,CIT,38,26,10,5004.0,50040.0
2020122803012911,CIT,34,26,10,5004.0,50040.0
2020122803012887,CIT,35,38,10,5001.0,50010.0
2020122803012886,CIT,34,38,10,5003.0,50030.0
2020122803012885,CIT,35,38,20,5003.0,100060.0
2020122803012954,CIT,6,34,100,5005.0,500500.0
2020122803012953,CIT,6,34,10,5005.0,50050.0
2020122803012952,CIT,6,13,10,5005.0,50050.0
2020122803012951,CIT,6,28,93,5005.0,465465.0
2020122803012934,CIT,45,26,80,5004.0,400320.0
2020122803012918,CIT,49,10,42,5003.0,210126.0
2020122803012593,CLBSL,48,21,21,788.0,16548.0
2020122803013013,DDBL,41,6,20,1380.0,27600.0
2020122803012878,DDBL,6,6,25,1380.0,34500.0
2020122803012877,DDBL,6,34,175,1377.0,240975.0
2020122803012861,DDBL,54,34,200,1377.0,275400.0
2020122803012819,DDBL,45,34,50,1377.0,68850.0
2020122803012818,DDBL,6,34,75,1377.0,103275.0
2020122803012579,DDBL,36,6,25,1380.0,34500.0
2020122803012890,FMDBL,44,49,50,577.0,28850.0
2020122803012639,FMDBL,25,38,100,579.0,57900.0
2020122803012903,FOWAD,58,16,30,2310.0,69300.0
2020122803012902,FOWAD,58,43,25,2310.0,57750.0
2020122803012901,FOWAD,58,33,100,2310.0,231000.0
2020122803012900,FOWAD,58,6,49,2310.0,113190.0
2020122803012899,FOWAD,58,8,122,2305.0,281210.0
2020122803012898,FOWAD,58,29,174,2304.0,400896.0
2020122803012777,FOWAD,58,32,100,2285.0,228500.0
2020122803012564,FOWAD,45,36,25,2280.0,57000.0
2020122803012563,FOWAD,45,58,14,2277.0,31878.0
2020122803012562,FOWAD,45,46,18,2275.0,40950.0
2020122803012561,FOWAD,45,43,25,2275.0,56875.0
2020122803012783,FOWAD,58,44,20,2300.0,46000.0
2020122803012782,FOWAD,58,7,200,2300.0,460000.0
2020122803012781,FOWAD,58,56,20,2300.0,46000.0
2020122803012780,FOWAD,58,22,15,2295.0,34425.0
2020122803012779,FOWAD,58,22,22,2295.0,50490.0
2020122803012778,FOWAD,58,16,200,2289.0,457800.0
2020122803012789,FOWAD,58,10,25,2304.0,57600.0
2020122803012788,FOWAD,58,29,10,2300.0,23000.0
2020122803012787,FOWAD,58,35,50,2300.0,115000.0
2020122803012786,FOWAD,58,26,18,2300.0,41400.0
2020122803012785,FOWAD,58,6,15,2300.0,34500.0
2020122803012784,FOWAD,58,45,10,2300.0,23000.0
2020122803012795,FOWAD,58,28,100,2304.0,230400.0
2020122803012794,FOWAD,58,40,25,2304.0,57600.0
2020122803012793,FOWAD,58,49,500,2304.0,1152000.0
2020122803012792,FOWAD,58,39,25,2304.0,57600.0
2020122803012791,FOWAD,58,14,100,2304.0,230400.0
2020122803012790,FOWAD,58,32,100,2304.0,230400.0
2020122803012836,FOWAD,58,1,90,2284.0,205560.0
2020122803012823,FOWAD,34,1,10,2284.0,22840.0
2020122803012799,FOWAD,58,29,26,2304.0,59904.0
2020122803012798,FOWAD,58,20,50,2304.0,115200.0
2020122803012797,FOWAD,58,22,50,2304.0,115200.0
2020122803012796,FOWAD,58,56,19,2304.0,43776.0
2020122803012617,GBBL,58,29,15,303.0,4545.0
2020122803012821,GBLBS,41,48,225,567.0,127575.0
2020122803012820,GBLBS,7,48,135,568.0,76680.0
2020122803012672,GBLBS,7,37,15,568.0,8520.0
2020122804000045,GIC,34,13,10,545.0,5450.0
2020122804000041,GIC,32,59,10,546.0,5460.0
2020122804000039,GIC,32,6,10,546.0,5460.0
2020122804000034,GIC,34,34,10,545.0,5450.0
2020122804000033,GIC,34,39,10,545.0,5450.0
2020122804000032,GIC,34,58,10,545.0,5450.0
2020122804000018,GIC,5,34,10,545.0,5450.0
2020122804000014,GIC,34,39,10,545.0,5450.0
2020122804000004,GIC,34,39,10,545.0,5450.0
2020122804000003,GIC,34,45,10,545.0,5450.0
2020122804000002,GIC,34,34,10,545.0,5450.0
2020122804000024,GIC,5,39,10,546.0,5460.0
2020122804000023,GIC,5,58,10,546.0,5460.0
2020122804000022,GIC,5,58,10,546.0,5460.0
2020122804000021,GIC,5,56,10,546.0,5460.0
2020122804000020,GIC,5,58,10,546.0,5460.0
2020122804000019,GIC,5,14,10,546.0,5460.0
2020122804000030,GIC,34,22,10,545.0,5450.0
2020122804000029,GIC,34,58,10,545.0,5450.0
2020122804000028,GIC,34,39,10,545.0,5450.0
2020122804000027,GIC,5,22,10,546.0,5460.0
2020122804000026,GIC,5,20,10,546.0,5460.0
2020122804000025,GIC,5,58,10,546.0,5460.0
2020122803012669,GILB,34,44,102,1680.0,171360.0
2020122803012630,GILB,34,44,98,1680.0,164640.0
2020122803012649,GLBSL,39,6,10,827.0,8270.0
2020122803012889,GLICL,32,52,20,619.0,12380.0
2020122803012722,GLICL,22,25,40,618.0,24720.0
2020122803012679,GLICL,22,33,100,618.0,61800.0
2020122803012638,GLICL,22,10,84,618.0,51912.0
2020122803012637,GLICL,59,10,166,618.0,102588.0
2020122803012825,GUFL,4,52,50,196.0,9800.0
2020122803012804,GUFL,4,32,20,196.0,3920.0
2020122803012803,GUFL,4,57,300,196.0,58800.0
2020122803012802,GUFL,4,25,86,196.0,16856.0
2020122803012801,GUFL,4,58,100,196.0,19600.0
2020122803012800,GUFL,4,25,100,196.0,19600.0
2020122803012945,HIDCL,4,58,200,260.0,52000.0
2020122803012816,HIDCL,56,34,48,258.0,12384.0
2020122803012815,HIDCL,34,34,200,258.0,51600.0
2020122803012814,HIDCL,38,34,750,259.0,194250.0
2020122803012753,HIDCL,38,57,250,259.0,64750.0
2020122803012752,HIDCL,57,57,50,259.0,12950.0
2020122803012745,HIDCL,17,58,100,260.0,26000.0
2020122803012571,HIDCL,58,58,92,261.0,24012.0
2020122803012905,ICFC,8,29,409,280.0,114520.0
2020122803012904,ICFC,46,29,311,280.0,87080.0
2020122803012776,ICFC,14,29,100,281.0,28100.0
2020122803012685,ICFC,49,29,50,281.0,14050.0
2020122803012684,ICFC,49,29,100,281.0,28100.0
2020122803012583,ICFC,22,26,25,282.0,7050.0
2020122803012987,ILBS,21,18,11,993.0,10923.0
2020122803012963,ILBS,28,8,14,1009.0,14126.0
2020122803012916,ILBS,28,50,11,1009.0,11099.0
2020122803012915,ILBS,28,51,75,994.0,74550.0
2020122803012884,ILBS,21,48,10,993.0,9930.0
2020122803012636,ILBS,8,51,45,994.0,44730.0
2020122803012975,JBBL,33,52,200,222.0,44400.0
2020122803012721,JFL,41,4,30,234.0,7020.0
2020122803012667,JFL,35,4,100,234.0,23400.0
2020122803012653,JFL,42,4,30,234.0,7020.0
2020122803012683,KRBL,34,28,20,134.0,2680.0
2020122803012618,KRBL,6,59,11,133.0,1463.0
2020122803013008,KSBBL,49,26,500,219.0,109500.0
2020122803012939,KSBBL,34,38,100,220.0,22000.0
2020122803012598,KSBBL,49,16,67,219.0,14673.0
2020122803012997,LBBL,25,40,23,218.0,5014.0
2020122803012996,LBBL,25,29,27,218.0,5886.0
2020122803012986,LBBL,19,29,50,218.0,10900.0
2020122803012974,LBBL,25,29,500,218.0,109000.0
2020122803012968,LBBL,29,33,543,217.0,117831.0
2020122803012681,LBBL,48,29,10,218.0,2180.0
2020122803012597,LBBL,41,26,43,217.0,9331.0
2020122803012596,LBBL,35,26,202,217.0,43834.0
2020122803012578,LBBL,35,35,44,217.0,9548.0
2020122803012967,LBBL,14,33,400,217.0,86800.0
2020122803012966,LBBL,41,33,57,217.0,12369.0
2020122803012895,LBBL,21,29,100,218.0,21800.0
2020122803012735,LICN,1,3,10,1884.0,18840.0
2020122803012634,LICN,25,3,10,1884.0,18840.0
2020122804000035,LUK,19,17,200,9.16,1832.0
2020122803012984,MDB,44,51,30,387.0,11610.0
2020122803012983,MDB,1,51,100,387.0,38700.0
2020122803012937,MDB,50,51,130,387.0,50310.0
2020122803012750,MDB,10,51,91,387.0,35217.0
2020122803012749,MDB,10,29,109,387.0,42183.0
2020122803012692,MDB,58,29,10,387.0,3870.0
2020122803012691,MDB,58,6,100,387.0,38700.0
2020122803012690,MDB,58,57,115,387.0,44505.0
2020122803012868,MERO,50,37,43,937.0,40291.0
2020122803012656,MERO,50,45,500,937.0,468500.0
2020122803012646,MERO,50,16,43,937.0,40291.0
2020122803012982,MFIL,55,55,10,380.0,3800.0
2020122803012897,MFIL,55,55,750,377.0,282750.0
2020122803012896,MFIL,55,55,250,377.0,94250.0
2020122803012839,MFIL,55,55,750,377.0,282750.0
2020122803012838,MFIL,35,55,50,377.0,18850.0
2020122803012837,MFIL,43,55,200,378.0,75600.0
2020122803012995,MLBBL,36,57,23,1225.0,28175.0
2020122803012912,MLBBL,36,21,50,1224.0,61200.0
2020122803012824,MLBBL,36,5,50,1222.0,61100.0
2020122803012732,MLBBL,36,10,50,1220.0,61000.0
2020122803012660,MLBBL,36,53,10,1200.0,12000.0
2020122803012659,MLBBL,36,55,32,1200.0,38400.0
2020122803012807,MLBL,34,35,62,232.0,14384.0
2020122803012806,MLBL,34,29,69,232.0,16008.0
2020122803012805,MLBL,34,29,69,232.0,16008.0
2020122803012979,MNBBL,3,20,400,336.0,134400.0
2020122803012738,MNBBL,57,20,200,336.0,67200.0
2020122803012809,MNBBL,13,20,100,336.0,33600.0
2020122803012751,MNBBL,32,20,250,336.0,84000.0
2020122803012739,MNBBL,29,20,50,336.0,16800.0
2020122803012688,MPFL,39,32,500,150.0,75000.0
2020122803012687,MPFL,39,59,30,150.0,4500.0
2020122803012921,MSLB,1,45,10,1530.0,15300.0
2020122803012920,MSLB,1,47,11,1514.0,16654.0
2020122803012860,MSLB,46,47,10,1514.0,15140.0
2020122803012844,MSLB,1,59,10,1530.0,15300.0
2020122803013004,NADEP,33,7,23,953.0,21919.0
2020122803012808,NADEP,16,33,149,954.0,142146.0
2020122803012701,NADEP,16,56,500,954.0,477000.0
2020122803012648,NADEP,16,29,46,954.0,43884.0
2020122803012611,NADEP,16,48,100,954.0,95400.0
2020122804000005,NBF2,58,17,500,9.51,4755.0
2020122803012998,NFS,34,52,10,206.0,2060.0
2020122803012888,NFS,52,46,10,210.0,2100.0
2020122803012734,NFS,34,7,10,206.0,2060.0
2020122803012760,NLBBL,38,55,100,998.0,99800.0
2020122803012988,NLIC,14,49,100,2224.0,222400.0
2020122803012977,NLIC,29,49,20,2224.0,44480.0
2020122803012965,NLIC,41,34,100,2223.0,222300.0
2020122803012933,NLIC,5,49,10,2224.0,22240.0
2020122803012919,NLIC,19,49,50,2224.0,111200.0
2020122803012874,NLIC,45,49,173,2224.0,384752.0
2020122803012614,NLIC,59,34,100,2220.0,222000.0
2020122803012595,NLIC,52,37,22,2219.0,48818.0
2020122803012694,NLIC,45,47,10,2220.0,22200.0
2020122803012682,NLIC,45,16,22,2220.0,48840.0
2020122803012670,NLIC,45,34,68,2220.0,150960.0
2020122803012666,NLIC,49,34,32,2220.0,71040.0
2020122803012616,NLIC,26,54,10,2222.0,22220.0
2020122803012615,NLIC,26,29,10,2222.0,22220.0
2020122803012761,NLIC,49,45,20,2223.0,44460.0
2020122803012733,NLIC,49,6,12,2222.0,26664.0
2020122803012700,NLIC,11,6,10,2222.0,22220.0
2020122803012699,NLIC,26,54,10,2222.0,22220.0
2020122803012696,NLIC,3,47,12,2219.0,26628.0
2020122803012695,NLIC,52,47,28,2219.0,62132.0
2020122803012863,NLIC,16,50,300,2225.0,667500.0
2020122803012862,NLIC,16,32,200,2225.0,445000.0
2020122803012830,NLIC,45,58,27,2224.0,60048.0
2020122803012773,NLIC,49,58,500,2224.0,1112000.0
2020122803012771,NLIC,3,44,30,2219.0,66570.0
2020122803012770,NLIC,49,44,20,2222.0,44440.0
2020122803013003,NLICL,49,6,290,1085.0,314650.0
2020122803012944,NLICL,49,14,10,1085.0,10850.0
2020122803012922,NLICL,14,45,200,1086.0,217200.0
2020122803012873,NLICL,45,6,100,1085.0,108500.0
2020122803012872,NLICL,47,6,300,1085.0,325500.0
2020122803012867,NLICL,16,45,132,1086.0,143352.0
2020122803012866,NLICL,16,59,48,1086.0,52128.0
2020122803012703,NLICL,32,59,20,1086.0,21720.0
2020122803012607,NLICL,18,59,70,1086.0,76020.0
2020122803013001,NMBMF,36,14,50,1171.0,58550.0
2020122803013000,NMBMF,45,14,22,1171.0,25762.0
2020122803012950,NMBMF,41,16,21,1174.0,24654.0
2020122803012949,NMBMF,41,35,100,1174.0,117400.0
2020122803012948,NMBMF,41,37,79,1173.0,92667.0
2020122803012883,NMBMF,45,44,78,1171.0,91338.0
2020122803012635,NMBMF,45,57,300,1174.0,352200.0
2020122803012631,NMBMF,45,1,239,1174.0,280586.0
2020122803012620,NMBMF,45,49,28,1174.0,32872.0
2020122803012619,NMBMF,7,49,130,1175.0,152750.0
2020122803012744,NMBMF,14,25,30,1174.0,35220.0
2020122803012743,NMBMF,14,53,70,1174.0,82180.0
2020122803012725,NMBMF,39,42,50,1174.0,58700.0
2020122803012680,NMBMF,45,42,123,1174.0,144402.0
2020122803012668,NMBMF,19,6,20,1175.0,23500.0
2020122803012655,NMBMF,45,58,200,1174.0,234800.0
2020122803012882,NMBMF,46,44,14,1171.0,16394.0
2020122803012881,NMBMF,22,44,69,1171.0,80799.0
2020122803012880,NMBMF,35,25,14,1174.0,16436.0
2020122803012876,NMBMF,22,6,31,1171.0,36301.0
2020122803012875,NMBMF,42,6,40,1173.0,46920.0
2020122803012748,NMBMF,45,25,50,1174.0,58700.0
2020122803012938,NMFBS,59,29,26,2092.0,54392.0
2020122803013015,NRIC,57,37,30,1322.0,39660.0
2020122803013014,NRIC,25,37,20,1322.0,26440.0
2020122803012990,NRIC,52,57,45,1322.0,59490.0
2020122803012989,NRIC,25,57,205,1322.0,271010.0
2020122803012976,NRIC,56,6,50,1323.0,66150.0
2020122803012962,NRIC,21,6,25,1325.0,33125.0
2020122803012674,NRIC,36,35,120,1323.0,158760.0
2020122803012610,NRIC,36,19,40,1323.0,52920.0
2020122803012609,NRIC,42,19,10,1323.0,13230.0
2020122803012606,NRIC,42,35,40,1323.0,52920.0
2020122803012605,NRIC,42,35,150,1323.0,198450.0
2020122803012584,NRIC,42,1,40,1323.0,52920.0
2020122803012755,NRIC,43,16,125,1324.0,165500.0
2020122803012746,NRIC,43,35,200,1324.0,264800.0
2020122803012728,NRIC,43,32,25,1324.0,33100.0
2020122803012723,NRIC,35,32,50,1324.0,66200.0
2020122803012704,NRIC,57,32,25,1324.0,33100.0
2020122803012693,NRIC,36,32,100,1324.0,132400.0
2020122803012826,NRIC,52,16,50,1324.0,66200.0
2020122803012813,NRIC,49,3,200,1323.0,264600.0
2020122803012812,NRIC,19,3,100,1323.0,132300.0
2020122803012811,NRIC,14,3,200,1323.0,264600.0
2020122803012810,NRIC,56,16,10,1324.0,13240.0
2020122803012772,NRIC,1,16,10,1324.0,13240.0
2020122803012946,NRIC,42,35,50,1323.0,66150.0
2020122803012943,NRIC,45,35,15,1323.0,19845.0
2020122803012914,NRIC,49,35,100,1323.0,132300.0
2020122803012892,NRIC,34,35,100,1323.0,132300.0
2020122803012891,NRIC,49,35,50,1323.0,66150.0
2020122803012851,NRIC,49,36,250,1323.0,330750.0
2020122803012961,NRIC,21,42,40,1325.0,53000.0
2020122803012960,NRIC,21,45,20,1325.0,26500.0
2020122803012959,NRIC,21,38,70,1325.0,92750.0
2020122803012958,NRIC,21,57,195,1324.0,258180.0
2020122803012957,NRIC,32,42,10,1323.0,13230.0
2020122803012956,NRIC,32,35,85,1323.0,112455.0
2020122803013002,NRN,3,32,100,357.0,35700.0
2020122803012992,NRN,56,45,10,356.0,3560.0
2020122803012689,NRN,5,51,250,356.0,89000.0
2020122803012594,NRN,49,47,10,355.0,3550.0
2020122803012936,NTC,53,42,44,1083.0,47652.0
2020122803012935,NTC,53,49,356,1083.0,385548.0
2020122803012769,NTC,53,49,144,1083.0,155952.0
2020122803012737,NTC,42,42,50,1082.0,54100.0
2020122803012702,NTC,42,8,42,1082.0,45444.0
2020122803012673,NTC,38,8,158,1082.0,170956.0
2020122803012652,NTC,38,22,50,1082.0,54100.0
2020122803012651,NTC,38,35,97,1082.0,104954.0
2020122803012650,NTC,38,49,155,1082.0,167710.0
2020122803012978,NUBL,40,33,50,1220.0,61000.0
2020122803013007,OHL,58,1,100,472.0,47200.0
2020122803012859,PLIC,49,44,959,810.0,776790.0
2020122803012858,PLIC,49,50,48,809.0,38832.0
2020122803012857,PLIC,49,28,"1,000",809.0,809000.0
2020122803012856,PLIC,49,21,15,809.0,12135.0
2020122803012855,PLIC,49,32,700,808.0,565600.0
2020122803012854,PLIC,49,52,37,808.0,29896.0
2020122803012567,PLIC,32,25,100,804.0,80400.0
2020122803012566,PLIC,14,25,100,804.0,80400.0
2020122803012565,PLIC,35,25,72,805.0,57960.0
2020122803012853,PLIC,49,10,140,808.0,113120.0
2020122803012852,PLIC,49,58,152,806.0,122512.0
2020122803012640,PLIC,6,18,50,806.0,40300.0
2020122803012570,PLIC,17,25,118,804.0,94872.0
2020122803012569,PLIC,21,25,60,804.0,48240.0
2020122803012568,PLIC,25,25,50,804.0,40200.0
2020122803012678,RLFL,1,19,290,164.0,47560.0
2020122803012677,RLFL,43,19,100,164.0,16400.0
2020122803012676,RLFL,29,19,"2,000",165.0,330000.0
2020122803012675,RLFL,35,19,400,165.0,66000.0
2020122803013012,RLI,38,49,10,610.0,6100.0
2020122803013011,RLI,38,38,90,609.0,54810.0
2020122803013010,RLI,38,56,200,609.0,121800.0
2020122803012894,RLI,38,38,10,609.0,6090.0
2020122803012893,RLI,38,57,10,608.0,6080.0
2020122803012828,RLI,1,19,20,606.0,12120.0
2020122803012827,RLI,48,19,80,606.0,48480.0
2020122803012994,RSDC,11,14,200,572.0,114400.0
2020122803012768,SADBL,19,22,28,174.0,4872.0
2020122804000015,SAEF,58,35,500,10.98,5490.0
2020122803012942,SAPDBL,34,35,14,145.0,2030.0
2020122803012941,SAPDBL,34,26,16,144.0,2304.0
2020122803012940,SAPDBL,34,1,300,143.0,42900.0
2020122803012577,SDLBSL,58,22,13,1168.0,15184.0
2020122803012910,SFCL,46,58,50,129.0,6450.0
2020122803012909,SFCL,21,58,150,129.0,19350.0
2020122803012908,SFCL,42,58,70,129.0,9030.0
2020122803012907,SFCL,21,58,30,130.0,3900.0
2020122803012906,SFCL,32,58,30,130.0,3900.0
2020122804000044,SGI,50,13,10,563.0,5630.0
2020122804000043,SGI,50,26,10,564.0,5640.0
2020122804000042,SGI,50,45,10,563.0,5630.0
2020122804000040,SGI,50,28,10,563.0,5630.0
2020122804000037,SGI,50,56,10,563.0,5630.0
2020122804000036,SGI,50,39,10,563.0,5630.0
2020122804000009,SGI,50,34,10,561.0,5610.0
2020122804000008,SGI,20,40,10,560.0,5600.0
2020122804000007,SGI,20,25,10,560.0,5600.0
2020122804000006,SGI,20,40,10,560.0,5600.0
2020122804000001,SGI,58,49,10,540.0,5400.0
2020122804000017,SGI,50,39,10,563.0,5630.0
2020122804000016,SGI,50,20,10,563.0,5630.0
2020122804000013,SGI,34,22,10,562.0,5620.0
2020122804000012,SGI,50,58,10,561.0,5610.0
2020122804000011,SGI,50,58,10,561.0,5610.0
2020122804000010,SGI,50,40,10,561.0,5610.0
2020122803012727,SHINE,6,52,"1,000",267.0,267000.0
2020122803012726,SHINE,55,52,100,268.0,26800.0
2020122803012720,SHINE,52,41,61,268.0,16348.0
2020122803012993,SHL,8,49,100,194.0,19400.0
2020122803012879,SIFC,58,43,850,198.0,168300.0
2020122803012633,SKBBL,49,45,130,1700.0,221000.0
2020122803012632,SKBBL,1,45,94,1700.0,159800.0
2020122803012991,SLBBL,28,50,10,1038.0,10380.0
2020122803012765,SLBBL,48,47,50,1035.0,51750.0
2020122803012764,SLBBL,38,50,100,1038.0,103800.0
2020122803012658,SLBBL,39,50,150,1038.0,155700.0
2020122803012835,SMB,40,41,11,1032.0,11352.0
2020122803012834,SMB,40,25,11,1032.0,11352.0
2020122803012833,SMB,40,42,10,1032.0,10320.0
2020122803012832,SMB,40,35,22,1025.0,22550.0
2020122803012831,SMB,40,42,444,1022.0,453768.0
2020122803012608,SMB,38,42,56,1022.0,57232.0
2020122803012747,SMFBS,34,50,12,1275.0,15300.0
2020122803012665,SMFBS,34,43,12,1274.0,15288.0
2020122803012664,SMFBS,34,57,50,1273.0,63650.0
2020122803012663,SMFBS,34,45,12,1272.0,15264.0
2020122803012582,SMFDB,49,19,167,919.0,153473.0
2020122803012767,SNLB,26,25,20,960.0,19200.0
2020122804000038,STC,40,28,20,5243.0,104860.0
2020122804000031,STC,14,28,30,5243.0,157290.0
2020122803012972,SWBBL,14,50,90,1570.0,141300.0
2020122803012971,SWBBL,14,49,50,1570.0,78500.0
2020122803012970,SWBBL,14,45,50,1570.0,78500.0
2020122803012969,SWBBL,14,49,10,1569.0,15690.0
2020122803012654,SWBBL,34,49,10,1569.0,15690.0
2020122803012657,VLBS,1,35,66,1188.0,78408.0
2020122803012376,ALBSL,59,53,22,920.0,20240.0
2020122803012375,ALBSL,59,41,11,920.0,10120.0
2020122803012374,ALBSL,59,3,50,919.0,45950.0
2020122803012373,ALBSL,59,3,50,919.0,45950.0
2020122803012372,ALBSL,59,3,50,919.0,45950.0
2020122803012371,ALBSL,59,37,11,915.0,10065.0
2020122803012173,ALBSL,59,37,10,911.0,9110.0
2020122803012352,ALICL,44,4,"2,000",917.0,1834000.0
2020122803012248,ALICL,44,43,"1,000",917.0,917000.0
2020122803012207,ALICL,44,3,76,919.0,69844.0
2020122803012478,CBBL,13,49,58,1385.0,80330.0
2020122803012477,CBBL,58,49,70,1385.0,96950.0
2020122803012476,CBBL,35,49,372,1385.0,515220.0
2020122803012475,CBBL,47,49,100,1386.0,138600.0
2020122803012474,CBBL,50,49,50,1386.0,69300.0
2020122803012193,CFCL,45,44,100,171.0,17100.0
2020122803012557,CIT,50,50,7,5001.0,35007.0
2020122803012556,CIT,53,52,10,5003.0,50030.0
2020122803012542,CIT,58,39,20,5005.0,100100.0
2020122803012541,CIT,58,53,30,5003.0,150090.0
2020122803012540,CIT,38,53,10,5004.0,50040.0
2020122803012539,CIT,3,1,48,5002.0,240096.0
2020122803012083,CIT,29,34,10,5002.0,50020.0
2020122803012079,CIT,59,6,95,5003.0,475285.0
2020122803012078,CIT,28,6,10,5003.0,50030.0
2020122803012111,CIT,26,6,70,5003.0,350210.0
2020122803012094,CIT,10,17,10,5001.0,50010.0
2020122803012093,CIT,45,17,30,5001.0,150030.0
2020122803012092,CIT,47,17,40,5002.0,200080.0
2020122803012088,CIT,47,45,10,5002.0,50020.0
2020122803012086,CIT,19,6,11,5003.0,55033.0
2020122803012125,CIT,10,45,40,5001.0,200040.0
2020122803012123,CIT,58,58,20,5002.0,100040.0
2020122803012118,CIT,29,58,85,5002.0,425170.0
2020122803012117,CIT,21,58,12,5002.0,60024.0
2020122803012116,CIT,59,59,4,4980.0,19920.0
2020122803012115,CIT,26,6,10,5003.0,50030.0
2020122803012159,CIT,42,58,20,5002.0,100040.0
2020122803012153,CIT,42,58,10,5002.0,50020.0
2020122803012131,CIT,40,58,50,5002.0,250100.0
2020122803012129,CIT,39,58,10,5002.0,50020.0
2020122803012127,CIT,3,45,10,5001.0,50010.0
2020122803012126,CIT,4,45,30,5001.0,150030.0
2020122803012174,CIT,48,43,15,5002.0,75030.0
2020122803012172,CIT,33,43,20,5002.0,100040.0
2020122803012170,CIT,37,43,100,5002.0,500200.0
2020122803012169,CIT,35,43,38,5002.0,190076.0
2020122803012161,CIT,35,26,12,5002.0,60024.0
2020122803012160,CIT,35,16,50,5002.0,250100.0
2020122803012203,CIT,39,49,20,5002.0,100040.0
2020122803012194,CIT,17,38,15,5002.0,75030.0
2020122803012192,CIT,20,38,20,5002.0,100040.0
2020122803012184,CIT,29,38,100,5002.0,500200.0
2020122803012183,CIT,58,38,15,5002.0,75030.0
2020122803012179,CIT,58,43,35,5002.0,175070.0
2020122803012223,CIT,57,59,20,5002.0,100040.0
2020122803012222,CIT,3,59,15,5002.0,75030.0
2020122803012214,CIT,32,6,20,5003.0,100060.0
2020122803012212,CIT,46,6,13,5003.0,65039.0
2020122803012209,CIT,3,13,10,5002.0,50020.0
2020122803012208,CIT,39,13,15,5002.0,75030.0
2020122803012252,CIT,37,6,100,5003.0,500300.0
2020122803012235,CIT,11,6,20,5003.0,100060.0
2020122803012231,CIT,29,46,35,5002.0,175070.0
2020122803012230,CIT,34,46,15,5002.0,75030.0
2020122803012225,CIT,34,59,35,5002.0,175070.0
2020122803012224,CIT,13,59,10,5002.0,50020.0
2020122803012272,CIT,33,6,50,5003.0,250150.0
2020122803012270,CIT,58,6,20,5003.0,100060.0
2020122803012266,CIT,13,6,5,5002.0,25010.0
2020122803012265,CIT,16,6,50,5002.0,250100.0
2020122803012264,CIT,29,6,45,5002.0,225090.0
2020122803012254,CIT,29,6,50,5003.0,250150.0
2020122803012323,CIT,37,6,31,5003.0,155093.0
2020122803012322,CIT,25,6,69,5003.0,345207.0
2020122803012321,CIT,28,13,10,5004.0,50040.0
2020122803012288,CIT,25,25,10,5003.0,50030.0
2020122803012287,CIT,25,6,21,5003.0,105063.0
2020122803012277,CIT,38,6,10,5003.0,50030.0
2020122803012357,CIT,50,39,6,5002.0,30012.0
2020122803012356,CIT,37,39,24,5003.0,120072.0
2020122803012351,CIT,37,35,25,5003.0,125075.0
2020122803012349,CIT,37,41,10,5003.0,50030.0
2020122803012333,CIT,37,45,10,5003.0,50030.0
2020122803012324,CIT,17,13,20,5004.0,100080.0
2020122803012382,CIT,43,38,10,5003.0,50030.0
2020122803012381,CIT,57,38,10,5003.0,50030.0
2020122803012380,CIT,44,38,10,5003.0,50030.0
2020122803012379,CIT,53,38,25,5003.0,125075.0
2020122803012377,CIT,39,57,35,5004.0,175140.0
2020122803012359,CIT,50,13,35,5004.0,175140.0
2020122803012388,CIT,38,38,30,5002.0,150060.0
2020122803012387,CIT,45,38,50,5002.0,250100.0
2020122803012386,CIT,54,38,200,5002.0,1000400.0
2020122803012385,CIT,32,38,52,5002.0,260104.0
2020122803012384,CIT,35,38,100,5003.0,500300.0
2020122803012383,CIT,38,38,95,5003.0,475285.0
2020122803012408,CIT,53,57,11,5004.0,55044.0
2020122803012406,CIT,34,57,10,5004.0,50040.0
2020122803012399,CIT,58,25,10,5003.0,50030.0
2020122803012392,CIT,33,57,11,5004.0,55044.0
2020122803012390,CIT,34,38,13,5002.0,65026.0
2020122803012389,CIT,21,38,10,5002.0,50020.0
2020122803012450,CIT,16,57,35,5004.0,175140.0
2020122803012443,CIT,50,57,15,5004.0,75060.0
2020122803012420,CIT,53,57,25,5004.0,125100.0
2020122803012419,CIT,39,52,10,5003.0,50030.0
2020122803012413,CIT,34,52,18,5003.0,90054.0
2020122803012410,CIT,45,52,13,5003.0,65039.0
2020122803012463,CIT,34,58,15,5002.0,75030.0
2020122803012461,CIT,38,49,10,5004.0,50040.0
2020122803012460,CIT,33,14,42,5003.0,210126.0
2020122803012459,CIT,58,14,20,5003.0,100060.0
2020122803012458,CIT,45,49,25,5004.0,125100.0
2020122803012456,CIT,16,49,15,5004.0,75060.0
2020122803012520,CIT,29,45,50,5004.0,250200.0
2020122803012514,CIT,44,39,30,5005.0,150150.0
2020122803012513,CIT,44,41,10,5005.0,50050.0
2020122803012487,CIT,46,49,15,5004.0,75060.0
2020122803012485,CIT,32,28,100,5003.0,500300.0
2020122803012479,CIT,16,49,20,5004.0,100080.0
2020122803012532,CIT,34,1,32,5002.0,160064.0
2020122803012531,CIT,22,1,20,5003.0,100060.0
2020122803012524,CIT,34,45,10,5002.0,50020.0
2020122803012523,CIT,47,45,10,5003.0,50030.0
2020122803012522,CIT,41,45,10,5003.0,50030.0
2020122803012521,CIT,45,45,20,5003.0,100060.0
2020122803012538,CIT,51,1,110,5002.0,550220.0
2020122803012537,CIT,45,1,13,5002.0,65026.0
2020122803012536,CIT,57,1,12,5002.0,60024.0
2020122803012535,CIT,35,1,20,5002.0,100040.0
2020122803012534,CIT,45,1,100,5002.0,500200.0
2020122803012533,CIT,55,1,45,5002.0,225090.0
2020122803012237,CLBSL,47,6,100,789.0,78900.0
2020122803012182,CLBSL,46,21,25,790.0,19750.0
2020122803012181,CLBSL,42,21,10,790.0,7900.0
2020122803012180,CLBSL,29,21,39,790.0,30810.0
2020122803012119,CORBL,26,1,90,211.0,18990.0
2020122803012507,DDBL,6,34,25,1377.0,34425.0
2020122803012465,DDBL,39,34,100,1377.0,137700.0
2020122803012462,DDBL,57,34,145,1377.0,199665.0
2020122803012426,DDBL,6,34,50,1377.0,68850.0
2020122803012355,DDBL,34,34,80,1377.0,110160.0
2020122803012354,DDBL,6,34,100,1377.0,137700.0
2020122803012166,DDBL,45,16,50,1377.0,68850.0
2020122803012158,DDBL,49,25,150,1375.0,206250.0
2020122803012157,DDBL,49,25,250,1375.0,343750.0
2020122803012156,DDBL,47,25,100,1376.0,137600.0
2020122803012109,DDBL,41,16,40,1377.0,55080.0
2020122803012106,DDBL,58,16,45,1377.0,61965.0
2020122803012350,EDBL,1,28,50,351.0,17550.0
2020122803012073,EDBL,16,32,10,350.0,3500.0
2020122803012486,FMDBL,44,22,40,577.0,23080.0
2020122803012247,FMDBL,45,35,100,579.0,57900.0
2020122803012560,FOWAD,45,34,63,2270.0,143010.0
2020122803012317,FOWAD,34,54,61,2270.0,138470.0
2020122803012316,FOWAD,34,45,49,2270.0,111230.0
2020122803012315,FOWAD,34,39,10,2269.0,22690.0
2020122803012250,FOWAD,38,37,17,2265.0,38505.0
2020122803012112,FOWAD,38,34,33,2265.0,74745.0
2020122803012085,FOWAD,55,34,50,2265.0,113250.0
2020122803012063,FOWAD,34,41,30,2264.0,67920.0
2020122803012062,FOWAD,34,34,15,2264.0,33960.0
2020122803012061,FOWAD,34,25,15,2264.0,33960.0
2020122803012497,GBBL,17,42,200,304.0,60800.0
2020122803012496,GBBL,17,36,100,304.0,30400.0
2020122803012164,GBBL,26,58,200,304.0,60800.0
2020122803012163,GBBL,26,52,297,304.0,90288.0
2020122803012074,GBBL,58,39,500,303.0,151500.0
2020122803012400,GBLBS,7,41,15,568.0,8520.0
2020122803012263,GBLBS,7,37,15,568.0,8520.0
2020122803012211,GBLBS,7,59,20,568.0,11360.0
2020122803012210,GBLBS,17,59,160,568.0,90880.0
2020122803012168,GBLBS,17,45,20,568.0,11360.0
2020122803012110,GBLBS,17,45,10,568.0,5680.0
2020122803012544,GILB,22,44,10,1680.0,16800.0
2020122803012543,GILB,21,44,20,1681.0,33620.0
2020122803012128,GILB,42,44,10,1680.0,16800.0
2020122803012100,GLICL,59,44,34,618.0,21012.0
2020122803012099,GLICL,17,44,50,618.0,30900.0
2020122803012075,GLICL,58,44,16,619.0,9904.0
2020122803012326,GMFIL,45,57,500,200.0,100000.0
2020122803012449,GRDBL,28,49,30,147.0,4410.0
2020122803012448,GRDBL,28,45,50,147.0,7350.0
2020122803012447,GRDBL,28,48,50,147.0,7350.0
2020122803012446,GRDBL,28,47,50,147.0,7350.0
2020122803012155,GRDBL,28,48,95,146.0,13870.0
2020122803012154,GRDBL,28,51,20,146.0,2920.0
2020122803012436,HIDCL,49,19,575,259.0,148925.0
2020122803012435,HIDCL,41,19,700,259.0,181300.0
2020122803012434,HIDCL,51,19,100,259.0,25900.0
2020122803012433,HIDCL,19,19,600,259.0,155400.0
2020122803012432,HIDCL,14,19,200,259.0,51800.0
2020122803012431,HIDCL,34,19,50,259.0,12950.0
2020122803012135,HIDCL,51,58,50,260.0,13000.0
2020122803012134,HIDCL,7,58,100,260.0,26000.0
2020122803012133,HIDCL,38,58,64,260.0,16640.0
2020122803012132,HIDCL,38,41,14,260.0,3640.0
2020122803012065,HIDCL,38,34,922,260.0,239720.0
2020122803012064,HIDCL,51,34,78,260.0,20280.0
2020122803012141,HIDCL,16,58,80,260.0,20800.0
2020122803012140,HIDCL,52,58,500,260.0,130000.0
2020122803012139,HIDCL,26,58,50,260.0,13000.0
2020122803012138,HIDCL,42,58,50,260.0,13000.0
2020122803012137,HIDCL,26,58,200,260.0,52000.0
2020122803012136,HIDCL,16,58,500,260.0,130000.0
2020122803012147,HIDCL,22,58,100,260.0,26000.0
2020122803012146,HIDCL,45,58,10,260.0,2600.0
2020122803012145,HIDCL,41,58,200,260.0,52000.0
2020122803012144,HIDCL,57,58,100,260.0,26000.0
2020122803012143,HIDCL,10,58,800,260.0,208000.0
2020122803012142,HIDCL,26,58,100,260.0,26000.0
2020122803012318,HIDCL,16,54,50,260.0,13000.0
2020122803012229,HIDCL,45,58,14,260.0,3640.0
2020122803012151,HIDCL,52,58,200,260.0,52000.0
2020122803012150,HIDCL,32,58,50,260.0,13000.0
2020122803012149,HIDCL,42,58,150,260.0,39000.0
2020122803012148,HIDCL,25,58,200,260.0,52000.0
2020122803012430,HIDCL,43,19,25,259.0,6475.0
2020122803012429,HIDCL,33,19,500,259.0,129500.0
2020122803012428,HIDCL,50,19,200,259.0,51800.0
2020122803012427,HIDCL,45,19,50,260.0,13000.0
2020122803012320,HIDCL,16,58,38,261.0,9918.0
2020122803012319,HIDCL,16,42,912,261.0,238032.0
2020122803012370,ICFC,14,29,30,284.0,8520.0
2020122803012369,ICFC,14,33,100,283.0,28300.0
2020122803012310,ILBS,25,51,100,994.0,99400.0
2020122803012309,ILBS,47,51,10,994.0,9940.0
2020122803012308,ILBS,16,51,10,995.0,9950.0
