Transact. No.,Symbol,Buyer,Seller,Quantity,Rate,Amount
2020122904001732,BBC,42,44,10,2548.0,25480.0
2020122904001731,BBC,42,44,10,2548.0,25480.0
2020122904001720,BBC,45,10,35,2560.0,89600.0
2020122904001714,BBC,45,34,65,2560.0,166400.0
2020122904001660,BBC,17,3,20,2560.0,51200.0
2020122904001368,BBC,42,32,10,2548.0,25480.0
2020122904001751,GIC,38,38,400,535.0,214000.0
2020122904001749,GIC,29,38,100,535.0,53500.0
2020122904001748,GIC,45,38,50,535.0,26750.0
2020122904001747,GIC,32,38,200,535.0,107000.0
2020122904001746,GIC,58,38,200,535.0,107000.0
2020122904001745,GIC,59,38,90,535.0,48150.0
2020122904001252,GIC,26,39,10,536.0,5360.0
2020122904001263,GIC,26,14,10,536.0,5360.0
2020122904001260,GIC,26,46,10,536.0,5360.0
2020122904001258,GIC,26,46,10,536.0,5360.0
2020122904001255,GIC,28,28,300,537.0,161100.0
2020122904001254,GIC,26,49,10,536.0,5360.0
2020122904001253,GIC,32,28,20,537.0,10740.0
2020122904001281,GIC,21,40,10,537.0,5370.0
2020122904001280,GIC,21,45,10,537.0,5370.0
2020122904001279,GIC,21,4,10,537.0,5370.0
2020122904001278,GIC,21,28,138,537.0,74106.0
2020122904001273,GIC,26,14,10,536.0,5360.0
2020122904001267,GIC,26,38,10,536.0,5360.0
2020122904001287,GIC,21,19,10,537.0,5370.0
2020122904001286,GIC,21,40,10,537.0,5370.0
2020122904001285,GIC,21,40,10,537.0,5370.0
2020122904001284,GIC,21,45,10,537.0,5370.0
2020122904001283,GIC,21,16,10,537.0,5370.0
2020122904001282,GIC,21,42,10,537.0,5370.0
2020122904001293,GIC,21,14,10,537.0,5370.0
2020122904001292,GIC,21,57,10,537.0,5370.0
2020122904001291,GIC,21,58,10,537.0,5370.0
2020122904001290,GIC,21,58,10,537.0,5370.0
2020122904001289,GIC,21,58,10,537.0,5370.0
2020122904001288,GIC,21,35,10,537.0,5370.0
2020122904001299,GIC,21,58,10,537.0,5370.0
2020122904001298,GIC,21,22,10,537.0,5370.0
2020122904001297,GIC,21,14,10,537.0,5370.0
2020122904001296,GIC,21,53,10,537.0,5370.0
2020122904001295,GIC,21,47,10,537.0,5370.0
2020122904001294,GIC,21,14,10,537.0,5370.0
2020122904001310,GIC,11,35,10,538.0,5380.0
2020122904001309,GIC,11,1,10,538.0,5380.0
2020122904001308,GIC,11,13,10,538.0,5380.0
2020122904001307,GIC,11,4,10,538.0,5380.0
2020122904001306,GIC,21,3,10,537.0,5370.0
2020122904001300,GIC,21,28,10,537.0,5370.0
2020122904001321,GIC,10,29,10,537.0,5370.0
2020122904001320,GIC,10,14,10,537.0,5370.0
2020122904001317,GIC,10,22,10,537.0,5370.0
2020122904001316,GIC,10,34,10,537.0,5370.0
2020122904001315,GIC,10,49,10,537.0,5370.0
2020122904001311,GIC,11,38,10,538.0,5380.0
2020122904001353,GIC,26,20,10,536.0,5360.0
2020122904001352,GIC,26,56,10,536.0,5360.0
2020122904001350,GIC,26,21,10,536.0,5360.0
2020122904001347,GIC,26,48,10,536.0,5360.0
2020122904001346,GIC,26,14,10,536.0,5360.0
2020122904001327,GIC,26,38,10,536.0,5360.0
2020122904001362,GIC,38,22,10,537.0,5370.0
2020122904001361,GIC,38,21,10,537.0,5370.0
2020122904001360,GIC,38,56,10,537.0,5370.0
2020122904001359,GIC,38,22,10,537.0,5370.0
2020122904001358,GIC,38,42,10,537.0,5370.0
2020122904001354,GIC,26,48,10,536.0,5360.0
2020122904001388,GIC,26,48,10,536.0,5360.0
2020122904001386,GIC,26,48,10,536.0,5360.0
2020122904001379,GIC,42,47,10,537.0,5370.0
2020122904001369,GIC,38,20,10,537.0,5370.0
2020122904001365,GIC,38,20,10,537.0,5370.0
2020122904001363,GIC,38,22,10,537.0,5370.0
2020122904001415,GIC,55,47,10,536.0,5360.0
2020122904001402,GIC,55,38,10,536.0,5360.0
2020122904001400,GIC,55,38,10,536.0,5360.0
2020122904001394,GIC,55,38,10,536.0,5360.0
2020122904001392,GIC,58,43,10,536.0,5360.0
2020122904001389,GIC,26,38,10,536.0,5360.0
2020122904001440,GIC,55,58,10,536.0,5360.0
2020122904001437,GIC,55,11,10,536.0,5360.0
2020122904001430,GIC,55,17,10,536.0,5360.0
2020122904001418,GIC,55,48,10,536.0,5360.0
2020122904001417,GIC,55,16,10,536.0,5360.0
2020122904001416,GIC,55,38,10,536.0,5360.0
2020122904001471,GIC,21,40,10,536.0,5360.0
2020122904001467,GIC,55,29,10,536.0,5360.0
2020122904001465,GIC,55,32,10,536.0,5360.0
2020122904001459,GIC,55,40,10,536.0,5360.0
2020122904001455,GIC,55,11,10,536.0,5360.0
2020122904001441,GIC,55,11,10,536.0,5360.0
2020122904001486,GIC,21,52,10,536.0,5360.0
2020122904001485,GIC,21,49,10,536.0,5360.0
2020122904001475,GIC,21,52,10,536.0,5360.0
2020122904001474,GIC,21,38,10,536.0,5360.0
2020122904001473,GIC,21,7,200,536.0,107200.0
2020122904001472,GIC,21,11,10,536.0,5360.0
2020122904001511,GIC,21,33,10,536.0,5360.0
2020122904001510,GIC,21,42,10,536.0,5360.0
2020122904001499,GIC,21,46,10,536.0,5360.0
2020122904001494,GIC,21,52,10,536.0,5360.0
2020122904001493,GIC,21,44,10,536.0,5360.0
2020122904001490,GIC,21,52,10,536.0,5360.0
2020122904001524,GIC,21,56,10,536.0,5360.0
2020122904001523,GIC,11,20,10,537.0,5370.0
2020122904001522,GIC,11,11,10,537.0,5370.0
2020122904001521,GIC,11,40,10,537.0,5370.0
2020122904001520,GIC,11,11,10,537.0,5370.0
2020122904001519,GIC,11,11,10,537.0,5370.0
2020122904001549,GIC,21,38,10,536.0,5360.0
2020122904001548,GIC,21,49,10,536.0,5360.0
2020122904001543,GIC,21,5,10,536.0,5360.0
2020122904001536,GIC,21,45,10,536.0,5360.0
2020122904001529,GIC,21,17,10,536.0,5360.0
2020122904001527,GIC,21,45,10,536.0,5360.0
2020122904001566,GIC,21,46,10,536.0,5360.0
2020122904001562,GIC,21,43,10,536.0,5360.0
2020122904001560,GIC,21,4,10,536.0,5360.0
2020122904001559,GIC,21,20,10,536.0,5360.0
2020122904001556,GIC,21,42,10,536.0,5360.0
2020122904001551,GIC,21,4,10,536.0,5360.0
2020122904001582,GIC,56,28,10,537.0,5370.0
2020122904001581,GIC,56,54,10,537.0,5370.0
2020122904001580,GIC,56,16,10,537.0,5370.0
2020122904001579,GIC,56,36,10,537.0,5370.0
2020122904001578,GIC,56,25,10,537.0,5370.0
2020122904001568,GIC,21,4,10,536.0,5360.0
2020122904001588,GIC,56,58,10,537.0,5370.0
2020122904001587,GIC,56,39,10,537.0,5370.0
2020122904001586,GIC,56,44,10,537.0,5370.0
2020122904001585,GIC,56,16,10,537.0,5370.0
2020122904001584,GIC,56,14,10,537.0,5370.0
2020122904001583,GIC,56,40,10,537.0,5370.0
2020122904001594,GIC,56,20,10,537.0,5370.0
2020122904001593,GIC,56,38,10,537.0,5370.0
2020122904001592,GIC,56,20,10,537.0,5370.0
2020122904001591,GIC,56,4,10,537.0,5370.0
2020122904001590,GIC,56,40,10,537.0,5370.0
2020122904001589,GIC,56,21,10,537.0,5370.0
2020122904001609,GIC,43,39,10,537.0,5370.0
2020122904001607,GIC,43,58,10,537.0,5370.0
2020122904001598,GIC,56,7,10,537.0,5370.0
2020122904001597,GIC,56,22,10,537.0,5370.0
2020122904001596,GIC,56,22,10,537.0,5370.0
2020122904001595,GIC,56,32,10,537.0,5370.0
2020122904001630,GIC,41,39,10,536.0,5360.0
2020122904001626,GIC,41,59,10,536.0,5360.0
2020122904001621,GIC,21,58,10,536.0,5360.0
2020122904001618,GIC,21,14,10,536.0,5360.0
2020122904001617,GIC,21,6,10,536.0,5360.0
2020122904001614,GIC,21,58,10,536.0,5360.0
2020122904001642,GIC,13,41,10,536.0,5360.0
2020122904001640,GIC,52,59,10,536.0,5360.0
2020122904001637,GIC,52,45,40,536.0,21440.0
2020122904001636,GIC,41,45,60,536.0,32160.0
2020122904001634,GIC,41,56,10,536.0,5360.0
2020122904001632,GIC,41,43,10,536.0,5360.0
2020122904001648,GIC,52,38,100,536.0,53600.0
2020122904001647,GIC,51,38,100,536.0,53600.0
2020122904001646,GIC,29,38,80,536.0,42880.0
2020122904001645,GIC,29,57,10,536.0,5360.0
2020122904001644,GIC,29,56,10,536.0,5360.0
2020122904001643,GIC,13,45,10,536.0,5360.0
2020122904001661,GIC,17,42,10,535.0,5350.0
2020122904001659,GIC,17,19,10,535.0,5350.0
2020122904001655,GIC,17,42,10,535.0,5350.0
2020122904001654,GIC,17,52,10,535.0,5350.0
2020122904001652,GIC,17,42,10,535.0,5350.0
2020122904001651,GIC,17,28,10,535.0,5350.0
2020122904001675,GIC,11,20,10,535.0,5350.0
2020122904001673,GIC,11,42,10,535.0,5350.0
2020122904001671,GIC,17,6,10,535.0,5350.0
2020122904001670,GIC,17,20,10,535.0,5350.0
2020122904001667,GIC,17,42,10,535.0,5350.0
2020122904001664,GIC,17,42,10,535.0,5350.0
2020122904001695,GIC,11,44,10,535.0,5350.0
2020122904001690,GIC,11,29,10,535.0,5350.0
2020122904001686,GIC,11,58,10,535.0,5350.0
2020122904001685,GIC,11,39,10,535.0,5350.0
2020122904001683,GIC,11,44,10,535.0,5350.0
2020122904001680,GIC,11,41,10,535.0,5350.0
2020122904001705,GIC,13,26,10,536.0,5360.0
2020122904001704,GIC,13,16,10,536.0,5360.0
2020122904001703,GIC,13,39,10,536.0,5360.0
2020122904001702,GIC,13,38,20,536.0,10720.0
2020122904001701,GIC,11,20,10,535.0,5350.0
2020122904001697,GIC,41,38,10,536.0,5360.0
2020122904001737,GIC,25,41,10,536.0,5360.0
2020122904001736,GIC,25,58,10,536.0,5360.0
2020122904001730,GIC,43,48,20,536.0,10720.0
2020122904001717,GIC,13,38,35,536.0,18760.0
2020122904001716,GIC,13,34,10,536.0,5360.0
2020122904001713,GIC,13,58,105,536.0,56280.0
2020122904001744,GIC,34,38,100,535.0,53500.0
2020122904001743,GIC,35,38,40,535.0,21400.0
2020122904001742,GIC,42,38,100,535.0,53500.0
2020122904001741,GIC,11,38,10,535.0,5350.0
2020122904001740,GIC,25,38,20,536.0,10720.0
2020122904001739,GIC,25,20,10,536.0,5360.0
2020122904001625,GIMES1,7,7,"9,000",11.11,99990.0
2020122904001305,GIMES1,7,59,"1,500",11.11,16665.0
2020122904001518,KBLD86,42,6,10,1060.0,10600.0
2020122904001322,LEMF,53,25,"2,000",9.77,19540.0
2020122904001335,LEMF,17,25,922,9.75,8989.5
2020122904001331,LEMF,53,25,"4,000",9.76,39040.0
2020122904001698,LUK,7,17,100,9.39,939.0
2020122904001692,LUK,7,58,600,9.39,5634.0
2020122904001601,LUK,7,11,600,9.39,5634.0
2020122904001528,LUK,7,43,400,9.39,3756.0
2020122904001513,LUK,7,42,100,9.3,930.0
2020122904001512,LUK,7,21,100,9.3,930.0
2020122904001436,LUK,38,58,100,9.13,913.0
2020122904001414,LUK,19,59,100,9.12,912.0
2020122904001326,LUK,19,59,100,9.12,912.0
2020122904001502,NBF2,10,45,520,9.4,4888.0
2020122904001470,NBF2,10,10,"5,021",9.4,47197.4
2020122904001469,NBF2,35,10,179,9.41,1684.39
2020122904001434,NBF2,13,6,"28,790",9.5,273505.0
2020122904001432,NBF2,35,17,200,9.41,1882.0
2020122904001398,NBF2,35,43,200,9.41,1882.0
2020122904001396,NBF2,35,17,"1,500",9.41,14115.0
2020122904001395,NBF2,57,17,500,9.41,4705.0
2020122904001377,NBF2,57,57,200,9.41,1882.0
2020122904001332,NBF2,57,59,200,9.41,1882.0
2020122904001725,NEF,6,39,"1,207",9.81,11840.67
2020122904001498,NEF,17,16,"1,207",9.8,11828.6
2020122904001480,NEF,17,10,"35,278",9.8,345724.4
2020122904001479,NEF,10,10,"6,000",9.81,58860.0
2020122904001478,NEF,38,10,"2,000",9.85,19700.0
2020122904001477,NEF,50,10,548,9.87,5408.76
2020122904001420,NEF,13,13,483,10.05,4854.15
2020122904001419,NEF,13,39,132,10.05,1326.6
2020122904001271,NEF,50,29,"1,127",9.87,11123.49
2020122904001476,NEF,13,10,"5,000",9.88,49400.0
2020122904001464,NEF,50,10,"34,238",9.87,337929.06
2020122904001463,NEF,44,10,"7,000",9.88,69160.0
2020122904001462,NEF,13,10,762,10.05,7658.1
2020122904001422,NEF,13,36,"2,414",10.05,24260.7
2020122904001421,NEF,13,22,"21,209",10.05,213150.45
2020122904001729,NIBLPF,45,39,"1,263",10.06,12705.78
2020122904001599,NIBLPF,45,14,505,10.06,5080.3
2020122904001750,NIBPO,16,58,978,444.0,434232.0
2020122904001738,NIBPO,3,58,500,442.0,221000.0
2020122904001711,NIBPO,58,35,10,445.0,4450.0
2020122904001656,NIBPO,16,19,122,441.0,53802.0
2020122904001622,NIBPO,17,32,500,442.0,221000.0
2020122904001547,NIBPO,58,35,10,445.0,4450.0
2020122904001423,NIBPO,45,32,200,442.0,88400.0
2020122904001672,NIBSF1,7,19,"1,978",11.16,22074.48
2020122904001496,NIBSF1,36,22,"10,000",11.25,112500.0
2020122904001495,NIBSF1,36,22,"5,000",11.26,56300.0
2020122904001489,NICBF,48,29,100,9.81,981.0
2020122904001375,NICBF,48,57,200,9.81,1962.0
2020122904001343,NICBF,48,59,100,9.81,981.0
2020122904001553,NICD83/84,58,58,90,1055.0,94950.0
2020122904001552,NICD83/84,17,58,10,1058.0,10580.0
2020122904001577,NICGF,6,14,300,10.39,3117.0
2020122904001542,NICGF,22,8,"1,500",10.38,15570.0
2020122904001619,NMB50,8,4,"3,000",10.2,30600.0
2020122904001615,NMB50,8,38,100,10.2,1020.0
2020122904001349,NMB50,8,59,100,10.2,1020.0
2020122904001733,NMBHF1,8,39,"2,080",10.0,20800.0
2020122904001425,NMBHF1,8,26,832,10.0,8320.0
2020122904001266,NMBHF1,8,29,"1,577",10.0,15770.0
2020122904001688,RBCLPO,33,33,29,13232.0,383728.0
2020122904001687,RBCLPO,33,42,21,13230.0,277830.0
2020122904001412,RBCLPO,59,56,20,13232.0,264640.0
2020122904001491,SAEF,13,13,"8,000",11.16,89280.0
2020122904001488,SAEF,7,13,"12,000",11.16,133920.0
2020122904001487,SAEF,21,13,"5,000",11.17,55850.0
2020122904001445,SAEF,13,13,"5,000",11.38,56900.0
2020122904001443,SAEF,13,25,500,11.32,5660.0
2020122904001342,SAEF,45,47,500,11.15,5575.0
2020122904001341,SAEF,45,47,"2,000",11.2,22400.0
2020122904001313,SAEF,17,47,"5,000",11.25,56250.0
2020122904001257,SAEF,17,56,"10,000",11.25,112500.0
2020122904001696,SEF,21,58,"9,000",10.37,93330.0
2020122904001682,SEF,57,19,"2,000",10.31,20620.0
2020122904001679,SEF,21,58,"1,000",10.37,10370.0
2020122904001678,SEF,21,45,"1,500",10.37,15555.0
2020122904001677,SEF,21,45,"1,000",10.37,10370.0
2020122904001676,SEF,21,43,"3,000",10.36,31080.0
2020122904001501,SEF,17,49,"16,200",10.3,166860.0
2020122904001500,SEF,47,49,"3,800",10.31,39178.0
2020122904001391,SEF,47,45,"1,000",10.31,10310.0
2020122904001384,SEF,47,29,"1,000",10.31,10310.0
2020122904001727,SGI,21,41,10,559.0,5590.0
2020122904001726,SGI,21,58,10,559.0,5590.0
2020122904001724,SGI,20,39,10,564.0,5640.0
2020122904001723,SGI,20,14,10,560.0,5600.0
2020122904001722,SGI,20,32,10,560.0,5600.0
2020122904001721,SGI,20,7,10,560.0,5600.0
2020122904001259,SGI,41,39,10,560.0,5600.0
2020122904001256,SGI,41,42,10,560.0,5600.0
2020122904001269,SGI,41,28,10,560.0,5600.0
2020122904001268,SGI,41,25,10,560.0,5600.0
2020122904001265,SGI,41,42,10,560.0,5600.0
2020122904001264,SGI,41,28,10,560.0,5600.0
2020122904001262,SGI,41,26,10,560.0,5600.0
2020122904001261,SGI,41,14,10,560.0,5600.0
2020122904001277,SGI,17,36,10,560.0,5600.0
2020122904001276,SGI,51,45,10,560.0,5600.0
2020122904001275,SGI,51,42,10,560.0,5600.0
2020122904001274,SGI,45,48,10,560.0,5600.0
2020122904001272,SGI,45,56,10,560.0,5600.0
2020122904001270,SGI,45,46,10,560.0,5600.0
2020122904001314,SGI,36,16,10,561.0,5610.0
2020122904001312,SGI,36,14,10,561.0,5610.0
2020122904001304,SGI,41,14,10,560.0,5600.0
2020122904001303,SGI,41,20,10,560.0,5600.0
2020122904001302,SGI,41,41,10,560.0,5600.0
2020122904001301,SGI,17,25,10,560.0,5600.0
2020122904001329,SGI,11,25,10,562.0,5620.0
2020122904001328,SGI,11,56,10,562.0,5620.0
2020122904001325,SGI,11,29,10,562.0,5620.0
2020122904001324,SGI,11,25,10,562.0,5620.0
2020122904001323,SGI,11,52,20,562.0,11240.0
2020122904001319,SGI,36,56,10,561.0,5610.0
2020122904001340,SGI,34,20,10,564.0,5640.0
2020122904001339,SGI,34,29,10,564.0,5640.0
2020122904001336,SGI,41,36,10,560.0,5600.0
2020122904001334,SGI,36,56,10,561.0,5610.0
2020122904001333,SGI,36,25,10,561.0,5610.0
2020122904001330,SGI,34,57,10,563.0,5630.0
2020122904001357,SGI,41,20,10,560.0,5600.0
2020122904001355,SGI,21,56,10,561.0,5610.0
2020122904001351,SGI,41,25,10,560.0,5600.0
2020122904001348,SGI,34,39,10,564.0,5640.0
2020122904001345,SGI,34,25,10,564.0,5640.0
2020122904001344,SGI,34,39,10,564.0,5640.0
2020122904001374,SGI,41,48,10,560.0,5600.0
2020122904001372,SGI,41,47,10,560.0,5600.0
2020122904001371,SGI,41,11,10,560.0,5600.0
2020122904001370,SGI,41,13,10,560.0,5600.0
2020122904001367,SGI,41,20,10,560.0,5600.0
2020122904001364,SGI,21,22,10,561.0,5610.0
2020122904001383,SGI,42,48,10,560.0,5600.0
2020122904001382,SGI,42,40,10,560.0,5600.0
2020122904001381,SGI,41,20,10,560.0,5600.0
2020122904001380,SGI,41,3,10,560.0,5600.0
2020122904001378,SGI,41,25,10,560.0,5600.0
2020122904001376,SGI,41,48,10,560.0,5600.0
2020122904001401,SGI,20,38,10,559.0,5590.0
2020122904001397,SGI,20,48,10,559.0,5590.0
2020122904001393,SGI,20,48,10,559.0,5590.0
2020122904001390,SGI,20,37,10,559.0,5590.0
2020122904001387,SGI,34,25,10,560.0,5600.0
2020122904001385,SGI,34,38,10,560.0,5600.0
2020122904001408,SGI,45,11,10,560.0,5600.0
2020122904001407,SGI,45,52,10,560.0,5600.0
2020122904001406,SGI,45,56,10,560.0,5600.0
2020122904001405,SGI,45,16,10,560.0,5600.0
2020122904001404,SGI,45,11,10,560.0,5600.0
2020122904001403,SGI,45,38,10,560.0,5600.0
2020122904001426,SGI,7,38,10,559.0,5590.0
2020122904001424,SGI,7,16,10,559.0,5590.0
2020122904001413,SGI,57,38,10,559.0,5590.0
2020122904001411,SGI,57,38,10,559.0,5590.0
2020122904001410,SGI,45,45,10,560.0,5600.0
2020122904001409,SGI,45,36,10,560.0,5600.0
2020122904001435,SGI,7,17,10,559.0,5590.0
2020122904001433,SGI,7,45,10,559.0,5590.0
2020122904001431,SGI,7,11,10,559.0,5590.0
2020122904001429,SGI,49,3,10,560.0,5600.0
2020122904001428,SGI,49,48,10,560.0,5600.0
2020122904001427,SGI,49,16,10,560.0,5600.0
2020122904001448,SGI,17,49,10,560.0,5600.0
2020122904001447,SGI,17,45,10,560.0,5600.0
2020122904001446,SGI,17,44,10,560.0,5600.0
2020122904001442,SGI,7,45,10,559.0,5590.0
2020122904001439,SGI,7,46,10,559.0,5590.0
2020122904001438,SGI,7,45,10,559.0,5590.0
2020122904001454,SGI,50,45,90,560.0,50400.0
2020122904001453,SGI,17,45,30,560.0,16800.0
2020122904001452,SGI,17,48,10,560.0,5600.0
2020122904001451,SGI,17,22,10,560.0,5600.0
2020122904001450,SGI,17,58,10,560.0,5600.0
2020122904001449,SGI,17,40,10,560.0,5600.0
2020122904001468,SGI,46,40,10,559.0,5590.0
2020122904001466,SGI,46,38,10,559.0,5590.0
2020122904001461,SGI,11,39,10,559.0,5590.0
2020122904001460,SGI,11,56,10,559.0,5590.0
2020122904001457,SGI,7,11,10,559.0,5590.0
2020122904001456,SGI,7,39,10,559.0,5590.0
2020122904001497,SGI,46,52,10,559.0,5590.0
2020122904001492,SGI,46,52,10,559.0,5590.0
2020122904001484,SGI,46,38,10,559.0,5590.0
2020122904001483,SGI,45,52,10,560.0,5600.0
2020122904001482,SGI,45,38,10,560.0,5600.0
2020122904001481,SGI,45,45,80,560.0,44800.0
2020122904001508,SGI,32,58,10,560.0,5600.0
2020122904001507,SGI,32,41,10,560.0,5600.0
2020122904001506,SGI,32,56,10,559.0,5590.0
2020122904001505,SGI,32,1,10,559.0,5590.0
2020122904001504,SGI,32,6,10,559.0,5590.0
2020122904001503,SGI,32,14,10,559.0,5590.0
2020122904001525,SGI,32,42,10,560.0,5600.0
2020122904001517,SGI,11,58,10,561.0,5610.0
2020122904001516,SGI,11,49,10,561.0,5610.0
2020122904001515,SGI,11,16,10,561.0,5610.0
2020122904001514,SGI,11,22,10,561.0,5610.0
2020122904001509,SGI,32,26,10,560.0,5600.0
2020122904001541,SGI,32,40,10,560.0,5600.0
2020122904001540,SGI,32,58,10,560.0,5600.0
2020122904001539,SGI,32,20,10,560.0,5600.0
2020122904001538,SGI,32,5,10,560.0,5600.0
2020122904001535,SGI,32,44,10,560.0,5600.0
2020122904001526,SGI,32,54,10,560.0,5600.0
2020122904001555,SGI,32,44,10,560.0,5600.0
2020122904001554,SGI,32,45,10,560.0,5600.0
2020122904001550,SGI,32,43,10,560.0,5600.0
2020122904001546,SGI,32,5,10,560.0,5600.0
2020122904001545,SGI,32,45,10,560.0,5600.0
2020122904001544,SGI,32,4,10,560.0,5600.0
2020122904001565,SGI,32,43,10,560.0,5600.0
2020122904001564,SGI,32,55,10,560.0,5600.0
2020122904001563,SGI,32,55,10,560.0,5600.0
2020122904001561,SGI,32,45,10,560.0,5600.0
2020122904001558,SGI,32,20,10,560.0,5600.0
2020122904001557,SGI,32,3,10,560.0,5600.0
2020122904001600,SGI,8,38,10,560.0,5600.0
2020122904001576,SGI,8,40,10,560.0,5600.0
2020122904001575,SGI,32,16,10,560.0,5600.0
2020122904001574,SGI,32,4,10,560.0,5600.0
2020122904001573,SGI,32,39,10,560.0,5600.0
2020122904001567,SGI,32,56,10,560.0,5600.0
2020122904001608,SGI,48,43,10,558.0,5580.0
2020122904001606,SGI,34,53,10,562.0,5620.0
2020122904001605,SGI,34,11,10,562.0,5620.0
2020122904001604,SGI,48,42,310,558.0,172980.0
2020122904001603,SGI,43,42,100,559.0,55900.0
2020122904001602,SGI,8,42,80,560.0,44800.0
2020122904001623,SGI,21,6,10,559.0,5590.0
2020122904001620,SGI,21,45,10,559.0,5590.0
2020122904001616,SGI,21,16,10,559.0,5590.0
2020122904001613,SGI,48,39,10,558.0,5580.0
2020122904001612,SGI,48,58,10,558.0,5580.0
2020122904001611,SGI,48,4,10,558.0,5580.0
2020122904001633,SGI,49,59,10,559.0,5590.0
2020122904001631,SGI,49,40,10,559.0,5590.0
2020122904001629,SGI,49,6,10,559.0,5590.0
2020122904001628,SGI,49,39,10,559.0,5590.0
2020122904001627,SGI,49,38,10,559.0,5590.0
2020122904001624,SGI,49,59,10,559.0,5590.0
2020122904001650,SGI,21,40,10,559.0,5590.0
2020122904001649,SGI,48,56,10,558.0,5580.0
2020122904001641,SGI,48,40,10,558.0,5580.0
2020122904001639,SGI,49,39,10,559.0,5590.0
2020122904001638,SGI,49,38,10,559.0,5590.0
2020122904001635,SGI,49,45,10,559.0,5590.0
2020122904001666,SGI,6,4,10,559.0,5590.0
2020122904001665,SGI,6,42,10,559.0,5590.0
2020122904001663,SGI,6,59,10,559.0,5590.0
2020122904001662,SGI,6,42,10,559.0,5590.0
2020122904001658,SGI,6,42,10,559.0,5590.0
2020122904001653,SGI,48,42,10,558.0,5580.0
2020122904001691,SGI,4,58,10,559.0,5590.0
2020122904001689,SGI,4,45,10,559.0,5590.0
2020122904001684,SGI,4,45,10,559.0,5590.0
2020122904001681,SGI,4,52,10,559.0,5590.0
2020122904001674,SGI,4,26,10,559.0,5590.0
2020122904001668,SGI,4,58,10,559.0,5590.0
2020122904001715,SGI,21,58,10,559.0,5590.0
2020122904001712,SGI,21,58,10,559.0,5590.0
2020122904001700,SGI,4,41,10,559.0,5590.0
2020122904001699,SGI,4,44,10,559.0,5590.0
2020122904001694,SGI,4,41,10,559.0,5590.0
2020122904001693,SGI,4,52,10,559.0,5590.0
2020122904001318,SLICLP,44,4,"150,000",316.0,47400000.0
2020122904001735,STC,41,58,10,5191.0,51910.0
2020122904001734,STC,41,10,10,5190.0,51900.0
2020122904001728,STC,20,10,10,5190.0,51900.0
2020122904001719,STC,41,10,40,5190.0,207600.0
2020122904001718,STC,41,10,10,5185.0,51850.0
2020122904001710,STC,38,10,50,5185.0,259250.0
2020122904001337,STC,56,55,10,5189.0,51890.0
2020122904001444,STC,58,10,50,5290.0,264500.0
2020122904001399,STC,38,55,44,5200.0,228800.0
2020122904001373,STC,58,55,40,5195.0,207800.0
2020122904001366,STC,58,55,10,5195.0,51950.0
2020122904001356,STC,52,55,10,5190.0,51900.0
2020122904001338,STC,5,55,50,5189.0,259450.0
2020122904001534,STC,58,55,10,5193.0,51930.0
2020122904001533,STC,58,58,50,5195.0,259750.0
2020122904001532,STC,56,58,30,5201.0,156030.0
2020122904001531,STC,57,58,10,5202.0,52020.0
2020122904001530,STC,56,58,30,5205.0,156150.0
2020122904001458,STC,58,40,50,5290.0,264500.0
2020122904001610,STC,39,10,20,5200.0,104000.0
2020122904001572,STC,38,10,76,5190.0,394440.0
2020122904001571,STC,56,10,20,5192.0,103840.0
2020122904001570,STC,58,10,40,5193.0,207720.0
2020122904001569,STC,45,10,10,5194.0,51940.0
2020122904001537,STC,38,58,80,5195.0,415600.0
2020122904001709,STC,56,10,10,5190.0,51900.0
2020122904001708,STC,56,10,10,5190.0,51900.0
2020122904001707,STC,56,10,20,5200.0,104000.0
2020122904001706,STC,58,10,40,5200.0,208000.0
2020122904001669,STC,13,13,"5,000",5205.0,26025000.0
2020122904001657,STC,58,13,10,5195.0,51950.0
2020122904001235,BBC,55,49,20,2600.0,52000.0
2020122904001234,BBC,55,58,40,2600.0,104000.0
2020122904001161,BBC,7,58,10,2600.0,26000.0
2020122904001032,CCBLPO,34,3,"107,000",112.0,11984000.0
2020122904000878,CCBLPO,34,21,"21,000",112.0,2352000.0
2020122904000910,CMF1,22,38,500,9.85,4925.0
2020122904001250,GIC,26,49,10,536.0,5360.0
2020122904001240,GIC,26,21,10,536.0,5360.0
2020122904001228,GIC,32,28,20,537.0,10740.0
2020122904001214,GIC,26,26,10,536.0,5360.0
2020122904001202,GIC,21,16,10,536.0,5360.0
2020122904001180,GIC,21,38,10,536.0,5360.0
2020122904000752,GIC,41,25,10,539.0,5390.0
2020122904000764,GIC,41,8,10,539.0,5390.0
2020122904000758,GIC,41,21,10,539.0,5390.0
2020122904000756,GIC,41,22,10,539.0,5390.0
2020122904000755,GIC,41,25,10,539.0,5390.0
2020122904000754,GIC,41,25,10,539.0,5390.0
2020122904000753,GIC,41,25,10,539.0,5390.0
2020122904000780,GIC,34,11,10,538.0,5380.0
2020122904000778,GIC,34,39,10,538.0,5380.0
2020122904000776,GIC,34,44,10,538.0,5380.0
2020122904000771,GIC,34,17,10,538.0,5380.0
2020122904000768,GIC,34,38,10,538.0,5380.0
2020122904000767,GIC,41,47,10,539.0,5390.0
2020122904000793,GIC,49,46,10,540.0,5400.0
2020122904000792,GIC,49,44,10,540.0,5400.0
2020122904000791,GIC,49,44,10,540.0,5400.0
2020122904000790,GIC,49,44,10,540.0,5400.0
2020122904000789,GIC,34,48,10,538.0,5380.0
2020122904000785,GIC,34,26,10,538.0,5380.0
2020122904000821,GIC,49,44,10,540.0,5400.0
2020122904000818,GIC,49,38,10,539.0,5390.0
2020122904000807,GIC,49,38,10,538.0,5380.0
2020122904000805,GIC,34,38,100,538.0,53800.0
2020122904000796,GIC,34,38,10,538.0,5380.0
2020122904000794,GIC,49,55,10,540.0,5400.0
2020122904000833,GIC,55,44,10,540.0,5400.0
2020122904000832,GIC,55,44,10,540.0,5400.0
2020122904000831,GIC,55,42,10,540.0,5400.0
2020122904000830,GIC,55,57,10,540.0,5400.0
2020122904000829,GIC,55,35,10,540.0,5400.0
2020122904000822,GIC,49,41,10,540.0,5400.0
2020122904000844,GIC,55,44,70,540.0,37800.0
2020122904000843,GIC,55,56,10,540.0,5400.0
2020122904000842,GIC,55,56,10,540.0,5400.0
2020122904000841,GIC,55,11,10,540.0,5400.0
2020122904000835,GIC,7,51,10,538.0,5380.0
2020122904000834,GIC,55,43,100,540.0,54000.0
2020122904000853,GIC,55,3,10,538.0,5380.0
2020122904000852,GIC,55,44,120,540.0,64800.0
2020122904000851,GIC,55,39,10,539.0,5390.0
2020122904000850,GIC,55,33,10,538.0,5380.0
2020122904000849,GIC,55,38,10,538.0,5380.0
2020122904000846,GIC,55,56,10,537.0,5370.0
2020122904000867,GIC,55,26,10,537.0,5370.0
2020122904000863,GIC,55,49,10,537.0,5370.0
2020122904000857,GIC,55,29,10,540.0,5400.0
2020122904000856,GIC,55,51,10,540.0,5400.0
2020122904000855,GIC,55,44,10,540.0,5400.0
2020122904000854,GIC,55,25,10,540.0,5400.0
2020122904000874,GIC,5,26,10,538.0,5380.0
2020122904000873,GIC,5,34,10,538.0,5380.0
2020122904000872,GIC,5,17,10,538.0,5380.0
2020122904000871,GIC,5,38,10,538.0,5380.0
2020122904000870,GIC,5,38,10,538.0,5380.0
2020122904000868,GIC,55,49,10,537.0,5370.0
2020122904000894,GIC,8,36,10,538.0,5380.0
2020122904000893,GIC,8,26,10,538.0,5380.0
2020122904000892,GIC,8,38,10,538.0,5380.0
2020122904000891,GIC,8,17,10,538.0,5380.0
2020122904000880,GIC,55,52,10,537.0,5370.0
2020122904000876,GIC,55,49,10,537.0,5370.0
2020122904000904,GIC,34,41,10,540.0,5400.0
2020122904000903,GIC,34,41,10,538.0,5380.0
2020122904000902,GIC,49,57,10,537.0,5370.0
2020122904000900,GIC,49,5,10,537.0,5370.0
2020122904000896,GIC,55,48,10,537.0,5370.0
2020122904000895,GIC,8,13,10,538.0,5380.0
2020122904000914,GIC,38,57,10,540.0,5400.0
2020122904000909,GIC,34,52,10,540.0,5400.0
2020122904000908,GIC,34,5,10,540.0,5400.0
2020122904000907,GIC,34,35,10,540.0,5400.0
2020122904000906,GIC,34,58,10,540.0,5400.0
2020122904000905,GIC,34,45,10,540.0,5400.0
2020122904000937,GIC,49,44,10,537.0,5370.0
2020122904000928,GIC,49,50,10,537.0,5370.0
2020122904000920,GIC,38,58,10,540.0,5400.0
2020122904000917,GIC,38,49,10,540.0,5400.0
2020122904000916,GIC,38,56,10,540.0,5400.0
2020122904000915,GIC,38,22,10,540.0,5400.0
2020122904000988,GIC,55,59,10,537.0,5370.0
2020122904000985,GIC,55,38,10,537.0,5370.0
2020122904000982,GIC,55,38,10,537.0,5370.0
2020122904000966,GIC,55,28,10,537.0,5370.0
2020122904000944,GIC,41,49,10,538.0,5380.0
2020122904000943,GIC,41,46,10,538.0,5380.0
2020122904001011,GIC,55,38,10,537.0,5370.0
2020122904000993,GIC,48,52,10,538.0,5380.0
2020122904000992,GIC,48,52,10,538.0,5380.0
2020122904000991,GIC,48,59,10,538.0,5380.0
2020122904000990,GIC,48,42,10,538.0,5380.0
2020122904000989,GIC,48,36,10,538.0,5380.0
2020122904001036,GIC,17,59,10,537.0,5370.0
2020122904001029,GIC,17,38,10,537.0,5370.0
2020122904001027,GIC,55,38,10,537.0,5370.0
2020122904001017,GIC,55,21,10,537.0,5370.0
2020122904001015,GIC,55,21,10,537.0,5370.0
2020122904001013,GIC,55,21,10,537.0,5370.0
2020122904001073,GIC,17,3,10,537.0,5370.0
2020122904001070,GIC,48,39,10,538.0,5380.0
2020122904001069,GIC,48,4,10,538.0,5380.0
2020122904001067,GIC,17,54,10,537.0,5370.0
2020122904001060,GIC,17,38,10,537.0,5370.0
2020122904001037,GIC,17,21,10,537.0,5370.0
2020122904001080,GIC,17,59,10,537.0,5370.0
2020122904001079,GIC,17,14,10,537.0,5370.0
2020122904001078,GIC,17,32,10,537.0,5370.0
2020122904001076,GIC,17,35,10,537.0,5370.0
2020122904001075,GIC,45,4,10,538.0,5380.0
2020122904001074,GIC,17,32,10,537.0,5370.0
2020122904001094,GIC,17,6,10,537.0,5370.0
2020122904001093,GIC,17,16,10,537.0,5370.0
2020122904001092,GIC,17,19,10,537.0,5370.0
2020122904001084,GIC,17,19,10,537.0,5370.0
2020122904001082,GIC,17,54,10,537.0,5370.0
2020122904001081,GIC,17,52,10,537.0,5370.0
2020122904001109,GIC,17,49,10,537.0,5370.0
2020122904001107,GIC,17,57,10,537.0,5370.0
2020122904001104,GIC,17,17,10,537.0,5370.0
2020122904001099,GIC,17,52,10,537.0,5370.0
2020122904001097,GIC,58,4,10,538.0,5380.0
2020122904001096,GIC,58,45,10,538.0,5380.0
2020122904001117,GIC,14,28,200,537.0,107400.0
2020122904001116,GIC,19,28,16,537.0,8592.0
2020122904001115,GIC,17,28,270,537.0,144990.0
2020122904001114,GIC,58,28,36,537.0,19332.0
2020122904001112,GIC,17,17,10,537.0,5370.0
2020122904001110,GIC,17,17,10,537.0,5370.0
2020122904001145,GIC,45,41,10,536.0,5360.0
2020122904001141,GIC,45,47,10,536.0,5360.0
2020122904001137,GIC,45,41,10,536.0,5360.0
2020122904001135,GIC,45,38,10,536.0,5360.0
2020122904001129,GIC,45,45,10,536.0,5360.0
2020122904001118,GIC,45,3,10,536.0,5360.0
2020122904001178,GIC,21,14,10,536.0,5360.0
2020122904001163,GIC,21,38,10,536.0,5360.0
2020122904001159,GIC,21,33,10,536.0,5360.0
2020122904001158,GIC,45,38,10,536.0,5360.0
2020122904001154,GIC,45,41,10,536.0,5360.0
2020122904001149,GIC,45,39,10,536.0,5360.0
2020122904001086,GIMES1,7,47,"1,000",11.11,11110.0
2020122904000945,GIMES1,7,58,"2,500",11.15,27875.0
2020122904000862,GIMES1,47,10,"10,000",11.22,112200.0
2020122904000861,GIMES1,47,10,"10,000",11.21,112100.0
2020122904000860,GIMES1,47,10,"10,000",11.2,112000.0
2020122904000859,GIMES1,47,10,"8,293",11.19,92798.67
2020122904000858,GIMES1,47,26,"2,100",11.17,23457.0
2020122904000801,GIMES1,7,57,"5,000",11.17,55850.0
2020122904001183,LEMF,53,59,"1,000",9.77,9770.0
2020122904001103,LUK,19,45,500,9.12,4560.0
2020122904001035,LUK,19,26,100,9.12,912.0
2020122904000977,LUK,38,41,100,9.3,930.0
2020122904000760,LUK,6,49,100,9.36,936.0
2020122904000759,LUK,6,22,500,9.36,4680.0
2020122904001176,NBF2,57,29,100,9.41,941.0
2020122904001100,NBF2,36,45,"2,000",9.42,18840.0
2020122904001083,NBF2,10,6,"10,000",9.5,95000.0
2020122904001053,NBF2,38,6,"5,010",9.5,47595.0
2020122904001052,NBF2,45,6,"1,000",9.5,9500.0
2020122904001047,NBF2,10,6,"11,400",9.6,109440.0
2020122904001008,NBF2,10,45,"1,000",9.6,9600.0
2020122904001007,NBF2,10,58,"8,600",9.57,82302.0
2020122904000912,NBF2,6,58,"1,400",9.57,13398.0
2020122904000773,NBF2,6,38,100,9.57,957.0
2020122904000772,NBF2,42,38,"1,000",9.59,9590.0
2020122904000777,NCCBPO,22,46,"6,403",114.0,729942.0
2020122904001238,NEF,50,1,"1,207",9.87,11913.09
2020122904001227,NEF,5,39,351,10.05,3527.55
2020122904001226,NEF,5,13,483,10.0,4830.0
2020122904001225,NEF,50,39,724,9.87,7145.88
2020122904001224,NEF,50,36,"2,156",9.87,21279.72
2020122904001223,NEF,44,36,258,9.89,2551.62
2020122904000959,NEF,28,11,241,10.0,2410.0
2020122904000798,NEF,5,49,483,9.85,4757.55
2020122904000787,NEF,5,57,241,9.85,2373.85
2020122904000770,NEF,5,59,"1,207",9.85,11888.95
2020122904000969,NEF,28,43,724,10.04,7268.96
2020122904000968,NEF,28,11,966,10.04,9698.64
2020122904000963,NEF,28,14,"5,000",10.0,50000.0
2020122904000962,NEF,28,35,"1,127",10.0,11270.0
2020122904000961,NEF,28,20,"2,253",10.0,22530.0
2020122904000960,NEF,28,52,500,10.0,5000.0
2020122904001033,NEF,28,6,648,10.05,6512.4
2020122904000974,NEF,28,56,"2,414",10.05,24260.7
2020122904000973,NEF,28,42,"2,028",10.05,20381.4
2020122904000972,NEF,28,22,"20,000",10.05,201000.0
2020122904000971,NEF,28,4,"2,414",10.05,24260.7
2020122904000970,NEF,28,11,806,10.05,8100.3
2020122904001206,NEF,44,36,"2,414",9.89,23874.46
2020122904001199,NEF,44,59,328,9.89,3243.92
2020122904001198,NEF,28,59,879,10.0,8790.0
2020122904001057,NEF,50,17,510,10.06,5130.6
2020122904001056,NEF,50,6,"1,766",10.05,17748.3
2020122904001055,NEF,50,38,"1,966",10.04,19738.64
2020122904001148,NIBLPF,53,29,"3,821",10.06,38439.26
2020122904001144,NIBLPF,3,36,505,10.05,5075.25
2020122904001140,NIBLPF,26,29,475,10.06,4778.5
2020122904001038,NIBLPF,26,38,"2,525",10.06,25401.5
2020122904001025,NIBLPF,3,17,"2,525",10.05,25376.25
2020122904000958,NIBLPF,28,29,360,10.25,3690.0
2020122904000951,NIBLPF,28,52,510,10.15,5176.5
2020122904000950,NIBLPF,28,58,"1,000",10.15,10150.0
2020122904000848,NIBLPF,28,16,505,10.1,5100.5
2020122904000847,NIBLPF,28,25,"2,525",10.1,25502.5
2020122904000800,NIBLPF,52,26,200,10.07,2014.0
2020122904000957,NIBLPF,28,52,"2,525",10.25,25881.25
2020122904000956,NIBLPF,28,57,"2,525",10.25,25881.25
2020122904000955,NIBLPF,28,37,"1,560",10.2,15912.0
2020122904000954,NIBLPF,28,37,965,10.2,9843.0
2020122904000953,NIBLPF,28,17,"2,525",10.2,25755.0
2020122904000952,NIBLPF,28,17,"5,000",10.2,51000.0
2020122904001179,NIBPO,17,29,500,440.0,220000.0
2020122904000986,NIBPO,58,33,"2,875",440.0,1265000.0
2020122904000981,NIBPO,58,33,125,440.0,55000.0
2020122904000979,NIBPO,4,42,779,442.0,344318.0
2020122904000978,NIBPO,4,42,"1,500",442.0,663000.0
2020122904000967,NIBPO,11,46,50,441.0,22050.0
2020122904000766,NIBPO,39,25,50,438.0,21900.0
2020122904000765,NIBPO,11,25,439,438.0,192282.0
2020122904000761,NIBPO,11,25,61,438.0,26718.0
2020122904000939,NIBPO,49,35,"2,000",440.0,880000.0
2020122904000913,NIBPO,58,35,875,440.0,385000.0
2020122904000897,NIBPO,17,35,"1,000",440.0,440000.0
2020122904000825,NIBPO,3,52,61,439.0,26779.0
2020122904000819,NIBPO,40,25,97,438.0,42486.0
2020122904000769,NIBPO,39,25,17,438.0,7446.0
2020122904001239,NIBSF1,34,42,100,11.32,1132.0
2020122904001216,NIBSF1,36,26,"2,000",11.26,22520.0
2020122904001190,NIBSF1,36,26,"1,500",11.26,16890.0
2020122904001182,NIBSF1,36,26,"1,500",11.26,16890.0
2020122904001170,NIBSF1,59,22,"5,000",11.29,56450.0
2020122904001152,NIBSF1,36,22,"5,000",11.3,56500.0
2020122904001151,NIBSF1,36,22,"9,700",11.31,109707.0
2020122904001150,NIBSF1,47,22,"5,000",11.32,56600.0
2020122904000942,NIBSF1,59,42,583,11.32,6599.56
2020122904000941,NIBSF1,59,58,500,11.32,5660.0
2020122904000845,NIBSF1,36,38,300,11.31,3393.0
2020122904000815,NIBSF1,36,58,"2,000",11.32,22640.0
2020122904001177,NICAD8283,40,29,25,1150.0,28750.0
2020122904000998,NICBF,58,28,900,10.01,9009.0
2020122904001188,NICD83/84,19,29,100,1060.0,106000.0
2020122904000889,NICGF,22,38,500,10.38,5190.0
2020122904000783,NICGF,6,26,250,10.37,2592.5
2020122904000782,NICGF,6,59,800,10.37,8296.0
2020122904001231,NMBHF1,8,39,"4,161",10.0,41610.0
2020122904001229,NMBHF1,8,36,"4,078",10.0,40780.0
2020122904001219,NMBHF1,8,39,499,10.0,4990.0
2020122904001213,NMBHF1,8,59,832,10.0,8320.0
2020122904001212,NMBHF1,8,45,"10,241",10.0,102410.0
2020122904001210,NMBHF1,8,36,"4,078",10.0,40780.0
2020122904000806,NMBHF1,8,59,832,10.0,8320.0
2020122904001130,NMBHF1,22,28,"3,021",10.03,30300.63
2020122904001043,NMBHF1,22,38,"2,332",10.03,23389.96
2020122904000911,NMBHF1,22,14,832,10.03,8344.96
2020122904000839,NMBHF1,22,16,416,10.03,4172.48
2020122904000838,NMBHF1,22,11,416,10.03,4172.48
2020122904000827,NMBHF1,8,26,416,10.0,4160.0
2020122904001208,NMBHF1,8,39,499,10.0,4990.0
2020122904001201,NMBHF1,8,36,"1,095",10.0,10950.0
2020122904001196,NMBHF1,22,36,"2,983",10.03,29919.49
2020122904001134,NMBHF1,29,17,"1,289",10.05,12954.45
2020122904001133,NMBHF1,29,42,"1,577",10.05,15848.85
2020122904001132,NMBHF1,29,43,"2,134",10.04,21425.36
2020122904001186,RBCLPO,6,7,10,13300.0,133000.0
2020122904001185,RBCLPO,26,7,10,13350.0,133500.0
2020122904000824,RBCLPO,26,6,10,13490.0,134900.0
2020122904001251,SAEF,17,56,"10,000",11.25,112500.0
2020122904001243,SAEF,45,56,"2,000",11.26,22520.0
2020122904001242,SAEF,21,56,"2,000",11.26,22520.0
2020122904001197,SAEF,21,47,"2,000",11.26,22520.0
2020122904001157,SAEF,21,56,"4,000",11.26,45040.0
2020122904001046,SAEF,21,38,"2,000",11.26,22520.0
2020122904000864,SAEF,47,53,"2,500",11.37,28425.0
2020122904000816,SAEF,29,59,800,11.32,9056.0
2020122904000888,SAEF,42,34,"30,000",11.31,339300.0
2020122904000887,SAEF,42,34,"20,000",11.31,226200.0
2020122904000886,SAEF,47,34,"30,000",11.32,339600.0
2020122904000885,SAEF,29,34,"1,000",11.32,11320.0
2020122904000866,SAEF,47,45,550,11.38,6259.0
2020122904000865,SAEF,47,13,"5,000",11.38,56900.0
2020122904001221,SAND2085,26,6,50,1040.0,52000.0
2020122904000840,SAND2085,43,45,75,1045.0,78375.0
2020122904000823,SAND2085,43,45,25,1045.0,26125.0
2020122904000946,SBLD2082,58,45,25,1075.0,26875.0
2020122904001194,SEF,19,25,220,10.31,2268.2
2020122904001193,SEF,19,41,"1,000",10.31,10310.0
2020122904001192,SEF,19,41,"1,000",10.31,10310.0
2020122904001160,SEF,17,41,"1,000",10.3,10300.0
2020122904001127,SEF,43,41,500,10.31,5155.0
2020122904000828,SEF,17,59,"1,000",10.3,10300.0
2020122904000804,SEF,43,38,"1,000",10.31,10310.0
2020122904000803,SEF,43,28,500,10.31,5155.0
2020122904000762,SEF,17,16,300,10.3,3090.0
2020122904001249,SGI,41,49,10,560.0,5600.0
2020122904001248,SGI,41,42,10,560.0,5600.0
2020122904001247,SGI,48,37,10,560.0,5600.0
2020122904001246,SGI,49,34,10,560.0,5600.0
2020122904001245,SGI,49,42,10,560.0,5600.0
2020122904001244,SGI,52,36,10,560.0,5600.0
2020122904000757,SGI,36,8,10,561.0,5610.0
2020122904000784,SGI,36,51,10,561.0,5610.0
2020122904000781,SGI,36,39,10,561.0,5610.0
2020122904000779,SGI,36,17,10,561.0,5610.0
2020122904000775,SGI,21,42,10,562.0,5620.0
2020122904000774,SGI,21,47,10,562.0,5620.0
2020122904000763,SGI,36,10,10,561.0,5610.0
2020122904000802,SGI,36,38,10,561.0,5610.0
2020122904000799,SGI,36,38,10,561.0,5610.0
2020122904000797,SGI,36,17,10,561.0,5610.0
2020122904000795,SGI,36,26,10,561.0,5610.0
2020122904000788,SGI,36,17,10,561.0,5610.0
2020122904000786,SGI,36,38,10,561.0,5610.0
2020122904000813,SGI,36,38,10,563.0,5630.0
2020122904000812,SGI,36,38,10,563.0,5630.0
2020122904000811,SGI,50,38,10,562.0,5620.0
2020122904000810,SGI,50,45,10,562.0,5620.0
2020122904000809,SGI,50,38,10,562.0,5620.0
2020122904000808,SGI,36,38,10,561.0,5610.0
2020122904000837,SGI,36,38,10,563.0,5630.0
2020122904000836,SGI,36,37,10,563.0,5630.0
2020122904000826,SGI,36,50,10,563.0,5630.0
2020122904000820,SGI,36,8,10,563.0,5630.0
2020122904000817,SGI,36,38,10,563.0,5630.0
2020122904000814,SGI,36,26,10,563.0,5630.0
2020122904000882,SGI,36,56,10,563.0,5630.0
2020122904000881,SGI,36,17,10,563.0,5630.0
2020122904000879,SGI,36,17,10,563.0,5630.0
2020122904000877,SGI,36,26,10,563.0,5630.0
2020122904000875,SGI,36,26,10,563.0,5630.0
2020122904000869,SGI,36,20,10,563.0,5630.0
2020122904000901,SGI,36,47,10,563.0,5630.0
2020122904000899,SGI,36,28,10,563.0,5630.0
2020122904000898,SGI,36,17,10,563.0,5630.0
2020122904000890,SGI,36,26,10,563.0,5630.0
2020122904000884,SGI,36,58,10,563.0,5630.0
2020122904000883,SGI,36,46,10,563.0,5630.0
2020122904000924,SGI,36,38,10,563.0,5630.0
2020122904000923,SGI,36,56,10,563.0,5630.0
2020122904000922,SGI,36,47,10,563.0,5630.0
2020122904000921,SGI,36,56,10,563.0,5630.0
2020122904000919,SGI,36,58,10,563.0,5630.0
2020122904000918,SGI,36,49,10,563.0,5630.0
2020122904000931,SGI,52,21,10,565.0,5650.0
2020122904000930,SGI,52,57,10,565.0,5650.0
2020122904000929,SGI,52,1,10,565.0,5650.0
2020122904000927,SGI,36,36,10,563.0,5630.0
2020122904000926,SGI,36,42,10,563.0,5630.0
2020122904000925,SGI,36,36,10,563.0,5630.0
2020122904000938,SGI,52,49,10,565.0,5650.0
2020122904000936,SGI,52,49,10,565.0,5650.0
2020122904000935,SGI,52,44,10,565.0,5650.0
2020122904000934,SGI,52,58,10,565.0,5650.0
2020122904000933,SGI,52,53,20,565.0,11300.0
2020122904000932,SGI,52,33,10,565.0,5650.0
2020122904000965,SGI,55,42,10,565.0,5650.0
2020122904000964,SGI,55,49,10,565.0,5650.0
2020122904000949,SGI,36,57,10,563.0,5630.0
2020122904000948,SGI,36,44,10,563.0,5630.0
2020122904000947,SGI,36,49,10,563.0,5630.0
2020122904000940,SGI,36,56,10,563.0,5630.0
2020122904000994,SGI,50,34,10,562.0,5620.0
2020122904000984,SGI,50,34,10,562.0,5620.0
2020122904000983,SGI,50,38,10,562.0,5620.0
2020122904000980,SGI,50,32,10,562.0,5620.0
2020122904000976,SGI,36,48,10,563.0,5630.0
2020122904000975,SGI,36,34,10,563.0,5630.0
2020122904001001,SGI,29,34,100,562.0,56200.0
2020122904001000,SGI,50,34,25,562.0,14050.0
2020122904000999,SGI,39,34,10,565.0,5650.0
2020122904000997,SGI,39,52,10,565.0,5650.0
2020122904000996,SGI,39,14,10,565.0,5650.0
2020122904000995,SGI,39,55,10,565.0,5650.0
2020122904001009,SGI,36,13,10,560.0,5600.0
2020122904001006,SGI,36,34,75,560.0,42000.0
2020122904001005,SGI,48,34,50,561.0,28050.0
2020122904001004,SGI,45,34,60,561.0,33660.0
2020122904001003,SGI,58,34,20,562.0,11240.0
2020122904001002,SGI,56,34,200,562.0,112400.0
2020122904001019,SGI,36,58,10,560.0,5600.0
2020122904001018,SGI,36,4,10,560.0,5600.0
2020122904001016,SGI,39,56,10,565.0,5650.0
2020122904001014,SGI,39,49,10,565.0,5650.0
2020122904001012,SGI,39,39,10,565.0,5650.0
2020122904001010,SGI,39,21,10,565.0,5650.0
2020122904001026,SGI,36,57,10,560.0,5600.0
2020122904001024,SGI,36,4,10,560.0,5600.0
2020122904001023,SGI,36,28,10,560.0,5600.0
2020122904001022,SGI,36,52,10,560.0,5600.0
2020122904001021,SGI,36,38,10,560.0,5600.0
2020122904001020,SGI,36,29,10,560.0,5600.0
2020122904001040,SGI,1,38,10,561.0,5610.0
2020122904001039,SGI,1,16,10,561.0,5610.0
2020122904001034,SGI,1,38,10,561.0,5610.0
2020122904001031,SGI,1,52,10,561.0,5610.0
2020122904001030,SGI,36,38,10,560.0,5600.0
2020122904001028,SGI,36,6,10,560.0,5600.0
2020122904001049,SGI,36,38,10,560.0,5600.0
2020122904001048,SGI,36,38,10,560.0,5600.0
2020122904001045,SGI,38,7,10,564.0,5640.0
2020122904001044,SGI,36,38,10,560.0,5600.0
2020122904001042,SGI,36,36,10,560.0,5600.0
2020122904001041,SGI,36,38,10,560.0,5600.0
2020122904001061,SGI,36,38,10,560.0,5600.0
2020122904001059,SGI,36,38,10,560.0,5600.0
2020122904001058,SGI,36,52,10,560.0,5600.0
2020122904001054,SGI,36,26,10,560.0,5600.0
2020122904001051,SGI,36,38,10,560.0,5600.0
2020122904001050,SGI,36,43,10,560.0,5600.0
2020122904001068,SGI,45,38,10,561.0,5610.0
2020122904001066,SGI,45,57,10,561.0,5610.0
2020122904001065,SGI,45,38,10,561.0,5610.0
2020122904001064,SGI,45,38,10,561.0,5610.0
2020122904001063,SGI,45,38,10,561.0,5610.0
2020122904001062,SGI,45,38,10,561.0,5610.0
2020122904001088,SGI,49,58,10,565.0,5650.0
2020122904001087,SGI,49,49,10,565.0,5650.0
2020122904001085,SGI,45,38,10,560.0,5600.0
2020122904001077,SGI,45,3,10,561.0,5610.0
2020122904001072,SGI,45,26,10,561.0,5610.0
2020122904001071,SGI,45,40,10,561.0,5610.0
2020122904001101,SGI,45,3,10,560.0,5600.0
2020122904001098,SGI,45,38,10,560.0,5600.0
2020122904001095,SGI,45,39,10,560.0,5600.0
2020122904001091,SGI,49,35,10,568.0,5680.0
2020122904001090,SGI,49,58,10,568.0,5680.0
2020122904001089,SGI,49,41,10,565.0,5650.0
2020122904001113,SGI,45,17,10,560.0,5600.0
2020122904001111,SGI,45,47,10,560.0,5600.0
2020122904001108,SGI,45,17,10,560.0,5600.0
2020122904001106,SGI,45,38,10,560.0,5600.0
2020122904001105,SGI,45,17,10,560.0,5600.0
2020122904001102,SGI,45,17,10,560.0,5600.0
2020122904001124,SGI,45,35,50,560.0,28000.0
2020122904001123,SGI,57,35,50,561.0,28050.0
2020122904001122,SGI,45,56,10,560.0,5600.0
2020122904001121,SGI,45,49,10,560.0,5600.0
2020122904001120,SGI,45,38,10,560.0,5600.0
2020122904001119,SGI,45,38,10,560.0,5600.0
2020122904001138,SGI,6,42,10,560.0,5600.0
2020122904001136,SGI,6,16,10,560.0,5600.0
2020122904001131,SGI,6,39,10,560.0,5600.0
2020122904001128,SGI,6,44,10,560.0,5600.0
2020122904001126,SGI,6,35,50,560.0,28000.0
2020122904001125,SGI,57,35,50,560.0,28000.0
2020122904001153,SGI,34,41,10,560.0,5600.0
2020122904001147,SGI,34,41,10,560.0,5600.0
2020122904001146,SGI,34,29,10,560.0,5600.0
2020122904001143,SGI,34,52,10,560.0,5600.0
2020122904001142,SGI,34,38,10,560.0,5600.0
2020122904001139,SGI,6,41,10,560.0,5600.0
2020122904001166,SGI,34,16,10,560.0,5600.0
2020122904001165,SGI,34,58,10,560.0,5600.0
2020122904001164,SGI,34,35,10,560.0,5600.0
2020122904001162,SGI,34,33,10,560.0,5600.0
2020122904001156,SGI,22,40,10,561.0,5610.0
2020122904001155,SGI,34,3,10,560.0,5600.0
2020122904001175,SGI,34,47,10,560.0,5600.0
2020122904001174,SGI,8,14,10,561.0,5610.0
2020122904001173,SGI,8,42,10,561.0,5610.0
2020122904001172,SGI,34,39,10,560.0,5600.0
2020122904001171,SGI,34,39,10,560.0,5600.0
2020122904001167,SGI,34,37,10,560.0,5600.0
2020122904001195,SGI,55,19,10,561.0,5610.0
2020122904001191,SGI,55,55,10,561.0,5610.0
2020122904001189,SGI,55,40,10,561.0,5610.0
2020122904001187,SGI,55,22,10,561.0,5610.0
2020122904001184,SGI,55,54,10,561.0,5610.0
2020122904001181,SGI,34,39,10,560.0,5600.0
2020122904001209,SGI,34,16,10,560.0,5600.0
2020122904001207,SGI,34,17,10,560.0,5600.0
2020122904001205,SGI,34,16,10,560.0,5600.0
2020122904001204,SGI,34,42,10,560.0,5600.0
2020122904001203,SGI,34,20,10,560.0,5600.0
2020122904001200,SGI,34,39,10,560.0,5600.0
2020122904001222,SGI,7,42,10,560.0,5600.0
2020122904001220,SGI,7,21,10,560.0,5600.0
2020122904001218,SGI,7,21,10,560.0,5600.0
2020122904001217,SGI,7,21,10,560.0,5600.0
2020122904001215,SGI,34,45,10,560.0,5600.0
2020122904001211,SGI,34,26,10,560.0,5600.0
2020122904001241,SGI,7,58,10,560.0,5600.0
2020122904001237,SGI,7,33,10,560.0,5600.0
2020122904001236,SGI,7,42,10,560.0,5600.0
2020122904001233,SGI,7,56,10,560.0,5600.0
2020122904001232,SGI,7,42,10,560.0,5600.0
2020122904001230,SGI,7,41,10,560.0,5600.0
2020122904001169,STC,39,55,10,5200.0,52000.0
2020122904001168,STC,58,55,10,5205.0,52050.0
2020122904000987,STC,45,46,10,5209.0,52090.0
2020122904000321,BBC,49,34,30,2590.0,77700.0
2020122904000381,CBBLPO,34,33,"30,000",570.0,17100000.0
2020122904000372,CBBLPO,34,33,"27,000",570.0,15390000.0
2020122904000370,CBBLPO,34,33,"3,000",570.0,1710000.0
2020122904000368,CBBLPO,34,33,"60,000",570.0,34200000.0
2020122904000714,CCBLPO,34,39,"150,000",112.0,16800000.0
2020122904000574,CCBLPO,34,51,"15,775",112.0,1766800.0
2020122904000468,CCBLPO,34,49,"245,000",112.0,27440000.0
2020122904000400,CCBLPO,34,32,"21,000",112.0,2352000.0
2020122904000728,CMF1,41,59,800,9.82,7856.0
2020122904000751,GIC,41,25,10,539.0,5390.0
2020122904000750,GIC,41,25,10,539.0,5390.0
2020122904000749,GIC,41,25,10,539.0,5390.0
2020122904000748,GIC,41,25,10,539.0,5390.0
2020122904000747,GIC,41,25,10,539.0,5390.0
2020122904000746,GIC,41,25,10,539.0,5390.0
2020122904000253,GIC,5,16,10,537.0,5370.0
2020122904000252,GIC,5,16,10,537.0,5370.0
2020122904000259,GIC,5,46,10,537.0,5370.0
2020122904000258,GIC,5,38,10,537.0,5370.0
2020122904000257,GIC,5,16,10,537.0,5370.0
2020122904000256,GIC,5,16,10,537.0,5370.0
2020122904000255,GIC,5,16,10,537.0,5370.0
2020122904000254,GIC,5,42,10,537.0,5370.0
2020122904000267,GIC,29,16,10,537.0,5370.0
2020122904000266,GIC,29,43,10,537.0,5370.0
2020122904000265,GIC,29,58,10,537.0,5370.0
2020122904000264,GIC,34,16,10,536.0,5360.0
2020122904000262,GIC,39,46,100,537.0,53700.0
2020122904000261,GIC,34,16,10,536.0,5360.0
2020122904000295,GIC,13,36,10,536.0,5360.0
2020122904000289,GIC,21,38,10,536.0,5360.0
2020122904000286,GIC,21,7,10,536.0,5360.0
2020122904000284,GIC,29,14,50,537.0,26850.0
2020122904000278,GIC,29,14,10,537.0,5370.0
2020122904000276,GIC,29,38,10,537.0,5370.0
2020122904000311,GIC,13,28,10,536.0,5360.0
2020122904000305,GIC,13,52,10,536.0,5360.0
2020122904000302,GIC,41,58,10,538.0,5380.0
2020122904000301,GIC,41,41,10,538.0,5380.0
2020122904000298,GIC,13,58,10,536.0,5360.0
2020122904000297,GIC,29,14,50,537.0,26850.0
2020122904000338,GIC,13,58,10,536.0,5360.0
2020122904000337,GIC,13,6,10,536.0,5360.0
2020122904000323,GIC,13,51,10,536.0,5360.0
2020122904000315,GIC,13,58,10,536.0,5360.0
2020122904000313,GIC,41,45,10,537.0,5370.0
2020122904000312,GIC,13,42,10,536.0,5360.0
2020122904000358,GIC,21,26,10,536.0,5360.0
2020122904000357,GIC,21,52,10,536.0,5360.0
2020122904000356,GIC,35,44,10,536.0,5360.0
2020122904000355,GIC,35,1,10,536.0,5360.0
2020122904000346,GIC,17,21,10,536.0,5360.0
2020122904000344,GIC,13,58,10,536.0,5360.0
2020122904000375,GIC,56,32,10,536.0,5360.0
2020122904000374,GIC,56,28,10,536.0,5360.0
2020122904000369,GIC,56,14,10,536.0,5360.0
2020122904000362,GIC,21,49,10,536.0,5360.0
2020122904000361,GIC,21,14,10,536.0,5360.0
2020122904000359,GIC,21,34,10,536.0,5360.0
2020122904000389,GIC,52,21,10,536.0,5360.0
2020122904000387,GIC,52,21,10,536.0,5360.0
2020122904000386,GIC,52,21,10,536.0,5360.0
2020122904000383,GIC,52,26,10,536.0,5360.0
2020122904000380,GIC,56,29,10,536.0,5360.0
2020122904000379,GIC,56,32,10,536.0,5360.0
2020122904000403,GIC,45,21,10,536.0,5360.0
2020122904000402,GIC,45,21,10,536.0,5360.0
2020122904000401,GIC,45,21,10,536.0,5360.0
2020122904000397,GIC,45,21,10,536.0,5360.0
2020122904000394,GIC,45,21,10,536.0,5360.0
2020122904000390,GIC,45,21,10,536.0,5360.0
2020122904000409,GIC,28,21,10,537.0,5370.0
2020122904000408,GIC,45,22,10,536.0,5360.0
2020122904000407,GIC,45,21,10,536.0,5360.0
2020122904000406,GIC,45,21,10,536.0,5360.0
2020122904000405,GIC,45,21,10,536.0,5360.0
2020122904000404,GIC,45,51,10,536.0,5360.0
2020122904000416,GIC,28,22,10,537.0,5370.0
2020122904000415,GIC,28,21,10,537.0,5370.0
2020122904000414,GIC,28,52,10,537.0,5370.0
2020122904000413,GIC,28,43,10,537.0,5370.0
2020122904000411,GIC,28,8,10,537.0,5370.0
2020122904000410,GIC,28,43,10,537.0,5370.0
2020122904000437,GIC,28,21,10,537.0,5370.0
2020122904000426,GIC,28,21,10,537.0,5370.0
2020122904000422,GIC,28,26,10,537.0,5370.0
2020122904000421,GIC,28,21,10,537.0,5370.0
2020122904000419,GIC,28,21,10,537.0,5370.0
2020122904000417,GIC,28,21,10,537.0,5370.0
2020122904000450,GIC,44,7,10,538.0,5380.0
2020122904000449,GIC,44,58,10,538.0,5380.0
2020122904000447,GIC,44,22,10,538.0,5380.0
2020122904000443,GIC,44,7,10,538.0,5380.0
2020122904000442,GIC,44,13,10,538.0,5380.0
2020122904000439,GIC,28,21,10,537.0,5370.0
2020122904000460,GIC,44,47,10,538.0,5380.0
2020122904000459,GIC,44,42,10,538.0,5380.0
2020122904000457,GIC,32,11,10,539.0,5390.0
2020122904000456,GIC,32,58,10,539.0,5390.0
2020122904000455,GIC,44,21,10,538.0,5380.0
2020122904000454,GIC,42,34,10,539.0,5390.0
2020122904000471,GIC,11,47,10,538.0,5380.0
2020122904000469,GIC,11,21,10,538.0,5380.0
2020122904000467,GIC,22,58,10,539.0,5390.0
2020122904000465,GIC,11,21,10,538.0,5380.0
2020122904000462,GIC,44,44,10,538.0,5380.0
2020122904000461,GIC,44,21,10,538.0,5380.0
2020122904000485,GIC,11,21,10,538.0,5380.0
2020122904000482,GIC,11,21,10,538.0,5380.0
2020122904000480,GIC,11,21,10,538.0,5380.0
2020122904000478,GIC,11,21,10,538.0,5380.0
2020122904000475,GIC,11,38,10,538.0,5380.0
2020122904000473,GIC,11,32,10,538.0,5380.0
2020122904000502,GIC,29,21,10,538.0,5380.0
2020122904000500,GIC,29,21,10,538.0,5380.0
2020122904000499,GIC,29,48,10,538.0,5380.0
2020122904000498,GIC,29,41,10,538.0,5380.0
2020122904000496,GIC,28,21,10,537.0,5370.0
2020122904000487,GIC,11,21,10,538.0,5380.0
2020122904000514,GIC,29,21,10,538.0,5380.0
2020122904000513,GIC,29,48,10,538.0,5380.0
2020122904000511,GIC,29,38,10,538.0,5380.0
2020122904000510,GIC,29,21,10,538.0,5380.0
2020122904000508,GIC,29,21,10,538.0,5380.0
2020122904000505,GIC,29,38,10,538.0,5380.0
2020122904000522,GIC,29,21,10,538.0,5380.0
2020122904000520,GIC,29,21,10,538.0,5380.0
2020122904000519,GIC,29,21,10,538.0,5380.0
2020122904000517,GIC,29,21,10,538.0,5380.0
2020122904000516,GIC,29,58,10,538.0,5380.0
2020122904000515,GIC,29,21,10,538.0,5380.0
2020122904000529,GIC,29,42,10,538.0,5380.0
2020122904000528,GIC,29,48,10,538.0,5380.0
2020122904000527,GIC,29,42,10,538.0,5380.0
2020122904000526,GIC,29,42,10,538.0,5380.0
2020122904000525,GIC,29,42,10,538.0,5380.0
2020122904000524,GIC,29,21,10,538.0,5380.0
2020122904000541,GIC,29,48,10,538.0,5380.0
2020122904000537,GIC,29,58,10,538.0,5380.0
2020122904000536,GIC,29,38,10,538.0,5380.0
2020122904000535,GIC,29,38,10,538.0,5380.0
2020122904000532,GIC,29,36,10,538.0,5380.0
2020122904000531,GIC,29,44,10,538.0,5380.0
2020122904000553,GIC,29,59,10,538.0,5380.0
2020122904000552,GIC,29,38,10,538.0,5380.0
2020122904000550,GIC,29,38,10,538.0,5380.0
2020122904000549,GIC,29,38,10,538.0,5380.0
2020122904000545,GIC,29,58,10,538.0,5380.0
2020122904000543,GIC,29,8,10,538.0,5380.0
2020122904000567,GIC,29,22,10,538.0,5380.0
2020122904000565,GIC,29,50,10,538.0,5380.0
2020122904000563,GIC,29,38,10,538.0,5380.0
2020122904000561,GIC,29,48,10,538.0,5380.0
2020122904000557,GIC,29,38,10,538.0,5380.0
2020122904000556,GIC,29,59,10,538.0,5380.0
2020122904000581,GIC,29,48,10,538.0,5380.0
2020122904000580,GIC,29,16,10,538.0,5380.0
2020122904000575,GIC,29,48,10,538.0,5380.0
2020122904000572,GIC,29,59,10,538.0,5380.0
2020122904000571,GIC,29,58,10,538.0,5380.0
2020122904000568,GIC,29,8,10,538.0,5380.0
2020122904000606,GIC,26,46,10,538.0,5380.0
2020122904000605,GIC,50,59,10,537.0,5370.0
2020122904000592,GIC,29,48,10,538.0,5380.0
2020122904000591,GIC,29,41,10,538.0,5380.0
2020122904000585,GIC,29,58,10,538.0,5380.0
2020122904000582,GIC,29,11,10,538.0,5380.0
2020122904000624,GIC,50,47,10,537.0,5370.0
2020122904000623,GIC,50,38,10,537.0,5370.0
2020122904000610,GIC,26,46,10,538.0,5380.0
2020122904000609,GIC,26,38,10,538.0,5380.0
2020122904000608,GIC,26,22,10,538.0,5380.0
2020122904000607,GIC,26,6,10,538.0,5380.0
2020122904000640,GIC,25,52,10,538.0,5380.0
2020122904000631,GIC,49,46,10,538.0,5380.0
2020122904000629,GIC,49,58,10,538.0,5380.0
2020122904000628,GIC,49,32,10,538.0,5380.0
2020122904000627,GIC,49,58,10,538.0,5380.0
2020122904000626,GIC,49,22,10,538.0,5380.0
2020122904000662,GIC,41,42,10,538.0,5380.0
2020122904000654,GIC,49,49,10,538.0,5380.0
2020122904000650,GIC,25,29,10,538.0,5380.0
2020122904000649,GIC,25,52,10,538.0,5380.0
2020122904000648,GIC,25,41,10,538.0,5380.0
2020122904000643,GIC,25,38,10,538.0,5380.0
2020122904000683,GIC,56,6,10,538.0,5380.0
2020122904000682,GIC,56,16,10,538.0,5380.0
2020122904000681,GIC,56,32,10,538.0,5380.0
2020122904000680,GIC,56,37,10,538.0,5380.0
2020122904000673,GIC,50,44,10,537.0,5370.0
2020122904000671,GIC,41,38,10,538.0,5380.0
2020122904000697,GIC,50,5,10,537.0,5370.0
2020122904000693,GIC,50,38,10,537.0,5370.0
2020122904000690,GIC,50,6,10,537.0,5370.0
2020122904000686,GIC,50,38,10,537.0,5370.0
2020122904000685,GIC,50,17,10,537.0,5370.0
2020122904000684,GIC,56,16,10,538.0,5380.0
2020122904000716,GIC,55,22,10,537.0,5370.0
2020122904000712,GIC,55,38,10,537.0,5370.0
2020122904000710,GIC,14,38,10,537.0,5370.0
2020122904000707,GIC,14,38,10,537.0,5370.0
2020122904000704,GIC,14,58,10,537.0,5370.0
2020122904000702,GIC,50,28,10,537.0,5370.0
2020122904000739,GIC,41,25,10,539.0,5390.0
2020122904000738,GIC,41,11,10,539.0,5390.0
2020122904000734,GIC,34,51,10,538.0,5380.0
2020122904000729,GIC,34,44,10,538.0,5380.0
2020122904000727,GIC,55,38,10,537.0,5370.0
2020122904000726,GIC,36,26,10,538.0,5380.0
2020122904000745,GIC,41,25,10,539.0,5390.0
2020122904000744,GIC,41,25,10,539.0,5390.0
2020122904000743,GIC,41,36,10,539.0,5390.0
2020122904000742,GIC,41,21,10,539.0,5390.0
2020122904000741,GIC,41,25,10,539.0,5390.0
2020122904000740,GIC,41,25,10,539.0,5390.0
2020122904000326,GIMES1,34,7,"1,000",11.39,11390.0
2020122904000392,KBLPO,52,25,"30,000",110.0,3300000.0
2020122904000388,KBLPO,52,25,"20,000",110.0,2200000.0
2020122904000595,KSBBLP,1,25,"10,421",123.0,1281783.0
2020122904000701,LEMF,17,59,"1,200",9.75,11700.0
2020122904000304,LEMF,17,39,"5,000",9.75,48750.0
2020122904000294,LEMF,17,39,"5,000",9.75,48750.0
2020122904000288,LEMF,17,39,"5,000",9.75,48750.0
2020122904000509,LEMF,17,44,500,9.75,4875.0
2020122904000501,LEMF,17,44,500,9.75,4875.0
2020122904000733,LUK,6,1,100,9.35,935.0
2020122904000700,LUK,38,7,900,9.3,8370.0
2020122904000676,LUK,38,7,"2,000",9.3,18600.0
2020122904000674,LUK,38,7,"2,000",9.3,18600.0
2020122904000507,LUK,6,45,100,9.18,918.0
2020122904000308,LUK,6,26,200,9.18,1836.0
2020122904000711,NBF2,10,45,"1,000",9.6,9600.0
2020122904000679,NBF2,10,13,100,9.6,960.0
2020122904000636,NBF2,10,42,300,9.6,2880.0
2020122904000596,NBF2,11,49,100,9.75,975.0
2020122904000588,NBF2,11,49,100,9.75,975.0
2020122904000287,NBF2,6,41,500,9.56,4780.0
2020122904000587,NBF2,11,28,"4,000",9.75,39000.0
2020122904000586,NBF2,11,1,100,9.73,973.0
2020122904000396,NBF2,10,26,300,9.6,2880.0
2020122904000395,NBF2,10,16,100,9.6,960.0
2020122904000666,NEF,5,28,235,9.85,2314.75
2020122904000665,NEF,21,28,248,9.9,2455.2
2020122904000656,NEF,21,41,"1,999",9.9,19790.1
2020122904000642,NEF,18,41,415,9.95,4129.25
2020122904000604,NEF,18,11,"1,448",9.95,14407.6
2020122904000560,NEF,18,49,"2,414",9.95,24019.3
2020122904000273,NEF,25,17,100,9.9,990.0
2020122904000272,NEF,6,17,"2,000",9.9,19800.0
2020122904000427,NEF,5,11,483,9.99,4825.17
2020122904000320,NEF,38,11,241,9.99,2407.59
2020122904000319,NEF,38,11,241,9.99,2407.59
2020122904000318,NEF,38,43,"1,127",9.99,11258.73
2020122904000317,NEF,38,40,"1,207",9.99,12057.93
2020122904000274,NEF,21,17,"2,753",9.9,27254.7
2020122904000433,NEF,5,41,"2,414",10.05,24260.7
2020122904000432,NEF,5,25,"2,414",10.0,24140.0
2020122904000431,NEF,5,49,"2,414",10.0,24140.0
2020122904000430,NEF,5,42,"1,690",10.0,16900.0
2020122904000429,NEF,5,10,"1,127",10.0,11270.0
2020122904000428,NEF,5,11,263,9.99,2627.37
2020122904000506,NEF,18,44,241,9.95,2397.95
2020122904000490,NEF,18,44,241,9.95,2397.95
2020122904000488,NEF,18,44,241,9.95,2397.95
2020122904000436,NEF,5,11,"2,574",10.05,25868.7
2020122904000435,NEF,5,44,"2,414",10.05,24260.7
2020122904000434,NEF,5,11,"1,207",10.05,12130.35
2020122904000590,NIBLPF,26,11,152,10.1,1535.2
2020122904000589,NIBLPF,26,11,152,10.1,1535.2
2020122904000351,NIBLPF,34,11,495,10.1,4999.5
2020122904000350,NIBLPF,34,11,505,10.1,5100.5
2020122904000307,NIBLPF,53,39,"2,525",10.05,25376.25
2020122904000306,NIBLPF,3,39,"2,525",10.03,25325.75
2020122904000291,NIBLPF,3,39,"2,525",10.03,25325.75
2020122904000576,NIBPO,39,39,8,435.0,3480.0
2020122904000486,NIBPO,17,50,500,440.0,220000.0
2020122904000484,NIBPO,17,42,500,440.0,220000.0
2020122904000275,NIBSF1,25,13,500,11.5,5750.0
2020122904000639,NICAD8283,19,1,100,1150.0,115000.0
2020122904000664,NICBF,58,21,"1,000",9.84,9840.0
2020122904000663,NICBF,58,49,200,9.8,1960.0
2020122904000615,NICBF,13,26,500,9.77,4885.0
2020122904000715,NICGF,43,58,"2,000",10.36,20720.0
2020122904000688,NICGF,58,37,500,10.36,5180.0
2020122904000495,NICGF,58,25,"1,500",10.4,15600.0
2020122904000494,NICGF,58,26,800,10.4,8320.0
2020122904000493,NICGF,58,6,600,10.36,6216.0
2020122904000385,NICGF,52,6,200,10.36,2072.0
2020122904000292,NICGF,17,4,"2,000",10.35,20700.0
2020122904000709,NMB50,19,49,200,10.3,2060.0
2020122904000446,NMB50,19,53,"3,800",10.4,39520.0
2020122904000445,NMB50,19,49,200,10.4,2080.0
2020122904000391,NMB50,8,29,240,10.2,2448.0
2020122904000364,NMB50,34,29,100,10.37,1037.0
2020122904000263,NMB50,8,45,"3,500",10.2,35700.0
2020122904000691,NMBHF1,8,28,416,10.0,4160.0
2020122904000539,NMBHF1,8,41,"4,161",10.0,41610.0
2020122904000521,NMBHF1,8,8,"4,161",10.0,41610.0
2020122904000491,NMBHF1,8,44,"1,632",10.0,16320.0
2020122904000489,NMBHF1,8,47,"1,664",10.0,16640.0
2020122904000483,NMBHF1,8,44,832,10.0,8320.0
2020122904000281,NMBHF1,19,57,"2,000",10.1,20200.0
2020122904000280,NMBHF1,19,25,903,10.1,9120.3
2020122904000279,NMBHF1,19,11,250,10.08,2520.0
2020122904000324,RBCLPO,26,33,10,13500.0,135000.0
2020122904000309,RBCLPO,16,33,10,13500.0,135000.0
2020122904000732,SAEF,29,58,500,11.32,5660.0
2020122904000672,SAEF,29,37,500,11.32,5660.0
2020122904000661,SAEF,6,52,"1,000",11.35,11350.0
2020122904000660,SAEF,6,58,"1,000",11.35,11350.0
2020122904000659,SAEF,6,39,400,11.35,4540.0
2020122904000423,SAEF,58,47,"3,600",11.35,40860.0
2020122904000412,SAEF,29,40,"10,000",11.32,113200.0
2020122904000366,SAEF,29,28,"4,500",11.32,50940.0
2020122904000365,SAEF,52,28,500,11.34,5670.0
2020122904000340,SAEF,34,29,"1,000",11.35,11350.0
2020122904000310,SAEF,29,43,"1,000",11.3,11300.0
2020122904000290,SAEF,29,21,"1,700",11.3,19210.0
2020122904000630,SAND2085,19,45,25,1040.0,26000.0
2020122904000617,SAND2085,41,45,25,1040.0,26000.0
2020122904000303,SAND2085,43,33,25,1040.0,26000.0
2020122904000724,SEF,17,28,500,10.3,5150.0
2020122904000670,SEF,43,28,500,10.31,5155.0
2020122904000668,SEF,43,37,500,10.31,5155.0
2020122904000632,SEF,17,58,500,10.3,5150.0
2020122904000578,SEF,17,45,"1,000",10.3,10300.0
2020122904000577,SEF,17,4,500,10.3,5150.0
2020122904000399,SEF,35,4,"5,000",10.31,51550.0
2020122904000382,SEF,35,47,500,10.31,5155.0
2020122904000377,SEF,35,40,500,10.31,5155.0
2020122904000328,SEF,35,4,"1,500",10.35,15525.0
2020122904000558,SEF,17,40,"5,000",10.3,51500.0
2020122904000551,SEF,29,40,"5,000",10.31,51550.0
2020122904000464,SEF,18,10,500,10.4,5200.0
2020122904000438,SEF,17,40,"5,000",10.3,51500.0
2020122904000425,SEF,17,40,"6,000",10.3,61800.0
2020122904000424,SEF,35,40,"4,000",10.31,41240.0
2020122904000737,SGI,21,44,10,562.0,5620.0
2020122904000736,SGI,21,42,67,562.0,37654.0
2020122904000735,SGI,36,38,10,561.0,5610.0
2020122904000731,SGI,36,45,10,561.0,5610.0
2020122904000730,SGI,36,28,10,561.0,5610.0
2020122904000725,SGI,36,38,10,560.0,5600.0
2020122904000268,SGI,5,38,10,561.0,5610.0
2020122904000260,SGI,5,20,10,561.0,5610.0
2020122904000283,SGI,5,58,10,561.0,5610.0
2020122904000282,SGI,5,38,10,561.0,5610.0
2020122904000277,SGI,5,16,10,561.0,5610.0
2020122904000271,SGI,5,16,10,561.0,5610.0
2020122904000270,SGI,5,16,10,561.0,5610.0
2020122904000269,SGI,5,16,10,561.0,5610.0
2020122904000314,SGI,49,17,10,561.0,5610.0
2020122904000300,SGI,49,46,10,561.0,5610.0
2020122904000299,SGI,49,58,10,561.0,5610.0
2020122904000296,SGI,49,57,10,561.0,5610.0
2020122904000293,SGI,5,38,10,561.0,5610.0
2020122904000285,SGI,5,42,10,561.0,5610.0
2020122904000330,SGI,1,39,10,562.0,5620.0
2020122904000329,SGI,1,45,10,562.0,5620.0
2020122904000327,SGI,1,39,10,562.0,5620.0
2020122904000325,SGI,1,38,10,562.0,5620.0
2020122904000322,SGI,49,52,10,561.0,5610.0
2020122904000316,SGI,49,17,10,561.0,5610.0
2020122904000336,SGI,1,39,10,562.0,5620.0
2020122904000335,SGI,21,11,10,564.0,5640.0
2020122904000334,SGI,21,11,10,564.0,5640.0
2020122904000333,SGI,21,11,10,564.0,5640.0
2020122904000332,SGI,21,58,10,564.0,5640.0
2020122904000331,SGI,1,39,10,562.0,5620.0
2020122904000353,SGI,49,51,10,561.0,5610.0
2020122904000352,SGI,49,38,10,561.0,5610.0
2020122904000347,SGI,49,38,10,561.0,5610.0
2020122904000343,SGI,1,14,20,562.0,11240.0
2020122904000342,SGI,1,39,10,562.0,5620.0
2020122904000341,SGI,1,39,10,562.0,5620.0
2020122904000373,SGI,17,32,10,562.0,5620.0
2020122904000371,SGI,17,41,10,562.0,5620.0
2020122904000367,SGI,49,38,10,561.0,5610.0
2020122904000363,SGI,22,14,80,562.0,44960.0
2020122904000360,SGI,49,44,10,561.0,5610.0
2020122904000354,SGI,49,34,10,561.0,5610.0
2020122904000418,SGI,17,58,10,562.0,5620.0
2020122904000398,SGI,17,28,10,562.0,5620.0
2020122904000393,SGI,17,58,10,562.0,5620.0
2020122904000384,SGI,17,26,10,562.0,5620.0
2020122904000378,SGI,17,7,10,562.0,5620.0
2020122904000376,SGI,17,28,10,562.0,5620.0
2020122904000451,SGI,13,52,10,561.0,5610.0
2020122904000448,SGI,13,37,10,561.0,5610.0
2020122904000444,SGI,13,8,10,561.0,5610.0
2020122904000441,SGI,13,52,10,561.0,5610.0
2020122904000440,SGI,13,58,10,561.0,5610.0
2020122904000420,SGI,13,29,10,561.0,5610.0
2020122904000470,SGI,13,56,10,561.0,5610.0
2020122904000466,SGI,13,44,10,561.0,5610.0
2020122904000463,SGI,13,42,10,561.0,5610.0
2020122904000458,SGI,22,11,10,564.0,5640.0
2020122904000453,SGI,13,38,10,561.0,5610.0
2020122904000452,SGI,13,56,10,561.0,5610.0
2020122904000481,SGI,13,21,10,561.0,5610.0
2020122904000479,SGI,13,17,10,561.0,5610.0
2020122904000477,SGI,13,59,10,561.0,5610.0
2020122904000476,SGI,13,38,10,561.0,5610.0
2020122904000474,SGI,13,25,10,561.0,5610.0
2020122904000472,SGI,13,17,10,561.0,5610.0
2020122904000518,SGI,45,35,10,560.0,5600.0
2020122904000512,SGI,35,38,10,560.0,5600.0
2020122904000504,SGI,35,38,10,560.0,5600.0
2020122904000503,SGI,13,48,10,561.0,5610.0
2020122904000497,SGI,13,41,10,561.0,5610.0
2020122904000492,SGI,13,57,10,561.0,5610.0
2020122904000540,SGI,54,32,10,560.0,5600.0
2020122904000538,SGI,54,38,10,560.0,5600.0
2020122904000534,SGI,17,42,10,560.0,5600.0
2020122904000533,SGI,21,44,10,560.0,5600.0
2020122904000530,SGI,21,48,10,560.0,5600.0
2020122904000523,SGI,45,21,10,560.0,5600.0
2020122904000554,SGI,56,37,10,560.0,5600.0
2020122904000548,SGI,42,46,10,561.0,5610.0
2020122904000547,SGI,56,8,10,560.0,5600.0
2020122904000546,SGI,56,38,10,560.0,5600.0
2020122904000544,SGI,56,59,10,560.0,5600.0
2020122904000542,SGI,56,8,10,560.0,5600.0
2020122904000569,SGI,48,58,10,562.0,5620.0
2020122904000566,SGI,48,38,10,562.0,5620.0
2020122904000564,SGI,56,59,10,561.0,5610.0
2020122904000562,SGI,56,48,10,561.0,5610.0
2020122904000559,SGI,45,38,10,560.0,5600.0
2020122904000555,SGI,38,38,10,560.0,5600.0
2020122904000593,SGI,48,4,10,562.0,5620.0
2020122904000584,SGI,48,57,10,562.0,5620.0
2020122904000583,SGI,48,38,10,562.0,5620.0
2020122904000579,SGI,48,58,10,562.0,5620.0
2020122904000573,SGI,48,8,10,562.0,5620.0
2020122904000570,SGI,48,8,10,562.0,5620.0
2020122904000601,SGI,48,22,10,562.0,5620.0
2020122904000600,SGI,48,6,10,562.0,5620.0
2020122904000599,SGI,48,38,10,562.0,5620.0
2020122904000598,SGI,48,38,10,562.0,5620.0
2020122904000597,SGI,48,22,10,562.0,5620.0
2020122904000594,SGI,48,38,10,562.0,5620.0
2020122904000614,SGI,48,6,10,562.0,5620.0
2020122904000613,SGI,48,38,10,562.0,5620.0
2020122904000612,SGI,48,22,10,562.0,5620.0
2020122904000611,SGI,48,58,10,562.0,5620.0
2020122904000603,SGI,48,38,10,562.0,5620.0
2020122904000602,SGI,48,38,10,562.0,5620.0
2020122904000622,SGI,56,58,10,561.0,5610.0
2020122904000621,SGI,56,47,10,561.0,5610.0
2020122904000620,SGI,56,38,10,561.0,5610.0
2020122904000619,SGI,56,58,10,561.0,5610.0
2020122904000618,SGI,56,47,10,561.0,5610.0
2020122904000616,SGI,56,37,10,561.0,5610.0
2020122904000638,SGI,56,16,10,561.0,5610.0
2020122904000637,SGI,56,47,10,561.0,5610.0
2020122904000635,SGI,56,57,10,561.0,5610.0
2020122904000634,SGI,56,40,10,561.0,5610.0
2020122904000633,SGI,56,47,10,561.0,5610.0
2020122904000625,SGI,56,38,10,561.0,5610.0
2020122904000651,SGI,56,58,10,561.0,5610.0
2020122904000647,SGI,56,47,10,561.0,5610.0
2020122904000646,SGI,34,36,10,562.0,5620.0
2020122904000645,SGI,34,26,10,562.0,5620.0
2020122904000644,SGI,56,47,10,561.0,5610.0
2020122904000641,SGI,56,38,10,561.0,5610.0
2020122904000667,SGI,56,38,10,561.0,5610.0
2020122904000658,SGI,58,42,10,562.0,5620.0
2020122904000657,SGI,56,16,10,561.0,5610.0
2020122904000655,SGI,56,38,10,561.0,5610.0
2020122904000653,SGI,56,48,10,561.0,5610.0
2020122904000652,SGI,56,52,10,561.0,5610.0
2020122904000689,SGI,56,38,10,561.0,5610.0
2020122904000687,SGI,1,42,200,562.0,112400.0
2020122904000678,SGI,56,47,10,561.0,5610.0
2020122904000677,SGI,56,38,10,561.0,5610.0
2020122904000675,SGI,56,5,10,561.0,5610.0
2020122904000669,SGI,56,38,10,561.0,5610.0
2020122904000699,SGI,56,47,10,561.0,5610.0
2020122904000698,SGI,56,38,10,561.0,5610.0
2020122904000696,SGI,56,38,10,561.0,5610.0
2020122904000695,SGI,56,51,10,561.0,5610.0
2020122904000694,SGI,56,16,10,561.0,5610.0
2020122904000692,SGI,56,58,10,561.0,5610.0
2020122904000717,SGI,56,38,10,561.0,5610.0
2020122904000713,SGI,56,47,10,561.0,5610.0
2020122904000708,SGI,56,59,10,561.0,5610.0
2020122904000706,SGI,56,47,10,561.0,5610.0
2020122904000705,SGI,56,38,10,561.0,5610.0
2020122904000703,SGI,56,5,10,561.0,5610.0
2020122904000723,SGI,36,53,70,560.0,39200.0
2020122904000722,SGI,45,53,190,560.0,106400.0
2020122904000721,SGI,49,53,50,561.0,28050.0
2020122904000720,SGI,35,53,100,561.0,56100.0
2020122904000719,SGI,56,53,90,561.0,50490.0
2020122904000718,SGI,56,47,10,561.0,5610.0
2020122904000349,STC,56,10,10,5293.0,52930.0
2020122904000348,STC,56,10,40,5293.0,211720.0
2020122904000345,STC,56,10,60,5293.0,317580.0
2020122904000339,STC,56,40,40,5292.0,211680.0
2020122903011946,ALBSL,34,1,10,955.0,9550.0
2020122903011865,ALICL,29,16,110,918.0,100980.0
2020122903011992,CBBL,49,34,172,1385.0,238220.0
2020122903011991,CBBL,10,34,15,1385.0,20775.0
2020122903011990,CBBL,51,34,13,1385.0,18005.0
2020122903011945,CBBL,19,17,50,1385.0,69250.0
2020122903011944,CBBL,36,14,23,1386.0,31878.0
2020122903011943,CBBL,36,6,177,1386.0,245322.0
2020122903011842,CBBL,41,6,20,1385.0,27700.0
2020122903011841,CBBL,16,6,410,1385.0,567850.0
2020122903011837,CBBL,16,50,10,1385.0,13850.0
2020122903011836,CBBL,16,8,50,1385.0,69250.0
2020122903011941,CBBL,29,6,50,1386.0,69300.0
2020122903011932,CBBL,50,6,10,1386.0,13860.0
2020122903011873,CBBL,32,6,50,1386.0,69300.0
2020122903011861,CBBL,21,6,11,1386.0,15246.0
2020122903011860,CBBL,21,6,15,1385.0,20775.0
2020122903011843,CBBL,36,6,55,1385.0,76175.0
2020122904000067,CBBLPO,39,44,50,570.0,28500.0
2020122904000166,CCBLPO,34,26,"17,567",112.0,1967504.0
2020122903012029,CLBSL,52,7,46,788.0,36248.0
2020122903012028,CLBSL,44,7,10,788.0,7880.0
2020122903011953,CLBSL,7,7,200,789.0,157800.0
2020122903011952,CLBSL,35,7,500,790.0,395000.0
2020122903011951,CLBSL,16,7,244,799.0,194956.0
2020122903011936,CLBSL,16,57,256,799.0,204544.0
2020122903011935,CLBSL,35,57,244,799.0,194956.0
2020122903012054,DDBL,44,6,100,1350.0,135000.0
2020122903012045,DDBL,11,6,100,1350.0,135000.0
2020122903012042,DDBL,13,6,100,1350.0,135000.0
2020122903012039,DDBL,51,6,10,1350.0,13500.0
2020122903012030,DDBL,54,6,50,1350.0,67500.0
2020122903011963,DDBL,34,6,"2,000",1350.0,2700000.0
2020122903011956,DDBL,54,6,178,1350.0,240300.0
2020122903011955,DDBL,33,6,10,1355.0,13550.0
2020122903011859,DDBL,44,39,135,1359.0,183465.0
2020122903011962,DDBL,49,6,50,1350.0,67500.0
2020122903011961,DDBL,35,6,50,1350.0,67500.0
2020122903011960,DDBL,21,6,25,1350.0,33750.0
2020122903011959,DDBL,4,6,150,1350.0,202500.0
2020122903011958,DDBL,57,6,100,1350.0,135000.0
2020122903011957,DDBL,49,6,30,1350.0,40500.0
2020122903012034,FMDBL,19,49,75,570.0,42750.0
2020122903012033,FMDBL,32,49,10,570.0,5700.0
2020122903012032,FMDBL,19,49,15,570.0,8550.0
2020122903011835,FMDBL,34,49,50,571.0,28550.0
2020122903011811,FMDBL,19,49,160,571.0,91360.0
2020122903011967,FOWAD,34,34,10,2280.0,22800.0
2020122903011964,FOWAD,3,3,6,2262.0,13572.0
2020122903011925,FOWAD,34,58,10,2279.0,22790.0
2020122903011933,GBBL,41,44,100,302.0,30200.0
2020122903011862,GBBL,7,35,30,301.0,9030.0
2020122903011896,GBLBS,13,42,10,567.0,5670.0
2020122903011875,GBLBS,58,7,66,568.0,37488.0
2020122903011874,GBLBS,58,44,15,568.0,8520.0
2020122903011942,GFCL,51,57,50,206.0,10300.0
2020122904000251,GIC,5,52,10,537.0,5370.0
2020122904000250,GIC,5,38,10,537.0,5370.0
2020122904000248,GIC,34,44,10,536.0,5360.0
2020122904000231,GIC,34,21,10,536.0,5360.0
2020122904000225,GIC,34,6,10,536.0,5360.0
2020122904000221,GIC,34,14,10,536.0,5360.0
2020122904000018,GIC,20,50,10,537.0,5370.0
2020122904000016,GIC,20,41,10,537.0,5370.0
2020122904000012,GIC,20,32,10,537.0,5370.0
2020122904000010,GIC,20,21,10,537.0,5370.0
2020122904000031,GIC,20,58,10,537.0,5370.0
2020122904000030,GIC,57,41,10,540.0,5400.0
2020122904000029,GIC,20,56,10,537.0,5370.0
2020122904000027,GIC,20,56,10,537.0,5370.0
2020122904000025,GIC,20,45,10,537.0,5370.0
2020122904000020,GIC,20,14,10,537.0,5370.0
2020122904000045,GIC,22,8,10,537.0,5370.0
2020122904000039,GIC,22,26,10,537.0,5370.0
2020122904000038,GIC,22,29,10,537.0,5370.0
2020122904000036,GIC,22,34,10,537.0,5370.0
2020122904000034,GIC,22,26,10,537.0,5370.0
2020122904000033,GIC,20,34,10,537.0,5370.0
2020122904000066,GIC,22,58,10,537.0,5370.0
2020122904000059,GIC,22,38,10,537.0,5370.0
2020122904000058,GIC,22,22,10,537.0,5370.0
2020122904000057,GIC,22,13,10,537.0,5370.0
2020122904000050,GIC,22,38,10,537.0,5370.0
2020122904000047,GIC,45,48,10,539.0,5390.0
2020122904000081,GIC,43,16,10,537.0,5370.0
2020122904000077,GIC,43,38,10,537.0,5370.0
2020122904000074,GIC,43,38,10,537.0,5370.0
2020122904000073,GIC,43,45,10,537.0,5370.0
2020122904000070,GIC,43,33,10,537.0,5370.0
2020122904000069,GIC,21,42,10,538.0,5380.0
2020122904000105,GIC,33,42,10,537.0,5370.0
2020122904000102,GIC,43,38,10,537.0,5370.0
2020122904000098,GIC,43,38,10,537.0,5370.0
2020122904000089,GIC,43,38,10,537.0,5370.0
2020122904000088,GIC,43,38,10,537.0,5370.0
2020122904000083,GIC,43,47,10,537.0,5370.0
2020122904000128,GIC,33,43,10,537.0,5370.0
2020122904000121,GIC,33,39,10,537.0,5370.0
2020122904000120,GIC,33,38,10,537.0,5370.0
2020122904000111,GIC,33,42,10,537.0,5370.0
2020122904000110,GIC,33,38,10,537.0,5370.0
2020122904000106,GIC,33,38,10,537.0,5370.0
2020122904000135,GIC,45,38,10,539.0,5390.0
2020122904000134,GIC,45,59,10,538.0,5380.0
2020122904000132,GIC,33,53,10,537.0,5370.0
2020122904000131,GIC,43,42,10,538.0,5380.0
2020122904000130,GIC,43,41,10,538.0,5380.0
2020122904000129,GIC,33,38,10,537.0,5370.0
2020122904000165,GIC,56,32,10,537.0,5370.0
2020122904000158,GIC,56,58,10,537.0,5370.0
2020122904000146,GIC,56,52,10,537.0,5370.0
2020122904000141,GIC,56,28,10,537.0,5370.0
2020122904000139,GIC,56,45,10,537.0,5370.0
2020122904000136,GIC,33,53,10,537.0,5370.0
2020122904000191,GIC,34,45,10,536.0,5360.0
2020122904000179,GIC,34,29,70,536.0,37520.0
2020122904000178,GIC,21,29,20,537.0,10740.0
2020122904000177,GIC,43,29,10,537.0,5370.0
2020122904000174,GIC,43,22,10,537.0,5370.0
2020122904000172,GIC,43,47,10,537.0,5370.0
2020122904000219,GIC,34,21,10,536.0,5360.0
2020122904000218,GIC,34,38,10,536.0,5360.0
2020122904000217,GIC,34,29,10,536.0,5360.0
2020122904000204,GIC,34,1,10,536.0,5360.0
2020122904000195,GIC,34,38,10,536.0,5360.0
2020122904000194,GIC,34,38,10,536.0,5360.0
2020122903011997,GILB,25,44,40,1732.0,69280.0
2020122903011996,GILB,14,44,300,1733.0,519900.0
2020122903011995,GILB,54,44,60,1735.0,104100.0
2020122903011994,GILB,54,44,90,1736.0,156240.0
2020122903011993,GILB,38,44,10,1737.0,17370.0
2020122903011989,GILB,16,42,18,1738.0,31284.0
2020122903011973,GILB,57,42,50,1738.0,86900.0
2020122903011922,GILB,54,37,10,1736.0,17360.0
2020122903011881,GILB,49,37,43,1736.0,74648.0
2020122903011857,GILB,5,42,200,1738.0,347600.0
2020122903011872,GLICL,32,35,50,617.0,30850.0
2020122903012004,GMFIL,59,1,150,198.0,29700.0
2020122903011852,HIDCL,52,57,61,254.0,15494.0
2020122903011834,HIDCL,38,48,89,255.0,22695.0
2020122903011833,HIDCL,38,40,61,255.0,15555.0
2020122903011971,ILBS,29,41,11,996.0,10956.0
2020122903011832,ILBS,34,52,11,999.0,10989.0
2020122903011831,ILBS,34,52,11,999.0,10989.0
2020122903011828,KMCDB,25,8,40,859.0,34360.0
2020122903011827,KMCDB,25,48,10,857.0,8570.0
2020122903012037,KRBL,34,32,10,133.0,1330.0
2020122903012036,KRBL,34,43,150,131.0,19650.0
2020122903011931,KSBBL,34,40,50,218.0,10900.0
2020122903011930,KSBBL,34,54,50,217.0,10850.0
2020122903011848,KSBBL,21,38,121,216.0,26136.0
2020122903011847,KSBBL,11,38,50,216.0,10800.0
2020122903011846,KSBBL,39,38,79,216.0,17064.0
2020122903011840,KSBBL,39,26,171,216.0,36936.0
2020122903011839,KSBBL,33,26,129,216.0,27864.0
2020122903011937,LBBL,56,4,20,200.0,4000.0
2020122903011888,LBBL,51,6,11,201.0,2211.0
2020122904000162,LEMF,17,53,"3,000",9.73,29190.0
2020122904000155,LEMF,53,26,"1,000",9.72,9720.0
2020122904000068,LEMF,58,17,"5,000",9.7,48500.0
2020122904000082,LUK,28,34,100,9.0,900.0
2020122903011863,MDB,45,1,25,324.0,8100.0
2020122903011893,MFIL,55,58,551,379.0,208829.0
2020122903011892,MFIL,47,58,100,380.0,38000.0
2020122903011891,MFIL,14,58,50,380.0,19000.0
2020122903011890,MFIL,17,58,90,380.0,34200.0
2020122903011889,MFIL,35,58,150,380.0,57000.0
2020122903011810,MFIL,35,49,20,382.0,7640.0
2020122903012026,MLBL,32,19,10,230.0,2300.0
2020122903011976,MLBL,26,26,32,229.0,7328.0
2020122903011921,MLBL,26,58,100,229.0,22900.0
2020122903012056,MMFDB,49,46,391,1001.0,391391.0
2020122903012055,MMFDB,49,35,100,1000.0,100000.0
2020122903011866,MNBBL,8,19,100,331.0,33100.0
2020122903012051,MSLB,1,11,10,1556.0,15560.0
2020122903011999,MSLB,1,28,150,1545.0,231750.0
2020122903012038,NADEP,34,32,10,985.0,9850.0
2020122903011968,NADEP,38,37,200,984.0,196800.0
2020122903011895,NADEP,38,37,11,984.0,10824.0
2020122903011849,NADEP,50,37,177,985.0,174345.0
2020122904000222,NBF2,10,17,200,9.42,1884.0
2020122904000153,NBF2,53,45,100,9.56,956.0
2020122904000138,NBF2,53,43,100,9.56,956.0
2020122904000109,NBF2,53,43,500,9.56,4780.0
2020122904000097,NBF2,53,43,100,9.56,956.0
2020122904000163,NEF,17,52,483,9.8,4733.4
2020122904000152,NEF,17,45,241,9.8,2361.8
2020122904000150,NEF,17,32,897,9.8,8790.6
2020122904000140,NEF,45,32,"1,517",9.8,14866.6
2020122904000054,NEF,45,41,483,9.8,4733.4
2020122904000216,NIBLPF,3,58,"2,525",10.03,25325.75
2020122904000160,NIBLPF,3,3,"2,273",10.01,22752.73
2020122904000046,NIBLPF,53,19,505,9.93,5014.65
2020122904000143,NIBPO,39,39,6,426.0,2556.0
2020122904000137,NIBPO,39,39,8,426.0,3408.0
2020122904000149,NICBF,58,44,500,9.65,4825.0
2020122904000223,NICD83/84,58,25,100,1060.0,106000.0
2020122904000060,NICGF,44,4,200,10.3,2060.0
2020122903012043,NLBBL,36,51,107,1008.0,107856.0
2020122903011864,NLBBL,44,53,45,1006.0,45270.0
2020122903011947,NLBSL,40,32,61,1064.0,64904.0
2020122903012049,NLIC,25,50,20,2200.0,44000.0
2020122903012046,NLIC,35,50,10,2200.0,22000.0
2020122903012012,NLIC,16,50,100,2200.0,220000.0
2020122903012007,NLIC,16,50,10,2200.0,22000.0
2020122903012006,NLIC,50,50,10,2200.0,22000.0
2020122903012005,NLIC,51,50,182,2201.0,400582.0
2020122903011815,NLIC,32,20,12,2200.0,26400.0
2020122903011814,NLIC,38,20,10,2200.0,22000.0
2020122903011813,NLIC,57,20,50,2200.0,110000.0
2020122903011812,NLIC,21,20,25,2200.0,55000.0
2020122903011821,NLIC,8,20,10,2200.0,22000.0
2020122903011820,NLIC,22,20,50,2200.0,110000.0
2020122903011819,NLIC,42,20,450,2200.0,990000.0
2020122903011818,NLIC,6,20,22,2200.0,48400.0
2020122903011817,NLIC,52,20,50,2200.0,110000.0
2020122903011816,NLIC,33,20,20,2200.0,44000.0
2020122903011838,NLIC,8,58,12,2201.0,26412.0
2020122903011826,NLIC,58,20,40,2200.0,88000.0
2020122903011825,NLIC,13,20,101,2200.0,222200.0
2020122903011824,NLIC,43,20,200,2200.0,440000.0
2020122903011823,NLIC,49,20,10,2200.0,22000.0
2020122903011822,NLIC,50,20,50,2200.0,110000.0
2020122903011880,NLIC,48,20,50,2200.0,110000.0
2020122903011871,NLIC,56,20,10,2200.0,22000.0
2020122903011870,NLIC,16,20,50,2200.0,110000.0
2020122903011869,NLIC,39,20,48,2200.0,105600.0
2020122903011868,NLIC,8,20,28,2201.0,61628.0
2020122903011867,NLIC,58,20,20,2202.0,44040.0
2020122903012001,NLIC,51,34,18,2201.0,39618.0
2020122903012000,NLIC,35,34,10,2208.0,22080.0
2020122903011970,NLIC,50,35,90,2200.0,198000.0
2020122903011969,NLIC,39,35,10,2200.0,22000.0
2020122903011918,NLIC,35,20,10,2200.0,22000.0
2020122903011884,NLIC,25,20,40,2200.0,88000.0
2020122903012020,NLICL,52,29,50,1094.0,54700.0
2020122903012018,NLICL,34,20,177,1100.0,194700.0
2020122903012017,NLICL,34,22,100,1099.0,109900.0
2020122903012016,NLICL,34,59,50,1097.0,54850.0
2020122903012015,NLICL,34,5,11,1096.0,12056.0
2020122903012014,NLICL,34,50,62,1095.0,67890.0
2020122903011949,NLICL,42,50,200,1095.0,219000.0
2020122903011883,NLICL,29,50,70,1095.0,76650.0
2020122904000156,NMB50,34,45,500,10.17,5085.0
2020122904000087,NMB50,3,44,500,10.05,5025.0
2020122904000037,NMB50,19,4,100,10.01,1001.0
2020122904000210,NMBHF1,6,25,"3,258",10.1,32905.8
2020122904000209,NMBHF1,6,11,832,10.1,8403.2
2020122904000208,NMBHF1,6,11,"1,664",10.1,16806.4
2020122904000207,NMBHF1,6,11,"1,664",10.1,16806.4
2020122904000206,NMBHF1,6,11,250,10.02,2505.0
2020122904000201,NMBHF1,58,11,832,10.02,8336.64
2020122904000200,NMBHF1,58,49,"1,664",10.02,16673.28
2020122903012053,NMBMF,26,17,10,999.0,9990.0
2020122903012003,NRIC,36,42,400,1340.0,536000.0
2020122903011988,NRIC,36,48,127,1340.0,170180.0
2020122903011987,NRIC,6,48,100,1340.0,134000.0
2020122903011986,NRIC,28,48,50,1340.0,67000.0
2020122903011985,NRIC,42,48,10,1340.0,13400.0
2020122903011984,NRIC,51,48,50,1340.0,67000.0
2020122903011926,NRIC,28,6,90,1342.0,120780.0
2020122903011887,NRIC,42,6,10,1342.0,13420.0
2020122903011886,NRIC,42,49,10,1342.0,13420.0
2020122903011858,NRIC,41,49,50,1342.0,67100.0
2020122903011977,NRIC,49,48,13,1341.0,17433.0
2020122903011954,NRIC,40,55,50,1342.0,67100.0
2020122903011950,NRIC,46,55,100,1342.0,134200.0
2020122903011929,NRIC,28,55,20,1342.0,26840.0
2020122903011928,NRIC,28,29,50,1342.0,67100.0
2020122903011927,NRIC,28,6,200,1342.0,268400.0
2020122903011983,NRIC,21,48,150,1340.0,201000.0
2020122903011982,NRIC,49,48,10,1340.0,13400.0
2020122903011981,NRIC,43,48,10,1340.0,13400.0
2020122903011980,NRIC,10,48,80,1340.0,107200.0
2020122903011979,NRIC,48,48,100,1341.0,134100.0
2020122903011978,NRIC,37,48,100,1341.0,134100.0
2020122903012013,NRN,25,26,10,354.0,3540.0
2020122903011934,NRN,25,20,10,354.0,3540.0
2020122903011879,NRN,25,26,10,354.0,3540.0
2020122903012022,NTC,58,16,702,1110.0,779220.0
2020122903012021,NTC,58,58,"1,298",1095.0,1421310.0
2020122903011998,NTC,38,58,30,1095.0,32850.0
2020122903011975,NTC,41,58,10,1095.0,10950.0
2020122903011919,NTC,58,58,10,1095.0,10950.0
2020122903011917,NTC,41,58,10,1095.0,10950.0
2020122903011854,NTC,57,51,20,1100.0,22000.0
2020122903011904,NTC,58,58,500,1097.0,548500.0
2020122903011903,NTC,33,58,590,1097.0,647230.0
2020122903011902,NTC,49,58,452,1099.0,496748.0
2020122903011901,NTC,14,58,60,1100.0,66000.0
2020122903011900,NTC,14,58,20,1100.0,22000.0
2020122903011885,NTC,14,51,130,1100.0,143000.0
2020122903011910,NTC,38,58,50,1095.0,54750.0
2020122903011909,NTC,38,58,500,1095.0,547500.0
2020122903011908,NTC,52,58,200,1095.0,219000.0
2020122903011907,NTC,46,58,10,1095.0,10950.0
2020122903011906,NTC,42,58,150,1096.0,164400.0
2020122903011905,NTC,50,58,30,1096.0,32880.0
2020122903011916,NTC,41,58,10,1095.0,10950.0
2020122903011915,NTC,41,58,10,1095.0,10950.0
2020122903011914,NTC,41,58,10,1095.0,10950.0
2020122903011913,NTC,41,58,10,1095.0,10950.0
2020122903011912,NTC,41,58,10,1095.0,10950.0
2020122903011911,NTC,51,58,30,1095.0,32850.0
2020122903012025,NUBL,57,22,21,1233.0,25893.0
2020122903012024,NUBL,57,16,36,1233.0,44388.0
2020122903012023,NUBL,57,18,63,1232.0,77616.0
2020122903011853,NUBL,39,6,99,1230.0,121770.0
2020122903011974,PLIC,39,42,10,801.0,8010.0
2020122903011948,PROFL,34,57,20,125.0,2500.0
2020122904000232,RBCLPO,26,58,10,13499.0,134990.0
2020122904000080,RBCLPO,26,58,10,13260.0,132600.0
2020122903012002,RLFL,44,26,10,167.0,1670.0
2020122903012052,RLI,13,26,10,602.0,6020.0
2020122903012048,RLI,13,56,10,602.0,6020.0
2020122903012035,RLI,13,58,10,602.0,6020.0
2020122903011899,RLI,13,20,10,602.0,6020.0
2020122903011897,RLI,13,26,10,602.0,6020.0
2020122903012019,RMDC,40,42,100,1119.0,111900.0
2020122903011898,RMDC,4,42,568,1118.0,635024.0
2020122903011851,RMDC,4,5,292,1118.0,326456.0
2020122903011844,RMDC,4,37,48,1118.0,53664.0
2020122903012047,RSDC,48,43,100,567.0,56700.0
2020122903011809,RSDC,58,55,10,570.0,5700.0
2020122903012031,SADBL,54,51,10,174.0,1740.0
2020122903011850,SADBL,14,55,70,172.0,12040.0
2020122904000238,SAEF,16,47,600,11.35,6810.0
2020122904000220,SAEF,16,45,500,11.3,5650.0
2020122904000148,SAEF,6,57,"1,500",11.3,16950.0
2020122904000093,SAEF,17,47,500,11.35,5675.0
2020122904000091,SAEF,17,47,300,11.35,3405.0
2020122904000056,SAEF,34,39,"5,000",11.3,56500.0
2020122904000055,SAEF,34,10,"1,000",11.3,11300.0
2020122903011878,SAPDBL,34,43,11,144.0,1584.0
2020122903011877,SAPDBL,34,5,151,143.0,21593.0
2020122904000227,SBLD2082,45,42,40,1075.0,43000.0
2020122904000007,SBLD2082,45,25,25,1054.0,26350.0
2020122903012011,SDLBSL,26,38,10,1159.0,11590.0
2020122904000123,SFMF,10,4,"1,000",9.89,9890.0
2020122904000249,SGI,5,39,10,561.0,5610.0
2020122904000247,SGI,49,38,10,561.0,5610.0
2020122904000246,SGI,49,21,10,561.0,5610.0
2020122904000245,SGI,49,38,10,561.0,5610.0
2020122904000244,SGI,49,37,10,561.0,5610.0
2020122904000243,SGI,49,57,10,561.0,5610.0
2020122904000003,SGI,34,42,10,560.0,5600.0
2020122904000002,SGI,34,38,10,560.0,5600.0
2020122904000001,SGI,17,58,10,570.0,5700.0
2020122904000011,SGI,34,21,10,560.0,5600.0
2020122904000009,SGI,34,36,10,560.0,5600.0
2020122904000008,SGI,34,21,10,560.0,5600.0
2020122904000006,SGI,34,21,10,560.0,5600.0
2020122904000005,SGI,34,21,10,560.0,5600.0
2020122904000004,SGI,34,45,10,560.0,5600.0
2020122904000021,SGI,11,54,10,560.0,5600.0
2020122904000019,SGI,11,51,10,560.0,5600.0
2020122904000017,SGI,11,45,10,560.0,5600.0
2020122904000015,SGI,11,21,10,560.0,5600.0
2020122904000014,SGI,11,36,10,560.0,5600.0
2020122904000013,SGI,34,21,10,560.0,5600.0
2020122904000032,SGI,50,45,10,560.0,5600.0
2020122904000028,SGI,50,21,10,560.0,5600.0
2020122904000026,SGI,50,45,10,560.0,5600.0
2020122904000024,SGI,50,58,10,560.0,5600.0
2020122904000023,SGI,50,21,10,560.0,5600.0
2020122904000022,SGI,50,21,10,560.0,5600.0
2020122904000044,SGI,50,22,10,560.0,5600.0
2020122904000043,SGI,50,38,10,560.0,5600.0
2020122904000042,SGI,50,38,10,560.0,5600.0
2020122904000041,SGI,36,45,10,561.0,5610.0
2020122904000040,SGI,36,20,10,561.0,5610.0
2020122904000035,SGI,36,34,10,561.0,5610.0
2020122904000061,SGI,50,36,10,560.0,5600.0
2020122904000053,SGI,50,22,10,560.0,5600.0
2020122904000052,SGI,50,45,10,560.0,5600.0
2020122904000051,SGI,50,32,10,560.0,5600.0
2020122904000049,SGI,50,22,10,560.0,5600.0
2020122904000048,SGI,50,38,10,560.0,5600.0
2020122904000072,SGI,10,38,10,560.0,5600.0
2020122904000071,SGI,50,45,10,560.0,5600.0
2020122904000065,SGI,50,35,10,560.0,5600.0
2020122904000064,SGI,50,29,10,560.0,5600.0
2020122904000063,SGI,50,34,10,560.0,5600.0
2020122904000062,SGI,50,26,10,560.0,5600.0
2020122904000085,SGI,10,58,10,560.0,5600.0
2020122904000084,SGI,10,45,10,560.0,5600.0
2020122904000079,SGI,10,45,10,560.0,5600.0
2020122904000078,SGI,10,47,10,560.0,5600.0
2020122904000076,SGI,10,38,10,560.0,5600.0
2020122904000075,SGI,10,38,10,560.0,5600.0
2020122904000096,SGI,10,21,10,560.0,5600.0
2020122904000095,SGI,10,21,10,560.0,5600.0
2020122904000094,SGI,10,21,10,560.0,5600.0
2020122904000092,SGI,10,57,10,560.0,5600.0
2020122904000090,SGI,10,38,10,560.0,5600.0
2020122904000086,SGI,10,21,10,560.0,5600.0
2020122904000107,SGI,10,38,10,560.0,5600.0
2020122904000104,SGI,6,38,10,561.0,5610.0
2020122904000103,SGI,6,21,10,561.0,5610.0
2020122904000101,SGI,6,21,10,561.0,5610.0
2020122904000100,SGI,6,21,10,561.0,5610.0
2020122904000099,SGI,6,21,10,561.0,5610.0
2020122904000116,SGI,10,21,10,560.0,5600.0
2020122904000115,SGI,10,21,10,560.0,5600.0
2020122904000114,SGI,10,38,10,560.0,5600.0
2020122904000113,SGI,10,42,10,560.0,5600.0
2020122904000112,SGI,10,21,10,560.0,5600.0
2020122904000108,SGI,10,21,10,560.0,5600.0
2020122904000125,SGI,55,4,10,565.0,5650.0
2020122904000124,SGI,17,43,10,560.0,5600.0
2020122904000122,SGI,17,16,10,560.0,5600.0
2020122904000119,SGI,58,38,10,560.0,5600.0
2020122904000118,SGI,28,21,10,562.0,5620.0
2020122904000117,SGI,58,21,10,560.0,5600.0
2020122904000145,SGI,17,43,10,560.0,5600.0
2020122904000144,SGI,17,28,10,560.0,5600.0
2020122904000142,SGI,17,46,10,560.0,5600.0
2020122904000133,SGI,17,38,10,560.0,5600.0
2020122904000127,SGI,55,1,10,565.0,5650.0
2020122904000126,SGI,55,59,10,565.0,5650.0
2020122904000161,SGI,17,21,10,560.0,5600.0
2020122904000159,SGI,17,21,10,560.0,5600.0
2020122904000157,SGI,17,21,10,560.0,5600.0
2020122904000154,SGI,17,21,10,560.0,5600.0
2020122904000151,SGI,17,38,10,560.0,5600.0
2020122904000147,SGI,17,58,10,560.0,5600.0
2020122904000171,SGI,17,37,10,560.0,5600.0
2020122904000170,SGI,17,21,10,560.0,5600.0
2020122904000169,SGI,17,37,10,560.0,5600.0
2020122904000168,SGI,17,21,10,560.0,5600.0
2020122904000167,SGI,17,37,10,560.0,5600.0
2020122904000164,SGI,17,21,10,560.0,5600.0
2020122904000182,SGI,50,37,10,560.0,5600.0
2020122904000181,SGI,50,32,10,560.0,5600.0
2020122904000180,SGI,50,21,10,560.0,5600.0
2020122904000176,SGI,50,21,10,560.0,5600.0
2020122904000175,SGI,17,37,10,560.0,5600.0
2020122904000173,SGI,17,21,10,560.0,5600.0
2020122904000188,SGI,50,21,10,560.0,5600.0
2020122904000187,SGI,50,13,10,560.0,5600.0
2020122904000186,SGI,50,45,10,560.0,5600.0
2020122904000185,SGI,50,37,10,560.0,5600.0
2020122904000184,SGI,50,21,10,560.0,5600.0
2020122904000183,SGI,50,10,10,560.0,5600.0
2020122904000197,SGI,7,21,10,560.0,5600.0
2020122904000196,SGI,7,38,10,560.0,5600.0
2020122904000193,SGI,7,21,10,560.0,5600.0
2020122904000192,SGI,7,37,10,560.0,5600.0
2020122904000190,SGI,7,21,10,560.0,5600.0
2020122904000189,SGI,7,37,10,560.0,5600.0
2020122904000211,SGI,35,21,10,560.0,5600.0
2020122904000205,SGI,35,21,10,560.0,5600.0
2020122904000203,SGI,7,45,10,560.0,5600.0
2020122904000202,SGI,7,21,10,560.0,5600.0
2020122904000199,SGI,7,21,10,560.0,5600.0
2020122904000198,SGI,7,37,10,560.0,5600.0
2020122904000226,SGI,17,37,10,561.0,5610.0
2020122904000224,SGI,17,21,10,561.0,5610.0
2020122904000215,SGI,35,38,10,560.0,5600.0
2020122904000214,SGI,35,21,10,560.0,5600.0
2020122904000213,SGI,35,47,10,560.0,5600.0
2020122904000212,SGI,35,37,10,560.0,5600.0
2020122904000235,SGI,35,11,10,560.0,5600.0
2020122904000234,SGI,35,16,10,560.0,5600.0
2020122904000233,SGI,35,16,10,560.0,5600.0
2020122904000230,SGI,35,1,30,560.0,16800.0
2020122904000229,SGI,17,1,20,561.0,11220.0
2020122904000228,SGI,17,6,10,561.0,5610.0
2020122904000242,SGI,35,16,10,560.0,5600.0
2020122904000241,SGI,35,59,10,560.0,5600.0
2020122904000240,SGI,35,38,10,560.0,5600.0
2020122904000239,SGI,35,37,10,560.0,5600.0
2020122904000237,SGI,35,37,10,560.0,5600.0
2020122904000236,SGI,35,16,10,560.0,5600.0
2020122903011972,SHINE,38,5,320,265.0,84800.0
2020122903011940,SHINE,38,55,200,265.0,53000.0
2020122903011939,SHINE,38,32,180,265.0,47700.0
2020122903011938,SHINE,38,32,50,265.0,13250.0
2020122903011882,SHL,20,44,100,194.0,19400.0
2020122903012044,SKBBL,38,40,10,1716.0,17160.0
2020122903012010,SKBBL,46,13,39,1709.0,66651.0
2020122903012009,SKBBL,58,13,12,1709.0,20508.0
2020122903012008,SKBBL,25,13,15,1709.0,25635.0
2020122903011829,SKBBL,46,32,11,1709.0,18799.0
2020122903012041,SLBBL,34,41,10,1055.0,10550.0
2020122903011920,SLBBL,49,39,200,1044.0,208800.0
2020122903011856,SLBBL,49,41,100,1044.0,104400.0
2020122903011855,SLBBL,58,41,50,1045.0,52250.0
2020122903012040,SLBS,40,55,10,1290.0,12900.0
2020122903012050,SLICL,52,58,274,718.0,196732.0
2020122903011966,SLICL,52,35,180,717.0,129060.0
2020122903011876,SLICL,52,35,100,717.0,71700.0
2020122903012057,SMFDB,34,49,10,935.0,9350.0
2020122903011845,SNLB,46,6,10,967.0,9670.0
2020122903011894,UFL,22,52,50,249.0,12450.0
2020122903011830,UFL,22,52,"1,460",249.0,363540.0
2020122903012027,VLBS,44,42,50,1200.0,60000.0
2020122903011965,VLBS,50,42,100,1200.0,120000.0
2020122903011924,VLBS,46,38,56,1205.0,67480.0
2020122903011923,VLBS,46,37,36,1205.0,43380.0
2020122903011680,ALBSL,43,56,11,946.0,10406.0
2020122903011504,ALBSL,43,8,11,946.0,10406.0
2020122903011434,ALBSL,59,35,100,958.0,95800.0
2020122903011699,ALICL,29,41,100,917.0,91700.0
2020122903011698,ALICL,29,50,290,916.0,265640.0
2020122903011426,ALICL,55,50,200,916.0,183200.0
2020122903011400,ALICL,16,50,10,916.0,9160.0
2020122903011399,ALICL,16,58,10,916.0,9160.0
2020122903011398,ALICL,16,58,10,916.0,9160.0
2020122903011371,ALICL,59,50,500,915.0,457500.0
2020122903011792,CBBL,16,55,30,1385.0,41550.0
2020122903011745,CBBL,29,6,15,1386.0,20790.0
2020122903011740,CBBL,22,6,20,1386.0,27720.0
2020122903011737,CBBL,54,6,100,1386.0,138600.0
2020122903011717,CBBL,49,6,45,1386.0,62370.0
2020122903011716,CBBL,49,26,55,1385.0,76175.0
2020122903011321,CBBL,45,6,100,1386.0,138600.0
2020122903011320,CBBL,25,6,46,1386.0,63756.0
2020122903011319,CBBL,33,6,280,1387.0,388360.0
2020122903011316,CBBL,33,37,220,1387.0,305140.0
2020122903011358,CBBL,6,47,50,1385.0,69250.0
2020122903011357,CBBL,38,47,10,1385.0,13850.0
2020122903011356,CBBL,14,47,41,1385.0,56785.0
2020122903011355,CBBL,45,47,50,1385.0,69250.0
2020122903011349,CBBL,45,6,100,1386.0,138600.0
2020122903011326,CBBL,7,6,20,1386.0,27720.0
2020122903011425,CBBL,25,47,67,1386.0,92862.0
2020122903011424,CBBL,25,6,104,1386.0,144144.0
2020122903011403,CBBL,11,6,50,1386.0,69300.0
2020122903011383,CBBL,34,6,100,1386.0,138600.0
2020122903011381,CBBL,56,6,200,1386.0,277200.0
2020122903011359,CBBL,44,47,49,1385.0,67865.0
2020122903011663,CBBL,44,58,80,1385.0,110800.0
2020122903011602,CBBL,48,47,93,1386.0,128898.0
2020122903011587,CBBL,44,19,350,1385.0,484750.0
2020122903011547,CBBL,54,47,100,1386.0,138600.0
2020122903011511,CBBL,21,47,120,1386.0,166320.0
2020122903011502,CBBL,50,47,20,1386.0,27720.0
2020122903011696,CBBL,54,18,100,1385.0,138500.0
2020122903011695,CBBL,44,18,21,1385.0,29085.0
2020122903011694,CBBL,25,6,22,1386.0,30492.0
2020122903011688,CBBL,47,46,10,1386.0,13860.0
2020122903011667,CBBL,58,46,13,1386.0,18018.0
2020122903011666,CBBL,58,48,10,1386.0,13860.0
2020122903011706,CBBL,51,26,30,1385.0,41550.0
2020122903011705,CBBL,7,26,200,1385.0,277000.0
2020122903011704,CBBL,59,26,22,1385.0,30470.0
2020122903011703,CBBL,22,26,50,1385.0,69250.0
2020122903011702,CBBL,48,26,143,1385.0,198055.0
2020122903011697,CBBL,48,18,79,1385.0,109415.0
2020122903011542,CLBSL,35,42,11,799.0,8789.0
2020122903011541,CLBSL,35,13,100,798.0,79800.0
2020122903011540,CLBSL,35,29,12,798.0,9576.0
2020122903011539,CLBSL,35,34,40,798.0,31920.0
2020122903011538,CLBSL,35,58,28,797.0,22316.0
2020122903011537,CLBSL,35,6,65,796.0,51740.0
2020122903011397,CLBSL,41,6,28,790.0,22120.0
2020122903011396,CLBSL,35,6,30,790.0,23700.0
2020122903011395,CLBSL,10,6,10,790.0,7900.0
2020122903011394,CLBSL,39,6,17,790.0,13430.0
2020122903011391,CLBSL,39,14,45,790.0,35550.0
2020122903011390,CLBSL,55,14,65,791.0,51415.0
2020122903011795,DDBL,54,14,22,1350.0,29700.0
2020122903011794,DDBL,17,14,78,1350.0,105300.0
2020122903011645,DDBL,17,57,22,1350.0,29700.0
2020122903011644,DDBL,51,57,50,1350.0,67500.0
2020122903011643,DDBL,33,57,20,1350.0,27000.0
2020122903011642,DDBL,5,57,40,1350.0,54000.0
2020122903011611,DDBL,41,57,15,1357.0,20355.0
2020122903011610,DDBL,33,57,26,1357.0,35282.0
2020122903011507,DDBL,42,6,10,1360.0,13600.0
2020122903011401,DDBL,49,6,"1,483",1360.0,2016880.0
2020122903011617,DDBL,41,57,300,1355.0,406500.0
2020122903011616,DDBL,42,57,60,1355.0,81300.0
2020122903011615,DDBL,16,57,50,1355.0,67750.0
2020122903011614,DDBL,17,57,50,1356.0,67800.0
2020122903011613,DDBL,43,57,100,1356.0,135600.0
2020122903011612,DDBL,21,57,35,1357.0,47495.0
2020122903011623,DDBL,35,57,500,1355.0,677500.0
2020122903011622,DDBL,57,57,100,1355.0,135500.0
2020122903011621,DDBL,21,57,50,1355.0,67750.0
2020122903011620,DDBL,42,57,20,1355.0,27100.0
2020122903011619,DDBL,49,57,250,1355.0,338750.0
2020122903011618,DDBL,29,57,50,1355.0,67750.0
2020122903011629,DDBL,26,57,20,1355.0,27100.0
2020122903011628,DDBL,34,57,10,1355.0,13550.0
2020122903011627,DDBL,38,57,50,1355.0,67750.0
2020122903011626,DDBL,33,57,50,1355.0,67750.0
2020122903011625,DDBL,38,57,100,1355.0,135500.0
2020122903011624,DDBL,32,57,50,1355.0,67750.0
2020122903011635,DDBL,11,57,10,1353.0,13530.0
2020122903011634,DDBL,45,57,100,1353.0,135300.0
2020122903011633,DDBL,33,57,50,1353.0,67650.0
2020122903011632,DDBL,44,57,200,1353.0,270600.0
2020122903011631,DDBL,57,57,100,1355.0,135500.0
2020122903011630,DDBL,50,57,40,1355.0,54200.0
2020122903011641,DDBL,55,57,100,1350.0,135000.0
2020122903011640,DDBL,58,57,100,1350.0,135000.0
2020122903011639,DDBL,33,57,52,1350.0,70200.0
2020122903011638,DDBL,53,57,20,1350.0,27000.0
2020122903011637,DDBL,29,57,10,1352.0,13520.0
2020122903011636,DDBL,26,57,200,1353.0,270600.0
2020122903011536,EDBL,57,50,40,350.0,14000.0
2020122903011452,EDBL,57,25,200,350.0,70000.0
2020122903011451,EDBL,57,49,60,350.0,21000.0
2020122903011447,EDBL,42,49,57,350.0,19950.0
2020122903011446,EDBL,42,28,100,350.0,35000.0
2020122903011445,EDBL,42,20,50,349.0,17450.0
2020122903011444,EDBL,42,41,18,348.0,6264.0
2020122903011563,FMDBL,41,49,50,572.0,28600.0
2020122903011689,FOWAD,34,58,20,2279.0,45580.0
2020122903011372,FOWAD,58,42,70,2270.0,158900.0
2020122903011728,GBBL,10,44,824,302.0,248848.0
2020122903011521,GBBL,54,44,50,302.0,15100.0
2020122903011363,GBBL,34,44,66,302.0,19932.0
2020122903011516,GBLBS,57,57,200,567.0,113400.0
2020122903011313,GBLBS,39,41,10,565.0,5650.0
2020122903011793,GFCL,51,57,50,206.0,10300.0
2020122903011441,GFCL,6,57,100,206.0,20600.0
2020122903011787,GILB,17,44,20,1739.0,34780.0
2020122903011760,GILB,17,14,30,1737.0,52110.0
2020122903011748,GILB,58,14,50,1737.0,86850.0
2020122903011744,GILB,57,14,100,1737.0,173700.0
2020122903011743,GILB,7,14,100,1737.0,173700.0
2020122903011330,GILB,55,47,10,1740.0,17400.0
2020122903011325,GILB,57,28,53,1739.0,92167.0
2020122903011324,GILB,22,28,20,1740.0,34800.0
2020122903011323,GILB,34,28,27,1740.0,46980.0
2020122903011559,GILB,38,14,50,1740.0,87000.0
2020122903011545,GILB,36,14,200,1740.0,348000.0
2020122903011519,GILB,57,21,12,1739.0,20868.0
2020122903011509,GILB,6,14,47,1740.0,81780.0
2020122903011506,GILB,34,14,150,1740.0,261000.0
2020122903011416,GILB,10,52,10,1740.0,17400.0
2020122903011742,GILB,41,14,50,1738.0,86900.0
2020122903011741,GILB,38,14,188,1738.0,326744.0
2020122903011729,GILB,38,37,250,1738.0,434500.0
2020122903011662,GILB,38,14,62,1738.0,107756.0
2020122903011595,GILB,38,18,11,1739.0,19129.0
2020122903011588,GILB,57,14,35,1740.0,60900.0
2020122903011526,GLBSL,49,25,10,823.0,8230.0
2020122903011508,GLBSL,39,14,10,818.0,8180.0
2020122903011492,GLBSL,39,14,10,818.0,8180.0
2020122903011387,GLBSL,13,44,10,819.0,8190.0
2020122903011803,GLICL,50,35,27,617.0,16659.0
2020122903011500,GLICL,11,35,95,617.0,58615.0
2020122903011402,GLICL,44,10,"1,000",616.0,616000.0
2020122903011736,GMFBS,44,25,"1,000",957.0,957000.0
2020122903011735,GMFBS,16,25,110,958.0,105380.0
2020122903011380,GMFIL,59,58,20,198.0,3960.0
2020122903011379,GMFIL,55,58,980,198.0,194040.0
2020122903011606,GUFL,42,32,50,197.0,9850.0
2020122903011605,GUFL,42,35,20,197.0,3940.0
2020122903011604,GUFL,42,45,300,197.0,59100.0
2020122903011603,GUFL,42,55,198,197.0,39006.0
2020122903011360,GUFL,5,35,130,196.0,25480.0
2020122903011315,GUFL,47,55,10,197.0,1970.0
2020122903011692,HIDCL,47,49,61,254.0,15494.0
2020122903011489,HIDCL,33,26,44,251.0,11044.0
2020122903011466,HIDCL,33,38,31,251.0,7781.0
2020122903011427,HIDCL,47,42,64,253.0,16192.0
2020122903011747,ICFC,45,22,154,279.0,42966.0
2020122903011461,ICFC,58,29,48,280.0,13440.0
2020122903011682,JBBL,53,49,"1,129",221.0,249509.0
2020122903011681,JBBL,53,47,"1,000",221.0,221000.0
2020122903011497,JBBL,58,49,25,221.0,5525.0
2020122903011435,JBBL,32,17,200,220.0,44000.0
2020122903011433,JBBL,58,49,46,221.0,10166.0
2020122903011432,JBBL,58,51,175,221.0,38675.0
2020122903011431,JBBL,58,55,79,221.0,17459.0
2020122903011336,JBBL,21,55,21,221.0,4641.0
2020122903011335,JBBL,21,3,19,221.0,4199.0
2020122903011796,JFL,34,4,100,236.0,23600.0
2020122903011609,JSLBB,14,14,10,1657.0,16570.0
2020122903011453,JSLBB,14,14,10,1657.0,16570.0
2020122903011778,KMCDB,25,37,10,856.0,8560.0
2020122903011777,KMCDB,25,49,50,855.0,42750.0
2020122903011776,KMCDB,25,26,10,855.0,8550.0
2020122903011775,KMCDB,25,26,10,855.0,8550.0
2020122903011774,KMCDB,25,49,10,855.0,8550.0
2020122903011773,KMCDB,25,17,21,855.0,17955.0
2020122903011766,KMCDB,25,7,20,850.0,17000.0
2020122903011590,KMCDB,57,58,10,840.0,8400.0
2020122903011772,KMCDB,25,1,384,854.0,327936.0
2020122903011771,KMCDB,25,11,10,854.0,8540.0
2020122903011770,KMCDB,25,58,10,853.0,8530.0
2020122903011769,KMCDB,25,58,10,853.0,8530.0
2020122903011768,KMCDB,25,55,10,853.0,8530.0
2020122903011767,KMCDB,25,14,30,852.0,25560.0
2020122903011608,KRBL,33,43,230,131.0,30130.0
2020122903011607,KRBL,26,43,806,132.0,106392.0
2020122903011581,KRBL,26,32,150,132.0,19800.0
2020122903011515,KSBBL,33,42,100,216.0,21600.0
2020122903011514,KSBBL,58,52,15,217.0,3255.0
2020122903011513,KSBBL,17,52,137,217.0,29729.0
2020122903011512,KSBBL,17,52,39,217.0,8463.0
2020122903011584,LBBL,21,6,300,201.0,60300.0
2020122903011524,LBBL,1,6,30,201.0,6030.0
2020122903011501,LBBL,56,39,275,200.0,55000.0
2020122903011322,LBBL,21,6,250,201.0,50250.0
2020122903011361,LICN,25,34,10,1889.0,18890.0
2020122903011765,MERO,42,50,10,940.0,9400.0
2020122903011690,MERO,57,34,200,937.0,187400.0
2020122903011657,MERO,57,6,30,937.0,28110.0
2020122903011503,MERO,57,46,85,937.0,79645.0
2020122903011463,MERO,7,34,247,938.0,231686.0
2020122903011450,MERO,57,14,33,937.0,30921.0
2020122903011449,MERO,7,14,10,937.0,9370.0
2020122903011422,MERO,7,14,43,937.0,40291.0
2020122903011409,MERO,7,14,43,937.0,40291.0
2020122903011789,MFIL,18,49,379,382.0,144778.0
2020122903011788,MFIL,18,51,621,381.0,236601.0
2020122903011730,MFIL,17,57,100,380.0,38000.0
2020122903011718,MFIL,17,21,10,380.0,3800.0
2020122903011601,MFIL,52,3,200,381.0,76200.0
2020122903011483,MFIL,44,49,81,382.0,30942.0
2020122903011456,MFIL,41,55,50,380.0,19000.0
2020122903011418,MFIL,55,38,50,379.0,18950.0
2020122903011373,MFIL,20,44,34,381.0,12954.0
2020122903011476,MFIL,44,26,100,381.0,38100.0
2020122903011475,MFIL,44,26,100,381.0,38100.0
2020122903011474,MFIL,44,37,500,381.0,190500.0
2020122903011473,MFIL,44,6,150,381.0,57150.0
2020122903011472,MFIL,44,44,274,381.0,104394.0
2020122903011471,MFIL,44,55,110,380.0,41800.0
2020122903011482,MFIL,44,58,65,382.0,24830.0
2020122903011481,MFIL,44,49,"1,000",382.0,382000.0
2020122903011480,MFIL,44,55,10,382.0,3820.0
2020122903011479,MFIL,44,38,100,382.0,38200.0
2020122903011478,MFIL,44,58,"1,110",382.0,424020.0
2020122903011477,MFIL,44,39,"1,400",381.0,533400.0
2020122903011808,MLBBL,36,55,10,1215.0,12150.0
2020122903011593,MLBBL,20,29,298,1200.0,357600.0
2020122903011592,MLBBL,38,29,80,1200.0,96000.0
2020122903011655,MLBL,58,21,250,230.0,57500.0
2020122903011570,MLBL,53,32,200,230.0,46000.0
2020122903011528,MMFDB,7,35,143,1000.0,143000.0
2020122903011527,MMFDB,49,35,107,1000.0,107000.0
2020122903011531,MNBBL,35,19,30,331.0,9930.0
2020122903011520,MNBBL,14,19,50,331.0,16550.0
2020122903011488,MPFL,32,28,28,141.0,3948.0
2020122903011487,MPFL,25,28,500,141.0,70500.0
