Transact. No.,Symbol,Buyer,Seller,Quantity,Rate,Amount
2020122104001607,BBC,3,17,10,2653.0,26530.0
2020122104001438,BBC,17,34,20,2601.0,52020.0
2020122104001386,BBC,21,14,100,2550.0,255000.0
2020122104001365,BBC,34,34,75,2511.0,188325.0
2020122104001348,BBC,58,34,10,2511.0,25110.0
2020122104001341,BBC,19,34,100,2511.0,251100.0
2020122104001279,BBC,14,7,25,2457.0,61425.0
2020122104001278,BBC,35,7,10,2465.0,24650.0
2020122104001270,BBC,58,41,10,2490.0,24900.0
2020122104001297,BBC,58,58,10,2495.0,24950.0
2020122104001287,BBC,58,41,10,2490.0,24900.0
2020122104001283,BBC,33,7,25,2450.0,61250.0
2020122104001282,BBC,46,7,10,2455.0,24550.0
2020122104001281,BBC,10,7,30,2455.0,73650.0
2020122104001280,BBC,25,7,100,2456.0,245600.0
2020122104001336,BBC,40,34,15,2511.0,37665.0
2020122104001321,BBC,40,17,10,2500.0,25000.0
2020122104001320,BBC,40,17,10,2500.0,25000.0
2020122104001319,BBC,40,41,25,2500.0,62500.0
2020122104001318,BBC,40,35,50,2499.0,124950.0
2020122104001315,BBC,58,56,30,2498.0,74940.0
2020122104001651,CMF1,41,34,200,9.77,1954.0
2020122104001638,CMF1,41,34,800,9.77,7816.0
2020122104001617,CMF1,42,42,"52,000",9.76,507520.0
2020122104001639,GIC,42,8,10,553.0,5530.0
2020122104001632,GIC,42,34,10,553.0,5530.0
2020122104001631,GIC,42,11,10,553.0,5530.0
2020122104001623,GIC,42,11,10,553.0,5530.0
2020122104001620,GIC,42,8,10,553.0,5530.0
2020122104001616,GIC,42,19,10,553.0,5530.0
2020122104001180,GIC,19,41,10,550.0,5500.0
2020122104001179,GIC,19,34,10,550.0,5500.0
2020122104001164,GIC,13,48,30,549.0,16470.0
2020122104001162,GIC,36,29,10,545.0,5450.0
2020122104001158,GIC,36,38,10,545.0,5450.0
2020122104001157,GIC,36,38,10,545.0,5450.0
2020122104001186,GIC,19,21,10,550.0,5500.0
2020122104001185,GIC,19,45,10,550.0,5500.0
2020122104001184,GIC,19,46,10,550.0,5500.0
2020122104001183,GIC,19,26,10,550.0,5500.0
2020122104001182,GIC,19,49,10,550.0,5500.0
2020122104001181,GIC,19,21,100,550.0,55000.0
2020122104001192,GIC,58,52,10,550.0,5500.0
2020122104001191,GIC,58,42,10,550.0,5500.0
2020122104001190,GIC,58,10,10,550.0,5500.0
2020122104001189,GIC,58,1,10,550.0,5500.0
2020122104001188,GIC,19,48,10,550.0,5500.0
2020122104001187,GIC,19,13,10,550.0,5500.0
2020122104001209,GIC,11,58,10,553.0,5530.0
2020122104001208,GIC,11,48,10,551.0,5510.0
2020122104001207,GIC,11,49,10,550.0,5500.0
2020122104001200,GIC,58,58,10,550.0,5500.0
2020122104001198,GIC,58,25,10,550.0,5500.0
2020122104001197,GIC,58,38,10,550.0,5500.0
2020122104001217,GIC,42,44,10,549.0,5490.0
2020122104001216,GIC,42,44,10,549.0,5490.0
2020122104001215,GIC,42,59,10,549.0,5490.0
2020122104001212,GIC,11,55,10,555.0,5550.0
2020122104001211,GIC,11,53,10,555.0,5550.0
2020122104001210,GIC,11,53,10,554.0,5540.0
2020122104001232,GIC,7,10,10,558.0,5580.0
2020122104001230,GIC,7,17,10,558.0,5580.0
2020122104001229,GIC,7,19,10,558.0,5580.0
2020122104001227,GIC,45,45,10,550.0,5500.0
2020122104001222,GIC,44,56,50,559.0,27950.0
2020122104001221,GIC,45,56,10,550.0,5500.0
2020122104001264,GIC,7,26,10,551.0,5510.0
2020122104001258,GIC,7,52,10,551.0,5510.0
2020122104001257,GIC,7,38,10,551.0,5510.0
2020122104001241,GIC,7,38,10,551.0,5510.0
2020122104001237,GIC,7,49,10,558.0,5580.0
2020122104001236,GIC,7,10,10,558.0,5580.0
2020122104001275,GIC,34,20,10,552.0,5520.0
2020122104001274,GIC,34,6,10,552.0,5520.0
2020122104001273,GIC,34,21,10,552.0,5520.0
2020122104001272,GIC,34,10,10,552.0,5520.0
2020122104001271,GIC,34,10,10,552.0,5520.0
2020122104001265,GIC,7,42,10,551.0,5510.0
2020122104001339,GIC,58,25,10,552.0,5520.0
2020122104001337,GIC,59,28,10,552.0,5520.0
2020122104001322,GIC,59,58,10,552.0,5520.0
2020122104001313,GIC,59,40,10,552.0,5520.0
2020122104001289,GIC,59,26,10,552.0,5520.0
2020122104001285,GIC,59,56,10,552.0,5520.0
2020122104001381,GIC,7,38,10,554.0,5540.0
2020122104001370,GIC,34,45,10,553.0,5530.0
2020122104001366,GIC,58,59,10,552.0,5520.0
2020122104001362,GIC,58,10,10,552.0,5520.0
2020122104001342,GIC,58,38,10,552.0,5520.0
2020122104001340,GIC,58,38,10,552.0,5520.0
2020122104001394,GIC,51,55,10,555.0,5550.0
2020122104001393,GIC,51,56,10,555.0,5550.0
2020122104001392,GIC,51,32,10,555.0,5550.0
2020122104001391,GIC,51,49,10,555.0,5550.0
2020122104001389,GIC,7,16,10,554.0,5540.0
2020122104001388,GIC,7,26,10,554.0,5540.0
2020122104001403,GIC,51,19,10,555.0,5550.0
2020122104001401,GIC,51,26,10,555.0,5550.0
2020122104001398,GIC,51,21,60,555.0,33300.0
2020122104001397,GIC,51,55,10,555.0,5550.0
2020122104001396,GIC,51,56,10,555.0,5550.0
2020122104001395,GIC,51,57,10,555.0,5550.0
2020122104001411,GIC,51,45,10,555.0,5550.0
2020122104001410,GIC,51,38,10,555.0,5550.0
2020122104001409,GIC,51,51,10,555.0,5550.0
2020122104001408,GIC,51,38,10,555.0,5550.0
2020122104001407,GIC,51,43,10,555.0,5550.0
2020122104001404,GIC,51,38,10,555.0,5550.0
2020122104001422,GIC,34,29,10,558.0,5580.0
2020122104001421,GIC,34,47,10,558.0,5580.0
2020122104001420,GIC,34,57,10,558.0,5580.0
2020122104001415,GIC,34,45,10,558.0,5580.0
2020122104001414,GIC,34,32,10,558.0,5580.0
2020122104001413,GIC,34,21,10,556.0,5560.0
2020122104001446,GIC,51,59,10,555.0,5550.0
2020122104001445,GIC,51,21,10,555.0,5550.0
2020122104001431,GIC,51,45,10,555.0,5550.0
2020122104001430,GIC,51,56,220,555.0,122100.0
2020122104001429,GIC,34,56,30,558.0,16740.0
2020122104001426,GIC,34,38,10,558.0,5580.0
2020122104001456,GIC,48,58,80,555.0,44400.0
2020122104001455,GIC,51,58,20,555.0,11100.0
2020122104001453,GIC,13,42,10,558.0,5580.0
2020122104001452,GIC,13,26,10,558.0,5580.0
2020122104001451,GIC,51,42,10,555.0,5550.0
2020122104001450,GIC,51,45,10,555.0,5550.0
2020122104001470,GIC,28,45,10,555.0,5550.0
2020122104001469,GIC,28,44,10,555.0,5550.0
2020122104001468,GIC,28,45,10,555.0,5550.0
2020122104001461,GIC,28,42,10,555.0,5550.0
2020122104001460,GIC,48,21,10,555.0,5550.0
2020122104001457,GIC,48,45,10,555.0,5550.0
2020122104001496,GIC,28,16,10,555.0,5550.0
2020122104001495,GIC,28,25,10,555.0,5550.0
2020122104001493,GIC,28,21,10,555.0,5550.0
2020122104001478,GIC,28,45,10,555.0,5550.0
2020122104001477,GIC,28,21,10,555.0,5550.0
2020122104001472,GIC,28,58,10,555.0,5550.0
2020122104001515,GIC,28,21,10,555.0,5550.0
2020122104001514,GIC,28,8,10,555.0,5550.0
2020122104001513,GIC,28,1,10,555.0,5550.0
2020122104001512,GIC,28,8,10,555.0,5550.0
2020122104001510,GIC,28,8,10,555.0,5550.0
2020122104001502,GIC,28,57,10,555.0,5550.0
2020122104001526,GIC,32,13,10,557.0,5570.0
2020122104001525,GIC,32,25,10,557.0,5570.0
2020122104001523,GIC,32,1,10,557.0,5570.0
2020122104001520,GIC,32,8,10,557.0,5570.0
2020122104001518,GIC,32,32,10,557.0,5570.0
2020122104001517,GIC,32,57,10,557.0,5570.0
2020122104001543,GIC,42,56,40,556.0,22240.0
2020122104001538,GIC,42,44,10,556.0,5560.0
2020122104001536,GIC,32,52,10,557.0,5570.0
2020122104001535,GIC,32,47,10,557.0,5570.0
2020122104001528,GIC,32,59,10,557.0,5570.0
2020122104001527,GIC,32,8,10,557.0,5570.0
2020122104001556,GIC,42,8,10,556.0,5560.0
2020122104001555,GIC,42,13,10,556.0,5560.0
2020122104001554,GIC,42,14,10,556.0,5560.0
2020122104001546,GIC,42,8,10,556.0,5560.0
2020122104001545,GIC,42,28,10,556.0,5560.0
2020122104001544,GIC,42,59,10,556.0,5560.0
2020122104001569,GIC,42,14,10,555.0,5550.0
2020122104001565,GIC,42,47,10,555.0,5550.0
2020122104001564,GIC,42,35,10,555.0,5550.0
2020122104001563,GIC,42,19,95,555.0,52725.0
2020122104001562,GIC,28,19,340,555.0,188700.0
2020122104001561,GIC,42,19,65,556.0,36140.0
2020122104001592,GIC,55,39,10,556.0,5560.0
2020122104001587,GIC,42,32,10,555.0,5550.0
2020122104001586,GIC,42,25,10,555.0,5550.0
2020122104001581,GIC,42,25,10,555.0,5550.0
2020122104001574,GIC,42,55,10,555.0,5550.0
2020122104001572,GIC,42,41,10,555.0,5550.0
2020122104001613,GIC,50,29,10,556.0,5560.0
2020122104001606,GIC,34,29,10,555.0,5550.0
2020122104001605,GIC,34,51,10,555.0,5550.0
2020122104001604,GIC,34,11,10,555.0,5550.0
2020122104001602,GIC,34,21,10,555.0,5550.0
2020122104001593,GIC,55,7,10,556.0,5560.0
2020122104001156,GIMES1,21,6,"4,500",10.8,48600.0
2020122104001637,LEMF,42,42,"19,000",9.8,186200.0
2020122104001636,LEMF,42,16,"2,000",9.8,19600.0
2020122104001635,LEMF,42,37,"2,000",9.8,19600.0
2020122104001249,LEMF,42,29,"5,000",9.8,49000.0
2020122104001248,LEMF,42,22,"4,000",9.79,39160.0
2020122104001247,LEMF,42,34,"2,500",9.75,24375.0
2020122104001246,LEMF,42,58,"1,200",9.7,11640.0
2020122104001244,LEMF,17,4,"1,000",9.63,9630.0
2020122104001167,LEMF,45,58,"1,300",9.7,12610.0
2020122104001250,LEMF,42,19,"7,100",9.8,69580.0
2020122104001627,LUK,42,25,100,9.1,910.0
2020122104001634,NBF2,38,35,200,9.45,1890.0
2020122104001633,NBF2,38,16,100,9.45,945.0
2020122104001625,NBF2,38,25,200,9.45,1890.0
2020122104001508,NBF2,38,39,100,9.45,945.0
2020122104001507,NBF2,20,39,500,9.5,4750.0
2020122104001506,NBF2,45,39,400,9.5,3800.0
2020122104001372,NBF2,34,35,"1,150",9.6,11040.0
2020122104001363,NBF2,45,35,"1,500",9.6,14400.0
2020122104001577,NEF,17,16,"2,414",9.65,23295.1
2020122104001433,NEF,58,42,483,9.68,4675.44
2020122104001432,NEF,58,49,"1,207",9.68,11683.76
2020122104001360,NEF,17,57,241,9.65,2325.65
2020122104001333,NEF,17,39,"2,414",9.65,23295.1
2020122104001323,NEF,17,39,"2,414",9.65,23295.1
2020122104001311,NEF,17,39,"2,414",9.65,23295.1
2020122104001307,NEF,17,39,"2,414",9.65,23295.1
2020122104001299,NEF,17,39,"2,414",9.65,23295.1
2020122104001296,NEF,17,39,"1,414",9.65,13645.1
2020122104001295,NEF,28,39,"1,000",9.68,9680.0
2020122104001618,NIBLPF,10,28,"2,475",9.93,24576.75
2020122104001256,NIBLPF,40,42,253,9.99,2527.47
2020122104001255,NIBLPF,40,42,253,9.99,2527.47
2020122104001254,NIBLPF,40,49,"2,525",9.99,25224.75
2020122104001646,NIBPO,29,1,111,450.0,49950.0
2020122104001645,NIBPO,29,49,500,450.0,225000.0
2020122104001379,NIBPO,42,58,"2,000",459.0,918000.0
2020122104001378,NIBPO,42,58,500,455.0,227500.0
2020122104001377,NIBPO,42,43,100,450.0,45000.0
2020122104001376,NIBPO,42,14,90,450.0,40500.0
2020122104001174,NIBPO,42,6,627,440.0,275880.0
2020122104001173,NIBPO,42,51,100,435.0,43500.0
2020122104001172,NIBPO,42,44,72,435.0,31320.0
2020122104001375,NIBPO,42,38,60,445.0,26700.0
2020122104001317,NIBPO,58,14,10,450.0,4500.0
2020122104001286,NIBPO,42,38,285,442.0,125970.0
2020122104001177,NIBPO,42,20,500,442.0,221000.0
2020122104001176,NIBPO,42,43,245,442.0,108290.0
2020122104001175,NIBPO,42,58,500,440.0,220000.0
2020122104001338,NIBSF1,26,8,"3,000",11.11,33330.0
2020122104001334,NIBSF1,7,17,"2,000",11.09,22180.0
2020122104001331,NIBSF1,7,34,"5,000",11.07,55350.0
2020122104001330,NIBSF1,7,34,"5,000",11.06,55300.0
2020122104001329,NIBSF1,7,45,"1,000",11.05,11050.0
2020122104001328,NIBSF1,7,19,"3,478",11.05,38431.9
2020122104001327,NIBSF1,7,6,"5,000",11.05,55250.0
2020122104001326,NIBSF1,7,56,"5,000",11.05,55250.0
2020122104001325,NIBSF1,7,34,"1,000",11.05,11050.0
2020122104001267,NIBSF1,58,34,"2,000",11.05,22100.0
2020122104001509,NICBF,14,38,300,10.0,3000.0
2020122104001444,NICBF,14,28,"30,000",10.0,300000.0
2020122104001443,NICBF,14,10,"50,000",10.0,500000.0
2020122104001442,NICBF,14,49,100,10.0,1000.0
2020122104001441,NICBF,14,11,"5,000",10.0,50000.0
2020122104001440,NICBF,14,58,100,10.0,1000.0
2020122104001439,NICBF,14,52,"1,000",10.0,10000.0
2020122104001427,NICBF,26,50,500,9.85,4925.0
2020122104001642,NICGF,17,22,100,10.3,1030.0
2020122104001641,NICGF,17,29,"5,000",10.2,51000.0
2020122104001622,NICGF,10,28,500,10.16,5080.0
2020122104001609,NICGF,45,28,"1,500",10.16,15240.0
2020122104001316,NICGF,17,54,500,10.15,5075.0
2020122104001304,NICGF,17,21,"1,000",10.3,10300.0
2020122104001303,NICGF,17,28,"1,000",10.21,10210.0
2020122104001302,NICGF,17,26,"3,000",10.21,30630.0
2020122104001301,NICGF,17,6,"2,000",10.2,20400.0
2020122104001300,NICGF,17,45,500,10.18,5090.0
2020122104001155,NICGF,17,43,100,10.15,1015.0
2020122104001630,NMB50,42,42,"76,000",9.96,756960.0
2020122104001628,NMB50,42,42,"100,000",9.96,996000.0
2020122104001624,NMB50,45,32,500,10.0,5000.0
2020122104001558,NMB50,45,40,200,10.0,2000.0
2020122104001501,NMBHF1,59,42,"4,161",9.89,41152.29
2020122104001402,NMBHF1,59,14,"1,248",9.89,12342.72
2020122104001640,PRVUPO,16,58,930,168.0,156240.0
2020122104001361,RBCLPO,50,6,10,13265.0,132650.0
2020122104001218,RBCLPO,4,6,10,13005.0,130050.0
2020122104001598,SAEF,42,42,"310,200",10.77,3340854.0
2020122104001597,SAEF,42,42,"50,000",10.77,538500.0
2020122104001583,SAEF,42,6,920,10.8,9936.0
2020122104001571,SAEF,7,16,"1,250",10.76,13450.0
2020122104001570,SAEF,7,16,750,10.76,8070.0
2020122104001503,SAEF,7,39,500,10.76,5380.0
2020122104001219,SAEF,7,38,200,10.76,2152.0
2020122104001195,SAEF,7,13,"1,000",10.76,10760.0
2020122104001475,SAEF,7,10,"3,750",10.76,40350.0
2020122104001474,SAEF,7,10,"4,500",10.76,48420.0
2020122104001400,SAEF,7,48,"1,000",10.76,10760.0
2020122104001335,SAEF,7,54,"1,000",10.76,10760.0
2020122104001253,SAEF,42,33,"50,000",10.91,545500.0
2020122104001252,SAEF,42,47,"10,000",10.85,108500.0
2020122104001529,SAND2085,47,58,25,1040.0,26000.0
2020122104001626,SEF,14,20,"5,000",10.19,50950.0
2020122104001612,SEF,42,42,"163,629",10.2,1669015.8
2020122104001611,SEF,42,29,"5,000",10.2,51000.0
2020122104001610,SEF,42,19,550,10.2,5610.0
2020122104001580,SEF,14,28,700,10.19,7133.0
2020122104001578,SEF,14,38,"1,300",10.19,13247.0
2020122104001199,SEF,58,45,"5,000",10.19,50950.0
2020122104001306,SEF,35,53,"10,000",10.24,102400.0
2020122104001305,SEF,35,47,500,10.23,5115.0
2020122104001293,SEF,35,5,200,10.2,2040.0
2020122104001292,SEF,35,45,500,10.2,5100.0
2020122104001291,SEF,35,51,100,10.2,1020.0
2020122104001290,SEF,35,42,400,10.19,4076.0
2020122104001367,SEF,42,29,"5,000",10.3,51500.0
2020122104001347,SEF,42,19,"3,610",10.29,37146.9
2020122104001346,SEF,42,19,"14,500",10.29,149205.0
2020122104001345,SEF,42,52,"10,000",10.29,102900.0
2020122104001344,SEF,42,51,"3,000",10.28,30840.0
2020122104001343,SEF,42,28,"1,000",10.25,10250.0
2020122104001542,SEF,42,19,"17,600",10.2,179520.0
2020122104001521,SEF,42,47,"1,000",10.2,10200.0
2020122104001499,SEF,42,39,500,10.2,5100.0
2020122104001481,SEF,42,38,900,10.2,9180.0
2020122104001423,SEF,14,42,"1,000",10.25,10250.0
2020122104001368,SEF,42,49,"1,000",10.3,10300.0
2020122104001650,SGI,10,54,10,581.0,5810.0
2020122104001649,SGI,10,48,10,581.0,5810.0
2020122104001648,SGI,10,8,10,581.0,5810.0
2020122104001647,SGI,10,54,10,581.0,5810.0
2020122104001644,SGI,10,32,10,581.0,5810.0
2020122104001629,SGI,22,52,10,581.0,5810.0
2020122104001160,SGI,57,44,10,570.0,5700.0
2020122104001159,SGI,57,58,10,570.0,5700.0
2020122104001169,SGI,33,50,10,576.0,5760.0
2020122104001168,SGI,49,37,10,575.0,5750.0
2020122104001166,SGI,47,19,10,575.0,5750.0
2020122104001165,SGI,33,14,10,572.0,5720.0
2020122104001163,SGI,57,35,10,570.0,5700.0
2020122104001161,SGI,57,57,10,570.0,5700.0
2020122104001202,SGI,44,49,10,575.0,5750.0
2020122104001196,SGI,44,47,10,575.0,5750.0
2020122104001194,SGI,44,55,10,575.0,5750.0
2020122104001193,SGI,45,48,10,575.0,5750.0
2020122104001178,SGI,33,52,10,575.0,5750.0
2020122104001170,SGI,49,56,10,575.0,5750.0
2020122104001214,SGI,42,47,10,576.0,5760.0
2020122104001213,SGI,42,52,10,575.0,5750.0
2020122104001206,SGI,25,4,10,575.0,5750.0
2020122104001205,SGI,44,17,10,575.0,5750.0
2020122104001204,SGI,44,42,10,575.0,5750.0
2020122104001203,SGI,44,49,10,575.0,5750.0
2020122104001234,SGI,14,47,90,576.0,51840.0
2020122104001231,SGI,19,45,10,571.0,5710.0
2020122104001226,SGI,19,49,10,571.0,5710.0
2020122104001225,SGI,42,10,10,575.0,5750.0
2020122104001224,SGI,49,39,10,575.0,5750.0
2020122104001223,SGI,49,58,10,575.0,5750.0
2020122104001243,SGI,49,42,10,576.0,5760.0
2020122104001242,SGI,49,49,10,577.0,5770.0
2020122104001240,SGI,34,56,10,577.0,5770.0
2020122104001239,SGI,34,13,10,577.0,5770.0
2020122104001238,SGI,34,53,200,577.0,115400.0
2020122104001235,SGI,14,6,10,576.0,5760.0
2020122104001262,SGI,53,10,10,575.0,5750.0
2020122104001261,SGI,53,56,10,575.0,5750.0
2020122104001260,SGI,53,21,10,575.0,5750.0
2020122104001259,SGI,41,57,10,575.0,5750.0
2020122104001251,SGI,49,17,10,575.0,5750.0
2020122104001245,SGI,49,19,10,577.0,5770.0
2020122104001277,SGI,49,42,10,576.0,5760.0
2020122104001276,SGI,49,10,10,576.0,5760.0
2020122104001269,SGI,35,1,10,576.0,5760.0
2020122104001268,SGI,35,29,10,576.0,5760.0
2020122104001266,SGI,35,20,10,576.0,5760.0
2020122104001263,SGI,53,16,30,575.0,17250.0
2020122104001309,SGI,49,51,10,579.0,5790.0
2020122104001308,SGI,49,26,10,578.0,5780.0
2020122104001298,SGI,34,39,10,577.0,5770.0
2020122104001294,SGI,34,4,10,577.0,5770.0
2020122104001288,SGI,49,58,10,576.0,5760.0
2020122104001284,SGI,49,14,10,576.0,5760.0
2020122104001349,SGI,58,50,10,579.0,5790.0
2020122104001332,SGI,58,49,10,579.0,5790.0
2020122104001324,SGI,41,3,10,580.0,5800.0
2020122104001314,SGI,49,53,10,580.0,5800.0
2020122104001312,SGI,58,26,10,579.0,5790.0
2020122104001310,SGI,49,48,10,579.0,5790.0
2020122104001355,SGI,11,43,10,580.0,5800.0
2020122104001354,SGI,11,40,10,580.0,5800.0
2020122104001353,SGI,11,43,10,580.0,5800.0
2020122104001352,SGI,11,58,10,580.0,5800.0
2020122104001351,SGI,11,17,10,580.0,5800.0
2020122104001350,SGI,11,36,10,580.0,5800.0
2020122104001371,SGI,58,18,10,579.0,5790.0
2020122104001369,SGI,26,25,50,581.0,29050.0
2020122104001364,SGI,11,59,10,580.0,5800.0
2020122104001358,SGI,11,38,10,580.0,5800.0
2020122104001357,SGI,11,1,10,580.0,5800.0
2020122104001356,SGI,11,1,10,580.0,5800.0
2020122104001384,SGI,53,14,10,580.0,5800.0
2020122104001383,SGI,53,58,10,580.0,5800.0
2020122104001382,SGI,53,14,10,580.0,5800.0
2020122104001380,SGI,58,19,10,579.0,5790.0
2020122104001374,SGI,58,38,10,579.0,5790.0
2020122104001373,SGI,5,14,10,580.0,5800.0
2020122104001406,SGI,53,26,10,580.0,5800.0
2020122104001405,SGI,53,35,200,580.0,116000.0
2020122104001399,SGI,53,43,10,580.0,5800.0
2020122104001390,SGI,53,3,10,580.0,5800.0
2020122104001387,SGI,53,42,10,580.0,5800.0
2020122104001385,SGI,53,38,10,580.0,5800.0
2020122104001424,SGI,53,49,10,580.0,5800.0
2020122104001419,SGI,53,45,10,580.0,5800.0
2020122104001418,SGI,53,51,10,580.0,5800.0
2020122104001417,SGI,53,45,10,580.0,5800.0
2020122104001416,SGI,53,29,10,580.0,5800.0
2020122104001412,SGI,53,45,10,580.0,5800.0
2020122104001448,SGI,53,10,10,580.0,5800.0
2020122104001447,SGI,53,16,10,580.0,5800.0
2020122104001437,SGI,53,21,10,580.0,5800.0
2020122104001435,SGI,53,45,10,580.0,5800.0
2020122104001434,SGI,53,41,10,580.0,5800.0
2020122104001425,SGI,53,38,10,580.0,5800.0
2020122104001463,SGI,45,21,10,580.0,5800.0
2020122104001462,SGI,45,7,10,580.0,5800.0
2020122104001459,SGI,45,59,10,580.0,5800.0
2020122104001458,SGI,53,10,10,580.0,5800.0
2020122104001454,SGI,53,25,10,580.0,5800.0
2020122104001449,SGI,53,21,10,580.0,5800.0
2020122104001473,SGI,8,8,10,581.0,5810.0
2020122104001471,SGI,8,36,10,581.0,5810.0
2020122104001467,SGI,8,28,50,581.0,29050.0
2020122104001466,SGI,8,32,10,581.0,5810.0
2020122104001465,SGI,8,32,10,581.0,5810.0
2020122104001464,SGI,8,25,60,581.0,34860.0
2020122104001484,SGI,46,26,160,581.0,92960.0
2020122104001483,SGI,8,26,140,581.0,81340.0
2020122104001482,SGI,8,8,10,581.0,5810.0
2020122104001480,SGI,8,8,10,581.0,5810.0
2020122104001479,SGI,8,45,10,581.0,5810.0
2020122104001476,SGI,8,44,10,581.0,5810.0
2020122104001490,SGI,49,42,10,585.0,5850.0
2020122104001489,SGI,49,42,10,585.0,5850.0
2020122104001488,SGI,49,14,10,585.0,5850.0
2020122104001487,SGI,49,57,10,585.0,5850.0
2020122104001486,SGI,49,51,10,585.0,5850.0
2020122104001485,SGI,46,36,10,581.0,5810.0
2020122104001500,SGI,46,1,10,581.0,5810.0
2020122104001498,SGI,46,16,10,581.0,5810.0
2020122104001497,SGI,46,42,10,581.0,5810.0
2020122104001494,SGI,46,8,10,581.0,5810.0
2020122104001492,SGI,49,8,10,585.0,5850.0
2020122104001491,SGI,49,45,10,585.0,5850.0
2020122104001522,SGI,45,32,10,580.0,5800.0
2020122104001519,SGI,45,1,10,580.0,5800.0
2020122104001516,SGI,45,26,300,580.0,174000.0
2020122104001511,SGI,45,25,10,580.0,5800.0
2020122104001505,SGI,45,1,10,580.0,5800.0
2020122104001504,SGI,46,1,90,581.0,52290.0
2020122104001534,SGI,11,25,10,581.0,5810.0
2020122104001533,SGI,11,33,10,580.0,5800.0
2020122104001532,SGI,45,1,10,580.0,5800.0
2020122104001531,SGI,45,47,10,580.0,5800.0
2020122104001530,SGI,45,8,10,580.0,5800.0
2020122104001524,SGI,45,26,80,580.0,46400.0
2020122104001551,SGI,52,32,10,580.0,5800.0
2020122104001550,SGI,52,25,10,580.0,5800.0
2020122104001549,SGI,52,28,10,580.0,5800.0
2020122104001548,SGI,45,55,200,581.0,116200.0
2020122104001540,SGI,45,52,10,580.0,5800.0
2020122104001539,SGI,45,8,10,580.0,5800.0
2020122104001568,SGI,7,42,80,581.0,46480.0
2020122104001567,SGI,52,25,10,580.0,5800.0
2020122104001566,SGI,52,25,10,580.0,5800.0
2020122104001559,SGI,52,13,10,580.0,5800.0
2020122104001557,SGI,52,19,10,580.0,5800.0
2020122104001553,SGI,52,52,10,580.0,5800.0
2020122104001585,SGI,49,8,10,580.0,5800.0
2020122104001584,SGI,49,35,10,580.0,5800.0
2020122104001582,SGI,58,55,10,579.0,5790.0
2020122104001579,SGI,52,28,10,580.0,5800.0
2020122104001575,SGI,52,47,10,580.0,5800.0
2020122104001573,SGI,49,42,160,581.0,92960.0
2020122104001601,SGI,49,56,73,581.0,42413.0
2020122104001600,SGI,49,8,10,580.0,5800.0
2020122104001599,SGI,42,56,165,581.0,95865.0
2020122104001596,SGI,42,8,10,581.0,5810.0
2020122104001589,SGI,49,25,10,580.0,5800.0
2020122104001588,SGI,49,46,10,580.0,5800.0
2020122104001621,SGI,49,39,150,580.0,87000.0
2020122104001619,SGI,49,19,10,580.0,5800.0
2020122104001615,SGI,49,29,10,580.0,5800.0
2020122104001614,SGI,49,29,10,580.0,5800.0
2020122104001608,SGI,49,25,10,580.0,5800.0
2020122104001603,SGI,49,38,10,580.0,5800.0
2020122104001436,SRBLD83,19,11,40,1050.0,42000.0
2020122104001428,SRBLD83,25,11,20,1055.0,21100.0
2020122104001652,STC,38,38,92,5060.0,465520.0
2020122104001643,STC,42,38,20,5060.0,101200.0
2020122104001595,STC,41,38,10,5060.0,50600.0
2020122104001594,STC,49,38,78,5060.0,394680.0
2020122104001591,STC,49,58,42,5060.0,212520.0
2020122104001590,STC,25,58,20,5065.0,101300.0
2020122104001154,STC,5,33,40,5090.0,203600.0
2020122104001153,STC,5,17,10,5085.0,50850.0
2020122104001359,STC,26,28,10,5196.0,51960.0
2020122104001233,STC,36,57,100,5100.0,510000.0
2020122104001228,STC,25,34,30,5095.0,152850.0
2020122104001220,STC,8,34,60,5095.0,305700.0
2020122104001201,STC,52,34,10,5095.0,50950.0
2020122104001171,STC,8,33,10,5090.0,50900.0
2020122104001576,STC,49,58,30,5100.0,153000.0
2020122104001560,STC,25,53,10,5110.0,51100.0
2020122104001552,STC,49,38,70,5100.0,357000.0
2020122104001547,STC,33,47,10,5110.0,51100.0
2020122104001541,STC,56,21,10,5112.0,51120.0
2020122104001537,STC,56,34,40,5112.0,204480.0
2020122104001132,BBC,56,44,20,2465.0,49300.0
2020122104001115,BBC,56,38,10,2460.0,24600.0
2020122104001079,BBC,45,44,20,2465.0,49300.0
2020122104000954,BBC,35,7,10,2460.0,24600.0
2020122104000840,BBC,45,32,80,2475.0,198000.0
2020122104000809,BBC,51,34,25,2495.0,62375.0
2020122104000917,CMF1,19,22,300,9.75,2925.0
2020122104000835,CMF1,19,6,100,9.75,975.0
2020122104000817,CMF1,19,11,100,9.75,975.0
2020122104001099,GBD80/81,11,57,200,1045.0,209000.0
2020122104001149,GIC,56,58,10,544.0,5440.0
2020122104001144,GIC,11,40,10,549.0,5490.0
2020122104001143,GIC,11,50,10,548.0,5480.0
2020122104001142,GIC,56,42,10,544.0,5440.0
2020122104001140,GIC,56,10,10,544.0,5440.0
2020122104001138,GIC,59,54,10,545.0,5450.0
2020122104000665,GIC,4,44,10,528.0,5280.0
2020122104000662,GIC,4,36,10,528.0,5280.0
2020122104000658,GIC,50,57,10,527.0,5270.0
2020122104000654,GIC,50,17,10,527.0,5270.0
2020122104000687,GIC,48,17,10,530.0,5300.0
2020122104000686,GIC,48,49,60,530.0,31800.0
2020122104000685,GIC,49,49,10,530.0,5300.0
2020122104000682,GIC,26,17,10,528.0,5280.0
2020122104000674,GIC,4,17,10,528.0,5280.0
2020122104000668,GIC,4,21,10,528.0,5280.0
2020122104000706,GIC,52,17,10,530.0,5300.0
2020122104000702,GIC,34,10,10,529.0,5290.0
2020122104000696,GIC,32,1,10,530.0,5300.0
2020122104000692,GIC,32,17,10,530.0,5300.0
2020122104000689,GIC,48,51,10,530.0,5300.0
2020122104000688,GIC,48,45,10,530.0,5300.0
2020122104000730,GIC,43,45,10,533.0,5330.0
2020122104000728,GIC,43,45,10,533.0,5330.0
2020122104000726,GIC,22,6,10,530.0,5300.0
2020122104000713,GIC,52,42,10,532.0,5320.0
2020122104000709,GIC,44,44,10,530.0,5300.0
2020122104000708,GIC,52,48,10,530.0,5300.0
2020122104000748,GIC,41,56,10,535.0,5350.0
2020122104000747,GIC,41,6,350,535.0,187250.0
2020122104000744,GIC,17,49,10,533.0,5330.0
2020122104000739,GIC,52,57,10,533.0,5330.0
2020122104000738,GIC,59,5,10,531.0,5310.0
2020122104000733,GIC,52,32,10,534.0,5340.0
2020122104000754,GIC,41,14,10,540.0,5400.0
2020122104000753,GIC,41,58,10,540.0,5400.0
2020122104000752,GIC,41,6,20,540.0,10800.0
2020122104000751,GIC,41,49,70,540.0,37800.0
2020122104000750,GIC,41,4,10,537.0,5370.0
2020122104000749,GIC,41,56,10,535.0,5350.0
2020122104000787,GIC,55,16,10,545.0,5450.0
2020122104000782,GIC,55,55,10,545.0,5450.0
2020122104000781,GIC,55,56,10,545.0,5450.0
2020122104000780,GIC,55,14,10,545.0,5450.0
2020122104000779,GIC,55,41,10,545.0,5450.0
2020122104000755,GIC,41,22,10,540.0,5400.0
2020122104000800,GIC,34,36,10,550.0,5500.0
2020122104000799,GIC,34,21,10,550.0,5500.0
2020122104000798,GIC,34,21,10,550.0,5500.0
2020122104000797,GIC,34,51,10,549.0,5490.0
2020122104000796,GIC,57,58,20,546.0,10920.0
2020122104000795,GIC,57,16,10,546.0,5460.0
2020122104000808,GIC,57,14,10,546.0,5460.0
2020122104000806,GIC,57,8,10,546.0,5460.0
2020122104000804,GIC,57,16,10,546.0,5460.0
2020122104000803,GIC,57,48,10,546.0,5460.0
2020122104000802,GIC,34,40,10,550.0,5500.0
2020122104000801,GIC,34,42,50,550.0,27500.0
2020122104000826,GIC,55,16,10,546.0,5460.0
2020122104000825,GIC,55,13,10,546.0,5460.0
2020122104000824,GIC,55,17,10,546.0,5460.0
2020122104000822,GIC,57,19,10,546.0,5460.0
2020122104000813,GIC,57,16,10,546.0,5460.0
2020122104000810,GIC,57,16,10,546.0,5460.0
2020122104000837,GIC,34,34,10,543.0,5430.0
2020122104000833,GIC,34,26,10,543.0,5430.0
2020122104000832,GIC,34,16,10,543.0,5430.0
2020122104000830,GIC,55,6,10,546.0,5460.0
2020122104000829,GIC,55,38,10,546.0,5460.0
2020122104000827,GIC,55,59,100,546.0,54600.0
2020122104000851,GIC,34,19,10,543.0,5430.0
2020122104000848,GIC,34,29,10,543.0,5430.0
2020122104000845,GIC,34,14,10,543.0,5430.0
2020122104000842,GIC,34,16,10,543.0,5430.0
2020122104000839,GIC,34,28,10,543.0,5430.0
2020122104000838,GIC,34,17,10,543.0,5430.0
2020122104000884,GIC,48,25,20,546.0,10920.0
2020122104000879,GIC,11,25,10,541.0,5410.0
2020122104000876,GIC,11,19,10,541.0,5410.0
2020122104000866,GIC,11,18,10,541.0,5410.0
2020122104000859,GIC,11,28,10,541.0,5410.0
2020122104000855,GIC,34,39,10,543.0,5430.0
2020122104000907,GIC,47,33,10,546.0,5460.0
2020122104000903,GIC,47,47,10,546.0,5460.0
2020122104000896,GIC,47,17,10,546.0,5460.0
2020122104000895,GIC,47,57,10,546.0,5460.0
2020122104000886,GIC,11,42,10,541.0,5410.0
2020122104000885,GIC,48,57,10,546.0,5460.0
2020122104000927,GIC,11,25,10,541.0,5410.0
2020122104000925,GIC,11,42,10,541.0,5410.0
2020122104000924,GIC,11,38,10,541.0,5410.0
2020122104000913,GIC,11,28,10,541.0,5410.0
2020122104000912,GIC,11,5,10,541.0,5410.0
2020122104000911,GIC,11,58,10,541.0,5410.0
2020122104000961,GIC,11,28,10,541.0,5410.0
2020122104000960,GIC,11,38,10,541.0,5410.0
2020122104000950,GIC,11,28,10,541.0,5410.0
2020122104000949,GIC,11,21,10,541.0,5410.0
2020122104000930,GIC,11,58,10,541.0,5410.0
2020122104000928,GIC,11,19,10,541.0,5410.0
2020122104000976,GIC,11,16,10,541.0,5410.0
2020122104000973,GIC,11,50,10,541.0,5410.0
2020122104000972,GIC,11,45,110,541.0,59510.0
2020122104000967,GIC,11,26,10,541.0,5410.0
2020122104000965,GIC,11,38,10,541.0,5410.0
2020122104000963,GIC,11,48,10,541.0,5410.0
2020122104000991,GIC,42,48,10,543.0,5430.0
2020122104000981,GIC,11,21,10,541.0,5410.0
2020122104000980,GIC,11,28,10,541.0,5410.0
2020122104000979,GIC,11,58,10,541.0,5410.0
2020122104000978,GIC,11,10,10,541.0,5410.0
2020122104000977,GIC,11,21,10,541.0,5410.0
2020122104001007,GIC,42,3,10,543.0,5430.0
2020122104001004,GIC,42,16,10,543.0,5430.0
2020122104001003,GIC,42,10,10,543.0,5430.0
2020122104001002,GIC,42,38,10,543.0,5430.0
2020122104001000,GIC,42,37,10,543.0,5430.0
2020122104000997,GIC,42,10,10,543.0,5430.0
2020122104001024,GIC,22,21,10,543.0,5430.0
2020122104001018,GIC,22,45,10,543.0,5430.0
2020122104001017,GIC,22,19,10,543.0,5430.0
2020122104001016,GIC,42,40,10,543.0,5430.0
2020122104001015,GIC,42,18,10,543.0,5430.0
2020122104001008,GIC,42,38,10,543.0,5430.0
2020122104001045,GIC,22,58,10,543.0,5430.0
2020122104001043,GIC,22,33,10,543.0,5430.0
2020122104001042,GIC,22,19,10,543.0,5430.0
2020122104001041,GIC,22,49,10,543.0,5430.0
2020122104001036,GIC,22,38,10,543.0,5430.0
2020122104001034,GIC,22,21,10,543.0,5430.0
2020122104001059,GIC,56,10,10,544.0,5440.0
2020122104001058,GIC,56,42,10,544.0,5440.0
2020122104001057,GIC,56,10,10,544.0,5440.0
2020122104001054,GIC,56,41,10,544.0,5440.0
2020122104001051,GIC,56,38,10,544.0,5440.0
2020122104001046,GIC,22,34,10,543.0,5430.0
2020122104001073,GIC,48,50,10,545.0,5450.0
2020122104001072,GIC,48,47,10,545.0,5450.0
2020122104001071,GIC,56,10,10,544.0,5440.0
2020122104001069,GIC,56,49,10,544.0,5440.0
2020122104001062,GIC,56,10,10,544.0,5440.0
2020122104001060,GIC,56,48,10,544.0,5440.0
2020122104001086,GIC,56,40,10,544.0,5440.0
2020122104001083,GIC,56,49,10,544.0,5440.0
2020122104001080,GIC,25,22,10,545.0,5450.0
2020122104001078,GIC,25,10,10,545.0,5450.0
2020122104001075,GIC,56,41,10,544.0,5440.0
2020122104001074,GIC,48,57,10,545.0,5450.0
2020122104001098,GIC,56,14,10,544.0,5440.0
2020122104001096,GIC,56,14,10,544.0,5440.0
2020122104001090,GIC,56,14,10,544.0,5440.0
2020122104001089,GIC,56,14,10,544.0,5440.0
2020122104001088,GIC,56,4,10,544.0,5440.0
2020122104001087,GIC,56,10,10,544.0,5440.0
2020122104001119,GIC,14,58,10,545.0,5450.0
2020122104001118,GIC,14,40,10,545.0,5450.0
2020122104001117,GIC,14,39,10,545.0,5450.0
2020122104001116,GIC,14,46,10,545.0,5450.0
2020122104001109,GIC,56,14,10,544.0,5440.0
2020122104001101,GIC,56,14,10,544.0,5440.0
2020122104001134,GIC,56,19,10,544.0,5440.0
2020122104001131,GIC,56,17,10,544.0,5440.0
2020122104001130,GIC,56,59,10,544.0,5440.0
2020122104001129,GIC,56,58,10,544.0,5440.0
2020122104001121,GIC,14,7,10,545.0,5450.0
2020122104001120,GIC,14,10,10,545.0,5450.0
2020122104000691,LEMF,17,19,"40,000",9.81,392400.0
2020122104001147,LUK,17,19,100,9.06,906.0
2020122104001040,LUK,17,53,"1,600",9.06,14496.0
2020122104001013,LUK,17,38,100,9.06,906.0
2020122104000785,LUK,41,21,"1,450",9.04,13108.0
2020122104001020,MLBLPO,58,52,"1,792",109.0,195328.0
2020122104001095,NBF2,5,35,"6,300",9.6,60480.0
2020122104001094,NBF2,5,42,500,9.55,4775.0
2020122104001093,NBF2,5,49,100,9.5,950.0
2020122104001092,NBF2,5,35,100,9.45,945.0
2020122104001053,NBF2,42,16,100,9.43,943.0
2020122104000815,NBF2,10,45,"1,100",9.45,10395.0
2020122104000774,NBF2,10,45,"2,400",9.45,22680.0
2020122104001021,NCCBPO,38,25,"23,500",114.0,2679000.0
2020122104001097,NEF,28,57,"2,414",9.68,23367.52
2020122104001064,NEF,28,35,"2,414",9.68,23367.52
2020122104000993,NEF,46,51,"4,846",9.67,46860.82
2020122104000936,NEF,17,52,483,9.65,4660.95
2020122104000918,NEF,17,54,531,9.65,5124.15
2020122104000888,NEF,17,47,"3,000",9.65,28950.0
2020122104000775,NEF,50,45,"1,127",9.67,10898.09
2020122104000737,NEF,50,16,"1,931",9.67,18672.77
2020122104000731,NEF,50,34,"4,505",9.67,43563.35
2020122104000681,NEF,17,19,"10,000",9.65,96500.0
2020122104000887,NEF,17,54,575,9.65,5548.75
2020122104000882,NEF,26,51,100,9.67,967.0
2020122104000869,NEF,17,49,"3,380",9.65,32617.0
2020122104000858,NEF,17,38,483,9.65,4660.95
2020122104000818,NEF,50,51,"7,468",9.67,72215.56
2020122104000777,NEF,50,34,"5,632",9.67,54461.44
2020122104001052,NIBLPF,17,54,500,9.9,4950.0
2020122104000939,NIBLPF,17,51,505,9.9,4999.5
2020122104000893,NIBLPF,17,16,505,9.9,4999.5
2020122104000877,NIBLPF,17,54,"1,515",9.9,14998.5
2020122104000868,NIBLPF,17,35,"2,525",9.9,24997.5
2020122104000773,NIBLPF,17,34,"1,250",9.9,12375.0
2020122104000712,NIBLPF,17,54,"2,273",9.9,22502.7
2020122104000670,NIBLPF,17,49,"4,500",9.9,44550.0
2020122104001077,NIBPO,11,17,485,434.0,210490.0
2020122104001012,NIBPO,42,50,62,429.0,26598.0
2020122104000996,NIBPO,10,17,"1,000",433.0,433000.0
2020122104000995,NIBPO,10,47,30,432.0,12960.0
2020122104000819,NIBPO,49,19,131,427.0,55937.0
2020122104000789,NIBPO,49,49,100,427.0,42700.0
2020122104000788,NIBPO,11,49,150,428.0,64200.0
2020122104000776,NIBPO,10,45,500,432.0,216000.0
2020122104000663,NIBPO,49,22,500,427.0,213500.0
2020122104001061,NIBSF1,26,34,"2,000",11.05,22100.0
2020122104000920,NIBSF1,26,48,"1,000",11.02,11020.0
2020122104000844,NIBSF1,7,49,"1,500",11.01,16515.0
2020122104000783,NIBSF1,7,33,"1,443",11.01,15887.43
2020122104000736,NIBSF1,7,34,"2,800",11.01,30828.0
2020122104000735,NIBSF1,16,34,200,11.01,2202.0
2020122104000659,NIBSF1,7,34,"5,000",11.04,55200.0
2020122104001123,NICAD8283,11,19,25,1160.0,29000.0
2020122104001006,NICBF,49,17,500,9.82,4910.0
2020122104000843,NICBF,49,16,200,9.82,1964.0
2020122104001150,NICGF,17,17,500,10.15,5075.0
2020122104000904,NICGF,17,47,"1,500",10.15,15225.0
2020122104000897,NICGF,5,7,"5,000",10.16,50800.0
2020122104000763,NICGF,17,28,650,10.15,6597.5
2020122104000759,NICGF,17,35,"1,900",10.15,19285.0
2020122104000757,NICGF,6,35,"3,100",10.16,31496.0
2020122104000732,NICGF,6,5,400,10.16,4064.0
2020122104000725,NICGF,6,47,"1,500",10.16,15240.0
2020122104001050,NMB50,4,49,100,10.0,1000.0
2020122104001049,NMB50,4,6,500,10.0,5000.0
2020122104001048,NMB50,4,38,"1,000",9.97,9970.0
2020122104000929,NMB50,17,35,200,9.95,1990.0
2020122104001038,NMBHF1,17,36,749,9.85,7377.65
2020122104000959,NMBHF1,17,51,"20,000",9.85,197000.0
2020122104000940,NMBHF1,17,51,832,9.85,8195.2
2020122104000914,NMBHF1,17,47,"3,500",9.85,34475.0
2020122104000892,NMBHF1,17,10,"4,500",9.85,44325.0
2020122104000860,NMBHF1,17,38,416,9.85,4097.6
2020122104000820,NMBHF1,43,51,"1,978",9.7,19186.6
2020122104000793,NMBHF1,17,51,"17,554",9.89,173609.06
2020122104000791,NMBHF1,17,38,"8,322",9.89,82304.58
2020122104000772,NMBHF1,17,34,"1,577",9.89,15596.53
2020122104000746,NMBHF1,17,34,"4,161",9.89,41152.29
2020122104000883,RBCLPO,53,36,10,12750.0,127500.0
2020122104000880,RBCLPO,6,36,10,12751.0,127510.0
2020122104000853,RBCLPO,40,49,10,12801.0,128010.0
2020122104000850,RBCLPO,40,49,10,12801.0,128010.0
2020122104000766,RBCLPO,39,33,10,12750.0,127500.0
2020122104000745,RBCLPO,33,33,10,12650.0,126500.0
2020122104000743,RBCLPO,19,34,10,12650.0,126500.0
2020122104000703,RBCLPO,34,34,20,12601.0,252020.0
2020122104000678,RBCLPO,43,34,10,12650.0,126500.0
2020122104000676,RBCLPO,17,18,50,12602.0,630100.0
2020122104000667,RBCLPO,33,34,20,12650.0,253000.0
2020122104001091,SAEF,21,47,"10,000",10.85,108500.0
2020122104000945,SAEF,7,51,500,10.76,5380.0
2020122104000934,SAEF,7,47,"3,800",10.76,40888.0
2020122104000846,SAEF,7,56,"2,000",10.8,21600.0
2020122104000828,SAEF,17,49,"3,000",10.75,32250.0
2020122104000699,SAEF,17,56,"3,000",10.75,32250.0
2020122104001152,SEF,17,17,"3,000",10.18,30540.0
2020122104000956,SEF,17,34,"2,500",10.18,25450.0
2020122104000948,SEF,17,51,500,10.18,5090.0
2020122104000947,SEF,17,47,"5,000",10.18,50900.0
2020122104000923,SEF,14,34,"37,000",10.2,377400.0
2020122104000915,SEF,14,16,"2,000",10.2,20400.0
2020122104000836,SEF,14,13,"11,000",10.2,112200.0
2020122104001151,SGI,57,29,10,570.0,5700.0
2020122104001148,SGI,57,10,10,570.0,5700.0
2020122104001146,SGI,57,36,10,570.0,5700.0
2020122104001145,SGI,57,17,10,570.0,5700.0
2020122104001141,SGI,59,57,10,571.0,5710.0
2020122104001139,SGI,57,17,10,570.0,5700.0
2020122104000656,SGI,22,10,10,555.0,5550.0
2020122104000655,SGI,22,57,10,555.0,5550.0
2020122104000653,SGI,19,22,10,554.0,5540.0
2020122104000669,SGI,19,48,10,554.0,5540.0
2020122104000666,SGI,20,44,10,556.0,5560.0
2020122104000664,SGI,34,10,10,556.0,5560.0
2020122104000661,SGI,34,4,10,556.0,5560.0
2020122104000660,SGI,19,26,10,554.0,5540.0
2020122104000657,SGI,43,48,10,555.0,5550.0
2020122104000680,SGI,34,28,70,565.0,39550.0
2020122104000679,SGI,34,17,10,560.0,5600.0
2020122104000677,SGI,43,19,10,555.0,5550.0
2020122104000675,SGI,43,10,10,555.0,5550.0
2020122104000673,SGI,10,42,10,556.0,5560.0
2020122104000671,SGI,45,40,10,555.0,5550.0
2020122104000697,SGI,32,10,10,555.0,5550.0
2020122104000695,SGI,32,17,10,555.0,5550.0
2020122104000694,SGI,32,58,10,555.0,5550.0
2020122104000693,SGI,43,58,60,555.0,33300.0
2020122104000684,SGI,43,17,10,555.0,5550.0
2020122104000683,SGI,43,17,10,555.0,5550.0
2020122104000710,SGI,44,48,10,555.0,5550.0
2020122104000705,SGI,44,58,20,555.0,11100.0
2020122104000704,SGI,19,49,10,554.0,5540.0
2020122104000701,SGI,40,58,10,555.0,5550.0
2020122104000700,SGI,51,58,20,555.0,11100.0
2020122104000698,SGI,51,53,10,555.0,5550.0
2020122104000718,SGI,41,39,10,565.0,5650.0
2020122104000717,SGI,41,4,10,565.0,5650.0
2020122104000716,SGI,41,52,10,565.0,5650.0
2020122104000715,SGI,41,28,20,565.0,11300.0
2020122104000714,SGI,41,57,10,560.0,5600.0
2020122104000711,SGI,44,17,10,555.0,5550.0
2020122104000727,SGI,41,52,10,566.0,5660.0
2020122104000723,SGI,41,4,10,566.0,5660.0
2020122104000722,SGI,41,58,10,565.0,5650.0
2020122104000721,SGI,41,42,10,565.0,5650.0
2020122104000720,SGI,41,28,10,565.0,5650.0
2020122104000719,SGI,41,54,10,565.0,5650.0
2020122104000756,SGI,41,17,10,566.0,5660.0
2020122104000742,SGI,49,32,10,568.0,5680.0
2020122104000741,SGI,49,21,10,568.0,5680.0
2020122104000740,SGI,49,58,10,567.0,5670.0
2020122104000734,SGI,41,58,85,566.0,48110.0
2020122104000729,SGI,41,44,10,566.0,5660.0
2020122104000765,SGI,35,45,10,569.0,5690.0
2020122104000764,SGI,35,52,10,569.0,5690.0
2020122104000762,SGI,35,52,10,569.0,5690.0
2020122104000761,SGI,41,32,10,566.0,5660.0
2020122104000760,SGI,41,4,10,566.0,5660.0
2020122104000758,SGI,47,47,10,567.0,5670.0
2020122104000778,SGI,17,16,10,570.0,5700.0
2020122104000771,SGI,17,32,10,570.0,5700.0
2020122104000770,SGI,17,36,10,570.0,5700.0
2020122104000769,SGI,17,20,10,570.0,5700.0
2020122104000768,SGI,35,38,10,569.0,5690.0
2020122104000767,SGI,35,5,10,569.0,5690.0
2020122104000805,SGI,17,16,10,570.0,5700.0
2020122104000794,SGI,17,21,10,570.0,5700.0
2020122104000792,SGI,17,38,10,570.0,5700.0
2020122104000790,SGI,17,58,10,570.0,5700.0
2020122104000786,SGI,17,8,10,570.0,5700.0
2020122104000784,SGI,17,21,10,570.0,5700.0
2020122104000821,SGI,17,17,10,570.0,5700.0
2020122104000816,SGI,17,25,20,570.0,11400.0
2020122104000814,SGI,17,16,10,570.0,5700.0
2020122104000812,SGI,17,8,10,570.0,5700.0
2020122104000811,SGI,17,16,10,570.0,5700.0
2020122104000807,SGI,17,16,10,570.0,5700.0
2020122104000849,SGI,35,38,10,569.0,5690.0
2020122104000847,SGI,35,17,10,569.0,5690.0
2020122104000841,SGI,6,45,10,575.0,5750.0
2020122104000834,SGI,17,38,10,570.0,5700.0
2020122104000831,SGI,17,6,10,570.0,5700.0
2020122104000823,SGI,17,48,10,570.0,5700.0
2020122104000865,SGI,35,39,10,569.0,5690.0
2020122104000861,SGI,35,19,10,569.0,5690.0
2020122104000857,SGI,35,45,10,569.0,5690.0
2020122104000856,SGI,35,58,10,569.0,5690.0
2020122104000854,SGI,35,58,10,569.0,5690.0
2020122104000852,SGI,35,58,10,569.0,5690.0
2020122104000890,SGI,42,19,10,570.0,5700.0
2020122104000889,SGI,35,42,10,569.0,5690.0
2020122104000881,SGI,35,20,10,569.0,5690.0
2020122104000878,SGI,35,13,10,569.0,5690.0
2020122104000870,SGI,35,44,10,569.0,5690.0
2020122104000867,SGI,35,14,10,569.0,5690.0
2020122104000901,SGI,11,52,10,570.0,5700.0
2020122104000900,SGI,42,45,10,574.0,5740.0
2020122104000899,SGI,11,48,10,570.0,5700.0
2020122104000898,SGI,11,17,10,570.0,5700.0
2020122104000894,SGI,11,57,10,570.0,5700.0
2020122104000891,SGI,58,42,10,570.0,5700.0
2020122104000910,SGI,49,49,10,575.0,5750.0
2020122104000909,SGI,49,33,10,575.0,5750.0
2020122104000908,SGI,49,57,10,575.0,5750.0
2020122104000906,SGI,42,36,10,575.0,5750.0
2020122104000905,SGI,42,54,10,575.0,5750.0
2020122104000902,SGI,11,8,10,570.0,5700.0
2020122104000931,SGI,57,42,10,570.0,5700.0
2020122104000926,SGI,11,25,10,570.0,5700.0
2020122104000922,SGI,11,38,10,570.0,5700.0
2020122104000921,SGI,11,28,10,570.0,5700.0
2020122104000919,SGI,11,44,10,570.0,5700.0
2020122104000916,SGI,11,50,10,570.0,5700.0
2020122104000941,SGI,57,38,10,570.0,5700.0
2020122104000938,SGI,57,57,10,570.0,5700.0
2020122104000937,SGI,57,25,10,570.0,5700.0
2020122104000935,SGI,57,25,10,570.0,5700.0
2020122104000933,SGI,57,19,10,570.0,5700.0
2020122104000932,SGI,57,25,10,570.0,5700.0
2020122104000952,SGI,57,38,10,570.0,5700.0
2020122104000951,SGI,57,42,10,570.0,5700.0
2020122104000946,SGI,57,42,10,570.0,5700.0
2020122104000944,SGI,57,34,10,570.0,5700.0
2020122104000943,SGI,57,21,10,570.0,5700.0
2020122104000942,SGI,57,42,10,570.0,5700.0
2020122104000964,SGI,57,14,10,570.0,5700.0
2020122104000962,SGI,57,42,10,570.0,5700.0
2020122104000958,SGI,57,38,10,570.0,5700.0
2020122104000957,SGI,57,42,10,570.0,5700.0
2020122104000955,SGI,57,21,10,570.0,5700.0
2020122104000953,SGI,57,42,10,570.0,5700.0
2020122104000974,SGI,57,45,10,570.0,5700.0
2020122104000971,SGI,57,28,10,570.0,5700.0
2020122104000970,SGI,57,10,10,570.0,5700.0
2020122104000969,SGI,57,42,10,570.0,5700.0
2020122104000968,SGI,57,42,10,570.0,5700.0
2020122104000966,SGI,57,42,10,570.0,5700.0
2020122104000986,SGI,29,17,10,574.0,5740.0
2020122104000985,SGI,57,17,10,570.0,5700.0
2020122104000984,SGI,57,50,10,570.0,5700.0
2020122104000983,SGI,57,38,10,570.0,5700.0
2020122104000982,SGI,57,44,10,570.0,5700.0
2020122104000975,SGI,57,16,10,570.0,5700.0
2020122104000998,SGI,57,25,10,570.0,5700.0
2020122104000994,SGI,57,22,10,570.0,5700.0
2020122104000992,SGI,57,10,10,570.0,5700.0
2020122104000990,SGI,57,45,10,570.0,5700.0
2020122104000989,SGI,57,16,10,570.0,5700.0
2020122104000988,SGI,57,44,10,570.0,5700.0
2020122104001011,SGI,57,18,10,570.0,5700.0
2020122104001010,SGI,57,21,10,570.0,5700.0
2020122104001009,SGI,57,40,10,570.0,5700.0
2020122104001005,SGI,57,19,10,570.0,5700.0
2020122104001001,SGI,57,10,10,570.0,5700.0
2020122104000999,SGI,57,38,10,570.0,5700.0
2020122104001026,SGI,57,40,10,570.0,5700.0
2020122104001025,SGI,57,49,10,570.0,5700.0
2020122104001023,SGI,57,39,10,570.0,5700.0
2020122104001022,SGI,57,51,10,570.0,5700.0
2020122104001019,SGI,57,21,10,570.0,5700.0
2020122104001014,SGI,57,21,10,570.0,5700.0
2020122104001037,SGI,57,58,10,570.0,5700.0
2020122104001033,SGI,57,51,10,570.0,5700.0
2020122104001032,SGI,57,44,10,570.0,5700.0
2020122104001031,SGI,57,21,10,570.0,5700.0
2020122104001030,SGI,57,25,10,570.0,5700.0
2020122104001029,SGI,57,56,10,570.0,5700.0
2020122104001063,SGI,57,35,10,570.0,5700.0
2020122104001056,SGI,57,44,10,570.0,5700.0
2020122104001055,SGI,57,45,100,570.0,57000.0
2020122104001047,SGI,51,58,10,574.0,5740.0
2020122104001044,SGI,57,49,10,570.0,5700.0
2020122104001039,SGI,57,21,10,570.0,5700.0
2020122104001076,SGI,57,49,10,570.0,5700.0
2020122104001070,SGI,57,58,10,570.0,5700.0
2020122104001068,SGI,57,33,10,570.0,5700.0
2020122104001067,SGI,54,50,10,575.0,5750.0
2020122104001066,SGI,54,38,10,575.0,5750.0
2020122104001065,SGI,54,17,10,574.0,5740.0
2020122104001103,SGI,16,32,10,571.0,5710.0
2020122104001102,SGI,16,4,10,571.0,5710.0
2020122104001085,SGI,57,59,10,570.0,5700.0
2020122104001084,SGI,57,51,10,570.0,5700.0
2020122104001082,SGI,57,58,10,570.0,5700.0
2020122104001081,SGI,57,10,10,570.0,5700.0
2020122104001112,SGI,14,53,10,575.0,5750.0
2020122104001111,SGI,16,7,10,571.0,5710.0
2020122104001110,SGI,16,40,10,571.0,5710.0
2020122104001106,SGI,16,14,10,571.0,5710.0
2020122104001105,SGI,16,42,10,571.0,5710.0
2020122104001104,SGI,16,21,10,571.0,5710.0
2020122104001126,SGI,16,59,10,571.0,5710.0
2020122104001125,SGI,16,10,10,571.0,5710.0
2020122104001124,SGI,16,10,10,571.0,5710.0
2020122104001122,SGI,39,19,10,575.0,5750.0
2020122104001114,SGI,39,7,10,575.0,5750.0
2020122104001113,SGI,39,56,10,575.0,5750.0
2020122104001137,SGI,57,51,100,570.0,57000.0
2020122104001136,SGI,35,51,20,571.0,11420.0
2020122104001135,SGI,16,51,390,571.0,222690.0
2020122104001133,SGI,16,17,10,571.0,5710.0
2020122104001128,SGI,34,52,10,576.0,5760.0
2020122104001127,SGI,34,46,10,576.0,5760.0
2020122104001108,STC,38,58,10,5000.0,50000.0
2020122104001107,STC,7,58,10,5000.0,50000.0
2020122104001100,STC,32,58,50,5001.0,250050.0
2020122104001035,STC,17,38,10,4996.0,49960.0
2020122104001028,STC,42,38,50,4996.0,249800.0
2020122104001027,STC,42,34,50,4996.0,249800.0
2020122104000672,STC,1,58,10,4998.0,49980.0
2020122104000864,STC,59,57,20,4996.0,99920.0
2020122104000863,STC,21,57,10,4997.0,49970.0
2020122104000862,STC,25,57,10,4998.0,49980.0
2020122104000724,STC,51,57,10,5097.0,50970.0
2020122104000707,STC,52,40,10,5096.0,50960.0
2020122104000690,STC,50,34,50,5095.0,254750.0
2020122104000987,STC,32,49,10,4940.0,49400.0
2020122104000875,STC,1,57,25,4899.0,122475.0
2020122104000874,STC,5,57,20,4899.0,97980.0
2020122104000873,STC,40,57,10,4899.0,48990.0
2020122104000872,STC,6,57,10,4900.0,49000.0
2020122104000871,STC,26,57,20,4901.0,98020.0
2020122104000650,BBC,20,34,30,2490.0,74700.0
2020122104000495,BBC,17,34,20,2495.0,49900.0
2020122104000418,BBC,28,11,50,2400.0,120000.0
2020122104000375,BBC,34,58,20,2405.0,48100.0
2020122104000355,BBC,26,58,10,2405.0,24050.0
2020122104000338,BBC,21,34,10,2401.0,24010.0
2020122104000291,BBC,21,5,10,2450.0,24500.0
2020122104000652,GIC,50,48,10,527.0,5270.0
2020122104000651,GIC,50,38,10,527.0,5270.0
2020122104000649,GIC,50,34,10,527.0,5270.0
2020122104000648,GIC,10,49,60,530.0,31800.0
2020122104000646,GIC,22,49,100,530.0,53000.0
2020122104000645,GIC,54,49,200,530.0,106000.0
2020122104000153,GIC,22,33,20,513.0,10260.0
2020122104000163,GIC,44,17,10,519.0,5190.0
2020122104000162,GIC,44,36,10,519.0,5190.0
2020122104000161,GIC,58,44,110,518.0,56980.0
2020122104000160,GIC,58,38,10,518.0,5180.0
2020122104000157,GIC,58,42,10,518.0,5180.0
2020122104000155,GIC,58,33,10,518.0,5180.0
2020122104000178,GIC,58,22,10,520.0,5200.0
2020122104000177,GIC,58,1,10,520.0,5200.0
2020122104000169,GIC,58,57,10,520.0,5200.0
2020122104000168,GIC,58,41,10,520.0,5200.0
2020122104000167,GIC,58,56,10,520.0,5200.0
2020122104000166,GIC,58,14,10,520.0,5200.0
2020122104000200,GIC,58,26,10,522.0,5220.0
2020122104000198,GIC,49,58,10,521.0,5210.0
2020122104000188,GIC,52,34,20,521.0,10420.0
2020122104000186,GIC,58,56,10,520.0,5200.0
2020122104000181,GIC,58,13,10,520.0,5200.0
2020122104000179,GIC,58,49,10,520.0,5200.0
2020122104000208,GIC,58,58,10,522.0,5220.0
2020122104000207,GIC,58,39,10,522.0,5220.0
2020122104000204,GIC,58,53,10,522.0,5220.0
2020122104000203,GIC,58,8,10,522.0,5220.0
2020122104000202,GIC,58,7,10,522.0,5220.0
2020122104000201,GIC,58,32,10,522.0,5220.0
2020122104000228,GIC,14,50,50,520.0,26000.0
2020122104000227,GIC,34,50,40,520.0,20800.0
2020122104000224,GIC,34,53,10,520.0,5200.0
2020122104000218,GIC,25,43,10,521.0,5210.0
2020122104000217,GIC,25,34,10,521.0,5210.0
2020122104000212,GIC,49,49,10,521.0,5210.0
2020122104000258,GIC,21,21,10,517.0,5170.0
2020122104000250,GIC,45,45,10,517.0,5170.0
2020122104000249,GIC,45,42,10,517.0,5170.0
2020122104000241,GIC,28,42,10,517.0,5170.0
2020122104000238,GIC,28,38,10,517.0,5170.0
2020122104000234,GIC,28,53,10,517.0,5170.0
2020122104000272,GIC,48,17,45,520.0,23400.0
2020122104000271,GIC,48,39,10,520.0,5200.0
2020122104000270,GIC,48,36,10,520.0,5200.0
2020122104000266,GIC,48,57,10,516.0,5160.0
2020122104000263,GIC,45,52,10,517.0,5170.0
2020122104000260,GIC,21,45,10,516.0,5160.0
2020122104000286,GIC,48,38,10,516.0,5160.0
2020122104000285,GIC,48,36,10,516.0,5160.0
2020122104000283,GIC,52,37,10,517.0,5170.0
2020122104000282,GIC,52,26,10,517.0,5170.0
2020122104000278,GIC,48,26,10,516.0,5160.0
2020122104000274,GIC,48,38,10,516.0,5160.0
2020122104000307,GIC,55,26,10,517.0,5170.0
2020122104000306,GIC,48,8,10,516.0,5160.0
2020122104000305,GIC,48,52,10,516.0,5160.0
2020122104000295,GIC,48,38,10,516.0,5160.0
2020122104000292,GIC,48,32,10,516.0,5160.0
2020122104000289,GIC,48,39,10,516.0,5160.0
2020122104000336,GIC,6,17,20,520.0,10400.0
2020122104000331,GIC,55,43,10,517.0,5170.0
2020122104000329,GIC,25,29,10,519.0,5190.0
2020122104000322,GIC,55,47,10,517.0,5170.0
2020122104000321,GIC,59,17,50,520.0,26000.0
2020122104000308,GIC,55,43,10,517.0,5170.0
2020122104000352,GIC,45,36,10,520.0,5200.0
2020122104000351,GIC,45,57,10,520.0,5200.0
2020122104000350,GIC,45,17,30,520.0,15600.0
2020122104000349,GIC,49,47,10,518.0,5180.0
2020122104000342,GIC,55,45,10,517.0,5170.0
2020122104000339,GIC,55,14,10,517.0,5170.0
2020122104000368,GIC,48,7,10,520.0,5200.0
2020122104000367,GIC,48,42,10,520.0,5200.0
2020122104000362,GIC,48,28,10,520.0,5200.0
2020122104000357,GIC,48,42,10,520.0,5200.0
2020122104000354,GIC,49,45,10,518.0,5180.0
2020122104000353,GIC,45,36,10,520.0,5200.0
2020122104000374,GIC,44,58,10,522.0,5220.0
2020122104000373,GIC,44,59,10,522.0,5220.0
2020122104000372,GIC,44,38,10,522.0,5220.0
2020122104000371,GIC,29,40,10,521.0,5210.0
2020122104000370,GIC,29,17,40,521.0,20840.0
2020122104000369,GIC,48,49,10,520.0,5200.0
2020122104000384,GIC,55,49,10,525.0,5250.0
2020122104000383,GIC,55,55,10,525.0,5250.0
2020122104000382,GIC,55,22,10,525.0,5250.0
2020122104000381,GIC,55,16,10,525.0,5250.0
2020122104000380,GIC,55,41,10,525.0,5250.0
2020122104000379,GIC,55,43,10,525.0,5250.0
2020122104000398,GIC,58,26,10,527.0,5270.0
2020122104000397,GIC,58,49,10,527.0,5270.0
2020122104000392,GIC,44,56,10,523.0,5230.0
2020122104000387,GIC,55,58,10,525.0,5250.0
2020122104000386,GIC,55,46,10,525.0,5250.0
2020122104000385,GIC,55,52,10,525.0,5250.0
2020122104000416,GIC,45,21,10,525.0,5250.0
2020122104000404,GIC,16,35,10,525.0,5250.0
2020122104000403,GIC,16,26,80,525.0,42000.0
2020122104000402,GIC,13,26,20,528.0,10560.0
2020122104000401,GIC,13,49,10,528.0,5280.0
2020122104000400,GIC,13,10,50,528.0,26400.0
2020122104000433,GIC,26,48,10,531.0,5310.0
2020122104000431,GIC,49,44,10,530.0,5300.0
2020122104000425,GIC,43,17,10,531.0,5310.0
2020122104000423,GIC,43,37,10,530.0,5300.0
2020122104000422,GIC,43,58,10,530.0,5300.0
2020122104000421,GIC,43,41,10,530.0,5300.0
2020122104000443,GIC,44,34,10,540.0,5400.0
2020122104000442,GIC,44,41,10,540.0,5400.0
2020122104000441,GIC,44,51,10,540.0,5400.0
2020122104000440,GIC,44,45,10,540.0,5400.0
2020122104000439,GIC,44,43,10,540.0,5400.0
2020122104000437,GIC,49,42,10,535.0,5350.0
2020122104000454,GIC,21,58,10,540.0,5400.0
2020122104000452,GIC,49,32,10,535.0,5350.0
2020122104000450,GIC,49,29,10,535.0,5350.0
2020122104000447,GIC,38,5,100,548.0,54800.0
2020122104000445,GIC,44,21,30,544.0,16320.0
2020122104000444,GIC,44,53,20,544.0,10880.0
2020122104000509,GIC,29,8,10,549.0,5490.0
2020122104000508,GIC,29,6,10,549.0,5490.0
2020122104000459,GIC,29,46,200,560.0,112000.0
2020122104000458,GIC,29,41,10,558.0,5580.0
2020122104000457,GIC,29,48,90,550.0,49500.0
2020122104000456,GIC,29,59,10,550.0,5500.0
2020122104000527,GIC,21,29,10,540.0,5400.0
2020122104000523,GIC,17,48,30,570.0,17100.0
2020122104000513,GIC,29,22,20,571.0,11420.0
2020122104000512,GIC,29,22,10,570.0,5700.0
2020122104000511,GIC,29,41,10,570.0,5700.0
2020122104000510,GIC,29,45,10,550.0,5500.0
2020122104000548,GIC,42,21,90,550.0,49500.0
2020122104000547,GIC,42,57,10,550.0,5500.0
2020122104000546,GIC,21,41,10,540.0,5400.0
2020122104000544,GIC,21,8,10,540.0,5400.0
2020122104000542,GIC,10,13,10,550.0,5500.0
2020122104000539,GIC,21,8,10,540.0,5400.0
2020122104000565,GIC,58,28,20,540.0,10800.0
2020122104000564,GIC,54,28,500,540.0,270000.0
2020122104000563,GIC,6,28,80,540.0,43200.0
2020122104000562,GIC,21,28,10,540.0,5400.0
2020122104000561,GIC,55,28,40,541.0,21640.0
2020122104000560,GIC,53,28,200,542.0,108400.0
2020122104000583,GIC,44,59,50,535.0,26750.0
2020122104000581,GIC,44,21,10,535.0,5350.0
2020122104000576,GIC,4,49,30,540.0,16200.0
2020122104000573,GIC,4,21,10,540.0,5400.0
2020122104000572,GIC,4,28,110,540.0,59400.0
2020122104000568,GIC,10,28,30,540.0,16200.0
2020122104000606,GIC,41,6,40,535.0,21400.0
2020122104000605,GIC,44,6,10,535.0,5350.0
2020122104000598,GIC,44,40,10,535.0,5350.0
2020122104000597,GIC,44,21,10,535.0,5350.0
2020122104000596,GIC,44,25,10,535.0,5350.0
2020122104000584,GIC,49,49,10,540.0,5400.0
2020122104000614,GIC,22,34,10,532.0,5320.0
2020122104000613,GIC,22,10,10,532.0,5320.0
2020122104000611,GIC,22,52,10,532.0,5320.0
2020122104000610,GIC,22,50,10,532.0,5320.0
2020122104000608,GIC,22,21,10,532.0,5320.0
2020122104000607,GIC,6,6,100,535.0,53500.0
2020122104000638,GIC,22,49,10,532.0,5320.0
2020122104000637,GIC,48,49,100,533.0,53300.0
2020122104000632,GIC,22,41,10,532.0,5320.0
2020122104000631,GIC,22,38,10,532.0,5320.0
2020122104000618,GIC,22,52,10,532.0,5320.0
2020122104000617,GIC,22,42,10,532.0,5320.0
2020122104000644,GIC,22,49,20,530.0,10600.0
2020122104000643,GIC,55,49,200,530.0,106000.0
2020122104000642,GIC,38,49,100,530.0,53000.0
2020122104000641,GIC,49,49,20,530.0,10600.0
2020122104000640,GIC,53,49,40,531.0,21240.0
2020122104000639,GIC,3,49,100,532.0,53200.0
2020122104000245,GIMES1,49,7,"15,294",10.71,163798.74
2020122104000221,GIMES1,7,7,"12,000",10.72,128640.0
2020122104000328,LUK,58,11,"1,000",9.22,9220.0
2020122104000628,NBF2,10,45,500,9.45,4725.0
2020122104000599,NBF2,10,34,100,9.45,945.0
2020122104000575,NEF,17,41,627,9.65,6050.55
2020122104000574,NEF,52,41,500,9.66,4830.0
2020122104000466,NEF,53,58,"1,200",9.7,11640.0
2020122104000465,NEF,53,43,700,9.7,6790.0
2020122104000453,NEF,53,43,200,9.7,1940.0
2020122104000394,NIBLPF,10,25,"1,010",9.8,9898.0
2020122104000393,NIBLPF,10,58,"1,010",9.8,9898.0
2020122104000275,NIBLPF,10,43,505,9.7,4898.5
2020122104000621,NIBPO,49,57,119,427.0,50813.0
2020122104000429,NIBPO,3,17,100,434.0,43400.0
2020122104000378,NIBPO,19,17,365,434.0,158410.0
2020122104000348,NIBPO,49,17,50,434.0,21700.0
2020122104000264,NIBPO,39,45,32,426.0,13632.0
2020122104000609,NIBSF1,17,6,"5,000",11.0,55000.0
2020122104000566,NIBSF1,7,4,"5,000",11.01,55050.0
2020122104000288,NIBSF1,59,58,"2,500",11.0,27500.0
2020122104000589,NICGF,17,21,"1,000",10.15,10150.0
2020122104000420,NICGF,49,10,"3,900",10.01,39039.0
2020122104000419,NICGF,58,10,"1,000",10.01,10010.0
2020122104000587,NMBHF1,17,33,"2,648",9.89,26188.72
2020122104000586,NMBHF1,17,57,"1,577",9.86,15549.22
2020122104000585,NMBHF1,17,49,"4,161",9.85,40985.85
2020122104000545,NMBHF1,43,14,832,9.7,8070.4
2020122104000636,RBCLPO,46,21,10,12770.0,127700.0
2020122104000635,RBCLPO,56,21,10,12800.0,128000.0
2020122104000622,RBCLPO,17,49,30,12801.0,384030.0
2020122104000612,RBCLPO,17,57,20,12801.0,256020.0
2020122104000593,RBCLPO,14,43,10,13000.0,130000.0
2020122104000557,RBCLPO,57,53,10,13001.0,130010.0
2020122104000424,RBCLPO,49,49,148,12600.0,1864800.0
2020122104000417,RBCLPO,43,6,10,12770.0,127700.0
2020122104000389,RBCLPO,46,45,50,12600.0,630000.0
2020122104000388,RBCLPO,46,50,15,12600.0,189000.0
2020122104000154,RBCLPO,16,6,10,12777.0,127770.0
2020122104000556,RBCLPO,20,53,10,13009.0,130090.0
2020122104000524,RBCLPO,20,21,10,13030.0,130300.0
2020122104000464,RBCLPO,33,33,60,13000.0,780000.0
2020122104000446,RBCLPO,46,47,30,12780.0,383400.0
2020122104000435,RBCLPO,46,58,37,12770.0,472490.0
2020122104000434,RBCLPO,26,58,10,12770.0,127700.0
2020122104000627,SAEF,17,21,"5,000",10.75,53750.0
2020122104000626,SAEF,17,54,500,10.75,5375.0
2020122104000625,SAEF,17,54,500,10.74,5370.0
2020122104000415,SAEF,26,49,"29,500",10.54,310930.0
2020122104000414,SAEF,49,42,500,10.53,5265.0
2020122104000390,SAEF,6,49,"10,000",10.54,105400.0
2020122104000279,SAEF,52,49,500,10.55,5275.0
2020122104000364,SAEF,47,49,"20,000",10.54,210800.0
2020122104000315,SAEF,49,50,100,10.53,1053.0
2020122104000314,SAEF,58,50,900,10.53,9477.0
2020122104000300,SAEF,6,49,"10,000",10.54,105400.0
2020122104000281,SAEF,49,49,"25,000",10.54,263500.0
2020122104000280,SAEF,26,49,"5,000",10.54,52700.0
2020122104000391,SAND2085,19,42,25,1036.0,25900.0
2020122104000595,SEF,17,49,500,10.18,5090.0
2020122104000594,SEF,17,51,"3,000",10.17,30510.0
2020122104000413,SEF,49,42,300,9.99,2997.0
2020122104000319,SEF,14,26,500,10.19,5095.0
2020122104000318,SEF,14,35,"5,000",10.15,50750.0
2020122104000317,SEF,14,14,"2,500",10.15,25375.0
2020122104000316,SEF,14,47,"1,000",10.09,10090.0
2020122104000294,SEF,42,16,500,10.0,5000.0
2020122104000293,SEF,42,8,"2,500",10.0,25000.0
2020122104000215,SEF,49,37,"6,600",9.99,65934.0
2020122104000213,SEF,58,20,"2,000",9.99,19980.0
2020122104000647,SGI,19,51,10,554.0,5540.0
2020122104000634,SGI,19,34,10,554.0,5540.0
2020122104000633,SGI,41,50,10,554.0,5540.0
2020122104000630,SGI,41,34,10,554.0,5540.0
2020122104000629,SGI,42,14,50,555.0,27750.0
2020122104000624,SGI,28,10,10,555.0,5550.0
2020122104000165,SGI,39,33,10,536.0,5360.0
2020122104000164,SGI,45,58,10,535.0,5350.0
2020122104000159,SGI,45,1,10,535.0,5350.0
2020122104000158,SGI,45,40,10,535.0,5350.0
2020122104000156,SGI,45,8,10,535.0,5350.0
2020122104000176,SGI,54,47,10,535.0,5350.0
2020122104000175,SGI,42,45,10,535.0,5350.0
2020122104000173,SGI,10,32,10,536.0,5360.0
2020122104000172,SGI,42,42,40,535.0,21400.0
2020122104000171,SGI,45,42,60,535.0,32100.0
2020122104000170,SGI,39,42,20,536.0,10720.0
2020122104000190,SGI,58,33,10,536.0,5360.0
2020122104000187,SGI,58,5,10,536.0,5360.0
2020122104000185,SGI,58,36,10,536.0,5360.0
2020122104000183,SGI,58,21,200,536.0,107200.0
2020122104000182,SGI,58,34,10,536.0,5360.0
2020122104000180,SGI,54,41,10,535.0,5350.0
2020122104000196,SGI,34,25,30,540.0,16200.0
2020122104000195,SGI,34,1,10,539.0,5390.0
2020122104000194,SGI,58,45,10,536.0,5360.0
2020122104000193,SGI,58,43,10,536.0,5360.0
2020122104000192,SGI,58,42,223,536.0,119528.0
2020122104000191,SGI,58,42,10,536.0,5360.0
2020122104000210,SGI,25,43,20,540.0,10800.0
2020122104000209,SGI,8,43,10,538.0,5380.0
2020122104000206,SGI,8,34,10,538.0,5380.0
2020122104000205,SGI,8,59,10,538.0,5380.0
2020122104000199,SGI,8,53,10,536.0,5360.0
2020122104000197,SGI,34,52,10,540.0,5400.0
2020122104000226,SGI,16,1,20,538.0,10760.0
2020122104000225,SGI,8,1,30,538.0,16140.0
2020122104000220,SGI,8,58,10,538.0,5380.0
2020122104000216,SGI,8,42,10,538.0,5380.0
2020122104000214,SGI,8,58,10,538.0,5380.0
2020122104000211,SGI,14,43,50,540.0,27000.0
2020122104000239,SGI,34,32,10,539.0,5390.0
2020122104000237,SGI,55,38,10,538.0,5380.0
2020122104000233,SGI,55,57,10,538.0,5380.0
2020122104000231,SGI,17,35,10,539.0,5390.0
2020122104000230,SGI,21,58,10,538.0,5380.0
2020122104000229,SGI,21,6,10,538.0,5380.0
2020122104000247,SGI,34,36,10,539.0,5390.0
2020122104000246,SGI,34,34,10,539.0,5390.0
2020122104000244,SGI,34,5,10,539.0,5390.0
2020122104000243,SGI,34,19,10,539.0,5390.0
2020122104000242,SGI,34,58,10,539.0,5390.0
2020122104000240,SGI,34,57,10,539.0,5390.0
2020122104000255,SGI,22,25,10,540.0,5400.0
2020122104000254,SGI,22,4,10,540.0,5400.0
2020122104000253,SGI,22,13,10,540.0,5400.0
2020122104000252,SGI,22,43,10,540.0,5400.0
2020122104000251,SGI,34,7,10,539.0,5390.0
2020122104000248,SGI,25,43,20,540.0,10800.0
2020122104000267,SGI,25,50,10,540.0,5400.0
2020122104000262,SGI,16,52,10,539.0,5390.0
2020122104000261,SGI,16,42,10,539.0,5390.0
2020122104000259,SGI,34,49,10,539.0,5390.0
2020122104000257,SGI,34,6,10,539.0,5390.0
2020122104000256,SGI,22,33,10,540.0,5400.0
2020122104000296,SGI,56,6,490,540.0,264600.0
2020122104000287,SGI,56,26,10,540.0,5400.0
2020122104000277,SGI,25,57,10,540.0,5400.0
2020122104000273,SGI,25,57,10,540.0,5400.0
2020122104000269,SGI,25,36,10,540.0,5400.0
2020122104000268,SGI,25,45,10,540.0,5400.0
2020122104000303,SGI,22,58,10,540.0,5400.0
2020122104000302,SGI,22,47,30,540.0,16200.0
2020122104000301,SGI,16,57,10,539.0,5390.0
2020122104000299,SGI,35,47,140,540.0,75600.0
2020122104000298,SGI,35,55,50,540.0,27000.0
2020122104000297,SGI,35,6,10,540.0,5400.0
2020122104000313,SGI,16,28,10,539.0,5390.0
2020122104000312,SGI,45,20,20,540.0,10800.0
2020122104000311,SGI,34,20,20,540.0,10800.0
2020122104000310,SGI,34,51,10,540.0,5400.0
2020122104000309,SGI,16,46,10,539.0,5390.0
2020122104000304,SGI,16,25,10,539.0,5390.0
2020122104000330,SGI,5,22,10,540.0,5400.0
2020122104000327,SGI,16,39,10,539.0,5390.0
2020122104000326,SGI,46,4,10,540.0,5400.0
2020122104000325,SGI,46,56,10,540.0,5400.0
2020122104000324,SGI,46,20,120,540.0,64800.0
2020122104000320,SGI,16,46,10,539.0,5390.0
2020122104000343,SGI,34,58,10,542.0,5420.0
2020122104000341,SGI,45,39,10,541.0,5410.0
2020122104000340,SGI,45,45,10,541.0,5410.0
2020122104000337,SGI,5,38,10,540.0,5400.0
2020122104000335,SGI,5,36,10,540.0,5400.0
2020122104000333,SGI,5,43,10,540.0,5400.0
2020122104000358,SGI,45,58,40,545.0,21800.0
2020122104000356,SGI,45,47,10,541.0,5410.0
2020122104000347,SGI,34,4,10,545.0,5450.0
2020122104000346,SGI,34,49,10,544.0,5440.0
2020122104000345,SGI,34,45,10,544.0,5440.0
2020122104000344,SGI,34,16,10,543.0,5430.0
2020122104000376,SGI,5,29,10,540.0,5400.0
2020122104000366,SGI,5,38,10,540.0,5400.0
2020122104000363,SGI,5,22,10,540.0,5400.0
2020122104000361,SGI,8,58,10,545.0,5450.0
2020122104000360,SGI,5,45,10,540.0,5400.0
2020122104000359,SGI,5,6,30,540.0,16200.0
2020122104000406,SGI,34,4,10,545.0,5450.0
2020122104000405,SGI,34,58,90,545.0,49050.0
2020122104000399,SGI,49,32,10,541.0,5410.0
2020122104000396,SGI,22,58,100,545.0,54500.0
2020122104000395,SGI,39,58,10,545.0,5450.0
2020122104000377,SGI,13,58,50,545.0,27250.0
2020122104000412,SGI,34,36,10,545.0,5450.0
2020122104000411,SGI,34,33,10,545.0,5450.0
2020122104000410,SGI,34,58,10,545.0,5450.0
2020122104000409,SGI,34,50,10,545.0,5450.0
2020122104000408,SGI,34,58,10,545.0,5450.0
2020122104000407,SGI,34,58,10,545.0,5450.0
2020122104000448,SGI,41,47,10,554.0,5540.0
2020122104000436,SGI,57,41,10,549.0,5490.0
2020122104000432,SGI,57,57,10,549.0,5490.0
2020122104000428,SGI,57,36,10,549.0,5490.0
2020122104000427,SGI,57,20,80,549.0,43920.0
2020122104000426,SGI,57,52,10,549.0,5490.0
2020122104000468,SGI,55,46,10,559.0,5590.0
2020122104000467,SGI,55,36,10,559.0,5590.0
2020122104000462,SGI,40,5,10,555.0,5550.0
2020122104000455,SGI,43,42,50,555.0,27750.0
2020122104000451,SGI,41,56,10,554.0,5540.0
2020122104000449,SGI,41,36,10,554.0,5540.0
2020122104000474,SGI,20,51,10,565.0,5650.0
2020122104000473,SGI,55,50,40,564.0,22560.0
2020122104000472,SGI,55,58,40,563.0,22520.0
2020122104000471,SGI,55,54,100,563.0,56300.0
2020122104000470,SGI,55,17,10,560.0,5600.0
2020122104000469,SGI,55,8,10,560.0,5600.0
2020122104000480,SGI,20,17,10,566.0,5660.0
2020122104000479,SGI,20,48,10,566.0,5660.0
2020122104000478,SGI,20,56,10,566.0,5660.0
2020122104000477,SGI,20,56,10,566.0,5660.0
2020122104000476,SGI,20,57,10,566.0,5660.0
2020122104000475,SGI,20,29,10,566.0,5660.0
2020122104000486,SGI,20,57,10,566.0,5660.0
2020122104000485,SGI,20,56,10,566.0,5660.0
2020122104000484,SGI,20,32,10,566.0,5660.0
2020122104000483,SGI,20,56,10,566.0,5660.0
2020122104000482,SGI,20,56,10,566.0,5660.0
2020122104000481,SGI,20,56,10,566.0,5660.0
2020122104000492,SGI,20,56,10,566.0,5660.0
2020122104000491,SGI,20,42,10,566.0,5660.0
2020122104000490,SGI,20,56,10,566.0,5660.0
2020122104000489,SGI,20,56,10,566.0,5660.0
2020122104000488,SGI,20,57,10,566.0,5660.0
2020122104000487,SGI,20,56,10,566.0,5660.0
2020122104000499,SGI,46,51,10,566.0,5660.0
2020122104000498,SGI,46,42,10,566.0,5660.0
2020122104000497,SGI,46,48,35,566.0,19810.0
2020122104000496,SGI,55,48,155,566.0,87730.0
2020122104000494,SGI,34,51,10,563.0,5630.0
2020122104000493,SGI,20,48,10,566.0,5660.0
2020122104000505,SGI,46,16,10,566.0,5660.0
2020122104000504,SGI,46,28,10,566.0,5660.0
2020122104000503,SGI,46,21,10,566.0,5660.0
2020122104000502,SGI,46,4,10,566.0,5660.0
2020122104000501,SGI,46,41,10,566.0,5660.0
2020122104000500,SGI,46,28,10,566.0,5660.0
2020122104000517,SGI,38,41,40,570.0,22800.0
2020122104000516,SGI,38,45,100,570.0,57000.0
2020122104000515,SGI,38,21,10,570.0,5700.0
2020122104000514,SGI,38,39,10,570.0,5700.0
2020122104000507,SGI,46,51,10,566.0,5660.0
2020122104000506,SGI,46,40,10,566.0,5660.0
2020122104000525,SGI,38,19,10,577.0,5770.0
2020122104000522,SGI,33,38,10,575.0,5750.0
2020122104000521,SGI,10,21,10,575.0,5750.0
2020122104000520,SGI,34,54,10,570.0,5700.0
2020122104000519,SGI,38,51,10,570.0,5700.0
2020122104000518,SGI,38,59,10,570.0,5700.0
2020122104000532,SGI,38,11,10,580.0,5800.0
2020122104000531,SGI,11,58,10,576.0,5760.0
2020122104000530,SGI,38,57,10,577.0,5770.0
2020122104000529,SGI,38,41,10,577.0,5770.0
2020122104000528,SGI,33,38,10,575.0,5750.0
2020122104000526,SGI,38,58,10,577.0,5770.0
2020122104000538,SGI,11,59,10,576.0,5760.0
2020122104000537,SGI,47,49,30,580.0,17400.0
2020122104000536,SGI,11,22,10,576.0,5760.0
2020122104000535,SGI,11,34,10,576.0,5760.0
2020122104000534,SGI,13,49,30,580.0,17400.0
2020122104000533,SGI,11,8,10,576.0,5760.0
2020122104000577,SGI,11,45,10,576.0,5760.0
2020122104000567,SGI,57,43,50,577.0,28850.0
2020122104000549,SGI,11,59,10,576.0,5760.0
2020122104000543,SGI,11,8,10,576.0,5760.0
2020122104000541,SGI,11,8,10,576.0,5760.0
2020122104000540,SGI,11,21,10,576.0,5760.0
2020122104000590,SGI,58,38,10,570.0,5700.0
2020122104000588,SGI,58,39,10,570.0,5700.0
2020122104000582,SGI,58,41,10,570.0,5700.0
2020122104000580,SGI,19,43,125,576.0,72000.0
2020122104000579,SGI,19,45,10,576.0,5760.0
2020122104000578,SGI,19,14,10,576.0,5760.0
2020122104000603,SGI,50,38,10,560.0,5600.0
2020122104000602,SGI,6,28,"1,000",565.0,565000.0
2020122104000601,SGI,41,28,50,566.0,28300.0
2020122104000600,SGI,26,28,40,567.0,22680.0
2020122104000592,SGI,55,39,10,568.0,5680.0
2020122104000591,SGI,26,34,10,567.0,5670.0
2020122104000623,SGI,28,16,10,555.0,5550.0
2020122104000620,SGI,28,17,10,555.0,5550.0
2020122104000619,SGI,10,52,10,557.0,5570.0
2020122104000616,SGI,28,52,10,555.0,5550.0
2020122104000615,SGI,28,6,10,555.0,5550.0
2020122104000604,SGI,4,21,10,557.0,5570.0
2020122104000571,STC,49,57,100,4998.0,499800.0
2020122104000570,STC,49,57,10,4998.0,49980.0
2020122104000569,STC,34,57,10,4998.0,49980.0
2020122104000559,STC,52,57,10,5000.0,50000.0
2020122104000558,STC,17,57,50,5000.0,250000.0
2020122104000555,STC,42,57,70,5000.0,350000.0
2020122104000189,STC,40,58,10,4896.0,48960.0
2020122104000184,STC,25,51,10,4896.0,48960.0
2020122104000174,STC,25,48,10,4896.0,48960.0
2020122104000236,STC,39,39,10,4799.0,47990.0
2020122104000235,STC,40,39,10,4799.0,47990.0
2020122104000232,STC,40,16,10,4799.0,47990.0
2020122104000223,STC,25,58,30,4800.0,144000.0
2020122104000222,STC,5,58,30,4801.0,144030.0
2020122104000219,STC,5,28,20,4801.0,96020.0
2020122104000332,STC,38,45,10,4991.0,49910.0
2020122104000323,STC,28,45,40,4991.0,199640.0
2020122104000290,STC,28,51,10,4894.0,48940.0
2020122104000284,STC,25,51,10,4894.0,48940.0
2020122104000276,STC,44,58,10,4800.0,48000.0
2020122104000265,STC,53,11,10,4800.0,48000.0
2020122104000461,STC,42,21,30,5000.0,150000.0
2020122104000460,STC,8,21,10,5000.0,50000.0
2020122104000438,STC,26,21,30,5000.0,150000.0
2020122104000430,STC,29,21,20,5000.0,100000.0
2020122104000365,STC,38,55,10,4950.0,49500.0
2020122104000334,STC,52,55,10,4991.0,49910.0
2020122104000554,STC,45,57,20,5001.0,100020.0
2020122104000553,STC,28,57,50,5005.0,250250.0
2020122104000552,STC,49,57,50,5050.0,252500.0
2020122104000551,STC,58,57,10,5100.0,51000.0
2020122104000550,STC,38,57,10,5100.0,51000.0
2020122104000463,STC,26,41,20,5100.0,102000.0
2020122103025028,ALICL,49,50,739,875.0,646625.0
2020122103024930,ALICL,38,50,161,875.0,140875.0
2020122103024929,ALICL,38,16,39,875.0,34125.0
2020122103024729,ALICL,49,16,500,875.0,437500.0
2020122103024716,ALICL,49,16,461,875.0,403375.0
2020122103024715,ALICL,49,46,39,874.0,34086.0
2020122104000053,BBC,14,42,10,2499.0,24990.0
2020122104000046,BBC,14,43,10,2499.0,24990.0
2020122103024753,BFC,35,22,150,130.0,19500.0
2020122103024752,BFC,1,22,300,130.0,39000.0
2020122103024948,CBBL,4,48,100,1380.0,138000.0
2020122103024846,CBBL,5,48,50,1380.0,69000.0
2020122103024815,CBBL,1,50,50,1376.0,68800.0
2020122103024814,CBBL,46,50,10,1376.0,13760.0
2020122103025008,CIT,49,38,10,5160.0,51600.0
2020122103024954,CIT,49,57,20,5180.0,103600.0
2020122103024953,CIT,49,49,10,5179.0,51790.0
2020122103024941,CIT,56,48,30,5150.0,154500.0
2020122103024821,CIT,35,57,10,5180.0,51800.0
2020122103024772,CIT,57,41,379,5100.0,1932900.0
2020122103024765,CIT,45,41,25,5110.0,127750.0
2020122103024764,CIT,21,41,10,5110.0,51100.0
2020122103024763,CIT,59,41,10,5112.0,51120.0
2020122103024762,CIT,18,41,200,5118.0,1023600.0
2020122103024761,CIT,3,41,90,5120.0,460800.0
2020122103024723,CIT,36,38,100,5145.0,514500.0
2020122103024771,CIT,29,41,80,5100.0,408000.0
2020122103024770,CIT,46,41,50,5100.0,255000.0
2020122103024769,CIT,50,41,100,5109.0,510900.0
2020122103024768,CIT,19,41,50,5110.0,255500.0
2020122103024767,CIT,54,41,10,5110.0,51100.0
2020122103024766,CIT,16,41,10,5110.0,51100.0
2020122103025034,CLBSL,34,32,10,810.0,8100.0
2020122103024808,CLBSL,38,11,15,796.0,11940.0
2020122103024906,DDBL,16,57,25,1377.0,34425.0
2020122103024839,DDBL,56,47,50,1380.0,69000.0
2020122103024759,FMDBL,47,42,100,586.0,58600.0
2020122103024707,FOWAD,36,57,10,2140.0,21400.0
2020122103024828,GBBL,37,50,94,294.0,27636.0
2020122103024746,GBBL,37,10,100,294.0,29400.0
2020122103025026,GBLBS,49,7,171,580.0,99180.0
2020122103025025,GBLBS,52,7,50,580.0,29000.0
2020122103025024,GBLBS,22,7,20,581.0,11620.0
2020122103025023,GBLBS,34,7,24,582.0,13968.0
2020122103025022,GBLBS,11,7,200,582.0,116400.0
2020122103025019,GBLBS,34,10,200,583.0,116600.0
2020122103024926,GBLBS,38,10,10,583.0,5830.0
2020122103024807,GBLBS,38,34,15,583.0,8745.0
2020122103024701,GBLBS,56,7,35,584.0,20440.0
2020122103025013,GFCL,6,45,385,212.0,81620.0
2020122103025012,GFCL,6,57,100,212.0,21200.0
2020122103025011,GFCL,6,16,"1,000",211.0,211000.0
2020122103025010,GFCL,6,59,515,210.0,108150.0
2020122104000152,GIC,52,33,50,514.0,25700.0
2020122104000151,GIC,58,33,10,514.0,5140.0
2020122104000150,GIC,52,33,130,518.0,67340.0
2020122104000148,GIC,52,16,10,518.0,5180.0
2020122104000147,GIC,52,56,10,518.0,5180.0
2020122104000144,GIC,52,10,200,518.0,103600.0
2020122104000001,GIC,20,28,10,540.0,5400.0
2020122104000007,GIC,22,8,10,541.0,5410.0
2020122104000006,GIC,22,22,10,541.0,5410.0
2020122104000005,GIC,22,47,10,541.0,5410.0
2020122104000004,GIC,22,17,10,541.0,5410.0
2020122104000003,GIC,22,28,10,541.0,5410.0
2020122104000002,GIC,20,59,30,544.0,16320.0
2020122104000013,GIC,42,42,10,521.0,5210.0
2020122104000012,GIC,42,29,10,521.0,5210.0
2020122104000011,GIC,13,33,10,521.0,5210.0
2020122104000010,GIC,13,28,10,521.0,5210.0
2020122104000009,GIC,13,32,10,531.0,5310.0
2020122104000008,GIC,13,25,10,531.0,5310.0
2020122104000020,GIC,36,32,10,521.0,5210.0
2020122104000019,GIC,36,42,10,521.0,5210.0
2020122104000018,GIC,36,57,50,521.0,26050.0
2020122104000016,GIC,42,4,10,521.0,5210.0
2020122104000015,GIC,42,32,10,521.0,5210.0
2020122104000014,GIC,42,16,10,521.0,5210.0
2020122104000029,GIC,21,50,30,518.0,15540.0
2020122104000027,GIC,21,6,10,518.0,5180.0
2020122104000026,GIC,21,58,10,518.0,5180.0
2020122104000023,GIC,36,34,10,521.0,5210.0
2020122104000022,GIC,36,47,10,521.0,5210.0
2020122104000021,GIC,36,21,10,521.0,5210.0
2020122104000041,GIC,58,37,10,515.0,5150.0
2020122104000039,GIC,48,8,10,518.0,5180.0
2020122104000038,GIC,48,25,10,518.0,5180.0
2020122104000037,GIC,48,39,10,518.0,5180.0
2020122104000036,GIC,48,50,20,518.0,10360.0
2020122104000032,GIC,58,49,10,515.0,5150.0
2020122104000051,GIC,8,17,100,511.0,51100.0
2020122104000050,GIC,29,17,370,511.0,189070.0
2020122104000048,GIC,29,45,510,511.0,260610.0
2020122104000047,GIC,29,34,100,511.0,51100.0
2020122104000045,GIC,29,32,10,511.0,5110.0
2020122104000044,GIC,29,38,10,511.0,5110.0
2020122104000062,GIC,44,32,10,511.0,5110.0
2020122104000060,GIC,44,50,10,511.0,5110.0
2020122104000059,GIC,44,41,10,511.0,5110.0
2020122104000058,GIC,44,17,20,511.0,10220.0
2020122104000055,GIC,6,59,10,510.0,5100.0
2020122104000052,GIC,17,17,10,511.0,5110.0
2020122104000074,GIC,44,58,10,511.0,5110.0
2020122104000072,GIC,44,53,10,511.0,5110.0
2020122104000070,GIC,44,13,10,511.0,5110.0
2020122104000069,GIC,21,43,10,512.0,5120.0
2020122104000068,GIC,21,54,10,512.0,5120.0
2020122104000064,GIC,44,42,10,511.0,5110.0
2020122104000083,GIC,52,13,10,512.0,5120.0
2020122104000082,GIC,52,32,10,512.0,5120.0
2020122104000081,GIC,52,25,10,512.0,5120.0
2020122104000080,GIC,52,41,10,512.0,5120.0
2020122104000079,GIC,52,38,10,511.0,5110.0
2020122104000077,GIC,44,41,10,511.0,5110.0
2020122104000104,GIC,22,34,10,513.0,5130.0
2020122104000095,GIC,22,32,10,513.0,5130.0
2020122104000091,GIC,52,58,10,512.0,5120.0
2020122104000089,GIC,52,1,10,512.0,5120.0
2020122104000086,GIC,52,35,10,512.0,5120.0
2020122104000084,GIC,52,22,10,512.0,5120.0
2020122104000122,GIC,58,41,10,514.0,5140.0
2020122104000121,GIC,58,16,10,514.0,5140.0
2020122104000116,GIC,22,42,10,513.0,5130.0
2020122104000114,GIC,22,8,10,513.0,5130.0
2020122104000111,GIC,22,56,10,513.0,5130.0
2020122104000107,GIC,22,21,50,513.0,25650.0
2020122104000133,GIC,58,6,10,514.0,5140.0
2020122104000132,GIC,58,53,10,514.0,5140.0
2020122104000131,GIC,58,52,10,514.0,5140.0
2020122104000130,GIC,58,56,10,514.0,5140.0
2020122104000124,GIC,58,44,100,514.0,51400.0
2020122104000123,GIC,58,42,10,514.0,5140.0
2020122104000143,GIC,52,38,10,515.0,5150.0
2020122104000142,GIC,52,45,10,515.0,5150.0
2020122104000141,GIC,52,1,10,515.0,5150.0
2020122104000140,GIC,52,28,10,515.0,5150.0
2020122104000138,GIC,58,45,10,514.0,5140.0
2020122104000137,GIC,58,32,10,514.0,5140.0
2020122103024921,GILB,49,42,67,1740.0,116580.0
2020122103024920,GILB,49,44,200,1739.0,347800.0
2020122103024919,GILB,49,3,480,1738.0,834240.0
2020122103024918,GILB,49,16,100,1737.0,173700.0
2020122103024917,GILB,49,37,500,1735.0,867500.0
2020122103024916,GILB,49,17,26,1735.0,45110.0
2020122103024858,GILB,54,36,13,1730.0,22490.0
2020122103024811,GILB,49,44,793,1724.0,1367132.0
2020122103024810,GILB,49,44,"1,207",1724.0,2080868.0
2020122103024708,GILB,49,44,793,1724.0,1367132.0
2020122103024915,GILB,49,52,52,1735.0,90220.0
2020122103024914,GILB,49,38,54,1735.0,93690.0
2020122103024913,GILB,49,51,11,1735.0,19085.0
2020122103024912,GILB,49,14,10,1734.0,17340.0
2020122103024859,GILB,54,11,19,1730.0,32870.0
2020122103024817,GLICL,17,43,50,619.0,30950.0
2020122103024957,GMFBS,25,45,10,982.0,9820.0
2020122103024956,GMFBS,25,14,10,979.0,9790.0
2020122103024711,GMFBS,44,1,100,970.0,97000.0
2020122103024710,GMFBS,44,1,64,970.0,62080.0
2020122103024709,GMFBS,44,19,900,970.0,873000.0
2020122103024945,GRDBL,16,38,18,145.0,2610.0
2020122103024947,HIDCL,48,36,63,262.0,16506.0
2020122103024788,HIDCL,48,49,13,262.0,3406.0
2020122103024787,HIDCL,52,49,50,265.0,13250.0
2020122103024786,ICFC,35,34,30,281.0,8430.0
2020122103024922,ILBS,16,38,10,1000.0,10000.0
2020122103024745,ILBS,40,38,39,1006.0,39234.0
2020122103024744,ILBS,40,22,50,1006.0,50300.0
2020122103024743,ILBS,40,29,11,1005.0,11055.0
2020122103024946,JBBL,56,51,10,218.0,2180.0
2020122103024896,JFL,22,5,100,232.0,23200.0
2020122103025041,KMCDB,17,36,20,837.0,16740.0
2020122103025027,KRBL,34,26,20,131.0,2620.0
2020122103024928,KRBL,58,41,100,130.0,13000.0
2020122103024879,KSBBL,41,34,89,224.0,19936.0
2020122103024878,KSBBL,41,32,40,224.0,8960.0
2020122103024877,KSBBL,41,11,100,223.0,22300.0
2020122103024876,KSBBL,41,32,"2,000",223.0,446000.0
2020122103024875,KSBBL,41,49,150,223.0,33450.0
2020122103024874,KSBBL,41,17,17,223.0,3791.0
2020122103024826,KSBBL,52,49,100,220.0,22000.0
2020122103024825,KSBBL,52,50,65,220.0,14300.0
2020122103024867,KSBBL,41,42,17,220.0,3740.0
2020122103024866,KSBBL,41,58,20,220.0,4400.0
2020122103024865,KSBBL,41,48,35,220.0,7700.0
2020122103024864,KSBBL,41,50,151,219.0,33069.0
2020122103024838,KSBBL,49,50,49,219.0,10731.0
2020122103024827,KSBBL,52,48,15,220.0,3300.0
2020122103024873,KSBBL,41,57,500,222.0,111000.0
2020122103024872,KSBBL,41,42,500,222.0,111000.0
2020122103024871,KSBBL,41,20,100,221.0,22100.0
2020122103024870,KSBBL,41,40,231,221.0,51051.0
2020122103024869,KSBBL,41,45,"1,000",221.0,221000.0
2020122103024868,KSBBL,41,42,50,220.0,11000.0
2020122103025033,LBBL,54,16,10,219.0,2190.0
2020122103024728,LBBL,17,59,53,218.0,11554.0
2020122103024818,LICN,25,22,10,1880.0,18800.0
2020122103024785,LICN,58,50,20,1875.0,37500.0
2020122103024751,LICN,42,17,200,1870.0,374000.0
2020122103024986,LLBS,29,57,70,1500.0,105000.0
2020122103024803,LLBS,18,57,30,1500.0,45000.0
2020122103025048,MERO,46,52,13,928.0,12064.0
2020122103024927,MERO,25,14,10,923.0,9230.0
2020122103024773,MERO,35,35,50,929.0,46450.0
2020122103024851,MLBBL,32,57,19,1223.0,23237.0
2020122103024850,MLBBL,32,45,34,1222.0,41548.0
2020122103024849,MLBBL,32,1,40,1221.0,48840.0
2020122103024848,MLBBL,32,57,84,1217.0,102228.0
2020122103024847,MLBBL,32,13,23,1217.0,27991.0
2020122103024963,MLBL,32,49,140,235.0,32900.0
2020122103024962,MLBL,32,50,46,233.0,10718.0
2020122103024961,MLBL,32,42,24,232.0,5568.0
2020122103024960,MLBL,32,41,90,232.0,20880.0
2020122103024891,MLBL,21,5,20,231.0,4620.0
2020122103024742,MLBL,44,41,220,232.0,51040.0
2020122103024908,MNBBL,42,45,32,374.0,11968.0
2020122103024893,MNBBL,33,45,20,374.0,7480.0
2020122103024820,MNBBL,32,45,100,374.0,37400.0
2020122103024735,MNBBL,58,45,30,374.0,11220.0
2020122103024712,MNBBL,34,45,300,374.0,112200.0
2020122103024951,MPFL,4,32,100,154.0,15400.0
2020122103024857,MSLB,32,46,16,1535.0,24560.0
2020122103024856,MSLB,32,26,100,1535.0,153500.0
2020122103024714,MSLB,32,42,21,1533.0,32193.0
2020122103024900,NABBC,28,52,"1,000",484.0,484000.0
2020122103024899,NABBC,28,52,100,484.0,48400.0
2020122103024898,NABBC,28,22,90,484.0,43560.0
2020122103024897,NABBC,28,45,50,484.0,24200.0
2020122104000108,NBF2,28,35,600,9.6,5760.0
2020122104000056,NIBPO,26,45,30,426.0,12780.0
2020122104000088,NIBSF1,58,33,"1,000",10.92,10920.0
2020122103024936,NLBBL,38,7,100,1000.0,100000.0
2020122103024905,NLBBL,46,7,12,1000.0,12000.0
2020122103025047,NLIC,42,21,100,2138.0,213800.0
2020122103025046,NLIC,42,34,207,2136.0,442152.0
2020122103025045,NLIC,42,44,22,2135.0,46970.0
2020122103025044,NLIC,42,22,40,2130.0,85200.0
2020122103025040,NLIC,44,22,60,2134.0,128040.0
2020122103025039,NLIC,44,1,100,2134.0,213400.0
2020122103024718,NLIC,32,41,25,2135.0,53375.0
2020122103024717,NLIC,32,22,100,2134.0,213400.0
2020122103024749,NLIC,33,21,17,2135.0,36295.0
2020122103024748,NLIC,16,21,233,2135.0,497455.0
2020122103024741,NLIC,16,38,17,2135.0,36295.0
2020122103024722,NLIC,34,21,336,2130.0,715680.0
2020122103024721,NLIC,32,21,78,2135.0,166530.0
2020122103024719,NLIC,32,34,97,2135.0,207095.0
2020122103024792,NLIC,35,58,100,2140.0,214000.0
2020122103024791,NLIC,35,35,338,2139.0,722982.0
2020122103024790,NLIC,35,35,100,2138.0,213800.0
2020122103024776,NLIC,33,35,162,2139.0,346518.0
2020122103024775,NLIC,33,17,200,2139.0,427800.0
2020122103024754,NLIC,28,17,300,2139.0,641700.0
2020122103024798,NLIC,35,13,51,2140.0,109140.0
2020122103024797,NLIC,35,44,200,2140.0,428000.0
2020122103024796,NLIC,35,33,"1,000",2140.0,2140000.0
2020122103024795,NLIC,35,44,30,2140.0,64200.0
2020122103024794,NLIC,35,22,22,2140.0,47080.0
2020122103024793,NLIC,35,25,50,2140.0,107000.0
2020122103024895,NLIC,57,34,50,2136.0,106800.0
2020122103024892,NLIC,33,55,100,2138.0,213800.0
2020122103024804,NLIC,46,44,45,2135.0,96075.0
2020122103024801,NLIC,16,44,250,2135.0,533750.0
2020122103024800,NLIC,35,17,987,2142.0,2114154.0
2020122103024799,NLIC,35,42,122,2140.0,261080.0
2020122103025016,NLIC,44,21,40,2134.0,85360.0
2020122103024995,NLIC,38,21,10,2134.0,21340.0
2020122103024991,NLIC,32,21,50,2134.0,106700.0
2020122103024987,NLIC,42,57,50,2130.0,106500.0
2020122103024939,NLIC,6,22,17,2130.0,36210.0
2020122103024938,NLIC,34,22,78,2130.0,166140.0
2020122103024994,NLICL,3,22,60,998.0,59880.0
2020122103024993,NLICL,3,52,140,998.0,139720.0
2020122103024989,NLICL,34,6,85,997.0,84745.0
2020122103024988,NLICL,49,6,20,997.0,19940.0
2020122103024952,NLICL,54,52,100,998.0,99800.0
2020122103024890,NLICL,49,59,35,997.0,34895.0
2020122103024861,NLICL,35,5,10,991.0,9910.0
2020122103024860,NLICL,4,5,10,991.0,9910.0
2020122103025021,NMBMF,34,41,10,1195.0,11950.0
2020122103025020,NMBMF,34,35,40,1190.0,47600.0
2020122103024777,NMBMF,50,35,10,1192.0,11920.0
2020122103024725,NMBMF,22,50,10,1192.0,11920.0
2020122103024968,NMFBS,33,49,15,2070.0,31050.0
2020122103024967,NMFBS,33,10,20,2055.0,41100.0
2020122103024966,NMFBS,33,33,65,2050.0,133250.0
2020122103024831,NMFBS,33,19,50,2040.0,102000.0
2020122103024830,NMFBS,33,32,11,2040.0,22440.0
2020122103025032,NRIC,35,34,112,1390.0,155680.0
2020122103025029,NRIC,41,49,40,1388.0,55520.0
2020122103025018,NRIC,41,34,40,1387.0,55480.0
2020122103025017,NRIC,41,38,50,1387.0,69350.0
2020122103025009,NRIC,36,6,50,1385.0,69250.0
2020122103024985,NRIC,13,34,248,1390.0,344720.0
2020122103024713,NRIC,57,16,40,1384.0,55360.0
2020122103024702,NRIC,57,3,50,1384.0,69200.0
2020122103024778,NRIC,34,49,35,1385.0,48475.0
2020122103024758,NRIC,47,49,150,1385.0,207750.0
2020122103024756,NRIC,1,49,15,1385.0,20775.0
2020122103024750,NRIC,10,32,100,1387.0,138700.0
2020122103024747,NRIC,48,32,50,1387.0,69350.0
2020122103024732,NRIC,1,44,50,1385.0,69250.0
2020122103024784,NRIC,41,32,20,1387.0,27740.0
2020122103024783,NRIC,41,38,30,1386.0,41580.0
2020122103024782,NRIC,41,22,240,1385.0,332400.0
2020122103024781,NRIC,21,22,260,1385.0,360100.0
2020122103024780,NRIC,21,52,35,1385.0,48475.0
2020122103024779,NRIC,34,52,15,1385.0,20775.0
2020122103024824,NRIC,21,43,25,1387.0,34675.0
2020122103024823,NRIC,21,32,100,1387.0,138700.0
2020122103024822,NRIC,21,32,75,1387.0,104025.0
2020122103024819,NRIC,25,11,20,1385.0,27700.0
2020122103024816,NRIC,56,32,100,1387.0,138700.0
2020122103024809,NRIC,25,57,40,1385.0,55400.0
2020122103024863,NRIC,11,14,32,1387.0,44384.0
2020122103024854,NRIC,36,52,10,1385.0,13850.0
2020122103024853,NRIC,25,52,40,1385.0,55400.0
2020122103024840,NRIC,42,14,38,1387.0,52706.0
2020122103024836,NRIC,35,11,20,1387.0,27740.0
2020122103024835,NRIC,35,43,475,1387.0,658825.0
2020122103024925,NRIC,11,34,80,1387.0,110960.0
2020122103024904,NRIC,17,34,10,1388.0,13880.0
2020122103024903,NRIC,16,34,50,1388.0,69400.0
2020122103024902,NRIC,35,34,600,1388.0,832800.0
2020122103024888,NRIC,11,14,40,1387.0,55480.0
2020122103024887,NRIC,11,38,30,1387.0,41610.0
2020122103024958,NRIC,55,34,290,1388.0,402520.0
2020122103024950,NRIC,44,40,422,1387.0,585314.0
2020122103024949,NRIC,4,40,78,1387.0,108186.0
2020122103024944,NRIC,34,34,50,1388.0,69400.0
2020122103024932,NRIC,4,52,22,1387.0,30514.0
2020122103024931,NRIC,11,52,18,1387.0,24966.0
2020122103024978,NRIC,13,7,40,1389.0,55560.0
2020122103024977,NRIC,13,8,15,1388.0,20820.0
2020122103024976,NRIC,13,52,197,1387.0,273239.0
2020122103024965,NRIC,21,52,20,1387.0,27740.0
2020122103024964,NRIC,44,52,53,1387.0,73511.0
2020122103024959,NRIC,55,8,210,1388.0,291480.0
2020122103024984,NRIC,13,56,150,1390.0,208500.0
2020122103024983,NRIC,13,38,50,1390.0,69500.0
2020122103024982,NRIC,13,45,50,1390.0,69500.0
2020122103024981,NRIC,13,36,200,1390.0,278000.0
2020122103024980,NRIC,13,50,500,1390.0,695000.0
2020122103024979,NRIC,13,47,50,1389.0,69450.0
2020122103024911,NRN,5,50,10,360.0,3600.0
2020122103024910,NRN,3,50,100,361.0,36100.0
2020122103024901,NRN,38,22,30,362.0,10860.0
2020122103024733,NRN,5,16,10,360.0,3600.0
2020122103024731,NRN,5,57,10,361.0,3610.0
2020122103024730,NRN,5,41,10,361.0,3610.0
2020122103025038,NTC,13,17,100,1087.0,108700.0
2020122103025015,NTC,3,22,60,1090.0,65400.0
2020122103025014,NTC,3,3,110,1089.0,119790.0
2020122103024955,NTC,34,3,50,1089.0,54450.0
2020122103024933,NTC,35,3,40,1089.0,43560.0
2020122103024834,NTC,5,22,10,1090.0,10900.0
2020122103024829,NTC,35,39,10,1086.0,10860.0
2020122103024943,NUBL,25,57,200,1200.0,240000.0
2020122103024862,NUBL,25,57,100,1200.0,120000.0
2020122103024812,NUBL,25,57,200,1200.0,240000.0
2020122103024720,NUBL,25,57,300,1200.0,360000.0
2020122103024942,OHL,16,29,10,465.0,4650.0
2020122103024805,PLIC,14,58,160,804.0,128640.0
2020122103024734,PLIC,14,58,20,804.0,16080.0
2020122104000134,RBCLPO,28,47,20,12780.0,255600.0
2020122104000087,RBCLPO,4,6,50,12775.0,638750.0
2020122104000031,RBCLPO,4,38,50,12775.0,638750.0
2020122104000030,RBCLPO,34,38,10,12776.0,127760.0
2020122103024924,RLFL,59,37,"1,000",163.0,163000.0
2020122103024757,RLFL,11,37,150,165.0,24750.0
2020122103025035,RLI,5,49,10,605.0,6050.0
2020122103024940,RLI,46,48,10,603.0,6030.0
2020122103024885,RLI,14,41,10,601.0,6010.0
2020122103024855,RLI,14,16,10,601.0,6010.0
2020122103024774,RLI,35,32,10,600.0,6000.0
2020122103024726,RLI,35,44,10,600.0,6000.0
2020122103024724,RLI,35,3,10,600.0,6000.0
2020122103024789,RMDC,58,32,53,1099.0,58247.0
2020122103025030,SABSL,10,5,11,943.0,10373.0
2020122103024923,SADBL,59,48,200,172.0,34400.0
2020122104000105,SAEF,58,16,100,10.53,1053.0
2020122103024935,SAPDBL,34,20,12,146.0,1752.0
2020122103024934,SAPDBL,34,13,18,144.0,2592.0
2020122103024975,SDLBSL,6,32,163,1200.0,195600.0
2020122103024974,SDLBSL,6,16,10,1200.0,12000.0
2020122103024973,SDLBSL,6,41,10,1200.0,12000.0
2020122103024972,SDLBSL,6,55,100,1199.0,119900.0
2020122103024971,SDLBSL,6,36,10,1199.0,11990.0
2020122103024970,SDLBSL,6,43,10,1198.0,11980.0
2020122103024969,SDLBSL,6,7,197,1198.0,236006.0
2020122103024886,SDLBSL,43,35,10,1182.0,11820.0
2020122103024843,SDLBSL,41,44,10,1183.0,11830.0
2020122103024737,SFCL,21,51,10,123.0,1230.0
2020122104000149,SGI,50,32,10,539.0,5390.0
2020122104000146,SGI,50,47,10,539.0,5390.0
2020122104000145,SGI,50,21,10,539.0,5390.0
2020122104000139,SGI,50,42,10,539.0,5390.0
2020122104000136,SGI,35,25,10,540.0,5400.0
2020122104000135,SGI,35,25,100,540.0,54000.0
2020122104000034,SGI,21,47,10,560.0,5600.0
2020122104000033,SGI,21,58,10,560.0,5600.0
2020122104000025,SGI,49,51,10,566.0,5660.0
2020122104000024,SGI,49,17,10,566.0,5660.0
2020122104000057,SGI,17,29,10,556.0,5560.0
2020122104000054,SGI,17,1,10,556.0,5560.0
2020122104000049,SGI,21,20,10,560.0,5600.0
2020122104000043,SGI,21,1,10,560.0,5600.0
2020122104000040,SGI,17,47,10,564.0,5640.0
2020122104000035,SGI,21,58,10,560.0,5600.0
2020122104000071,SGI,1,51,10,555.0,5550.0
2020122104000067,SGI,1,42,10,555.0,5550.0
2020122104000066,SGI,1,42,10,555.0,5550.0
2020122104000065,SGI,1,41,10,555.0,5550.0
2020122104000063,SGI,1,51,50,555.0,27750.0
2020122104000061,SGI,1,10,10,555.0,5550.0
2020122104000090,SGI,28,38,10,539.0,5390.0
2020122104000085,SGI,28,25,10,544.0,5440.0
2020122104000078,SGI,16,35,10,550.0,5500.0
2020122104000076,SGI,16,1,10,550.0,5500.0
2020122104000075,SGI,16,28,10,550.0,5500.0
2020122104000073,SGI,55,46,10,555.0,5550.0
2020122104000099,SGI,58,33,20,539.0,10780.0
2020122104000098,SGI,58,41,10,538.0,5380.0
2020122104000097,SGI,25,58,10,530.0,5300.0
2020122104000096,SGI,4,33,100,539.0,53900.0
2020122104000093,SGI,28,33,180,539.0,97020.0
2020122104000092,SGI,28,38,10,539.0,5390.0
2020122104000110,SGI,58,49,10,540.0,5400.0
2020122104000109,SGI,58,1,10,540.0,5400.0
2020122104000106,SGI,58,56,10,540.0,5400.0
2020122104000102,SGI,58,20,10,539.0,5390.0
2020122104000101,SGI,58,58,10,539.0,5390.0
2020122104000100,SGI,58,42,10,539.0,5390.0
2020122104000119,SGI,50,38,10,539.0,5390.0
2020122104000118,SGI,50,22,120,539.0,64680.0
2020122104000117,SGI,58,22,180,540.0,97200.0
2020122104000115,SGI,58,13,10,540.0,5400.0
2020122104000113,SGI,58,32,10,540.0,5400.0
2020122104000112,SGI,58,42,10,540.0,5400.0
2020122104000129,SGI,33,25,10,540.0,5400.0
2020122104000128,SGI,50,56,10,539.0,5390.0
2020122104000127,SGI,50,29,10,539.0,5390.0
2020122104000126,SGI,41,25,90,540.0,48600.0
2020122104000125,SGI,41,47,10,540.0,5400.0
2020122104000120,SGI,50,56,10,539.0,5390.0
2020122103025031,SHINE,5,58,30,265.0,7950.0
2020122103024706,SHINE,58,37,50,262.0,13100.0
2020122103024937,SHL,17,38,400,194.0,77600.0
2020122103025037,SIFC,58,45,142,202.0,28684.0
2020122103025036,SIFC,58,16,300,201.0,60300.0
2020122103024852,SIFC,58,37,235,200.0,47000.0
2020122103024889,SKBBL,35,48,200,1695.0,339000.0
2020122103024884,SKBBL,22,48,100,1695.0,169500.0
2020122103024813,SKBBL,14,48,117,1695.0,198315.0
2020122103024705,SKBBL,22,57,50,1695.0,84750.0
2020122103024704,SKBBL,22,36,50,1695.0,84750.0
2020122103024703,SKBBL,22,1,100,1695.0,169500.0
2020122103024990,SLBBL,32,16,800,1069.0,855200.0
2020122103024894,SLBBL,52,21,181,1068.0,193308.0
2020122103024842,SLBBL,29,21,19,1068.0,20292.0
2020122103024841,SLBBL,29,55,481,1068.0,513708.0
2020122103024992,SMB,34,45,10,1040.0,10400.0
2020122103024883,SMB,40,48,50,1030.0,51500.0
2020122103024882,SMB,40,38,160,1030.0,164800.0
2020122103025042,SMFBS,34,57,10,1295.0,12950.0
2020122103024736,SMFBS,58,38,12,1285.0,15420.0
2020122103024837,SMFDB,39,25,100,977.0,97700.0
2020122103024760,SMFDB,39,16,110,975.0,107250.0
2020122104000103,STC,55,51,40,4995.0,199800.0
2020122104000094,STC,25,51,20,4995.0,99900.0
2020122104000042,STC,10,47,10,5096.0,50960.0
2020122104000028,STC,25,58,10,5096.0,50960.0
2020122104000017,STC,25,59,10,5096.0,50960.0
2020122103024907,SWBBL,34,51,10,1595.0,15950.0
2020122103024845,SWBBL,1,37,130,1587.0,206310.0
2020122103024844,SWBBL,34,37,20,1590.0,31800.0
2020122103024740,SWBBL,49,51,220,1595.0,350900.0
2020122103024739,SWBBL,49,41,50,1594.0,79700.0
2020122103024738,SWBBL,49,17,40,1593.0,63720.0
2020122103024802,TRH,6,22,30,297.0,8910.0
2020122103024909,UFL,28,17,"1,000",237.0,237000.0
2020122103024881,UFL,39,32,300,239.0,71700.0
2020122103024880,UFL,39,59,500,239.0,119500.0
2020122103024833,UFL,1,32,25,239.0,5975.0
2020122103024832,UFL,1,6,525,239.0,125475.0
2020122103025043,USLB,57,57,200,1323.0,264600.0
2020122103024806,USLB,34,3,52,1325.0,68900.0
2020122103025007,VLBS,34,34,948,1191.0,1129068.0
2020122103025006,VLBS,51,34,50,1193.0,59650.0
2020122103025005,VLBS,46,34,200,1193.0,238600.0
2020122103025004,VLBS,43,34,250,1195.0,298750.0
2020122103025003,VLBS,42,34,200,1195.0,239000.0
2020122103025002,VLBS,14,34,50,1196.0,59800.0
2020122103024755,VLBS,29,11,16,1197.0,19152.0
2020122103024727,VLBS,10,59,26,1199.0,31174.0
2020122103025001,VLBS,57,34,100,1196.0,119600.0
2020122103025000,VLBS,29,34,84,1196.0,100464.0
2020122103024999,VLBS,58,34,12,1197.0,14364.0
2020122103024998,VLBS,4,34,40,1197.0,47880.0
2020122103024997,VLBS,42,34,12,1197.0,14364.0
2020122103024996,VLBS,29,34,54,1197.0,64638.0
2020122103024697,ALBSL,34,45,10,976.0,9760.0
2020122103024696,ALBSL,34,43,11,970.0,10670.0
2020122103024695,ALBSL,34,58,11,970.0,10670.0
2020122103024564,BFC,35,41,50,130.0,6500.0
2020122103024563,BFC,4,41,50,130.0,6500.0
2020122103024653,CBBL,54,1,100,1376.0,137600.0
2020122103024584,CBBL,38,56,60,1375.0,82500.0
2020122103024297,CBBL,28,57,40,1374.0,54960.0
2020122103024275,CBBL,48,18,38,1372.0,52136.0
2020122103024274,CBBL,36,56,100,1374.0,137400.0
2020122103024333,CFCL,34,32,50,158.0,7900.0
2020122103024332,CFCL,34,7,50,158.0,7900.0
2020122103024331,CFCL,34,59,100,158.0,15800.0
2020122103024686,CIT,3,38,100,5112.0,511200.0
2020122103024624,CIT,3,13,10,5111.0,51110.0
2020122103024603,CIT,53,13,40,5111.0,204440.0
2020122103024574,CIT,53,38,10,5111.0,51110.0
2020122103024509,CIT,34,38,10,5140.0,51400.0
2020122103024387,CIT,22,38,30,5110.0,153300.0
2020122103024267,CIT,22,48,20,5110.0,102200.0
2020122103024264,CIT,29,48,30,5110.0,153300.0
2020122103024263,CIT,29,38,50,5100.0,255000.0
2020122103024250,CIT,54,48,20,5100.0,102000.0
2020122103024249,CIT,51,48,10,5100.0,51000.0
2020122103024386,CIT,42,38,10,5120.0,51200.0
2020122103024385,CIT,41,38,10,5121.0,51210.0
2020122103024359,CIT,42,7,10,5120.0,51200.0
2020122103024311,CIT,57,25,24,5150.0,123600.0
2020122103024306,CIT,57,41,100,5150.0,515000.0
2020122103024294,CIT,6,5,10,5120.0,51200.0
2020122103024225,CLBSL,55,50,61,800.0,48800.0
2020122103024286,CORBL,26,6,30,207.0,6210.0
2020122103024698,DDBL,16,14,110,1377.0,151470.0
2020122103024642,DDBL,36,14,50,1377.0,68850.0
2020122103024575,DDBL,13,14,10,1377.0,13770.0
2020122103024562,DDBL,49,14,30,1377.0,41310.0
2020122103024516,DDBL,52,8,180,1375.0,247500.0
2020122103024356,DDBL,52,25,250,1368.0,342000.0
2020122103024355,DDBL,48,25,100,1370.0,137000.0
2020122103024354,DDBL,53,25,50,1370.0,68500.0
2020122103024353,DDBL,29,25,100,1370.0,137000.0
2020122103024344,DDBL,43,8,10,1375.0,13750.0
2020122103024207,DDBL,52,39,30,1368.0,41040.0
2020122103024534,EDBL,25,37,10,341.0,3410.0
2020122103024477,FMDBL,18,35,31,582.0,18042.0
2020122103024346,FMDBL,39,18,200,585.0,117000.0
2020122103024348,FOWAD,16,57,20,2140.0,42800.0
2020122103024347,FOWAD,16,21,21,2140.0,44940.0
2020122103024440,GBBL,47,10,100,295.0,29500.0
2020122103024219,GBBL,39,43,100,294.0,29400.0
2020122103024700,GBLBS,56,7,10,583.0,5830.0
2020122103024699,GBLBS,56,41,15,583.0,8745.0
2020122103024668,GBLBS,38,48,25,582.0,14550.0
2020122103024479,GBLBS,17,48,50,582.0,29100.0
2020122103024651,GFCL,6,59,85,210.0,17850.0
2020122103024650,GFCL,6,25,50,210.0,10500.0
2020122103024649,GFCL,6,20,300,210.0,63000.0
2020122103024648,GFCL,6,41,50,210.0,10500.0
2020122103024647,GFCL,6,40,515,209.0,107635.0
2020122103024667,GILB,58,44,207,1724.0,356868.0
2020122103024666,GILB,58,35,33,1723.0,56859.0
2020122103024665,GILB,58,10,20,1720.0,34400.0
2020122103024420,GILB,1,14,25,1706.0,42650.0
2020122103024308,GILB,35,38,20,1700.0,34000.0
2020122103024625,GLICL,17,21,50,617.0,30850.0
2020122103024569,GLICL,22,38,68,617.0,41956.0
2020122103024568,GLICL,29,38,50,617.0,30850.0
2020122103024567,GLICL,42,38,198,617.0,122166.0
2020122103024441,GLICL,42,48,200,617.0,123400.0
2020122103024371,GLICL,42,43,33,617.0,20361.0
2020122103024296,GLICL,42,58,69,617.0,42573.0
2020122103024295,GLICL,42,58,31,617.0,19127.0
2020122103024256,GLICL,42,49,79,617.0,48743.0
2020122103024255,GLICL,42,25,390,617.0,240630.0
2020122103024694,HIDCL,25,1,200,265.0,53000.0
2020122103024611,HIDCL,57,11,25,261.0,6525.0
2020122103024398,HIDCL,21,34,300,265.0,79500.0
2020122103024397,HIDCL,21,55,317,265.0,84005.0
2020122103024396,HIDCL,21,51,238,265.0,63070.0
2020122103024276,HIDCL,38,51,150,265.0,39750.0
2020122103024236,HIDCL,55,29,15,264.0,3960.0
2020122103024209,HIDCL,55,45,374,264.0,98736.0
2020122103024357,ICFC,47,5,50,283.0,14150.0
2020122103024585,JBBL,52,13,18,216.0,3888.0
2020122103024553,JBBL,5,42,29,217.0,6293.0
2020122103024552,JBBL,5,34,64,217.0,13888.0
2020122103024352,JBBL,5,22,500,215.0,107500.0
2020122103024351,JBBL,5,34,239,215.0,51385.0
2020122103024350,JBBL,59,34,200,215.0,43000.0
2020122103024317,JBBL,34,34,421,215.0,90515.0
2020122103024304,JBBL,48,34,50,215.0,10750.0
2020122103024253,JBBL,5,34,20,215.0,4300.0
2020122103024218,JBBL,54,34,50,215.0,10750.0
2020122103024586,JFL,6,5,50,232.0,11600.0
2020122103024610,KMCDB,21,38,50,836.0,41800.0
2020122103024510,KMCDB,25,5,11,835.0,9185.0
2020122103024248,KMCDB,57,44,10,823.0,8230.0
2020122103024203,KMCDB,57,1,75,823.0,61725.0
2020122103024202,KMCDB,56,1,200,823.0,164600.0
2020122103024201,KMCDB,18,1,15,826.0,12390.0
2020122103024643,KSBBL,49,33,697,219.0,152643.0
2020122103024638,KSBBL,49,11,69,219.0,15111.0
2020122103024637,KSBBL,49,11,135,219.0,29565.0
2020122103024636,KSBBL,49,5,50,219.0,10950.0
2020122103024417,KSBBL,52,19,120,217.0,26040.0
2020122103024416,KSBBL,58,19,28,217.0,6076.0
2020122103024693,LBBL,53,11,29,217.0,6293.0
2020122103024519,LBBL,43,59,200,218.0,43600.0
2020122103024449,LBBL,53,32,75,217.0,16275.0
2020122103024448,LBBL,52,32,100,217.0,21700.0
2020122103024447,LBBL,49,32,132,217.0,28644.0
2020122103024450,LICN,25,3,12,1874.0,22488.0
2020122103024271,LICN,5,42,60,1851.0,111060.0
2020122103024270,LICN,39,42,40,1856.0,74240.0
2020122103024374,LLBS,14,42,10,1515.0,15150.0
2020122103024478,MDB,43,17,100,381.0,38100.0
2020122103024451,MERO,35,34,100,930.0,93000.0
2020122103024415,MERO,39,34,10,930.0,9300.0
2020122103024349,MERO,53,50,50,922.0,46100.0
2020122103024252,MERO,41,35,91,918.0,83538.0
2020122103024392,MFIL,16,49,35,384.0,13440.0
2020122103024391,MFIL,16,45,15,384.0,5760.0
2020122103024283,MFIL,55,28,30,383.0,11490.0
2020122103024282,MFIL,55,57,100,383.0,38300.0
2020122103024281,MFIL,55,42,176,383.0,67408.0
2020122103024280,MFIL,55,49,500,382.0,191000.0
2020122103024292,MLBBL,34,1,10,1221.0,12210.0
2020122103024468,MLBL,34,45,50,231.0,11550.0
2020122103024379,MLBL,44,22,75,230.0,17250.0
2020122103024378,MLBL,18,22,300,230.0,69000.0
2020122103024377,MLBL,56,22,125,230.0,28750.0
2020122103024673,MMFDB,43,34,42,1011.0,42462.0
2020122103024527,MMFDB,39,19,196,1010.0,197960.0
2020122103024526,MMFDB,41,19,90,1010.0,90900.0
2020122103024474,MMFDB,41,42,60,1010.0,60600.0
2020122103024222,MMFDB,34,42,40,1010.0,40400.0
2020122103024221,MMFDB,34,44,60,1010.0,60600.0
2020122103024664,MNBBL,34,45,200,374.0,74800.0
2020122103024639,MNBBL,34,45,300,374.0,112200.0
2020122103024583,MNBBL,34,45,18,374.0,6732.0
2020122103024582,MNBBL,34,50,282,374.0,105468.0
2020122103024557,MNBBL,34,50,199,374.0,74426.0
2020122103024427,MNBBL,11,57,15,372.0,5580.0
2020122103024426,MNBBL,10,57,50,372.0,18600.0
2020122103024425,MNBBL,42,57,35,372.0,13020.0
2020122103024288,MNBBL,42,42,65,372.0,24180.0
2020122103024287,MNBBL,41,42,85,372.0,31620.0
2020122103024556,MNBBL,34,37,101,373.0,37673.0
2020122103024518,MNBBL,11,32,11,372.0,4092.0
2020122103024645,MSLB,38,42,10,1533.0,15330.0
2020122103024512,MSLB,1,37,100,1533.0,153300.0
2020122103024511,MSLB,1,19,17,1533.0,26061.0
2020122103024587,NADEP,38,21,11,940.0,10340.0
2020122103024345,NADEP,19,20,100,940.0,94000.0
2020122103024520,NFS,25,10,20,214.0,4280.0
2020122103024444,NFS,13,28,150,216.0,32400.0
2020122103024685,NLBBL,50,52,474,988.0,468312.0
2020122103024548,NLBBL,25,52,90,990.0,89100.0
2020122103024547,NLBBL,3,52,50,990.0,49500.0
2020122103024546,NLBBL,51,52,400,990.0,396000.0
2020122103024545,NLBBL,51,52,100,990.0,99000.0
2020122103024544,NLBBL,22,52,50,990.0,49500.0
2020122103024313,NLBBL,19,7,80,1000.0,80000.0
2020122103024312,NLBBL,19,38,20,992.0,19840.0
2020122103024543,NLBBL,56,52,100,991.0,99100.0
2020122103024542,NLBBL,55,52,50,992.0,49600.0
2020122103024541,NLBBL,51,52,52,992.0,51584.0
2020122103024524,NLBBL,46,7,11,1000.0,11000.0
2020122103024389,NLBBL,38,35,42,993.0,41706.0
2020122103024316,NLBBL,58,7,50,1000.0,50000.0
2020122103024688,NLIC,34,35,86,2130.0,183180.0
2020122103024687,NLIC,35,35,14,2134.0,29876.0
2020122103024660,NLIC,35,17,"1,000",2134.0,2134000.0
2020122103024659,NLIC,35,49,100,2133.0,213300.0
2020122103024658,NLIC,35,43,50,2131.0,106550.0
2020122103024657,NLIC,35,14,214,2131.0,456034.0
2020122103024204,NLIC,53,26,22,2115.0,46530.0
2020122103024258,NLIC,35,59,100,2118.0,211800.0
2020122103024241,NLIC,5,16,22,2117.0,46574.0
2020122103024230,NLIC,5,6,52,2117.0,110084.0
2020122103024229,NLIC,38,6,170,2117.0,359890.0
2020122103024228,NLIC,38,45,66,2117.0,139722.0
2020122103024205,NLIC,53,6,28,2117.0,59276.0
2020122103024293,NLIC,33,17,500,2121.0,1060500.0
2020122103024285,NLIC,39,48,300,2124.0,637200.0
2020122103024284,NLIC,28,48,100,2124.0,212400.0
2020122103024277,NLIC,34,48,100,2124.0,212400.0
2020122103024272,NLIC,35,58,22,2120.0,46640.0
2020122103024259,NLIC,35,44,353,2120.0,748360.0
2020122103024330,NLIC,40,55,83,2125.0,176375.0
2020122103024329,NLIC,40,49,22,2125.0,46750.0
2020122103024328,NLIC,40,17,895,2124.0,1900980.0
2020122103024314,NLIC,35,17,500,2120.0,1060000.0
2020122103024310,NLIC,32,17,105,2124.0,223020.0
2020122103024309,NLIC,32,48,895,2124.0,1900980.0
2020122103024408,NLIC,46,55,45,2125.0,95625.0
2020122103024369,NLIC,5,17,105,2117.0,222285.0
2020122103024368,NLIC,42,17,20,2120.0,42400.0
2020122103024367,NLIC,35,17,50,2120.0,106000.0
2020122103024366,NLIC,35,17,25,2120.0,53000.0
2020122103024365,NLIC,32,55,10,2125.0,21250.0
2020122103024483,NLIC,33,22,20,2124.0,42480.0
2020122103024482,NLIC,47,22,10,2124.0,21240.0
2020122103024456,NLIC,49,22,30,2124.0,63720.0
2020122103024445,NLIC,38,22,40,2124.0,84960.0
2020122103024437,NLIC,33,33,138,2125.0,293250.0
2020122103024436,NLIC,33,55,362,2125.0,769250.0
2020122103024528,NLIC,53,53,34,2125.0,72250.0
2020122103024498,NLIC,33,44,22,2124.0,46728.0
2020122103024497,NLIC,19,53,38,2125.0,80750.0
2020122103024496,NLIC,19,33,62,2125.0,131750.0
2020122103024485,NLIC,49,33,"1,000",2125.0,2125000.0
2020122103024484,NLIC,33,46,30,2124.0,63720.0
2020122103024622,NLIC,5,33,111,2125.0,235875.0
2020122103024614,NLIC,33,17,100,2129.0,212900.0
2020122103024572,NLIC,19,17,100,2129.0,212900.0
2020122103024540,NLIC,19,35,100,2129.0,212900.0
2020122103024539,NLIC,5,53,10,2125.0,21250.0
2020122103024536,NLIC,41,53,18,2125.0,38250.0
2020122103024656,NLIC,35,55,500,2130.0,1065000.0
2020122103024655,NLIC,35,44,22,2130.0,46860.0
2020122103024654,NLIC,35,17,100,2129.0,212900.0
2020122103024629,NLIC,55,17,200,2129.0,425800.0
2020122103024628,NLIC,33,49,10,2125.0,21250.0
2020122103024623,NLIC,33,33,39,2125.0,82875.0
2020122103024661,NLICL,41,59,15,997.0,14955.0
2020122103024608,NLICL,48,52,20,998.0,19960.0
2020122103024588,NLICL,13,6,400,995.0,398000.0
2020122103024517,NLICL,47,52,10,998.0,9980.0
2020122103024473,NLICL,51,52,30,998.0,29940.0
2020122103024412,NLICL,25,1,80,990.0,79200.0
2020122103024411,NLICL,50,1,200,990.0,198000.0
2020122103024410,NLICL,14,1,220,990.0,217800.0
2020122103024291,NLICL,14,58,60,990.0,59400.0
2020122103024290,NLICL,14,52,20,989.0,19780.0
