Transact. No.,Symbol,Buyer,Seller,Quantity,Rate,Amount
2020122204001810,BBC,13,5,20,2750.0,55000.0
2020122204001809,BBC,10,5,50,2750.0,137500.0
2020122204001808,BBC,29,5,100,2753.0,275300.0
2020122204001807,BBC,35,5,10,2755.0,27550.0
2020122204001769,BBC,45,5,200,2780.0,556000.0
2020122204001768,BBC,35,5,10,2790.0,27900.0
2020122204001640,BBC,41,34,10,2849.0,28490.0
2020122204001638,BBC,41,33,20,2849.0,56980.0
2020122204001633,BBC,21,5,35,2840.0,99400.0
2020122204001563,BBC,38,5,20,2840.0,56800.0
2020122204001387,BBC,36,21,18,2820.0,50760.0
2020122204001767,BBC,58,5,10,2790.0,27900.0
2020122204001692,BBC,48,5,60,2800.0,168000.0
2020122204001689,BBC,45,5,100,2805.0,280500.0
2020122204001687,BBC,38,5,20,2835.0,56700.0
2020122204001650,BBC,29,5,38,2845.0,108110.0
2020122204001647,BBC,41,5,20,2849.0,56980.0
2020122204001715,CMF1,6,39,100,10.06,1006.0
2020122204001688,CMF1,43,13,100,10.26,1026.0
2020122204001560,CMF1,43,21,500,10.18,5090.0
2020122204001499,CMF1,6,51,"3,000",10.06,30180.0
2020122204001498,CMF1,6,58,200,10.06,2012.0
2020122204001497,CMF1,6,33,"1,000",10.0,10000.0
2020122204001496,CMF1,6,38,"5,000",10.0,50000.0
2020122204001413,CMF1,6,44,"1,000",9.87,9870.0
2020122204001803,GIC,45,40,10,558.0,5580.0
2020122204001801,GIC,45,34,10,558.0,5580.0
2020122204001800,GIC,45,17,100,558.0,55800.0
2020122204001799,GIC,45,45,10,558.0,5580.0
2020122204001798,GIC,45,40,10,558.0,5580.0
2020122204001792,GIC,45,37,10,558.0,5580.0
2020122204001318,GIC,52,38,10,558.0,5580.0
2020122204001316,GIC,52,38,10,558.0,5580.0
2020122204001358,GIC,14,45,10,560.0,5600.0
2020122204001345,GIC,52,44,10,558.0,5580.0
2020122204001339,GIC,52,45,10,558.0,5580.0
2020122204001335,GIC,52,39,10,558.0,5580.0
2020122204001334,GIC,52,39,10,558.0,5580.0
2020122204001320,GIC,52,10,10,558.0,5580.0
2020122204001375,GIC,14,29,10,560.0,5600.0
2020122204001363,GIC,14,38,10,560.0,5600.0
2020122204001362,GIC,14,29,10,560.0,5600.0
2020122204001361,GIC,14,57,10,560.0,5600.0
2020122204001360,GIC,14,58,10,560.0,5600.0
2020122204001359,GIC,14,45,10,560.0,5600.0
2020122204001389,GIC,14,29,180,560.0,100800.0
2020122204001384,GIC,14,38,10,560.0,5600.0
2020122204001379,GIC,14,18,10,560.0,5600.0
2020122204001378,GIC,14,36,10,560.0,5600.0
2020122204001377,GIC,14,58,10,560.0,5600.0
2020122204001376,GIC,14,38,10,560.0,5600.0
2020122204001395,GIC,22,29,85,557.0,47345.0
2020122204001394,GIC,42,29,150,557.0,83550.0
2020122204001393,GIC,58,29,50,557.0,27850.0
2020122204001392,GIC,43,29,100,558.0,55800.0
2020122204001391,GIC,45,29,100,558.0,55800.0
2020122204001390,GIC,52,29,230,558.0,128340.0
2020122204001401,GIC,19,29,50,555.0,27750.0
2020122204001400,GIC,54,29,10,555.0,5550.0
2020122204001399,GIC,52,29,100,555.0,55500.0
2020122204001398,GIC,29,29,200,555.0,111000.0
2020122204001397,GIC,1,29,50,556.0,27800.0
2020122204001396,GIC,22,29,90,556.0,50040.0
2020122204001407,GIC,6,29,110,555.0,61050.0
2020122204001406,GIC,48,29,100,555.0,55500.0
2020122204001405,GIC,6,29,200,555.0,111000.0
2020122204001404,GIC,58,29,100,555.0,55500.0
2020122204001403,GIC,17,29,500,555.0,277500.0
2020122204001402,GIC,22,29,400,555.0,222000.0
2020122204001433,GIC,45,38,10,555.0,5550.0
2020122204001431,GIC,45,36,10,555.0,5550.0
2020122204001420,GIC,45,14,10,555.0,5550.0
2020122204001410,GIC,21,29,125,554.0,69250.0
2020122204001409,GIC,55,29,10,554.0,5540.0
2020122204001408,GIC,43,29,100,554.0,55400.0
2020122204001448,GIC,49,21,10,560.0,5600.0
2020122204001447,GIC,49,34,10,560.0,5600.0
2020122204001445,GIC,45,21,10,555.0,5550.0
2020122204001439,GIC,45,21,10,555.0,5550.0
2020122204001438,GIC,45,38,10,555.0,5550.0
2020122204001436,GIC,45,40,10,555.0,5550.0
2020122204001461,GIC,45,38,10,555.0,5550.0
2020122204001460,GIC,45,56,10,555.0,5550.0
2020122204001458,GIC,45,45,10,555.0,5550.0
2020122204001453,GIC,49,17,10,560.0,5600.0
2020122204001452,GIC,49,3,20,560.0,11200.0
2020122204001449,GIC,49,14,50,560.0,28000.0
2020122204001483,GIC,45,34,10,555.0,5550.0
2020122204001479,GIC,45,47,10,555.0,5550.0
2020122204001469,GIC,45,45,10,555.0,5550.0
2020122204001466,GIC,45,54,10,555.0,5550.0
2020122204001465,GIC,45,13,10,555.0,5550.0
2020122204001462,GIC,45,59,10,555.0,5550.0
2020122204001504,GIC,14,39,10,555.0,5550.0
2020122204001501,GIC,14,55,10,555.0,5550.0
2020122204001500,GIC,45,39,10,555.0,5550.0
2020122204001495,GIC,45,34,10,555.0,5550.0
2020122204001491,GIC,45,47,10,555.0,5550.0
2020122204001490,GIC,45,16,10,555.0,5550.0
2020122204001527,GIC,35,40,10,556.0,5560.0
2020122204001524,GIC,35,50,10,556.0,5560.0
2020122204001523,GIC,35,7,10,556.0,5560.0
2020122204001520,GIC,35,36,10,556.0,5560.0
2020122204001518,GIC,35,54,10,556.0,5560.0
2020122204001506,GIC,22,41,10,560.0,5600.0
2020122204001539,GIC,35,38,10,556.0,5560.0
2020122204001538,GIC,35,17,10,556.0,5560.0
2020122204001536,GIC,14,57,10,560.0,5600.0
2020122204001535,GIC,35,38,10,556.0,5560.0
2020122204001529,GIC,35,7,10,556.0,5560.0
2020122204001528,GIC,35,42,10,556.0,5560.0
2020122204001558,GIC,34,38,10,557.0,5570.0
2020122204001545,GIC,14,50,10,560.0,5600.0
2020122204001544,GIC,34,46,10,557.0,5570.0
2020122204001543,GIC,34,44,10,557.0,5570.0
2020122204001541,GIC,34,49,10,557.0,5570.0
2020122204001540,GIC,55,13,10,560.0,5600.0
2020122204001588,GIC,34,33,10,557.0,5570.0
2020122204001587,GIC,34,44,10,557.0,5570.0
2020122204001585,GIC,34,42,10,557.0,5570.0
2020122204001583,GIC,59,50,280,560.0,156800.0
2020122204001582,GIC,59,58,10,559.0,5590.0
2020122204001581,GIC,59,40,10,559.0,5590.0
2020122204001603,GIC,34,42,10,557.0,5570.0
2020122204001599,GIC,34,33,10,557.0,5570.0
2020122204001598,GIC,34,42,10,557.0,5570.0
2020122204001597,GIC,34,28,10,557.0,5570.0
2020122204001591,GIC,34,42,10,557.0,5570.0
2020122204001590,GIC,34,21,10,557.0,5570.0
2020122204001620,GIC,48,38,10,557.0,5570.0
2020122204001619,GIC,48,39,50,557.0,27850.0
2020122204001618,GIC,47,39,100,557.0,55700.0
2020122204001617,GIC,34,39,50,557.0,27850.0
2020122204001613,GIC,34,44,10,557.0,5570.0
2020122204001604,GIC,34,48,10,557.0,5570.0
2020122204001632,GIC,48,45,10,557.0,5570.0
2020122204001628,GIC,48,45,10,557.0,5570.0
2020122204001626,GIC,48,38,10,557.0,5570.0
2020122204001625,GIC,48,43,10,557.0,5570.0
2020122204001623,GIC,48,33,10,557.0,5570.0
2020122204001621,GIC,48,21,10,557.0,5570.0
2020122204001651,GIC,48,53,10,557.0,5570.0
2020122204001648,GIC,48,10,10,557.0,5570.0
2020122204001641,GIC,48,21,10,557.0,5570.0
2020122204001637,GIC,48,45,10,557.0,5570.0
2020122204001636,GIC,48,57,10,557.0,5570.0
2020122204001634,GIC,48,38,10,557.0,5570.0
2020122204001673,GIC,48,59,10,557.0,5570.0
2020122204001671,GIC,48,37,10,557.0,5570.0
2020122204001669,GIC,48,21,10,557.0,5570.0
2020122204001667,GIC,48,38,10,557.0,5570.0
2020122204001654,GIC,48,38,10,557.0,5570.0
2020122204001652,GIC,48,21,10,557.0,5570.0
2020122204001703,GIC,48,48,10,557.0,5570.0
2020122204001702,GIC,48,32,10,557.0,5570.0
2020122204001701,GIC,48,58,10,557.0,5570.0
2020122204001693,GIC,48,29,10,557.0,5570.0
2020122204001685,GIC,48,58,10,557.0,5570.0
2020122204001679,GIC,48,38,10,557.0,5570.0
2020122204001720,GIC,34,36,10,557.0,5570.0
2020122204001718,GIC,48,17,10,557.0,5570.0
2020122204001717,GIC,48,14,10,557.0,5570.0
2020122204001716,GIC,48,21,10,557.0,5570.0
2020122204001709,GIC,48,13,10,557.0,5570.0
2020122204001705,GIC,48,36,10,557.0,5570.0
2020122204001738,GIC,34,38,10,557.0,5570.0
2020122204001737,GIC,34,10,10,557.0,5570.0
2020122204001729,GIC,34,10,10,557.0,5570.0
2020122204001727,GIC,34,38,10,557.0,5570.0
2020122204001726,GIC,34,36,10,557.0,5570.0
2020122204001725,GIC,34,28,10,557.0,5570.0
2020122204001744,GIC,13,52,10,559.0,5590.0
2020122204001743,GIC,13,21,10,559.0,5590.0
2020122204001742,GIC,13,4,10,558.0,5580.0
2020122204001741,GIC,13,49,10,558.0,5580.0
2020122204001740,GIC,13,34,10,558.0,5580.0
2020122204001739,GIC,13,6,337,557.0,187709.0
2020122204001762,GIC,43,36,10,558.0,5580.0
2020122204001754,GIC,34,21,10,557.0,5570.0
2020122204001753,GIC,34,53,10,557.0,5570.0
2020122204001747,GIC,34,56,10,557.0,5570.0
2020122204001746,GIC,13,50,103,559.0,57577.0
2020122204001745,GIC,13,59,10,559.0,5590.0
2020122204001791,GIC,45,40,10,558.0,5580.0
2020122204001790,GIC,17,36,10,558.0,5580.0
2020122204001789,GIC,43,56,10,559.0,5590.0
2020122204001788,GIC,43,37,10,559.0,5590.0
2020122204001778,GIC,43,21,20,558.0,11160.0
2020122204001773,GIC,6,50,197,559.0,110123.0
2020122204001666,GIMES1,26,10,"10,000",11.2,112000.0
2020122204001659,GIMES1,26,10,"10,000",11.19,111900.0
2020122204001658,GIMES1,26,10,"10,000",11.18,111800.0
2020122204001656,GIMES1,26,10,"10,000",11.17,111700.0
2020122204001655,GIMES1,26,10,"10,000",11.16,111600.0
2020122204001610,LUK,25,16,210,9.1,1911.0
2020122204001609,LUK,42,16,290,9.14,2650.6
2020122204001511,LUK,42,16,150,9.14,1371.0
2020122204001510,LUK,1,16,350,9.14,3199.0
2020122204001509,LUK,1,42,100,9.14,914.0
2020122204001446,LUK,38,22,"1,000",9.14,9140.0
2020122204001421,LUK,1,56,100,9.14,914.0
2020122204001646,NBF2,26,58,"1,000",9.7,9700.0
2020122204001562,NBF2,42,58,300,9.7,2910.0
2020122204001559,NBF2,41,29,100,9.61,961.0
2020122204001355,NBF2,20,41,"1,300",9.6,12480.0
2020122204001714,NEF,21,4,966,9.92,9582.72
2020122204001691,NEF,21,4,483,9.92,4791.36
2020122204001678,NEF,21,4,483,9.92,4791.36
2020122204001677,NEF,21,4,483,9.92,4791.36
2020122204001676,NEF,21,42,483,9.92,4791.36
2020122204001606,NEF,6,4,483,9.92,4791.36
2020122204001605,NEF,6,40,"2,262",9.92,22439.04
2020122204001569,NEF,6,6,145,9.86,1429.7
2020122204001564,NEF,26,14,"2,400",9.9,23760.0
2020122204001561,NEF,6,34,483,9.86,4762.38
2020122204001550,NEF,6,22,"1,239",9.86,12216.54
2020122204001414,NEF,21,56,"1,127",9.84,11089.68
2020122204001802,NIBLPF,6,57,655,9.95,6517.25
2020122204001549,NIBLPF,6,18,"2,525",9.93,25073.25
2020122204001430,NIBLPF,6,22,505,9.93,5014.65
2020122204001804,NIBPO,58,34,10,460.0,4600.0
2020122204001797,NIBPO,58,49,662,458.0,303196.0
2020122204001777,NIBPO,25,4,500,458.0,229000.0
2020122204001752,NIBPO,49,34,500,460.0,230000.0
2020122204001751,NIBPO,49,34,500,460.0,230000.0
2020122204001750,NIBPO,58,34,191,460.0,87860.0
2020122204001313,NIBPO,58,52,300,458.0,137400.0
2020122204001357,NIBPO,57,53,"1,000",460.0,460000.0
2020122204001353,NIBPO,21,53,789,460.0,362940.0
2020122204001352,NIBPO,21,22,500,459.0,229500.0
2020122204001351,NIBPO,21,11,711,459.0,326349.0
2020122204001315,NIBPO,34,52,828,453.0,375084.0
2020122204001314,NIBPO,49,52,500,454.0,227000.0
2020122204001432,NIBPO,21,37,250,465.0,116250.0
2020122204001424,NIBPO,25,14,270,464.0,125280.0
2020122204001423,NIBPO,25,28,500,464.0,232000.0
2020122204001419,NIBPO,21,28,500,464.0,232000.0
2020122204001412,NIBPO,58,32,630,460.0,289800.0
2020122204001411,NIBPO,58,53,648,460.0,298080.0
2020122204001594,NIBPO,57,53,296,464.0,137344.0
2020122204001593,NIBPO,57,17,150,463.0,69450.0
2020122204001592,NIBPO,57,42,554,462.0,255948.0
2020122204001503,NIBPO,58,6,131,460.0,60260.0
2020122204001457,NIBPO,58,58,400,460.0,184000.0
2020122204001434,NIBPO,25,53,"2,230",464.0,1034720.0
2020122204001749,NIBPO,58,11,60,463.0,27780.0
2020122204001748,NIBPO,58,36,40,462.0,18480.0
2020122204001686,NIBPO,19,36,460,462.0,212520.0
2020122204001675,NIBPO,34,53,10,464.0,4640.0
2020122204001674,NIBPO,50,1,"1,000",461.0,461000.0
2020122204001608,NIBPO,58,28,"1,000",460.0,460000.0
2020122204001734,NIBSF1,17,26,100,11.18,1118.0
2020122204001786,NICBF,13,20,500,10.15,5075.0
2020122204001489,NICBF,6,50,"2,000",10.31,20620.0
2020122204001488,NICBF,6,28,"4,000",10.3,41200.0
2020122204001487,NICBF,6,57,100,10.3,1030.0
2020122204001486,NICBF,6,41,"1,000",10.27,10270.0
2020122204001485,NICBF,6,58,300,10.27,3081.0
2020122204001380,NICBF,14,22,500,10.26,5130.0
2020122204001698,NICGF,13,39,100,10.27,1027.0
2020122204001657,NICGF,13,21,500,10.27,5135.0
2020122204001416,NICGF,17,44,"1,500",10.3,15450.0
2020122204001601,NMBHF1,58,6,250,9.93,2482.5
2020122204001779,RBCLPO,42,58,60,14591.0,875460.0
2020122204001724,RBCLPO,42,4,10,14591.0,145910.0
2020122204001723,RBCLPO,42,55,40,14590.0,583600.0
2020122204001722,RBCLPO,42,34,30,14589.0,437670.0
2020122204001721,RBCLPO,42,22,10,14588.0,145880.0
2020122204001493,RBCLPO,50,43,10,14591.0,145910.0
2020122204001337,RBCLPO,34,42,10,14490.0,144900.0
2020122204001371,RBCLPO,42,48,80,14590.0,1167200.0
2020122204001370,RBCLPO,42,44,20,14590.0,291800.0
2020122204001369,RBCLPO,42,45,10,14500.0,145000.0
2020122204001368,RBCLPO,42,6,10,14489.0,144890.0
2020122204001367,RBCLPO,42,33,50,14449.0,722450.0
2020122204001354,RBCLPO,40,28,10,14449.0,144490.0
2020122204001388,RBCLPO,42,22,10,14591.0,145910.0
2020122204001386,RBCLPO,42,33,20,14591.0,291820.0
2020122204001385,RBCLPO,42,42,75,14591.0,1094325.0
2020122204001374,RBCLPO,42,33,10,14591.0,145910.0
2020122204001373,RBCLPO,42,6,10,14591.0,145910.0
2020122204001372,RBCLPO,42,44,20,14591.0,291820.0
2020122204001775,SAEF,6,48,100,10.86,1086.0
2020122204001774,SAEF,43,48,900,10.86,9774.0
2020122204001761,SAEF,26,32,"2,000",10.96,21920.0
2020122204001670,SAEF,43,21,"1,000",10.86,10860.0
2020122204001418,SAEF,43,44,100,10.86,1086.0
2020122204001417,SAEF,6,44,"2,900",10.87,31523.0
2020122204001344,SAEF,6,51,100,10.87,1087.0
2020122204001770,SEF,6,59,"1,500",10.31,15465.0
2020122204001699,SEF,6,39,500,10.25,5125.0
2020122204001580,SEF,6,8,"1,000",10.4,10400.0
2020122204001579,SEF,6,35,"15,000",10.4,156000.0
2020122204001578,SEF,6,25,500,10.4,5200.0
2020122204001577,SEF,6,4,"2,000",10.4,20800.0
2020122204001552,SEF,6,33,"5,000",10.33,51650.0
2020122204001551,SEF,6,39,600,10.3,6180.0
2020122204001570,SEF,6,18,"2,000",10.35,20700.0
2020122204001557,SEF,6,14,"100,000",10.35,1035000.0
2020122204001556,SEF,6,42,"5,000",10.35,51750.0
2020122204001555,SEF,6,45,"1,000",10.34,10340.0
2020122204001554,SEF,6,5,"5,000",10.34,51700.0
2020122204001553,SEF,6,47,500,10.34,5170.0
2020122204001576,SEF,6,20,500,10.4,5200.0
2020122204001575,SEF,6,1,"5,000",10.39,51950.0
2020122204001574,SEF,6,36,"10,000",10.39,103900.0
2020122204001573,SEF,6,52,"1,000",10.38,10380.0
2020122204001572,SEF,6,52,"5,000",10.38,51900.0
2020122204001571,SEF,6,45,200,10.37,2074.0
2020122204001796,SFMF,17,10,500,10.05,5025.0
2020122204001795,SFMF,17,21,500,10.05,5025.0
2020122204001365,SFMF,29,10,400,10.19,4076.0
2020122204001312,SFMF,29,6,100,10.19,1019.0
2020122204001811,SGI,3,38,10,583.0,5830.0
2020122204001806,SGI,3,29,90,583.0,52470.0
2020122204001805,SGI,25,29,90,583.0,52470.0
2020122204001794,SGI,25,38,10,583.0,5830.0
2020122204001793,SGI,25,48,10,583.0,5830.0
2020122204001787,SGI,8,53,10,584.0,5840.0
2020122204001319,SGI,42,52,10,583.0,5830.0
2020122204001317,SGI,42,52,10,583.0,5830.0
2020122204001326,SGI,42,32,10,583.0,5830.0
2020122204001325,SGI,42,52,10,583.0,5830.0
2020122204001324,SGI,42,36,10,583.0,5830.0
2020122204001323,SGI,42,38,10,583.0,5830.0
2020122204001322,SGI,42,10,10,583.0,5830.0
2020122204001321,SGI,42,52,10,583.0,5830.0
2020122204001332,SGI,42,10,10,583.0,5830.0
2020122204001331,SGI,42,38,10,583.0,5830.0
2020122204001330,SGI,42,52,10,583.0,5830.0
2020122204001329,SGI,42,38,10,583.0,5830.0
2020122204001328,SGI,35,6,190,585.0,111150.0
2020122204001327,SGI,42,52,10,583.0,5830.0
2020122204001343,SGI,16,38,10,582.0,5820.0
2020122204001342,SGI,42,39,10,583.0,5830.0
2020122204001341,SGI,50,33,80,584.0,46720.0
2020122204001340,SGI,50,38,10,584.0,5840.0
2020122204001336,SGI,50,38,10,584.0,5840.0
2020122204001333,SGI,42,33,10,583.0,5830.0
2020122204001356,SGI,47,46,10,583.0,5830.0
2020122204001350,SGI,47,55,10,583.0,5830.0
2020122204001349,SGI,47,26,10,583.0,5830.0
2020122204001348,SGI,47,39,10,583.0,5830.0
2020122204001347,SGI,16,38,10,582.0,5820.0
2020122204001346,SGI,16,14,50,582.0,29100.0
2020122204001415,SGI,47,58,10,583.0,5830.0
2020122204001383,SGI,47,56,10,583.0,5830.0
2020122204001382,SGI,47,18,10,583.0,5830.0
2020122204001381,SGI,52,33,50,584.0,29200.0
2020122204001366,SGI,4,33,50,584.0,29200.0
2020122204001364,SGI,26,33,55,584.0,32120.0
2020122204001429,SGI,47,37,10,583.0,5830.0
2020122204001428,SGI,47,18,10,583.0,5830.0
2020122204001427,SGI,47,45,10,583.0,5830.0
2020122204001426,SGI,47,43,10,583.0,5830.0
2020122204001425,SGI,47,43,10,583.0,5830.0
2020122204001422,SGI,47,28,10,583.0,5830.0
2020122204001443,SGI,47,36,10,583.0,5830.0
2020122204001442,SGI,47,38,10,583.0,5830.0
2020122204001441,SGI,47,11,10,583.0,5830.0
2020122204001440,SGI,47,16,10,583.0,5830.0
2020122204001437,SGI,47,16,10,583.0,5830.0
2020122204001435,SGI,47,33,25,584.0,14600.0
2020122204001456,SGI,55,33,190,584.0,110960.0
2020122204001455,SGI,47,17,10,583.0,5830.0
2020122204001454,SGI,47,18,10,583.0,5830.0
2020122204001451,SGI,47,19,10,583.0,5830.0
2020122204001450,SGI,47,40,10,583.0,5830.0
2020122204001444,SGI,47,16,10,583.0,5830.0
2020122204001474,SGI,47,55,10,583.0,5830.0
2020122204001471,SGI,57,33,10,584.0,5840.0
2020122204001470,SGI,47,54,10,583.0,5830.0
2020122204001468,SGI,47,40,10,583.0,5830.0
2020122204001467,SGI,44,34,100,583.0,58300.0
2020122204001459,SGI,47,38,10,583.0,5830.0
2020122204001482,SGI,47,7,10,583.0,5830.0
2020122204001481,SGI,47,42,10,583.0,5830.0
2020122204001480,SGI,47,7,10,583.0,5830.0
2020122204001478,SGI,47,40,10,583.0,5830.0
2020122204001477,SGI,47,42,10,583.0,5830.0
2020122204001476,SGI,47,52,10,583.0,5830.0
2020122204001507,SGI,47,34,10,583.0,5830.0
2020122204001505,SGI,47,7,10,583.0,5830.0
2020122204001502,SGI,47,48,10,583.0,5830.0
2020122204001494,SGI,47,39,10,583.0,5830.0
2020122204001492,SGI,47,34,10,583.0,5830.0
2020122204001484,SGI,47,47,10,583.0,5830.0
2020122204001516,SGI,47,11,10,583.0,5830.0
2020122204001515,SGI,47,11,10,583.0,5830.0
2020122204001514,SGI,45,29,10,584.0,5840.0
2020122204001513,SGI,45,8,10,584.0,5840.0
2020122204001512,SGI,45,33,40,584.0,23360.0
2020122204001508,SGI,47,11,10,583.0,5830.0
2020122204001526,SGI,47,11,10,583.0,5830.0
2020122204001525,SGI,47,38,10,583.0,5830.0
2020122204001522,SGI,47,36,10,583.0,5830.0
2020122204001521,SGI,47,11,10,583.0,5830.0
2020122204001519,SGI,47,38,10,583.0,5830.0
2020122204001517,SGI,47,34,10,583.0,5830.0
2020122204001542,SGI,16,38,10,582.0,5820.0
2020122204001537,SGI,16,38,10,582.0,5820.0
2020122204001534,SGI,42,16,10,583.0,5830.0
2020122204001533,SGI,42,38,10,583.0,5830.0
2020122204001531,SGI,47,11,10,583.0,5830.0
2020122204001530,SGI,47,56,10,583.0,5830.0
2020122204001586,SGI,16,33,10,582.0,5820.0
2020122204001584,SGI,16,38,10,582.0,5820.0
2020122204001568,SGI,16,38,10,582.0,5820.0
2020122204001548,SGI,16,38,10,582.0,5820.0
2020122204001547,SGI,56,41,10,583.0,5830.0
2020122204001546,SGI,56,58,10,583.0,5830.0
2020122204001607,SGI,7,21,10,583.0,5830.0
2020122204001602,SGI,7,38,10,583.0,5830.0
2020122204001600,SGI,7,33,10,583.0,5830.0
2020122204001596,SGI,56,21,10,583.0,5830.0
2020122204001595,SGI,56,21,10,583.0,5830.0
2020122204001589,SGI,16,44,10,582.0,5820.0
2020122204001622,SGI,7,53,10,583.0,5830.0
2020122204001616,SGI,39,39,10,584.0,5840.0
2020122204001615,SGI,39,49,10,584.0,5840.0
2020122204001614,SGI,7,33,10,583.0,5830.0
2020122204001612,SGI,7,52,10,583.0,5830.0
2020122204001611,SGI,7,42,10,583.0,5830.0
2020122204001639,SGI,45,4,10,583.0,5830.0
2020122204001635,SGI,16,57,10,582.0,5820.0
2020122204001631,SGI,16,21,10,582.0,5820.0
2020122204001630,SGI,7,59,10,583.0,5830.0
2020122204001629,SGI,7,38,10,583.0,5830.0
2020122204001627,SGI,7,58,10,583.0,5830.0
2020122204001663,SGI,25,58,10,584.0,5840.0
2020122204001662,SGI,25,34,30,584.0,17520.0
2020122204001661,SGI,25,10,10,583.0,5830.0
2020122204001660,SGI,25,54,10,583.0,5830.0
2020122204001653,SGI,16,45,10,582.0,5820.0
2020122204001645,SGI,16,21,10,582.0,5820.0
2020122204001682,SGI,25,21,10,583.0,5830.0
2020122204001681,SGI,25,37,10,583.0,5830.0
2020122204001672,SGI,25,38,10,583.0,5830.0
2020122204001668,SGI,25,37,10,583.0,5830.0
2020122204001665,SGI,25,6,530,585.0,310050.0
2020122204001664,SGI,25,34,10,584.0,5840.0
2020122204001696,SGI,25,51,10,583.0,5830.0
2020122204001695,SGI,25,25,10,583.0,5830.0
2020122204001694,SGI,25,7,10,583.0,5830.0
2020122204001690,SGI,25,59,10,583.0,5830.0
2020122204001684,SGI,25,53,10,583.0,5830.0
2020122204001683,SGI,25,21,10,583.0,5830.0
2020122204001708,SGI,25,38,10,583.0,5830.0
2020122204001707,SGI,25,25,10,583.0,5830.0
2020122204001706,SGI,25,33,10,583.0,5830.0
2020122204001704,SGI,25,32,10,583.0,5830.0
2020122204001700,SGI,25,45,10,583.0,5830.0
2020122204001697,SGI,25,21,10,583.0,5830.0
2020122204001730,SGI,25,56,10,583.0,5830.0
2020122204001728,SGI,25,21,10,583.0,5830.0
2020122204001719,SGI,25,21,10,583.0,5830.0
2020122204001713,SGI,25,10,10,583.0,5830.0
2020122204001712,SGI,45,52,10,584.0,5840.0
2020122204001711,SGI,45,45,10,584.0,5840.0
2020122204001755,SGI,46,43,500,584.0,292000.0
2020122204001736,SGI,55,34,10,584.0,5840.0
2020122204001735,SGI,55,4,10,584.0,5840.0
2020122204001733,SGI,25,36,10,583.0,5830.0
2020122204001732,SGI,25,17,10,583.0,5830.0
2020122204001731,SGI,25,10,10,583.0,5830.0
2020122204001763,SGI,25,21,10,583.0,5830.0
2020122204001760,SGI,25,32,10,583.0,5830.0
2020122204001759,SGI,55,13,10,584.0,5840.0
2020122204001758,SGI,25,36,10,583.0,5830.0
2020122204001757,SGI,25,21,10,583.0,5830.0
2020122204001756,SGI,25,49,100,583.0,58300.0
2020122204001776,SGI,25,45,10,583.0,5830.0
2020122204001772,SGI,50,41,20,585.0,11700.0
2020122204001771,SGI,25,36,10,583.0,5830.0
2020122204001766,SGI,17,20,10,585.0,5850.0
2020122204001765,SGI,17,37,10,585.0,5850.0
2020122204001764,SGI,17,21,10,585.0,5850.0
2020122204001785,SGI,49,42,10,585.0,5850.0
2020122204001784,SGI,49,42,10,585.0,5850.0
2020122204001783,SGI,49,49,10,585.0,5850.0
2020122204001782,SGI,49,49,10,585.0,5850.0
2020122204001781,SGI,49,41,80,585.0,46800.0
2020122204001780,SGI,8,47,10,584.0,5840.0
2020122204001710,STC,58,10,20,5270.0,105400.0
2020122204001680,STC,39,10,20,5200.0,104000.0
2020122204001649,STC,7,10,25,5200.0,130000.0
2020122204001644,STC,38,10,50,5200.0,260000.0
2020122204001643,STC,57,10,90,5200.0,468000.0
2020122204001642,STC,52,10,30,5200.0,156000.0
2020122204001473,STC,39,57,290,5250.0,1522500.0
2020122204001472,STC,39,22,10,5249.0,52490.0
2020122204001464,STC,39,10,100,5245.0,524500.0
2020122204001463,STC,39,10,100,5245.0,524500.0
2020122204001338,STC,49,58,50,5240.0,262000.0
2020122204001624,STC,43,10,20,5270.0,105400.0
2020122204001567,STC,52,55,20,5200.0,104000.0
2020122204001566,STC,39,55,20,5200.0,104000.0
2020122204001565,STC,58,10,100,5270.0,527000.0
2020122204001532,STC,39,34,100,5260.0,526000.0
2020122204001475,STC,39,57,75,5250.0,393750.0
2020122204001204,BBC,42,58,20,2850.0,57000.0
2020122204001125,BBC,42,58,10,2850.0,28500.0
2020122204001022,BBC,41,58,50,2850.0,142500.0
2020122204001009,BBC,49,5,10,2850.0,28500.0
2020122204001008,BBC,49,36,40,2850.0,114000.0
2020122204000953,BBC,35,36,10,2850.0,28500.0
2020122204000952,BBC,35,58,10,2845.0,28450.0
2020122204000951,BBC,35,49,10,2845.0,28450.0
2020122204000852,BBC,58,58,10,2803.0,28030.0
2020122204001274,CMF1,6,50,"1,000",10.0,10000.0
2020122204000847,CMF1,6,35,"1,300",9.99,12987.0
2020122204000846,CMF1,6,52,500,9.99,4995.0
2020122204000845,CMF1,6,58,500,9.99,4995.0
2020122204000844,CMF1,6,49,"10,000",9.95,99500.0
2020122204001296,GIC,52,38,10,558.0,5580.0
2020122204001282,GIC,52,57,10,558.0,5580.0
2020122204001280,GIC,52,39,10,558.0,5580.0
2020122204001278,GIC,52,52,10,558.0,5580.0
2020122204001275,GIC,52,52,10,558.0,5580.0
2020122204001273,GIC,52,5,10,558.0,5580.0
2020122204000829,GIC,10,26,10,557.0,5570.0
2020122204000826,GIC,10,45,10,557.0,5570.0
2020122204000850,GIC,10,50,10,557.0,5570.0
2020122204000849,GIC,10,50,10,557.0,5570.0
2020122204000840,GIC,10,42,10,557.0,5570.0
2020122204000839,GIC,14,14,65,558.0,36270.0
2020122204000837,GIC,10,45,10,557.0,5570.0
2020122204000835,GIC,10,43,10,557.0,5570.0
2020122204000861,GIC,34,7,10,557.0,5570.0
2020122204000859,GIC,34,43,10,557.0,5570.0
2020122204000858,GIC,34,16,10,557.0,5570.0
2020122204000855,GIC,34,43,10,557.0,5570.0
2020122204000853,GIC,34,35,10,557.0,5570.0
2020122204000851,GIC,34,16,10,557.0,5570.0
2020122204000875,GIC,14,57,10,558.0,5580.0
2020122204000874,GIC,14,33,10,558.0,5580.0
2020122204000873,GIC,14,14,35,558.0,19530.0
2020122204000871,GIC,34,49,10,557.0,5570.0
2020122204000870,GIC,34,43,10,557.0,5570.0
2020122204000864,GIC,34,43,10,557.0,5570.0
2020122204000889,GIC,52,56,10,560.0,5600.0
2020122204000888,GIC,52,48,10,560.0,5600.0
2020122204000887,GIC,52,21,10,560.0,5600.0
2020122204000886,GIC,34,57,10,557.0,5570.0
2020122204000877,GIC,14,26,10,558.0,5580.0
2020122204000876,GIC,14,29,100,558.0,55800.0
2020122204000895,GIC,52,38,10,560.0,5600.0
2020122204000894,GIC,52,58,10,560.0,5600.0
2020122204000893,GIC,52,17,10,560.0,5600.0
2020122204000892,GIC,52,33,10,560.0,5600.0
2020122204000891,GIC,52,36,10,560.0,5600.0
2020122204000890,GIC,52,58,10,560.0,5600.0
2020122204000912,GIC,55,17,10,558.0,5580.0
2020122204000905,GIC,55,57,10,558.0,5580.0
2020122204000900,GIC,34,43,10,557.0,5570.0
2020122204000899,GIC,34,40,10,557.0,5570.0
2020122204000897,GIC,34,49,10,557.0,5570.0
2020122204000896,GIC,34,17,10,557.0,5570.0
2020122204000948,GIC,55,43,10,558.0,5580.0
2020122204000941,GIC,55,38,10,558.0,5580.0
2020122204000936,GIC,55,28,10,558.0,5580.0
2020122204000932,GIC,55,59,10,558.0,5580.0
2020122204000918,GIC,55,57,10,558.0,5580.0
2020122204000915,GIC,55,39,10,558.0,5580.0
2020122204000982,GIC,55,35,10,558.0,5580.0
2020122204000978,GIC,55,14,10,558.0,5580.0
2020122204000972,GIC,55,55,10,558.0,5580.0
2020122204000971,GIC,55,38,10,558.0,5580.0
2020122204000960,GIC,55,7,10,558.0,5580.0
2020122204000955,GIC,55,47,10,558.0,5580.0
2020122204000996,GIC,55,7,10,558.0,5580.0
2020122204000995,GIC,55,16,10,558.0,5580.0
2020122204000994,GIC,55,57,10,558.0,5580.0
2020122204000991,GIC,55,10,10,558.0,5580.0
2020122204000988,GIC,55,58,10,558.0,5580.0
2020122204000986,GIC,55,49,10,558.0,5580.0
2020122204001016,GIC,49,1,250,559.0,139750.0
2020122204001015,GIC,58,3,10,558.0,5580.0
2020122204001014,GIC,29,1,90,559.0,50310.0
2020122204001013,GIC,29,45,10,559.0,5590.0
2020122204001012,GIC,58,55,10,558.0,5580.0
2020122204001007,GIC,58,59,10,558.0,5580.0
2020122204001033,GIC,49,39,10,559.0,5590.0
2020122204001032,GIC,49,45,10,559.0,5590.0
2020122204001030,GIC,49,45,10,559.0,5590.0
2020122204001027,GIC,49,16,10,559.0,5590.0
2020122204001025,GIC,49,53,10,559.0,5590.0
2020122204001019,GIC,49,36,10,559.0,5590.0
2020122204001049,GIC,25,21,10,560.0,5600.0
2020122204001048,GIC,25,19,10,560.0,5600.0
2020122204001047,GIC,49,54,100,559.0,55900.0
2020122204001046,GIC,38,19,10,560.0,5600.0
2020122204001040,GIC,49,21,10,559.0,5590.0
2020122204001036,GIC,43,29,10,560.0,5600.0
2020122204001069,GIC,49,38,10,559.0,5590.0
2020122204001068,GIC,49,58,10,559.0,5590.0
2020122204001061,GIC,49,14,10,559.0,5590.0
2020122204001057,GIC,49,38,10,559.0,5590.0
2020122204001055,GIC,49,58,10,559.0,5590.0
2020122204001050,GIC,49,38,10,559.0,5590.0
2020122204001084,GIC,58,44,10,558.0,5580.0
2020122204001083,GIC,58,36,10,558.0,5580.0
2020122204001082,GIC,58,36,10,558.0,5580.0
2020122204001081,GIC,58,45,10,558.0,5580.0
2020122204001076,GIC,49,57,10,559.0,5590.0
2020122204001075,GIC,49,45,10,559.0,5590.0
2020122204001103,GIC,34,43,10,557.0,5570.0
2020122204001100,GIC,34,38,10,557.0,5570.0
2020122204001097,GIC,58,58,10,558.0,5580.0
2020122204001095,GIC,58,45,10,558.0,5580.0
2020122204001094,GIC,38,42,10,559.0,5590.0
2020122204001093,GIC,58,49,10,558.0,5580.0
2020122204001118,GIC,39,7,10,557.0,5570.0
2020122204001117,GIC,25,16,10,558.0,5580.0
2020122204001112,GIC,34,50,10,557.0,5570.0
2020122204001111,GIC,34,38,10,557.0,5570.0
2020122204001107,GIC,34,49,10,557.0,5570.0
2020122204001104,GIC,34,48,10,557.0,5570.0
2020122204001141,GIC,39,25,10,557.0,5570.0
2020122204001136,GIC,39,17,10,557.0,5570.0
2020122204001130,GIC,39,38,10,557.0,5570.0
2020122204001127,GIC,39,43,10,557.0,5570.0
2020122204001126,GIC,39,14,10,557.0,5570.0
2020122204001124,GIC,39,7,10,557.0,5570.0
2020122204001163,GIC,58,45,10,557.0,5570.0
2020122204001161,GIC,58,38,10,557.0,5570.0
2020122204001156,GIC,57,49,10,558.0,5580.0
2020122204001152,GIC,39,18,10,557.0,5570.0
2020122204001147,GIC,39,7,10,557.0,5570.0
2020122204001142,GIC,39,56,10,557.0,5570.0
2020122204001170,GIC,37,50,10,560.0,5600.0
2020122204001169,GIC,37,34,10,560.0,5600.0
2020122204001168,GIC,37,53,10,559.0,5590.0
2020122204001167,GIC,58,7,10,557.0,5570.0
2020122204001165,GIC,58,38,10,557.0,5570.0
2020122204001164,GIC,58,38,10,557.0,5570.0
2020122204001176,GIC,37,52,10,560.0,5600.0
2020122204001175,GIC,37,14,10,560.0,5600.0
2020122204001174,GIC,37,55,10,560.0,5600.0
2020122204001173,GIC,37,42,10,560.0,5600.0
2020122204001172,GIC,37,48,10,560.0,5600.0
2020122204001171,GIC,37,50,10,560.0,5600.0
2020122204001190,GIC,37,38,10,560.0,5600.0
2020122204001185,GIC,37,52,10,560.0,5600.0
2020122204001182,GIC,37,52,10,560.0,5600.0
2020122204001181,GIC,37,17,10,560.0,5600.0
2020122204001179,GIC,37,1,10,560.0,5600.0
2020122204001177,GIC,37,50,10,560.0,5600.0
2020122204001210,GIC,37,52,10,560.0,5600.0
2020122204001209,GIC,37,21,10,560.0,5600.0
2020122204001208,GIC,37,52,10,560.0,5600.0
2020122204001206,GIC,37,46,10,560.0,5600.0
2020122204001193,GIC,37,45,10,560.0,5600.0
2020122204001191,GIC,37,10,10,560.0,5600.0
2020122204001222,GIC,37,52,10,560.0,5600.0
2020122204001221,GIC,37,10,10,560.0,5600.0
2020122204001220,GIC,37,40,10,560.0,5600.0
2020122204001219,GIC,37,52,10,560.0,5600.0
2020122204001217,GIC,37,52,10,560.0,5600.0
2020122204001212,GIC,37,10,10,560.0,5600.0
2020122204001248,GIC,18,52,10,560.0,5600.0
2020122204001247,GIC,18,10,10,560.0,5600.0
2020122204001245,GIC,18,52,10,560.0,5600.0
2020122204001242,GIC,37,38,10,560.0,5600.0
2020122204001238,GIC,37,59,10,560.0,5600.0
2020122204001237,GIC,37,52,10,560.0,5600.0
2020122204001272,GIC,52,16,10,558.0,5580.0
2020122204001267,GIC,52,52,10,558.0,5580.0
2020122204001261,GIC,52,34,10,558.0,5580.0
2020122204001254,GIC,52,39,10,558.0,5580.0
2020122204001253,GIC,18,6,10,560.0,5600.0
2020122204001252,GIC,18,34,10,560.0,5600.0
2020122204000964,LEMF,13,42,"5,000",9.8,49000.0
2020122204001119,LUK,25,58,200,9.1,1820.0
2020122204001105,LUK,25,58,200,9.1,1820.0
2020122204001098,LUK,58,3,300,9.1,2730.0
2020122204001017,LUK,58,32,300,9.1,2730.0
2020122204000987,LUK,58,16,200,9.1,1820.0
2020122204001246,NBF2,10,41,200,9.79,1958.0
2020122204001230,NBF2,10,39,500,9.6,4800.0
2020122204001229,NBF2,10,40,500,9.6,4800.0
2020122204001228,NBF2,10,38,300,9.57,2871.0
2020122204001215,NBF2,58,6,200,9.56,1912.0
2020122204000957,NBF2,17,43,200,9.6,1920.0
2020122204000909,NCCBPO,38,25,"127,000",114.0,14478000.0
2020122204001292,NEF,50,40,"2,738",9.92,27160.96
2020122204001291,NEF,50,34,"2,414",9.9,23898.6
2020122204001290,NEF,50,50,"2,414",9.9,23898.6
2020122204001289,NEF,50,51,"1,127",9.89,11146.03
2020122204001288,NEF,50,52,"1,207",9.84,11876.88
2020122204001287,NEF,50,51,100,9.84,984.0
2020122204000966,NEF,6,42,757,9.81,7426.17
2020122204000913,NEF,6,46,966,9.81,9476.46
2020122204000906,NEF,6,49,"1,207",9.81,11840.67
2020122204000882,NEF,6,42,"2,414",9.81,23681.34
2020122204001277,NEF,21,57,"2,414",9.83,23729.62
2020122204001276,NEF,21,57,"10,061",9.83,98899.63
2020122204001250,NEF,59,57,"2,009",9.83,19748.47
2020122204001240,NEF,14,57,"2,414",9.82,23705.48
2020122204001122,NEF,59,42,241,9.81,2364.21
2020122204000967,NEF,59,42,370,9.81,3629.7
2020122204001235,NIBLPF,6,57,"2,525",9.93,25073.25
2020122204001214,NIBLPF,6,57,"2,525",9.93,25073.25
2020122204001201,NIBLPF,6,57,"5,000",9.95,49750.0
2020122204001200,NIBLPF,6,57,"5,000",9.95,49750.0
2020122204001199,NIBLPF,6,57,"1,970",9.95,19601.5
2020122204000910,NIBLPF,6,46,505,9.92,5009.6
2020122204001195,NIBPO,49,53,500,460.0,230000.0
2020122204001194,NIBPO,21,53,63,460.0,28980.0
2020122204001189,NIBPO,21,46,437,460.0,201020.0
2020122204001188,NIBPO,16,46,"1,000",461.0,461000.0
2020122204001187,NIBPO,34,46,650,461.0,299650.0
2020122204001186,NIBPO,16,46,"1,000",462.0,462000.0
2020122204000821,NIBPO,50,58,10,450.0,4500.0
2020122204000820,NIBPO,7,4,"1,000",453.0,453000.0
2020122204000901,NIBPO,50,34,10,450.0,4500.0
2020122204000856,NIBPO,58,42,"25,000",442.0,11050000.0
2020122204000830,NIBPO,58,42,"10,000",442.0,4420000.0
2020122204000828,NIBPO,58,42,"15,000",442.0,6630000.0
2020122204000825,NIBPO,50,58,10,450.0,4500.0
2020122204000823,NIBPO,7,4,"2,000",453.0,906000.0
2020122204000935,NIBPO,3,42,"1,000",457.0,457000.0
2020122204000934,NIBPO,4,42,500,456.0,228000.0
2020122204000931,NIBPO,58,42,500,456.0,228000.0
2020122204000917,NIBPO,49,42,500,455.0,227500.0
2020122204000908,NIBPO,25,42,500,454.0,227000.0
2020122204000903,NIBPO,34,4,"2,000",453.0,906000.0
2020122204000947,NIBPO,56,33,300,459.0,137700.0
2020122204000942,NIBPO,21,33,500,459.0,229500.0
2020122204000940,NIBPO,56,33,190,459.0,87210.0
2020122204000939,NIBPO,56,6,10,459.0,4590.0
2020122204000938,NIBPO,58,6,990,459.0,454410.0
2020122204000937,NIBPO,58,51,10,459.0,4590.0
2020122204000973,NIBPO,5,4,"1,000",462.0,462000.0
2020122204000970,NIBPO,5,4,"1,000",462.0,462000.0
2020122204000965,NIBPO,58,4,500,462.0,231000.0
2020122204000959,NIBPO,58,4,500,462.0,231000.0
2020122204000950,NIBPO,43,4,800,459.0,367200.0
2020122204000949,NIBPO,43,33,110,459.0,50490.0
2020122204001002,NIBPO,54,14,800,470.0,376000.0
2020122204001001,NIBPO,25,56,100,468.0,46800.0
2020122204001000,NIBPO,25,14,100,468.0,46800.0
2020122204000993,NIBPO,25,58,100,464.0,46400.0
2020122204000980,NIBPO,43,4,200,462.0,92400.0
2020122204000975,NIBPO,5,4,"1,000",462.0,462000.0
2020122204001180,NIBPO,34,14,250,461.0,115250.0
2020122204001123,NIBPO,34,39,100,461.0,46100.0
2020122204001102,NIBPO,14,37,240,465.0,111600.0
2020122204001074,NIBPO,43,41,655,465.0,304575.0
2020122204001018,NIBPO,54,33,289,470.0,135830.0
2020122204001003,NIBPO,54,19,911,470.0,428170.0
2020122204000836,NIBSF1,45,13,"1,000",11.39,11390.0
2020122204000919,NICAD8283,47,21,25,1160.0,29000.0
2020122204001309,NICBF,6,58,"1,150",10.25,11787.5
2020122204001308,NICBF,6,51,500,10.25,5125.0
2020122204001307,NICBF,6,28,"9,000",10.25,92250.0
2020122204001306,NICBF,6,35,200,10.25,2050.0
2020122204001305,NICBF,6,34,750,10.22,7665.0
2020122204001304,NICBF,6,7,"1,000",10.2,10200.0
2020122204001138,NICBF,17,49,"1,000",10.17,10170.0
2020122204001137,NICBF,17,17,"2,500",10.16,25400.0
2020122204001115,NICBF,13,42,100,10.09,1009.0
2020122204000962,NICBF,6,1,100,10.07,1007.0
2020122204001303,NICBF,6,7,500,10.2,5100.0
2020122204001302,NICBF,6,7,300,10.2,3060.0
2020122204001301,NICBF,6,7,500,10.2,5100.0
2020122204001300,NICBF,6,47,500,10.2,5100.0
2020122204001299,NICBF,6,58,"1,000",10.18,10180.0
2020122204001298,NICBF,6,56,"1,050",10.17,10678.5
2020122204001116,NICGF,13,51,"1,000",10.27,10270.0
2020122204001060,NICGF,13,20,400,10.27,4108.0
2020122204001056,NICGF,13,50,200,10.27,2054.0
2020122204001041,NICGF,13,41,"1,000",10.27,10270.0
2020122204000946,NICGF,49,57,"1,750",10.26,17955.0
2020122204000945,NICGF,6,57,"2,750",10.26,28215.0
2020122204000944,NICGF,6,57,"5,000",10.27,51350.0
2020122204000943,NICGF,52,57,500,10.28,5140.0
2020122204001162,NMB50,3,46,300,9.96,2988.0
2020122204001132,NMB50,3,34,500,9.96,4980.0
2020122204000961,NMB50,3,43,200,9.96,1992.0
2020122204001264,NMBHF1,22,57,"4,161",9.95,41401.95
2020122204001263,NMBHF1,22,57,"4,161",9.95,41401.95
2020122204001262,NMBHF1,22,57,"16,644",9.95,165607.8
2020122204001153,NMBHF1,16,42,416,9.92,4126.72
2020122204001135,NMBHF1,58,52,"5,000",9.93,49650.0
2020122204001038,NMBHF1,16,42,"1,577",9.92,15643.84
2020122204001037,NMBHF1,16,46,"2,496",9.92,24760.32
2020122204001079,NMBPO,28,57,"73,444",250.0,18361000.0
2020122204001065,NMBPO,28,57,"36,723",250.0,9180750.0
2020122204001059,NMBPO,28,57,"36,723",250.0,9180750.0
2020122204001294,RBCLPO,33,26,10,14590.0,145900.0
2020122204001293,RBCLPO,33,43,10,14589.0,145890.0
2020122204001260,RBCLPO,40,6,10,14357.0,143570.0
2020122204001259,RBCLPO,40,26,10,14356.0,143560.0
2020122204001258,RBCLPO,40,33,10,14350.0,143500.0
2020122204001151,RBCLPO,42,44,20,14076.0,281520.0
2020122204000843,RBCLPO,17,28,20,13794.0,275880.0
2020122204001150,RBCLPO,42,44,20,14075.0,281500.0
2020122204001149,RBCLPO,42,55,30,14070.0,422100.0
2020122204001148,RBCLPO,42,53,20,14000.0,280000.0
2020122204001139,RBCLPO,26,6,10,13872.0,138720.0
2020122204001129,RBCLPO,33,45,10,13650.0,136500.0
2020122204000902,RBCLPO,17,46,10,13600.0,136000.0
2020122204001265,SAEF,43,41,850,10.92,9282.0
2020122204001255,SAEF,6,41,500,10.85,5425.0
2020122204001166,SAEF,6,51,"1,000",10.85,10850.0
2020122204001140,SAEF,7,41,150,10.92,1638.0
2020122204001134,SAEF,7,22,500,10.85,5425.0
2020122204001133,SAEF,7,58,100,10.84,1084.0
2020122204001063,SAEF,7,44,"1,000",10.78,10780.0
2020122204001159,SAND2085,22,21,25,1060.0,26500.0
2020122204001158,SAND2085,22,21,25,1060.0,26500.0
2020122204001157,SAND2085,22,58,20,1050.0,21000.0
2020122204000997,SAND2085,49,58,10,1050.0,10500.0
2020122204001114,SEF,52,39,600,10.22,6132.0
2020122204001101,SEF,14,38,500,10.23,5115.0
2020122204001078,SEF,14,45,"4,500",10.23,46035.0
2020122204001077,SEF,14,45,500,10.23,5115.0
2020122204001058,SEF,14,20,"10,000",10.23,102300.0
2020122204001045,SEF,14,41,500,10.23,5115.0
2020122204000925,SEF,41,35,"1,500",10.32,15480.0
2020122204000924,SEF,41,17,"5,000",10.32,51600.0
2020122204000923,SEF,41,26,300,10.25,3075.0
2020122204000841,SEF,14,1,"2,500",10.23,25575.0
2020122204000977,SEF,14,38,500,10.23,5115.0
2020122204000930,SEF,41,45,100,10.37,1037.0
2020122204000929,SEF,41,45,700,10.37,7259.0
2020122204000928,SEF,41,47,500,10.37,5185.0
2020122204000927,SEF,41,33,"5,000",10.33,51650.0
2020122204000926,SEF,41,1,"5,000",10.33,51650.0
2020122204001251,SFMF,29,10,100,10.39,1039.0
2020122204001311,SGI,42,38,10,583.0,5830.0
2020122204001310,SGI,35,45,10,584.0,5840.0
2020122204001297,SGI,42,38,10,583.0,5830.0
2020122204001295,SGI,42,38,10,583.0,5830.0
2020122204001286,SGI,42,36,10,583.0,5830.0
2020122204001285,SGI,42,42,10,583.0,5830.0
2020122204000815,SGI,49,56,10,585.0,5850.0
2020122204000814,SGI,49,25,10,585.0,5850.0
2020122204000813,SGI,49,3,10,585.0,5850.0
2020122204000812,SGI,49,56,10,584.0,5840.0
2020122204000824,SGI,49,54,10,589.0,5890.0
2020122204000822,SGI,49,48,10,588.0,5880.0
2020122204000819,SGI,49,33,10,588.0,5880.0
2020122204000818,SGI,49,40,10,587.0,5870.0
2020122204000817,SGI,49,57,10,585.0,5850.0
2020122204000816,SGI,49,21,10,585.0,5850.0
2020122204000838,SGI,45,36,10,581.0,5810.0
2020122204000834,SGI,45,28,10,581.0,5810.0
2020122204000833,SGI,45,34,10,581.0,5810.0
2020122204000832,SGI,49,42,10,590.0,5900.0
2020122204000831,SGI,45,26,10,581.0,5810.0
2020122204000827,SGI,45,26,10,581.0,5810.0
2020122204000863,SGI,45,38,10,581.0,5810.0
2020122204000862,SGI,45,13,10,581.0,5810.0
2020122204000857,SGI,45,44,10,581.0,5810.0
2020122204000854,SGI,45,13,10,581.0,5810.0
2020122204000848,SGI,45,50,10,581.0,5810.0
2020122204000842,SGI,45,58,10,581.0,5810.0
2020122204000872,SGI,45,13,10,581.0,5810.0
2020122204000869,SGI,45,42,10,581.0,5810.0
2020122204000868,SGI,45,13,10,581.0,5810.0
2020122204000867,SGI,45,49,10,581.0,5810.0
2020122204000866,SGI,45,16,10,581.0,5810.0
2020122204000865,SGI,45,13,10,581.0,5810.0
2020122204000884,SGI,45,13,10,581.0,5810.0
2020122204000883,SGI,45,16,10,581.0,5810.0
2020122204000881,SGI,45,13,10,581.0,5810.0
2020122204000880,SGI,45,57,10,581.0,5810.0
2020122204000879,SGI,45,43,10,581.0,5810.0
2020122204000878,SGI,45,43,10,581.0,5810.0
2020122204000914,SGI,28,35,10,582.0,5820.0
2020122204000911,SGI,28,39,10,582.0,5820.0
2020122204000907,SGI,28,17,10,582.0,5820.0
2020122204000904,SGI,28,58,10,582.0,5820.0
2020122204000898,SGI,28,58,10,582.0,5820.0
2020122204000885,SGI,45,13,10,581.0,5810.0
2020122204000954,SGI,7,57,10,582.0,5820.0
2020122204000933,SGI,28,35,10,582.0,5820.0
2020122204000922,SGI,28,17,10,582.0,5820.0
2020122204000921,SGI,28,58,10,582.0,5820.0
2020122204000920,SGI,28,29,10,582.0,5820.0
2020122204000916,SGI,28,40,10,582.0,5820.0
2020122204000974,SGI,7,38,10,582.0,5820.0
2020122204000969,SGI,7,14,10,582.0,5820.0
2020122204000968,SGI,7,58,10,582.0,5820.0
2020122204000963,SGI,7,49,10,582.0,5820.0
2020122204000958,SGI,7,56,10,582.0,5820.0
2020122204000956,SGI,7,47,10,582.0,5820.0
2020122204000985,SGI,7,38,10,582.0,5820.0
2020122204000984,SGI,38,29,10,583.0,5830.0
2020122204000983,SGI,7,58,10,582.0,5820.0
2020122204000981,SGI,13,1,200,583.0,116600.0
2020122204000979,SGI,28,38,10,583.0,5830.0
2020122204000976,SGI,7,38,10,582.0,5820.0
2020122204001004,SGI,7,21,10,582.0,5820.0
2020122204000999,SGI,7,57,10,582.0,5820.0
2020122204000998,SGI,7,10,10,582.0,5820.0
2020122204000992,SGI,7,49,10,582.0,5820.0
2020122204000990,SGI,7,38,10,582.0,5820.0
2020122204000989,SGI,7,47,10,582.0,5820.0
2020122204001021,SGI,7,16,10,582.0,5820.0
2020122204001020,SGI,7,35,10,582.0,5820.0
2020122204001011,SGI,7,7,10,582.0,5820.0
2020122204001010,SGI,7,41,10,582.0,5820.0
2020122204001006,SGI,7,40,10,582.0,5820.0
2020122204001005,SGI,7,45,10,582.0,5820.0
2020122204001031,SGI,7,58,10,582.0,5820.0
2020122204001029,SGI,7,45,10,582.0,5820.0
2020122204001028,SGI,7,59,10,582.0,5820.0
2020122204001026,SGI,7,21,10,582.0,5820.0
2020122204001024,SGI,7,34,10,582.0,5820.0
2020122204001023,SGI,7,16,10,582.0,5820.0
2020122204001044,SGI,16,38,10,582.0,5820.0
2020122204001043,SGI,7,21,10,585.0,5850.0
2020122204001042,SGI,7,21,10,585.0,5850.0
2020122204001039,SGI,7,45,10,582.0,5820.0
2020122204001035,SGI,38,18,10,585.0,5850.0
2020122204001034,SGI,7,49,10,582.0,5820.0
2020122204001066,SGI,45,47,10,585.0,5850.0
2020122204001062,SGI,45,39,10,585.0,5850.0
2020122204001054,SGI,45,42,10,585.0,5850.0
2020122204001053,SGI,16,36,10,582.0,5820.0
2020122204001052,SGI,16,58,10,582.0,5820.0
2020122204001051,SGI,16,4,10,582.0,5820.0
2020122204001080,SGI,41,14,10,586.0,5860.0
2020122204001073,SGI,48,44,10,583.0,5830.0
2020122204001072,SGI,38,53,10,586.0,5860.0
2020122204001071,SGI,48,18,10,583.0,5830.0
2020122204001070,SGI,8,38,10,583.0,5830.0
2020122204001067,SGI,8,26,10,583.0,5830.0
2020122204001091,SGI,55,34,30,587.0,17610.0
2020122204001090,SGI,55,25,10,587.0,5870.0
2020122204001089,SGI,55,57,10,586.0,5860.0
2020122204001088,SGI,48,18,10,583.0,5830.0
2020122204001087,SGI,48,38,10,583.0,5830.0
2020122204001085,SGI,48,45,10,583.0,5830.0
2020122204001110,SGI,49,36,10,584.0,5840.0
2020122204001109,SGI,25,48,10,586.0,5860.0
2020122204001108,SGI,49,56,10,584.0,5840.0
2020122204001099,SGI,33,50,10,583.0,5830.0
2020122204001096,SGI,33,45,10,583.0,5830.0
2020122204001092,SGI,16,38,10,582.0,5820.0
2020122204001143,SGI,39,55,10,583.0,5830.0
2020122204001131,SGI,39,17,10,583.0,5830.0
2020122204001128,SGI,39,38,10,583.0,5830.0
2020122204001121,SGI,39,38,10,583.0,5830.0
2020122204001120,SGI,39,14,10,583.0,5830.0
2020122204001113,SGI,38,49,10,586.0,5860.0
2020122204001160,SGI,45,14,10,584.0,5840.0
2020122204001155,SGI,45,38,10,584.0,5840.0
2020122204001154,SGI,45,7,10,584.0,5840.0
2020122204001146,SGI,45,41,10,584.0,5840.0
2020122204001145,SGI,45,54,10,584.0,5840.0
2020122204001144,SGI,8,18,10,583.0,5830.0
2020122204001197,SGI,52,38,10,583.0,5830.0
2020122204001196,SGI,52,10,10,583.0,5830.0
2020122204001192,SGI,52,38,10,583.0,5830.0
2020122204001184,SGI,34,52,10,583.0,5830.0
2020122204001183,SGI,34,45,10,583.0,5830.0
2020122204001178,SGI,16,52,10,582.0,5820.0
2020122204001213,SGI,52,52,10,583.0,5830.0
2020122204001207,SGI,52,38,10,583.0,5830.0
2020122204001205,SGI,52,6,10,583.0,5830.0
2020122204001203,SGI,52,10,10,583.0,5830.0
2020122204001202,SGI,52,45,10,583.0,5830.0
2020122204001198,SGI,52,8,10,583.0,5830.0
2020122204001226,SGI,52,41,10,583.0,5830.0
2020122204001225,SGI,52,55,10,583.0,5830.0
2020122204001224,SGI,52,38,10,583.0,5830.0
2020122204001223,SGI,52,40,10,583.0,5830.0
2020122204001218,SGI,52,58,10,583.0,5830.0
2020122204001216,SGI,52,29,60,583.0,34980.0
2020122204001236,SGI,52,38,10,583.0,5830.0
2020122204001234,SGI,52,44,10,583.0,5830.0
2020122204001233,SGI,58,57,10,584.0,5840.0
2020122204001232,SGI,58,53,10,584.0,5840.0
2020122204001231,SGI,52,10,10,583.0,5830.0
2020122204001227,SGI,52,58,10,583.0,5830.0
2020122204001256,SGI,52,17,10,583.0,5830.0
2020122204001249,SGI,52,10,10,583.0,5830.0
2020122204001244,SGI,50,50,10,584.0,5840.0
2020122204001243,SGI,50,14,10,584.0,5840.0
2020122204001241,SGI,52,52,10,583.0,5830.0
2020122204001239,SGI,52,55,10,583.0,5830.0
2020122204001284,SGI,42,5,10,583.0,5830.0
2020122204001283,SGI,42,29,10,583.0,5830.0
2020122204001281,SGI,16,39,10,582.0,5820.0
2020122204001279,SGI,16,52,10,582.0,5820.0
2020122204001266,SGI,52,52,10,583.0,5830.0
2020122204001257,SGI,52,59,10,583.0,5830.0
2020122204001271,STC,58,10,100,5200.0,520000.0
2020122204001270,STC,52,10,10,5200.0,52000.0
2020122204001269,STC,10,10,20,5206.0,104120.0
2020122204001268,STC,58,10,10,5220.0,52200.0
2020122204001211,STC,36,22,10,5249.0,52490.0
2020122204001106,STC,58,26,50,5205.0,260250.0
2020122204001086,STC,57,44,10,5249.0,52490.0
2020122204001064,STC,58,59,40,5245.0,209800.0
2020122204000860,STC,49,48,10,5250.0,52500.0
2020122204000481,BBC,28,7,10,2803.0,28030.0
2020122204000437,BBC,28,6,10,2803.0,28030.0
2020122204000325,BBC,34,28,10,2860.0,28600.0
2020122204000718,CMF1,19,1,500,9.8,4900.0
2020122204000717,CMF1,25,1,"1,000",9.81,9810.0
2020122204000808,GIC,10,42,10,557.0,5570.0
2020122204000807,GIC,10,26,10,557.0,5570.0
2020122204000806,GIC,10,21,10,557.0,5570.0
2020122204000783,GIC,22,8,10,556.0,5560.0
2020122204000773,GIC,22,56,10,556.0,5560.0
2020122204000759,GIC,22,51,10,556.0,5560.0
2020122204000312,GIC,7,21,10,562.0,5620.0
2020122204000330,GIC,7,52,10,562.0,5620.0
2020122204000328,GIC,7,10,10,562.0,5620.0
2020122204000323,GIC,7,29,100,562.0,56200.0
2020122204000318,GIC,7,38,10,562.0,5620.0
2020122204000317,GIC,7,45,10,562.0,5620.0
2020122204000314,GIC,7,45,10,562.0,5620.0
2020122204000346,GIC,1,49,10,563.0,5630.0
2020122204000343,GIC,7,40,10,562.0,5620.0
2020122204000341,GIC,7,36,10,562.0,5620.0
2020122204000340,GIC,7,36,10,562.0,5620.0
2020122204000335,GIC,7,45,10,562.0,5620.0
2020122204000334,GIC,7,25,10,562.0,5620.0
2020122204000355,GIC,52,38,90,562.0,50580.0
2020122204000354,GIC,49,38,200,562.0,112400.0
2020122204000353,GIC,7,38,250,562.0,140500.0
2020122204000350,GIC,7,17,10,562.0,5620.0
2020122204000349,GIC,7,11,10,562.0,5620.0
2020122204000347,GIC,1,35,20,563.0,11260.0
2020122204000367,GIC,49,14,10,561.0,5610.0
2020122204000366,GIC,49,57,10,561.0,5610.0
2020122204000361,GIC,49,45,10,561.0,5610.0
2020122204000359,GIC,49,10,10,561.0,5610.0
2020122204000358,GIC,49,38,10,561.0,5610.0
2020122204000356,GIC,13,38,150,562.0,84300.0
2020122204000389,GIC,49,51,10,561.0,5610.0
2020122204000386,GIC,49,10,10,561.0,5610.0
2020122204000382,GIC,49,39,10,561.0,5610.0
2020122204000378,GIC,49,58,10,561.0,5610.0
2020122204000372,GIC,49,34,10,561.0,5610.0
2020122204000370,GIC,49,36,10,561.0,5610.0
2020122204000400,GIC,51,35,20,563.0,11260.0
2020122204000397,GIC,49,25,10,561.0,5610.0
2020122204000394,GIC,58,58,10,562.0,5620.0
2020122204000393,GIC,58,38,20,562.0,11240.0
2020122204000392,GIC,49,25,10,561.0,5610.0
2020122204000390,GIC,49,39,10,561.0,5610.0
2020122204000412,GIC,49,50,10,561.0,5610.0
2020122204000407,GIC,49,10,10,561.0,5610.0
2020122204000406,GIC,49,58,10,561.0,5610.0
2020122204000405,GIC,49,28,10,561.0,5610.0
2020122204000404,GIC,49,22,10,561.0,5610.0
2020122204000401,GIC,49,45,10,561.0,5610.0
2020122204000426,GIC,49,1,10,561.0,5610.0
2020122204000420,GIC,49,10,10,561.0,5610.0
2020122204000419,GIC,49,39,10,561.0,5610.0
2020122204000416,GIC,49,59,10,561.0,5610.0
2020122204000415,GIC,49,42,10,561.0,5610.0
2020122204000414,GIC,49,57,10,561.0,5610.0
2020122204000443,GIC,49,25,10,561.0,5610.0
2020122204000438,GIC,49,58,10,561.0,5610.0
2020122204000433,GIC,49,48,10,561.0,5610.0
2020122204000430,GIC,49,10,10,561.0,5610.0
2020122204000429,GIC,49,25,10,561.0,5610.0
2020122204000427,GIC,49,25,10,561.0,5610.0
2020122204000464,GIC,49,39,10,561.0,5610.0
2020122204000461,GIC,49,10,10,561.0,5610.0
2020122204000449,GIC,49,10,10,561.0,5610.0
2020122204000447,GIC,49,26,10,561.0,5610.0
2020122204000446,GIC,49,36,10,561.0,5610.0
2020122204000444,GIC,49,10,10,561.0,5610.0
2020122204000477,GIC,49,26,10,561.0,5610.0
2020122204000476,GIC,51,26,10,562.0,5620.0
2020122204000471,GIC,51,44,10,562.0,5620.0
2020122204000470,GIC,51,36,10,562.0,5620.0
2020122204000467,GIC,49,10,10,561.0,5610.0
2020122204000466,GIC,49,37,10,561.0,5610.0
2020122204000492,GIC,49,40,10,561.0,5610.0
2020122204000490,GIC,49,38,10,561.0,5610.0
2020122204000487,GIC,49,10,10,561.0,5610.0
2020122204000486,GIC,49,38,10,561.0,5610.0
2020122204000485,GIC,49,10,10,561.0,5610.0
2020122204000479,GIC,49,10,10,561.0,5610.0
2020122204000506,GIC,49,16,10,561.0,5610.0
2020122204000503,GIC,49,47,10,561.0,5610.0
2020122204000500,GIC,49,38,10,561.0,5610.0
2020122204000499,GIC,49,40,10,561.0,5610.0
2020122204000498,GIC,49,39,10,561.0,5610.0
2020122204000494,GIC,49,10,10,561.0,5610.0
2020122204000516,GIC,49,11,10,561.0,5610.0
2020122204000515,GIC,49,41,10,561.0,5610.0
2020122204000514,GIC,49,44,10,561.0,5610.0
2020122204000512,GIC,49,56,10,561.0,5610.0
2020122204000508,GIC,49,36,10,561.0,5610.0
2020122204000507,GIC,49,47,10,561.0,5610.0
2020122204000531,GIC,45,10,10,560.0,5600.0
2020122204000530,GIC,45,10,10,560.0,5600.0
2020122204000525,GIC,45,41,10,560.0,5600.0
2020122204000520,GIC,38,57,50,561.0,28050.0
2020122204000519,GIC,57,57,100,561.0,56100.0
2020122204000518,GIC,49,57,90,561.0,50490.0
2020122204000545,GIC,45,43,10,560.0,5600.0
2020122204000544,GIC,45,20,10,560.0,5600.0
2020122204000539,GIC,45,45,10,560.0,5600.0
2020122204000538,GIC,45,55,10,560.0,5600.0
2020122204000536,GIC,45,10,10,560.0,5600.0
2020122204000532,GIC,45,38,10,560.0,5600.0
2020122204000558,GIC,45,6,15,560.0,8400.0
2020122204000555,GIC,45,54,10,560.0,5600.0
2020122204000553,GIC,45,55,10,560.0,5600.0
2020122204000551,GIC,45,39,10,560.0,5600.0
2020122204000549,GIC,45,38,10,560.0,5600.0
2020122204000546,GIC,45,13,10,560.0,5600.0
2020122204000565,GIC,38,50,10,560.0,5600.0
2020122204000563,GIC,38,58,10,560.0,5600.0
2020122204000562,GIC,38,10,10,560.0,5600.0
2020122204000561,GIC,38,58,10,560.0,5600.0
2020122204000560,GIC,38,6,135,560.0,75600.0
2020122204000559,GIC,54,6,100,560.0,56000.0
2020122204000579,GIC,57,38,10,555.0,5550.0
2020122204000576,GIC,45,36,10,558.0,5580.0
2020122204000574,GIC,45,36,10,558.0,5580.0
2020122204000569,GIC,38,33,10,560.0,5600.0
2020122204000568,GIC,38,45,10,560.0,5600.0
2020122204000566,GIC,42,57,35,561.0,19635.0
2020122204000586,GIC,52,40,10,555.0,5550.0
2020122204000584,GIC,38,35,5,560.0,2800.0
2020122204000583,GIC,57,25,10,555.0,5550.0
2020122204000582,GIC,57,36,10,555.0,5550.0
2020122204000581,GIC,57,29,10,555.0,5550.0
2020122204000580,GIC,57,58,10,555.0,5550.0
2020122204000600,GIC,38,57,10,559.0,5590.0
2020122204000597,GIC,38,41,10,559.0,5590.0
2020122204000594,GIC,52,10,10,555.0,5550.0
2020122204000593,GIC,52,14,10,555.0,5550.0
2020122204000591,GIC,52,36,10,555.0,5550.0
2020122204000589,GIC,52,10,10,555.0,5550.0
2020122204000618,GIC,38,6,10,559.0,5590.0
2020122204000608,GIC,38,58,10,559.0,5590.0
2020122204000607,GIC,58,38,10,560.0,5600.0
2020122204000606,GIC,58,49,10,560.0,5600.0
2020122204000605,GIC,58,41,10,560.0,5600.0
2020122204000604,GIC,58,26,10,560.0,5600.0
2020122204000632,GIC,38,51,10,559.0,5590.0
2020122204000631,GIC,38,28,10,559.0,5590.0
2020122204000627,GIC,38,28,10,559.0,5590.0
2020122204000626,GIC,38,57,10,559.0,5590.0
2020122204000621,GIC,38,57,10,559.0,5590.0
2020122204000619,GIC,38,58,10,559.0,5590.0
2020122204000657,GIC,38,38,10,559.0,5590.0
2020122204000656,GIC,38,22,10,559.0,5590.0
2020122204000655,GIC,38,28,10,559.0,5590.0
2020122204000653,GIC,38,49,10,559.0,5590.0
2020122204000651,GIC,38,8,10,559.0,5590.0
2020122204000649,GIC,38,58,10,559.0,5590.0
2020122204000672,GIC,55,6,10,558.0,5580.0
2020122204000666,GIC,35,55,10,559.0,5590.0
2020122204000663,GIC,38,56,10,559.0,5590.0
2020122204000662,GIC,38,38,10,559.0,5590.0
2020122204000660,GIC,38,58,10,559.0,5590.0
2020122204000658,GIC,38,46,10,559.0,5590.0
2020122204000687,GIC,45,14,80,558.0,44640.0
2020122204000685,GIC,55,45,10,557.0,5570.0
2020122204000683,GIC,55,46,10,557.0,5570.0
2020122204000682,GIC,55,14,70,558.0,39060.0
2020122204000681,GIC,55,13,10,558.0,5580.0
2020122204000676,GIC,55,34,10,558.0,5580.0
2020122204000703,GIC,55,51,10,557.0,5570.0
2020122204000702,GIC,55,43,10,557.0,5570.0
2020122204000697,GIC,55,25,10,557.0,5570.0
2020122204000696,GIC,55,58,10,557.0,5570.0
2020122204000695,GIC,55,25,10,557.0,5570.0
2020122204000691,GIC,55,13,10,557.0,5570.0
2020122204000721,GIC,22,32,10,556.0,5560.0
2020122204000719,GIC,22,50,10,556.0,5560.0
2020122204000713,GIC,22,49,10,556.0,5560.0
2020122204000711,GIC,22,59,10,556.0,5560.0
2020122204000709,GIC,55,45,10,557.0,5570.0
2020122204000704,GIC,55,13,10,557.0,5570.0
2020122204000758,GIC,22,16,10,556.0,5560.0
2020122204000756,GIC,22,40,10,556.0,5560.0
2020122204000739,GIC,22,35,10,556.0,5560.0
2020122204000738,GIC,21,56,10,557.0,5570.0
2020122204000737,GIC,21,56,10,557.0,5570.0
2020122204000727,GIC,22,42,10,556.0,5560.0
2020122204000710,GIMES1,26,10,"10,000",11.01,110100.0
2020122204000729,LEMF,17,25,"18,800",9.8,184240.0
2020122204000513,LEMF,34,17,"2,500",9.89,24725.0
2020122204000432,LEMF,17,33,"31,200",9.8,305760.0
2020122204000809,LUK,53,58,200,9.15,1830.0
2020122204000764,LUK,34,51,100,9.2,920.0
2020122204000705,LUK,34,34,100,9.2,920.0
2020122204000684,LUK,34,6,400,9.2,3680.0
2020122204000599,LUK,29,13,300,9.15,2745.0
2020122204000524,LUK,29,57,"1,000",9.15,9150.0
2020122204000452,LUK,29,6,100,9.15,915.0
2020122204000399,LUK,58,45,200,9.1,1820.0
2020122204000395,LUK,55,11,100,9.2,920.0
2020122204000761,NBF2,14,47,200,9.75,1950.0
2020122204000760,NBF2,14,35,100,9.74,974.0
2020122204000726,NBF2,58,35,"1,400",9.74,13636.0
2020122204000725,NBF2,58,35,100,9.71,971.0
2020122204000724,NBF2,58,47,100,9.6,960.0
2020122204000342,NBF2,42,6,100,9.42,942.0
2020122204000542,NBF2,45,58,700,9.55,6685.0
2020122204000475,NBF2,35,58,"9,300",9.55,88815.0
2020122204000474,NBF2,35,40,500,9.54,4770.0
2020122204000473,NBF2,35,19,200,9.54,1908.0
2020122204000772,NEF,21,52,"1,746",9.8,17110.8
2020122204000771,NEF,21,3,"1,690",9.8,16562.0
2020122204000770,NEF,21,49,"3,380",9.8,33124.0
2020122204000769,NEF,21,11,"3,046",9.8,29850.8
2020122204000734,NEF,42,42,"11,896",9.76,116104.96
2020122204000723,NEF,6,22,"2,414",9.75,23536.5
2020122204000557,NEF,59,54,"2,380",9.73,23157.4
2020122204000556,NEF,21,54,"1,000",9.73,9730.0
2020122204000522,NEF,52,42,483,9.74,4704.42
2020122204000398,NEF,10,52,"1,931",9.72,18769.32
2020122204000348,NEF,10,39,"2,414",9.72,23464.08
2020122204000700,NEF,6,44,"2,242",9.75,21859.5
2020122204000699,NEF,6,44,172,9.75,1677.0
2020122204000689,NEF,35,11,"2,586",9.8,25342.8
2020122204000688,NEF,35,26,"2,414",9.8,23657.2
2020122204000668,NEF,6,44,"2,414",9.75,23536.5
2020122204000633,NEF,6,44,"2,414",9.75,23536.5
2020122204000781,NIBLPF,52,22,"1,010",9.95,10049.5
2020122204000765,NIBLPF,42,42,"10,041",9.92,99606.72
2020122204000638,NIBLPF,6,44,"2,525",9.9,24997.5
2020122204000804,NIBPO,36,20,"1,500",452.0,678000.0
2020122204000803,NIBPO,36,42,183,452.0,82716.0
2020122204000802,NIBPO,36,4,"5,000",451.0,2255000.0
2020122204000801,NIBPO,50,58,500,450.0,225000.0
2020122204000800,NIBPO,50,57,768,450.0,345600.0
2020122204000799,NIBPO,50,17,"1,000",450.0,450000.0
2020122204000602,NIBPO,17,49,500,443.0,221500.0
2020122204000743,NIBPO,1,35,246,442.0,108732.0
2020122204000742,NIBPO,58,35,50,443.0,22150.0
2020122204000741,NIBPO,8,35,500,443.0,221500.0
2020122204000740,NIBPO,36,35,"1,607",443.0,711901.0
2020122204000698,NIBPO,36,36,393,443.0,174099.0
2020122204000603,NIBPO,1,49,254,442.0,112268.0
2020122204000749,NIBPO,58,35,"10,000",442.0,4420000.0
2020122204000748,NIBPO,58,35,"10,000",442.0,4420000.0
2020122204000747,NIBPO,58,35,"5,000",442.0,2210000.0
2020122204000746,NIBPO,58,35,"10,000",442.0,4420000.0
2020122204000745,NIBPO,8,35,500,442.0,221000.0
2020122204000744,NIBPO,1,35,500,442.0,221000.0
2020122204000755,NIBPO,58,35,"18,097",442.0,7998874.0
2020122204000754,NIBPO,58,35,"5,000",442.0,2210000.0
2020122204000753,NIBPO,58,35,"10,000",442.0,4420000.0
2020122204000752,NIBPO,58,35,"1,000",442.0,442000.0
2020122204000751,NIBPO,58,35,"2,500",442.0,1105000.0
2020122204000750,NIBPO,58,35,"25,000",442.0,11050000.0
2020122204000784,NIBPO,58,42,"50,000",442.0,22100000.0
2020122204000779,NIBPO,58,35,"28,597",442.0,12639874.0
2020122204000778,NIBPO,58,35,"2,500",442.0,1105000.0
2020122204000777,NIBPO,58,35,"10,000",442.0,4420000.0
2020122204000776,NIBPO,58,35,"6,903",442.0,3051126.0
2020122204000775,NIBPO,8,35,"2,000",443.0,886000.0
2020122204000790,NIBPO,58,35,100,442.0,44200.0
2020122204000789,NIBPO,58,35,"6,403",442.0,2830126.0
2020122204000788,NIBPO,8,35,"1,000",443.0,443000.0
2020122204000787,NIBPO,8,35,"1,000",443.0,443000.0
2020122204000786,NIBPO,3,35,500,443.0,221500.0
2020122204000785,NIBPO,58,35,"2,000",444.0,888000.0
2020122204000798,NIBPO,50,38,41,449.0,18409.0
2020122204000797,NIBPO,50,43,100,448.0,44800.0
2020122204000795,NIBPO,58,35,"8,897",442.0,3932474.0
2020122204000793,NIBPO,58,35,"5,000",442.0,2210000.0
2020122204000792,NIBPO,35,35,"25,000",442.0,11050000.0
2020122204000791,NIBPO,56,35,100,442.0,44200.0
2020122204000491,NIBSF1,26,49,"3,478",11.28,39231.84
2020122204000489,NIBSF1,26,17,"3,000",11.27,33810.0
2020122204000431,NIBSF1,45,17,"1,000",11.27,11270.0
2020122204000424,NIBSF1,45,17,"1,000",11.27,11270.0
2020122204000774,NICBF,42,42,"10,000",10.11,101100.0
2020122204000766,NICBF,14,56,"4,700",10.23,48081.0
2020122204000762,NICBF,17,51,150,10.1,1515.0
2020122204000675,NICBF,14,56,"10,000",10.2,102000.0
2020122204000674,NICBF,14,47,100,10.2,1020.0
2020122204000673,NICBF,14,13,"2,000",10.18,20360.0
2020122204000612,NICBF,17,50,200,10.05,2010.0
2020122204000596,NICBF,17,13,500,10.05,5025.0
2020122204000570,NICBF,17,40,100,10.05,1005.0
2020122204000636,NICGF,6,1,"2,000",10.26,20520.0
2020122204000610,NICGF,6,58,250,10.26,2565.0
2020122204000609,NICGF,35,58,250,10.26,2565.0
2020122204000511,NICGF,35,40,"1,000",10.26,10260.0
2020122204000441,NICGF,35,33,400,10.26,4104.0
2020122204000440,NICGF,45,33,"5,000",10.26,51300.0
2020122204000439,NICGF,45,33,"5,000",10.26,51300.0
2020122204000373,NICGF,35,49,"1,000",10.26,10260.0
2020122204000364,NICGF,35,52,500,10.26,5130.0
2020122204000363,NICGF,35,43,"1,000",10.26,10260.0
2020122204000362,NICGF,17,8,"1,000",10.25,10250.0
2020122204000757,NMB50,3,51,100,9.96,996.0
2020122204000639,NMB50,3,13,500,9.96,4980.0
2020122204000529,NMB50,17,32,"1,000",9.95,9950.0
2020122204000526,NMB50,47,32,500,9.98,4990.0
2020122204000715,NMBHF1,17,52,"1,570",9.9,15543.0
2020122204000714,NMBHF1,59,52,"2,591",9.91,25676.81
2020122204000690,RBCLPO,28,45,10,13500.0,135000.0
2020122204000617,RBCLPO,28,59,30,13524.0,405720.0
2020122204000616,RBCLPO,28,59,10,13524.0,135240.0
2020122204000615,RBCLPO,17,59,10,13524.0,135240.0
2020122204000614,RBCLPO,28,59,20,13526.0,270520.0
2020122204000613,RBCLPO,28,59,30,13526.0,405780.0
2020122204000510,RBCLPO,42,6,10,13800.0,138000.0
2020122204000410,RBCLPO,6,33,10,13530.0,135300.0
2020122204000736,SAEF,6,1,500,10.71,5355.0
2020122204000735,SAEF,47,1,500,10.71,5355.0
2020122204000720,SAEF,17,32,"1,500",10.81,16215.0
2020122204000460,SAEF,58,33,"33,305",10.6,353033.0
2020122204000459,SAEF,56,33,"10,000",10.6,106000.0
2020122204000458,SAEF,58,33,"4,500",10.6,47700.0
2020122204000339,SAEF,29,52,500,10.8,5400.0
2020122204000457,SAEF,17,33,"50,000",10.75,537500.0
2020122204000456,SAEF,7,33,"6,000",10.76,64560.0
2020122204000455,SAEF,47,33,500,10.77,5385.0
2020122204000454,SAEF,29,33,"2,500",10.8,27000.0
2020122204000381,SAEF,29,52,"1,000",10.8,10800.0
2020122204000379,SAEF,29,56,"1,000",10.8,10800.0
2020122204000810,SEF,42,32,"2,000",10.31,20620.0
2020122204000733,SEF,14,49,"1,000",10.23,10230.0
2020122204000670,SEF,52,41,200,10.22,2044.0
2020122204000402,SEF,14,52,"1,000",10.2,10200.0
2020122204000360,SEF,29,56,"2,000",10.22,20440.0
2020122204000352,SEF,49,6,"5,000",10.17,50850.0
2020122204000811,SGI,49,44,10,583.0,5830.0
2020122204000805,SGI,45,42,10,581.0,5810.0
2020122204000796,SGI,41,49,10,582.0,5820.0
2020122204000794,SGI,41,21,10,582.0,5820.0
2020122204000780,SGI,41,21,10,582.0,5820.0
2020122204000768,SGI,41,36,10,582.0,5820.0
2020122204000320,SGI,1,49,10,589.0,5890.0
2020122204000319,SGI,43,45,10,585.0,5850.0
2020122204000316,SGI,42,10,10,586.0,5860.0
2020122204000315,SGI,1,14,10,587.0,5870.0
2020122204000313,SGI,42,10,10,586.0,5860.0
2020122204000329,SGI,43,48,10,585.0,5850.0
2020122204000327,SGI,43,38,10,585.0,5850.0
2020122204000326,SGI,43,10,10,585.0,5850.0
2020122204000324,SGI,43,45,10,585.0,5850.0
2020122204000322,SGI,43,10,10,585.0,5850.0
2020122204000321,SGI,1,36,10,589.0,5890.0
2020122204000338,SGI,43,26,10,585.0,5850.0
2020122204000337,SGI,43,26,10,585.0,5850.0
2020122204000336,SGI,43,45,10,585.0,5850.0
2020122204000333,SGI,43,44,10,585.0,5850.0
2020122204000332,SGI,43,25,10,585.0,5850.0
2020122204000331,SGI,43,45,10,585.0,5850.0
2020122204000368,SGI,58,10,10,586.0,5860.0
2020122204000365,SGI,58,41,10,586.0,5860.0
2020122204000357,SGI,35,16,10,585.0,5850.0
2020122204000351,SGI,17,48,10,585.0,5850.0
2020122204000345,SGI,43,52,10,585.0,5850.0
2020122204000344,SGI,43,54,10,585.0,5850.0
2020122204000377,SGI,35,57,10,585.0,5850.0
2020122204000376,SGI,35,21,10,585.0,5850.0
2020122204000375,SGI,35,25,10,585.0,5850.0
2020122204000374,SGI,35,10,10,585.0,5850.0
2020122204000371,SGI,1,50,10,587.0,5870.0
2020122204000369,SGI,58,57,10,586.0,5860.0
2020122204000388,SGI,52,25,10,585.0,5850.0
2020122204000387,SGI,35,49,10,585.0,5850.0
2020122204000385,SGI,35,58,10,585.0,5850.0
2020122204000384,SGI,35,57,10,585.0,5850.0
2020122204000383,SGI,35,10,10,585.0,5850.0
2020122204000380,SGI,35,10,10,585.0,5850.0
2020122204000411,SGI,1,58,10,585.0,5850.0
2020122204000409,SGI,1,25,10,585.0,5850.0
2020122204000408,SGI,1,10,10,585.0,5850.0
2020122204000403,SGI,1,45,10,585.0,5850.0
2020122204000396,SGI,1,38,10,585.0,5850.0
2020122204000391,SGI,52,10,10,585.0,5850.0
2020122204000423,SGI,1,39,10,585.0,5850.0
2020122204000422,SGI,1,42,10,585.0,5850.0
2020122204000421,SGI,1,42,10,585.0,5850.0
2020122204000418,SGI,56,5,10,586.0,5860.0
2020122204000417,SGI,56,42,10,586.0,5860.0
2020122204000413,SGI,1,58,10,585.0,5850.0
2020122204000442,SGI,1,10,10,585.0,5850.0
2020122204000436,SGI,1,25,10,585.0,5850.0
2020122204000435,SGI,1,43,10,585.0,5850.0
2020122204000434,SGI,1,1,10,585.0,5850.0
2020122204000428,SGI,1,10,10,585.0,5850.0
2020122204000425,SGI,1,43,10,585.0,5850.0
2020122204000462,SGI,38,10,10,582.0,5820.0
2020122204000453,SGI,38,45,10,582.0,5820.0
2020122204000451,SGI,1,41,10,585.0,5850.0
2020122204000450,SGI,1,26,10,585.0,5850.0
2020122204000448,SGI,1,36,10,585.0,5850.0
2020122204000445,SGI,1,25,10,585.0,5850.0
2020122204000478,SGI,38,10,10,582.0,5820.0
2020122204000472,SGI,39,6,10,582.0,5820.0
2020122204000469,SGI,39,17,10,582.0,5820.0
2020122204000468,SGI,38,58,10,582.0,5820.0
2020122204000465,SGI,38,10,10,582.0,5820.0
2020122204000463,SGI,38,54,10,582.0,5820.0
2020122204000493,SGI,6,10,10,582.0,5820.0
2020122204000488,SGI,6,58,10,582.0,5820.0
2020122204000484,SGI,6,36,10,582.0,5820.0
2020122204000483,SGI,6,13,10,582.0,5820.0
2020122204000482,SGI,6,39,10,582.0,5820.0
2020122204000480,SGI,38,45,10,582.0,5820.0
2020122204000504,SGI,43,36,10,582.0,5820.0
2020122204000502,SGI,6,10,10,582.0,5820.0
2020122204000501,SGI,6,40,10,582.0,5820.0
2020122204000497,SGI,6,43,10,582.0,5820.0
2020122204000496,SGI,6,45,10,582.0,5820.0
2020122204000495,SGI,6,10,10,582.0,5820.0
2020122204000527,SGI,43,41,10,582.0,5820.0
2020122204000523,SGI,43,10,10,582.0,5820.0
2020122204000521,SGI,43,41,10,582.0,5820.0
2020122204000517,SGI,43,41,10,582.0,5820.0
2020122204000509,SGI,43,10,10,582.0,5820.0
2020122204000505,SGI,43,26,10,582.0,5820.0
2020122204000540,SGI,43,13,10,582.0,5820.0
2020122204000537,SGI,43,36,10,582.0,5820.0
2020122204000535,SGI,43,21,10,582.0,5820.0
2020122204000534,SGI,43,45,10,582.0,5820.0
2020122204000533,SGI,43,55,10,582.0,5820.0
2020122204000528,SGI,43,10,10,582.0,5820.0
2020122204000552,SGI,43,55,10,582.0,5820.0
2020122204000550,SGI,43,43,10,582.0,5820.0
2020122204000548,SGI,43,39,10,582.0,5820.0
2020122204000547,SGI,43,40,10,582.0,5820.0
2020122204000543,SGI,43,36,10,582.0,5820.0
2020122204000541,SGI,43,35,10,582.0,5820.0
2020122204000573,SGI,38,10,10,581.0,5810.0
2020122204000572,SGI,1,25,10,583.0,5830.0
2020122204000571,SGI,1,48,10,582.0,5820.0
2020122204000567,SGI,1,45,10,582.0,5820.0
2020122204000564,SGI,11,13,10,582.0,5820.0
2020122204000554,SGI,43,10,10,582.0,5820.0
2020122204000588,SGI,1,38,10,584.0,5840.0
2020122204000587,SGI,42,58,10,581.0,5810.0
2020122204000585,SGI,42,59,10,581.0,5810.0
2020122204000578,SGI,1,38,10,583.0,5830.0
2020122204000577,SGI,42,41,10,581.0,5810.0
2020122204000575,SGI,42,56,10,581.0,5810.0
2020122204000611,SGI,58,57,10,580.0,5800.0
2020122204000601,SGI,41,58,10,580.0,5800.0
2020122204000598,SGI,22,10,10,580.0,5800.0
2020122204000595,SGI,22,36,10,580.0,5800.0
2020122204000592,SGI,11,13,10,582.0,5820.0
2020122204000590,SGI,42,29,10,581.0,5810.0
2020122204000634,SGI,58,28,10,580.0,5800.0
2020122204000630,SGI,58,26,10,581.0,5810.0
2020122204000629,SGI,58,28,10,581.0,5810.0
2020122204000628,SGI,58,57,10,581.0,5810.0
2020122204000622,SGI,58,28,10,581.0,5810.0
2020122204000620,SGI,58,38,10,581.0,5810.0
2020122204000643,SGI,52,50,10,585.0,5850.0
2020122204000642,SGI,52,58,10,585.0,5850.0
2020122204000641,SGI,52,11,10,585.0,5850.0
2020122204000640,SGI,52,58,10,585.0,5850.0
2020122204000637,SGI,58,22,10,580.0,5800.0
2020122204000635,SGI,58,34,10,580.0,5800.0
2020122204000650,SGI,58,58,10,580.0,5800.0
2020122204000648,SGI,58,46,10,580.0,5800.0
2020122204000647,SGI,52,52,10,585.0,5850.0
2020122204000646,SGI,52,58,10,585.0,5850.0
2020122204000645,SGI,52,39,10,585.0,5850.0
2020122204000644,SGI,52,7,10,585.0,5850.0
2020122204000665,SGI,52,45,10,580.0,5800.0
2020122204000664,SGI,52,8,10,580.0,5800.0
2020122204000661,SGI,58,36,10,580.0,5800.0
2020122204000659,SGI,58,38,10,580.0,5800.0
2020122204000654,SGI,58,58,10,580.0,5800.0
2020122204000652,SGI,58,35,10,580.0,5800.0
2020122204000679,SGI,58,58,10,589.0,5890.0
2020122204000678,SGI,58,52,10,589.0,5890.0
2020122204000677,SGI,58,34,10,589.0,5890.0
2020122204000671,SGI,41,58,10,580.0,5800.0
2020122204000669,SGI,41,58,10,580.0,5800.0
2020122204000667,SGI,52,28,10,580.0,5800.0
2020122204000701,SGI,41,11,10,580.0,5800.0
2020122204000694,SGI,41,13,10,580.0,5800.0
2020122204000693,SGI,41,41,10,580.0,5800.0
2020122204000692,SGI,41,58,10,580.0,5800.0
2020122204000686,SGI,41,58,10,580.0,5800.0
2020122204000680,SGI,41,55,10,580.0,5800.0
2020122204000722,SGI,41,59,10,580.0,5800.0
2020122204000716,SGI,41,59,10,580.0,5800.0
2020122204000712,SGI,41,21,10,580.0,5800.0
2020122204000708,SGI,41,47,10,580.0,5800.0
2020122204000707,SGI,41,6,10,580.0,5800.0
2020122204000706,SGI,7,58,10,581.0,5810.0
2020122204000767,SGI,41,36,10,582.0,5820.0
2020122204000763,SGI,41,51,10,582.0,5820.0
2020122204000732,SGI,41,43,10,580.0,5800.0
2020122204000731,SGI,56,50,10,585.0,5850.0
2020122204000730,SGI,41,51,10,580.0,5800.0
2020122204000728,SGI,41,13,10,580.0,5800.0
2020122204000782,STC,48,48,10,5250.0,52500.0
2020122204000625,STC,21,10,20,5214.0,104280.0
2020122204000624,STC,29,10,50,5214.0,260700.0
2020122204000623,STC,49,10,10,5214.0,52140.0
2020122203018892,ALBSL,34,49,10,1009.0,10090.0
2020122203018746,ALBSL,54,45,11,990.0,10890.0
2020122203018805,ALICL,33,50,488,906.0,442128.0
2020122204000286,BBC,13,28,10,2860.0,28600.0
2020122204000245,BBC,55,49,20,2809.0,56180.0
2020122204000244,BBC,55,17,10,2809.0,28090.0
2020122204000221,BBC,13,51,50,2754.0,137700.0
2020122204000220,BBC,19,28,20,2750.0,55000.0
2020122204000087,BBC,35,36,48,2700.0,129600.0
2020122203018738,CBBL,35,17,90,1435.0,129150.0
2020122203018737,CBBL,35,16,100,1435.0,143500.0
2020122203018736,CBBL,35,26,179,1435.0,256865.0
2020122203018735,CBBL,35,42,593,1435.0,850955.0
2020122203018734,CBBL,35,55,29,1434.0,41586.0
2020122203018824,CFCL,29,6,"1,307",160.0,209120.0
2020122203018823,CFCL,42,6,24,161.0,3864.0
2020122203018822,CFCL,57,6,100,161.0,16100.0
2020122203018821,CFCL,4,6,600,161.0,96600.0
2020122203018820,CFCL,6,6,829,161.0,133469.0
2020122203018806,CFCL,6,49,100,161.0,16100.0
2020122203018852,CIT,18,34,120,5271.0,632520.0
2020122203018851,CIT,18,57,20,5270.0,105400.0
2020122203018804,CIT,53,47,19,5271.0,100149.0
2020122203018747,CIT,18,26,100,5270.0,527000.0
2020122203018889,CLBSL,17,33,100,816.0,81600.0
2020122204000144,CMF1,19,19,500,9.8,4900.0
2020122203018874,DDBL,34,8,30,1442.0,43260.0
2020122203018848,DDBL,28,8,150,1442.0,216300.0
2020122203018847,DDBL,21,8,100,1444.0,144400.0
2020122203018846,DDBL,38,8,100,1444.0,144400.0
2020122203018845,DDBL,42,8,500,1444.0,722000.0
2020122203018844,DDBL,20,8,50,1444.0,72200.0
2020122203018787,DDBL,25,34,20,1448.0,28960.0
2020122203018786,DDBL,25,45,100,1448.0,144800.0
2020122203018785,DDBL,25,10,30,1448.0,43440.0
2020122203018739,DDBL,51,10,20,1448.0,28960.0
2020122203018843,DDBL,45,8,38,1444.0,54872.0
2020122203018842,DDBL,57,8,340,1445.0,491300.0
2020122203018841,DDBL,49,8,40,1445.0,57800.0
2020122203018840,DDBL,45,8,10,1445.0,14450.0
2020122203018839,DDBL,26,8,100,1446.0,144600.0
2020122203018838,DDBL,11,8,16,1447.0,23152.0
2020122203018867,FOWAD,50,44,5,2215.0,11075.0
2020122203018866,FOWAD,50,37,15,2215.0,33225.0
2020122203018817,FOWAD,46,6,20,2214.0,44280.0
2020122203018799,FOWAD,37,37,35,2215.0,77525.0
2020122203018772,FOWAD,58,44,10,2215.0,22150.0
2020122203018837,GBBL,8,45,200,305.0,61000.0
2020122204000225,GBD80/81,29,52,30,1050.0,31500.0
2020122203018765,GBLBS,45,57,54,596.0,32184.0
2020122203018741,GBLBS,55,57,20,596.0,11920.0
2020122203018740,GBLBS,49,57,26,596.0,15496.0
2020122204000311,GIC,7,14,10,562.0,5620.0
2020122204000309,GIC,7,48,10,562.0,5620.0
2020122204000308,GIC,22,49,10,562.0,5620.0
2020122204000306,GIC,22,14,10,562.0,5620.0
2020122204000301,GIC,22,45,10,562.0,5620.0
2020122204000300,GIC,22,45,10,562.0,5620.0
2020122204000005,GIC,22,44,10,555.0,5550.0
2020122204000002,GIC,22,49,10,555.0,5550.0
2020122204000024,GIC,45,55,10,560.0,5600.0
2020122204000023,GIC,41,6,10,560.0,5600.0
2020122204000022,GIC,41,51,10,560.0,5600.0
2020122204000018,GIC,54,40,10,560.0,5600.0
2020122204000007,GIC,22,46,10,560.0,5600.0
2020122204000006,GIC,19,7,10,552.0,5520.0
2020122204000043,GIC,45,29,10,560.0,5600.0
2020122204000040,GIC,45,32,165,560.0,92400.0
2020122204000038,GIC,22,36,10,565.0,5650.0
2020122204000037,GIC,22,55,10,563.0,5630.0
2020122204000036,GIC,45,38,10,560.0,5600.0
2020122204000033,GIC,45,38,10,560.0,5600.0
2020122204000054,GIC,45,8,10,560.0,5600.0
2020122204000050,GIC,45,1,10,560.0,5600.0
2020122204000049,GIC,45,17,10,560.0,5600.0
2020122204000048,GIC,22,28,10,565.0,5650.0
2020122204000046,GIC,45,40,10,560.0,5600.0
2020122204000044,GIC,45,44,10,560.0,5600.0
2020122204000060,GIC,38,36,50,570.0,28500.0
2020122204000059,GIC,38,25,10,570.0,5700.0
2020122204000058,GIC,38,38,10,570.0,5700.0
2020122204000057,GIC,38,55,10,570.0,5700.0
2020122204000056,GIC,38,29,10,570.0,5700.0
2020122204000055,GIC,38,32,10,566.0,5660.0
2020122204000071,GIC,56,29,10,565.0,5650.0
2020122204000069,GIC,54,29,30,565.0,16950.0
2020122204000067,GIC,54,1,10,565.0,5650.0
2020122204000066,GIC,54,17,10,565.0,5650.0
2020122204000065,GIC,45,1,10,560.0,5600.0
2020122204000061,GIC,38,57,100,571.0,57100.0
2020122204000083,GIC,56,8,10,566.0,5660.0
2020122204000080,GIC,56,42,10,566.0,5660.0
2020122204000079,GIC,42,43,40,569.0,22760.0
2020122204000078,GIC,56,1,10,566.0,5660.0
2020122204000076,GIC,56,44,10,566.0,5660.0
2020122204000072,GIC,56,43,40,565.0,22600.0
2020122204000099,GIC,45,22,10,560.0,5600.0
2020122204000096,GIC,45,14,10,560.0,5600.0
2020122204000095,GIC,42,8,10,561.0,5610.0
2020122204000092,GIC,45,36,10,560.0,5600.0
2020122204000086,GIC,57,38,50,566.0,28300.0
2020122204000085,GIC,56,38,10,566.0,5660.0
2020122204000111,GIC,21,52,10,561.0,5610.0
2020122204000110,GIC,21,41,10,561.0,5610.0
2020122204000104,GIC,45,44,10,560.0,5600.0
2020122204000103,GIC,45,1,10,560.0,5600.0
2020122204000101,GIC,45,49,10,560.0,5600.0
2020122204000100,GIC,45,4,10,560.0,5600.0
2020122204000131,GIC,54,19,10,561.0,5610.0
2020122204000124,GIC,54,8,10,561.0,5610.0
2020122204000118,GIC,54,35,10,561.0,5610.0
2020122204000116,GIC,54,21,10,561.0,5610.0
2020122204000115,GIC,54,32,10,561.0,5610.0
2020122204000114,GIC,45,4,10,560.0,5600.0
2020122204000153,GIC,48,26,10,561.0,5610.0
2020122204000151,GIC,48,36,10,561.0,5610.0
2020122204000149,GIC,39,36,10,565.0,5650.0
2020122204000146,GIC,48,25,10,561.0,5610.0
2020122204000137,GIC,48,43,10,561.0,5610.0
2020122204000136,GIC,48,21,10,561.0,5610.0
2020122204000167,GIC,49,57,10,561.0,5610.0
2020122204000164,GIC,49,55,10,561.0,5610.0
2020122204000163,GIC,21,39,10,561.0,5610.0
2020122204000161,GIC,21,26,10,561.0,5610.0
2020122204000156,GIC,21,36,10,561.0,5610.0
2020122204000154,GIC,39,42,40,569.0,22760.0
2020122204000188,GIC,22,57,10,562.0,5620.0
2020122204000184,GIC,22,34,10,562.0,5620.0
2020122204000182,GIC,22,57,10,562.0,5620.0
2020122204000177,GIC,22,54,10,562.0,5620.0
2020122204000176,GIC,22,34,10,562.0,5620.0
2020122204000173,GIC,22,57,10,562.0,5620.0
2020122204000200,GIC,38,40,10,564.0,5640.0
2020122204000198,GIC,38,57,10,564.0,5640.0
2020122204000197,GIC,38,45,10,564.0,5640.0
2020122204000195,GIC,38,48,10,564.0,5640.0
2020122204000194,GIC,22,45,10,562.0,5620.0
2020122204000192,GIC,22,57,10,562.0,5620.0
2020122204000223,GIC,48,45,10,565.0,5650.0
2020122204000213,GIC,48,45,10,565.0,5650.0
2020122204000211,GIC,48,25,10,565.0,5650.0
2020122204000208,GIC,48,45,10,565.0,5650.0
2020122204000205,GIC,48,49,10,565.0,5650.0
2020122204000201,GIC,38,38,10,564.0,5640.0
2020122204000239,GIC,48,43,10,565.0,5650.0
2020122204000238,GIC,48,49,10,565.0,5650.0
2020122204000231,GIC,48,42,10,565.0,5650.0
2020122204000227,GIC,48,58,10,565.0,5650.0
2020122204000226,GIC,48,51,10,565.0,5650.0
2020122204000224,GIC,48,25,10,565.0,5650.0
2020122204000255,GIC,32,45,10,566.0,5660.0
2020122204000254,GIC,32,7,10,566.0,5660.0
2020122204000252,GIC,51,49,10,567.0,5670.0
2020122204000251,GIC,51,19,10,567.0,5670.0
2020122204000246,GIC,32,7,10,566.0,5660.0
2020122204000241,GIC,48,52,10,565.0,5650.0
2020122204000268,GIC,48,46,180,565.0,101700.0
2020122204000267,GIC,32,46,30,566.0,16980.0
2020122204000264,GIC,32,49,10,566.0,5660.0
2020122204000263,GIC,32,25,10,566.0,5660.0
2020122204000262,GIC,32,14,10,566.0,5660.0
2020122204000257,GIC,32,14,10,566.0,5660.0
2020122204000281,GIC,22,10,10,562.0,5620.0
2020122204000277,GIC,22,14,10,562.0,5620.0
2020122204000275,GIC,38,14,10,564.0,5640.0
2020122204000273,GIC,58,46,30,565.0,16950.0
2020122204000270,GIC,52,46,20,565.0,11300.0
2020122204000269,GIC,53,46,10,565.0,5650.0
2020122204000299,GIC,22,10,10,562.0,5620.0
2020122204000297,GIC,22,14,10,562.0,5620.0
2020122204000296,GIC,22,25,10,562.0,5620.0
2020122204000289,GIC,22,14,10,562.0,5620.0
2020122204000288,GIC,22,48,10,562.0,5620.0
2020122204000283,GIC,22,39,10,562.0,5620.0
2020122203018887,GLICL,33,6,10,644.0,6440.0
2020122203018794,GLICL,17,55,42,645.0,27090.0
2020122203018793,GLICL,17,1,58,644.0,37352.0
2020122203018721,GLICL,44,45,350,640.0,224000.0
2020122203018720,GLICL,17,49,195,644.0,125580.0
2020122203018719,GLICL,17,38,50,644.0,32200.0
2020122203018718,GLICL,17,34,100,643.0,64300.0
2020122203018717,GLICL,17,17,50,642.0,32100.0
2020122203018744,GMFIL,25,25,"2,500",209.0,522500.0
2020122203018743,GUFL,58,6,60,204.0,12240.0
2020122203018742,GUFL,58,42,200,203.0,40600.0
2020122203018888,HIDCL,28,49,343,281.0,96383.0
2020122203018766,HIDCL,28,42,30,281.0,8430.0
2020122203018905,ILBS,32,41,11,1040.0,11440.0
2020122203018904,ILBS,32,34,11,1037.0,11407.0
2020122203018903,ILBS,32,33,11,1040.0,11440.0
2020122203018902,ILBS,32,57,11,1040.0,11440.0
2020122203018901,ILBS,32,41,11,1040.0,11440.0
2020122203018781,JBBL,10,48,100,234.0,23400.0
2020122203018780,JBBL,10,42,50,234.0,11700.0
2020122203018757,JBBL,47,42,50,234.0,11700.0
2020122203018756,JBBL,47,42,500,234.0,117000.0
2020122203018755,JBBL,47,26,100,234.0,23400.0
2020122203018754,JBBL,47,59,300,234.0,70200.0
2020122203018753,JBBL,47,19,50,234.0,11700.0
2020122203018745,JBBL,58,59,300,233.0,69900.0
2020122203018863,KMCDB,25,48,10,899.0,8990.0
2020122203018825,KSBBL,59,45,"1,000",225.0,225000.0
2020122203018884,LBBL,6,8,"1,200",230.0,276000.0
2020122203018883,LBBL,6,46,900,229.0,206100.0
2020122203018882,LBBL,6,45,400,229.0,91600.0
2020122203018875,LICN,58,45,231,2035.0,470085.0
2020122203018859,LICN,58,6,10,2038.0,20380.0
2020122203018858,LICN,58,49,25,2035.0,50875.0
2020122203018784,LICN,58,45,14,2035.0,28490.0
2020122203018782,LICN,58,6,10,2038.0,20380.0
2020122203018722,LICN,58,22,25,2020.0,50500.0
2020122203018728,LICN,58,51,10,2035.0,20350.0
2020122203018727,LICN,58,42,100,2035.0,203500.0
2020122203018726,LICN,58,14,40,2035.0,81400.0
2020122203018725,LICN,58,22,25,2034.0,50850.0
2020122203018724,LICN,58,45,100,2034.0,203400.0
2020122203018723,LICN,58,5,30,2032.0,60960.0
2020122204000132,LUK,20,40,100,9.06,906.0
2020122203018814,MDB,6,34,500,390.0,195000.0
2020122203018865,MERO,42,34,66,975.0,64350.0
2020122203018864,MERO,42,40,237,975.0,231075.0
2020122203018894,MFIL,55,55,10,395.0,3950.0
2020122203018833,MFIL,55,55,340,394.0,133960.0
2020122203018798,MFIL,55,55,660,394.0,260040.0
2020122203018797,MFIL,55,52,340,394.0,133960.0
2020122203018752,MFIL,55,52,650,394.0,256100.0
2020122203018751,MFIL,55,49,100,394.0,39400.0
2020122203018750,MFIL,55,11,250,394.0,98500.0
2020122203018869,MNBBL,28,16,10,386.0,3860.0
2020122203018761,MNBBL,53,49,300,385.0,115500.0
2020122203018764,MSLB,1,48,10,1624.0,16240.0
2020122203018779,MSMBS,4,52,22,961.0,21142.0
2020122203018778,MSMBS,4,49,22,961.0,21142.0
2020122203018777,MSMBS,4,45,78,960.0,74880.0
2020122203018776,MSMBS,4,51,20,960.0,19200.0
2020122203018775,MSMBS,4,8,40,959.0,38360.0
2020122203018774,MSMBS,4,51,20,956.0,19120.0
2020122203018773,MSMBS,4,25,10,956.0,9560.0
2020122203018795,NADEP,49,1,23,981.0,22563.0
2020122204000147,NBF2,10,39,"1,100",9.37,10307.0
2020122204000134,NEF,58,4,620,9.8,6076.0
2020122204000133,NEF,58,4,"1,914",9.8,18757.2
2020122204000126,NEF,17,40,531,9.7,5150.7
2020122204000091,NEF,49,4,500,9.8,4900.0
2020122204000265,NIBD2082,29,58,25,1091.0,27275.0
2020122204000265,NIBD2082,29,58,25,1091.0,27275.0
2020122204000138,NIBLPF,17,41,253,9.85,2492.05
2020122204000135,NIBLPF,17,41,253,9.85,2492.05
2020122204000128,NIBLPF,58,41,253,9.75,2466.75
2020122204000125,NIBLPF,58,41,253,9.75,2466.75
2020122204000123,NIBLPF,58,41,253,9.75,2466.75
2020122204000274,NIBPO,13,8,280,450.0,126000.0
2020122204000218,NIBPO,3,8,20,450.0,9000.0
2020122204000217,NIBPO,3,8,480,450.0,216000.0
2020122204000191,NIBPO,28,8,20,450.0,9000.0
2020122204000190,NIBPO,37,6,"1,000",445.0,445000.0
2020122204000189,NIBPO,13,6,289,446.0,128894.0
2020122204000148,NIBPO,13,39,11,446.0,4906.0
2020122204000140,NIBPO,49,14,300,446.0,133800.0
2020122204000258,NIBSF1,7,6,"5,217",11.06,57700.02
2020122204000187,NICBF,14,8,"1,200",10.19,12228.0
2020122204000186,NICBF,14,57,100,10.19,1019.0
2020122204000185,NICBF,14,58,800,10.19,8152.0
2020122204000295,NICGF,17,35,"1,500",10.25,15375.0
2020122204000166,NICGF,17,19,500,10.25,5125.0
2020122203018877,NLBBL,52,47,562,1025.0,576050.0
2020122203018801,NLBBL,50,47,30,1035.0,31050.0
2020122203018800,NLBBL,53,47,25,1035.0,25875.0
2020122203018763,NLIC,25,35,59,2351.0,138709.0
2020122203018762,NLIC,56,35,41,2351.0,96391.0
2020122203018819,NLICL,25,58,100,1070.0,107000.0
2020122203018813,NLICL,54,58,18,1070.0,19260.0
2020122203018812,NLICL,45,58,100,1070.0,107000.0
2020122203018811,NLICL,32,58,100,1070.0,107000.0
2020122203018810,NLICL,34,58,100,1070.0,107000.0
2020122203018809,NLICL,48,58,30,1070.0,32100.0
2020122203018808,NLICL,58,58,"1,200",1070.0,1284000.0
2020122203018733,NLICL,58,3,100,1070.0,107000.0
2020122203018729,NLICL,55,21,200,1072.0,214400.0
2020122204000105,NMB50,49,35,100,9.86,986.0
2020122203018857,NMBMF,14,38,110,1220.0,134200.0
2020122203018832,NMBMF,49,38,50,1220.0,61000.0
2020122203018769,NMBMF,34,38,374,1220.0,456280.0
2020122203018768,NMBMF,34,11,40,1220.0,48800.0
2020122203018760,NMBMF,25,41,19,1220.0,23180.0
2020122203018890,NRIC,19,3,80,1439.0,115120.0
2020122203018881,NRIC,33,3,100,1439.0,143900.0
2020122203018876,NRIC,52,16,220,1438.0,316360.0
2020122203018860,NRIC,52,25,10,1438.0,14380.0
2020122203018834,NRIC,48,50,50,1437.0,71850.0
2020122203018829,NRIC,36,3,250,1439.0,359750.0
2020122203018767,NRIC,50,3,300,1439.0,431700.0
2020122203018828,NRIC,36,45,50,1438.0,71900.0
2020122203018827,NRIC,48,56,100,1437.0,143700.0
2020122203018816,NRIC,50,45,200,1438.0,287600.0
2020122203018791,NRIC,48,55,70,1437.0,100590.0
2020122203018771,NRIC,48,14,30,1437.0,43110.0
2020122203018770,NRIC,41,14,50,1438.0,71900.0
2020122203018900,NTC,14,35,70,1169.0,81830.0
2020122203018899,NTC,14,57,30,1165.0,34950.0
2020122203018853,NTC,43,57,50,1165.0,58250.0
2020122203018835,NTC,8,57,100,1165.0,116500.0
2020122203018831,NTC,44,57,200,1165.0,233000.0
2020122203018830,NTC,21,57,20,1166.0,23320.0
2020122203018818,NTC,1,35,20,1169.0,23380.0
2020122203018731,OHL,52,22,465,477.0,221805.0
2020122203018730,OHL,17,22,35,477.0,16695.0
2020122203018879,PFL,36,44,10,183.0,1830.0
2020122203018803,PLIC,49,45,61,830.0,50630.0
2020122203018802,PLIC,35,45,100,830.0,83000.0
2020122203018836,PROFL,45,34,300,130.0,39000.0
2020122203018792,PROFL,38,6,"1,000",131.0,131000.0
2020122204000089,PRVUPO,10,7,"50,000",171.0,8550000.0
2020122204000088,PRVUPO,10,7,"50,000",171.0,8550000.0
2020122204000077,PRVUPO,10,7,"148,127",171.0,25329717.0
2020122203018880,RLI,14,45,10,618.0,6180.0
2020122203018862,RLI,34,38,10,618.0,6180.0
2020122203018895,RMDC,7,22,34,1150.0,39100.0
2020122203018807,RSDC,58,36,10,663.0,6630.0
2020122203018790,RSDC,38,6,200,663.0,132600.0
2020122203018789,RSDC,38,26,450,661.0,297450.0
2020122203018788,RSDC,38,17,100,661.0,66100.0
2020122203018732,SADBL,51,50,21,178.0,3738.0
2020122204000307,SAEF,7,51,"2,000",10.76,21520.0
2020122204000305,SAEF,7,43,"1,000",10.76,10760.0
2020122204000271,SAEF,7,51,"1,000",10.76,10760.0
2020122204000243,SAEF,7,43,"1,000",10.76,10760.0
2020122204000216,SAEF,7,19,"7,500",10.81,81075.0
2020122204000097,SAEF,58,50,500,10.6,5300.0
2020122204000028,SAEF,7,16,"1,000",10.57,10570.0
2020122204000017,SAEF,49,16,"1,000",10.56,10560.0
2020122204000209,SAND2085,42,4,25,1040.0,26000.0
2020122203018870,SAPDBL,17,37,100,147.0,14700.0
2020122203018826,SAPDBL,34,37,100,148.0,14800.0
2020122203018749,SAPDBL,17,37,100,148.0,14800.0
2020122203018748,SAPDBL,47,37,57,148.0,8436.0
2020122204000016,SBIBD86,17,35,50,1045.0,52250.0
2020122203018891,SDLBSL,6,6,10,1236.0,12360.0
2020122203018815,SDLBSL,45,53,10,1220.0,12200.0
2020122204000237,SEF,14,58,"2,000",10.22,20440.0
2020122204000236,SEF,14,6,"1,000",10.2,10200.0
2020122204000235,SEF,14,36,500,10.2,5100.0
2020122204000196,SEF,17,58,"1,000",10.15,10150.0
2020122204000155,SEF,17,58,"1,000",10.15,10150.0
2020122204000107,SEF,58,14,"1,000",10.02,10020.0
2020122204000310,SGI,42,25,10,586.0,5860.0
2020122204000304,SGI,42,47,10,586.0,5860.0
2020122204000303,SGI,42,45,10,586.0,5860.0
2020122204000302,SGI,42,14,10,586.0,5860.0
2020122204000298,SGI,50,51,10,587.0,5870.0
2020122204000294,SGI,50,6,10,587.0,5870.0
2020122204000010,SGI,35,38,10,572.0,5720.0
2020122204000009,SGI,35,38,10,572.0,5720.0
2020122204000008,SGI,35,38,10,572.0,5720.0
2020122204000004,SGI,58,14,10,571.0,5710.0
2020122204000003,SGI,58,14,10,571.0,5710.0
2020122204000001,SGI,17,55,10,570.0,5700.0
2020122204000020,SGI,22,6,10,580.0,5800.0
2020122204000019,SGI,22,55,10,580.0,5800.0
2020122204000014,SGI,39,32,10,578.0,5780.0
2020122204000013,SGI,39,54,30,578.0,17340.0
2020122204000012,SGI,34,54,10,578.0,5780.0
2020122204000011,SGI,35,52,10,572.0,5720.0
2020122204000030,SGI,57,20,10,590.0,5900.0
2020122204000029,SGI,41,18,10,589.0,5890.0
2020122204000027,SGI,38,45,10,582.0,5820.0
2020122204000026,SGI,38,55,10,582.0,5820.0
2020122204000025,SGI,38,58,10,582.0,5820.0
2020122204000021,SGI,22,42,10,580.0,5800.0
2020122204000041,SGI,57,55,10,585.0,5850.0
2020122204000039,SGI,41,1,10,593.0,5930.0
2020122204000035,SGI,41,14,30,592.0,17760.0
2020122204000034,SGI,38,38,10,582.0,5820.0
2020122204000032,SGI,57,14,80,592.0,47360.0
2020122204000031,SGI,57,43,10,590.0,5900.0
2020122204000053,SGI,57,1,10,585.0,5850.0
2020122204000052,SGI,38,58,10,593.0,5930.0
2020122204000051,SGI,38,40,10,593.0,5930.0
2020122204000047,SGI,38,45,10,593.0,5930.0
2020122204000045,SGI,38,29,10,593.0,5930.0
2020122204000042,SGI,38,42,10,593.0,5930.0
2020122204000073,SGI,56,58,10,586.0,5860.0
2020122204000070,SGI,56,1,10,586.0,5860.0
2020122204000068,SGI,56,44,10,586.0,5860.0
2020122204000064,SGI,56,17,10,586.0,5860.0
2020122204000063,SGI,56,17,10,586.0,5860.0
2020122204000062,SGI,57,56,10,585.0,5850.0
2020122204000093,SGI,57,14,20,585.0,11700.0
2020122204000090,SGI,56,8,10,586.0,5860.0
2020122204000084,SGI,56,45,10,586.0,5860.0
2020122204000081,SGI,56,1,10,586.0,5860.0
2020122204000075,SGI,56,1,10,586.0,5860.0
2020122204000074,SGI,56,28,10,586.0,5860.0
2020122204000109,SGI,43,8,10,585.0,5850.0
2020122204000108,SGI,57,44,10,585.0,5850.0
2020122204000106,SGI,57,47,10,585.0,5850.0
2020122204000102,SGI,57,4,10,585.0,5850.0
2020122204000098,SGI,57,47,10,585.0,5850.0
2020122204000094,SGI,57,21,10,585.0,5850.0
2020122204000121,SGI,8,41,10,588.0,5880.0
2020122204000120,SGI,8,58,10,588.0,5880.0
2020122204000119,SGI,8,42,10,586.0,5860.0
2020122204000117,SGI,43,44,10,585.0,5850.0
2020122204000113,SGI,43,48,10,585.0,5850.0
2020122204000112,SGI,43,17,10,585.0,5850.0
2020122204000141,SGI,52,21,10,586.0,5860.0
2020122204000139,SGI,52,21,10,586.0,5860.0
2020122204000130,SGI,43,4,10,585.0,5850.0
2020122204000129,SGI,43,21,10,585.0,5850.0
2020122204000127,SGI,8,47,10,588.0,5880.0
2020122204000122,SGI,8,8,10,588.0,5880.0
2020122204000157,SGI,52,6,10,586.0,5860.0
2020122204000152,SGI,52,6,10,586.0,5860.0
2020122204000150,SGI,52,49,10,586.0,5860.0
2020122204000145,SGI,52,43,10,586.0,5860.0
2020122204000143,SGI,52,38,10,586.0,5860.0
2020122204000142,SGI,52,29,10,586.0,5860.0
2020122204000168,SGI,41,47,10,587.0,5870.0
2020122204000165,SGI,41,6,10,587.0,5870.0
2020122204000162,SGI,41,48,10,587.0,5870.0
2020122204000160,SGI,52,36,10,586.0,5860.0
2020122204000159,SGI,52,43,10,586.0,5860.0
2020122204000158,SGI,52,38,10,586.0,5860.0
2020122204000175,SGI,41,57,10,587.0,5870.0
2020122204000174,SGI,41,6,10,587.0,5870.0
2020122204000172,SGI,41,3,10,587.0,5870.0
2020122204000171,SGI,41,57,10,587.0,5870.0
2020122204000170,SGI,41,48,10,587.0,5870.0
2020122204000169,SGI,41,57,10,587.0,5870.0
2020122204000193,SGI,41,57,10,587.0,5870.0
2020122204000183,SGI,41,57,10,587.0,5870.0
2020122204000181,SGI,41,57,10,587.0,5870.0
2020122204000180,SGI,41,10,10,587.0,5870.0
2020122204000179,SGI,41,3,10,587.0,5870.0
2020122204000178,SGI,41,52,10,587.0,5870.0
2020122204000210,SGI,52,45,10,586.0,5860.0
2020122204000207,SGI,41,7,10,587.0,5870.0
2020122204000204,SGI,41,45,10,587.0,5870.0
2020122204000203,SGI,41,57,10,587.0,5870.0
2020122204000202,SGI,41,42,10,587.0,5870.0
2020122204000199,SGI,41,57,10,587.0,5870.0
2020122204000228,SGI,52,25,10,586.0,5860.0
2020122204000222,SGI,52,57,10,586.0,5860.0
2020122204000219,SGI,52,25,10,586.0,5860.0
2020122204000215,SGI,49,41,10,589.0,5890.0
2020122204000214,SGI,52,33,10,586.0,5860.0
2020122204000212,SGI,52,6,10,586.0,5860.0
2020122204000240,SGI,52,28,10,586.0,5860.0
2020122204000234,SGI,52,45,10,586.0,5860.0
2020122204000233,SGI,52,45,10,586.0,5860.0
2020122204000232,SGI,52,43,10,586.0,5860.0
2020122204000230,SGI,52,22,10,586.0,5860.0
2020122204000229,SGI,52,35,10,586.0,5860.0
2020122204000253,SGI,52,14,10,586.0,5860.0
2020122204000250,SGI,52,40,10,586.0,5860.0
2020122204000249,SGI,52,58,10,586.0,5860.0
2020122204000248,SGI,52,45,10,586.0,5860.0
2020122204000247,SGI,52,45,10,586.0,5860.0
2020122204000242,SGI,52,7,10,586.0,5860.0
2020122204000272,SGI,22,14,10,588.0,5880.0
2020122204000266,SGI,22,14,10,588.0,5880.0
2020122204000261,SGI,22,34,10,588.0,5880.0
2020122204000260,SGI,22,49,10,588.0,5880.0
2020122204000259,SGI,52,42,10,586.0,5860.0
2020122204000256,SGI,52,45,10,586.0,5860.0
2020122204000284,SGI,22,14,10,588.0,5880.0
2020122204000282,SGI,22,25,10,588.0,5880.0
2020122204000280,SGI,22,14,10,588.0,5880.0
2020122204000279,SGI,1,38,10,589.0,5890.0
2020122204000278,SGI,1,41,10,589.0,5890.0
2020122204000276,SGI,22,11,10,588.0,5880.0
2020122204000293,SGI,50,10,10,587.0,5870.0
2020122204000292,SGI,42,21,80,586.0,46880.0
2020122204000291,SGI,58,21,30,586.0,17580.0
2020122204000290,SGI,52,21,190,586.0,111340.0
2020122204000287,SGI,22,45,10,588.0,5880.0
2020122204000285,SGI,22,7,10,588.0,5880.0
2020122203018886,SHINE,44,53,50,269.0,13450.0
2020122203018885,SHINE,22,53,150,269.0,40350.0
2020122203018868,SHINE,56,43,20,270.0,5400.0
2020122203018855,SINDU,53,14,230,155.0,35650.0
2020122203018854,SINDU,26,14,420,155.0,65100.0
2020122203018759,SKBBL,13,16,30,1743.0,52290.0
2020122203018878,SLBBL,34,48,10,1114.0,11140.0
2020122203018783,SLBS,57,29,15,1350.0,20250.0
2020122203018898,SLICL,38,36,21,739.0,15519.0
2020122203018897,SLICL,38,47,22,738.0,16236.0
2020122203018896,SLICL,38,8,157,738.0,115866.0
2020122203018796,SLICL,41,8,100,738.0,73800.0
2020122203018856,SMFBS,49,34,10,1359.0,13590.0
2020122203018893,SMFDB,51,48,50,1000.0,50000.0
2020122204000206,STC,16,28,20,5320.0,106400.0
2020122204000082,STC,19,52,10,5264.0,52640.0
2020122204000015,STC,8,57,10,5161.0,51610.0
2020122203018873,SWBBL,14,14,104,1645.0,171080.0
2020122203018872,SWBBL,14,29,86,1645.0,141470.0
2020122203018871,SWBBL,14,32,100,1644.0,164400.0
2020122203018758,TRH,28,45,200,304.0,60800.0
2020122203018861,UFL,28,28,300,253.0,75900.0
2020122203018850,USLB,57,21,13,1370.0,17810.0
2020122203018849,USLB,57,34,27,1370.0,36990.0
2020122203018688,ALBSL,34,40,11,1005.0,11055.0
2020122203018687,ALBSL,34,49,11,1000.0,11000.0
2020122203018596,ALBSL,22,38,11,991.0,10901.0
2020122203018670,ALICL,34,38,10,907.0,9070.0
2020122203018450,ALICL,33,21,144,906.0,130464.0
2020122203018405,ALICL,33,50,68,906.0,61608.0
2020122203018324,ALICL,38,21,200,907.0,181400.0
2020122203018226,ALICL,49,21,100,907.0,90700.0
2020122203018647,BFC,47,38,20,132.0,2640.0
2020122203018597,CBBL,34,56,30,1430.0,42900.0
2020122203018553,CBBL,33,56,200,1430.0,286000.0
2020122203018552,CBBL,33,26,100,1430.0,143000.0
2020122203018551,CBBL,33,13,300,1430.0,429000.0
2020122203018540,CBBL,36,13,200,1430.0,286000.0
2020122203018447,CBBL,55,13,500,1430.0,715000.0
2020122203018391,CBBL,6,1,200,1425.0,285000.0
2020122203018390,CBBL,22,1,148,1425.0,210900.0
2020122203018264,CBBL,22,5,152,1425.0,216600.0
2020122203018263,CBBL,26,5,52,1426.0,74152.0
2020122203018224,CBBL,26,51,48,1426.0,68448.0
2020122203018223,CBBL,38,51,20,1426.0,28520.0
2020122203018567,CFCL,6,47,71,161.0,11431.0
2020122203018566,CFCL,28,47,129,161.0,20769.0
2020122203018533,CFCL,57,28,100,162.0,16200.0
2020122203018526,CFCL,28,49,150,161.0,24150.0
2020122203018484,CFCL,28,34,499,161.0,80339.0
2020122203018386,CFCL,28,47,250,161.0,40250.0
2020122203018321,CFCL,28,49,100,161.0,16100.0
2020122203018701,CIT,53,41,38,5250.0,199500.0
2020122203018673,CIT,53,56,12,5250.0,63000.0
2020122203018672,CIT,53,56,48,5250.0,252000.0
2020122203018659,CIT,16,47,20,5271.0,105420.0
2020122203018614,CIT,46,1,10,5279.0,52790.0
2020122203018601,CIT,53,56,12,5250.0,63000.0
2020122203018369,CIT,54,1,10,5262.0,52620.0
2020122203018368,CIT,11,1,10,5275.0,52750.0
2020122203018496,CIT,58,1,50,5260.0,263000.0
2020122203018495,CIT,43,1,40,5260.0,210400.0
2020122203018456,CIT,57,58,10,5275.0,52750.0
2020122203018392,CIT,17,1,10,5279.0,52790.0
2020122203018371,CIT,43,1,60,5260.0,315600.0
2020122203018370,CIT,58,1,23,5260.0,120980.0
2020122203018600,CIT,45,56,10,5251.0,52510.0
2020122203018599,CIT,46,56,10,5260.0,52600.0
2020122203018598,CIT,49,56,18,5275.0,94950.0
2020122203018585,CIT,49,26,142,5275.0,749050.0
2020122203018584,CIT,49,58,90,5272.0,474480.0
2020122203018497,CIT,34,1,17,5260.0,89420.0
2020122203018557,DDBL,11,14,100,1447.0,144700.0
2020122203018488,DDBL,11,45,84,1447.0,121548.0
2020122203018425,DDBL,45,57,20,1445.0,28900.0
2020122203018357,DDBL,45,19,95,1444.0,137180.0
2020122203018356,DDBL,58,19,10,1445.0,14450.0
2020122203018355,DDBL,39,19,118,1446.0,170628.0
2020122203018340,DDBL,39,35,100,1446.0,144600.0
2020122203018327,DDBL,39,57,30,1445.0,43350.0
2020122203018225,DDBL,11,57,20,1445.0,28900.0
2020122203018402,EDBL,25,57,10,353.0,3530.0
2020122203018273,EDBL,41,57,45,348.0,15660.0
2020122203018234,EDBL,53,57,100,348.0,34800.0
2020122203018233,EDBL,21,57,150,348.0,52200.0
2020122203018700,FMDBL,44,14,150,599.0,89850.0
2020122203018699,FMDBL,44,5,100,598.0,59800.0
2020122203018419,FMDBL,26,22,255,594.0,151470.0
2020122203018696,FOWAD,26,44,10,2215.0,22150.0
2020122203018616,FOWAD,37,14,130,2214.0,287820.0
2020122203018423,FOWAD,37,42,25,2210.0,55250.0
2020122203018422,FOWAD,37,47,100,2210.0,221000.0
2020122203018421,FOWAD,37,55,10,2210.0,22100.0
2020122203018275,FOWAD,26,43,35,2205.0,77175.0
2020122203018274,FOWAD,26,32,25,2205.0,55125.0
2020122203018378,GBBL,39,39,41,307.0,12587.0
2020122203018377,GBBL,39,13,100,306.0,30600.0
2020122203018376,GBBL,39,38,50,306.0,15300.0
2020122203018375,GBBL,39,34,319,306.0,97614.0
2020122203018374,GBBL,39,42,100,306.0,30600.0
2020122203018373,GBBL,39,45,40,305.0,12200.0
2020122203018372,GBBL,39,1,150,305.0,45750.0
2020122203018410,GBLBS,49,11,74,596.0,44104.0
2020122203018409,GBLBS,22,11,26,596.0,15496.0
2020122203018345,GBLBS,22,41,15,596.0,8940.0
2020122203018657,GFCL,11,25,500,212.0,106000.0
2020122203018350,GLBSL,7,48,70,873.0,61110.0
2020122203018716,GLICL,17,7,53,642.0,34026.0
2020122203018715,GLICL,17,42,100,642.0,64200.0
2020122203018714,GLICL,17,34,50,642.0,32100.0
2020122203018713,GLICL,17,17,50,642.0,32100.0
2020122203018712,GLICL,17,28,500,642.0,321000.0
2020122203018711,GLICL,17,52,50,641.0,32050.0
2020122203018583,GLICL,1,58,50,641.0,32050.0
2020122203018335,GLICL,1,58,10,641.0,6410.0
2020122203018230,GLICL,21,58,88,641.0,56408.0
2020122203018229,GLICL,21,21,212,641.0,135892.0
2020122203018710,GLICL,17,48,100,641.0,64100.0
2020122203018709,GLICL,17,26,600,641.0,384600.0
2020122203018708,GLICL,17,58,102,641.0,65382.0
2020122203018702,GLICL,44,45,50,640.0,32000.0
2020122203018674,GLICL,44,36,200,640.0,128000.0
2020122203018635,GLICL,44,26,50,640.0,32000.0
2020122203018646,GMFBS,1,34,10,1007.0,10070.0
2020122203018645,GMFBS,1,48,15,1007.0,15105.0
2020122203018644,GMFBS,1,1,10,1007.0,10070.0
2020122203018643,GMFBS,1,51,10,1005.0,10050.0
2020122203018459,GMFBS,44,17,170,1000.0,170000.0
2020122203018458,GMFBS,16,17,30,1001.0,30030.0
2020122203018667,GMFIL,49,56,100,208.0,20800.0
2020122203018429,GMFIL,49,25,200,209.0,41800.0
2020122203018404,GMFIL,25,25,213,210.0,44730.0
2020122203018380,GMFIL,25,58,100,210.0,21000.0
2020122203018379,GMFIL,25,50,"1,000",210.0,210000.0
2020122203018703,GUFL,52,46,50,198.0,9900.0
2020122203018576,HIDCL,32,38,20,280.0,5600.0
2020122203018575,HIDCL,38,38,336,280.0,94080.0
2020122203018574,HIDCL,10,38,119,280.0,33320.0
2020122203018573,HIDCL,50,38,100,281.0,28100.0
2020122203018572,HIDCL,13,38,25,281.0,7025.0
2020122203018651,ICFC,58,16,10,284.0,2840.0
2020122203018493,ICFC,50,16,990,285.0,282150.0
2020122203018492,ICFC,50,58,10,285.0,2850.0
2020122203018489,ICFC,22,58,450,285.0,128250.0
2020122203018322,ICFC,49,45,500,284.0,142000.0
2020122203018235,ICFC,56,58,40,285.0,11400.0
2020122203018683,ILBS,38,38,10,1036.0,10360.0
2020122203018549,ILBS,57,16,100,1026.0,102600.0
2020122203018563,JBBL,58,51,105,233.0,24465.0
2020122203018562,JBBL,58,1,50,233.0,11650.0
2020122203018561,JBBL,58,47,100,233.0,23300.0
2020122203018560,JBBL,58,45,200,233.0,46600.0
2020122203018559,JBBL,58,32,"1,000",233.0,233000.0
2020122203018558,JBBL,58,59,200,233.0,46600.0
2020122203018282,JBBL,58,45,200,232.0,46400.0
2020122203018262,JBBL,58,50,282,232.0,65424.0
2020122203018261,JBBL,39,50,500,232.0,116000.0
2020122203018260,JBBL,35,50,44,232.0,10208.0
2020122203018259,JBBL,38,50,174,232.0,40368.0
2020122203018515,JBBL,49,59,300,233.0,69900.0
2020122203018485,JBBL,39,59,500,233.0,116500.0
2020122203018383,JBBL,48,51,196,233.0,45668.0
2020122203018382,JBBL,48,26,110,233.0,25630.0
2020122203018381,JBBL,48,46,194,233.0,45202.0
2020122203018318,JBBL,58,32,200,232.0,46400.0
2020122203018514,JFL,49,57,100,245.0,24500.0
2020122203018487,JSLBB,11,26,15,1727.0,25905.0
2020122203018588,KMCDB,39,4,10,882.0,8820.0
2020122203018587,KMCDB,39,55,35,882.0,30870.0
2020122203018582,KMCDB,25,55,15,882.0,13230.0
2020122203018564,KMCDB,39,48,15,882.0,13230.0
2020122203018538,KMCDB,39,10,10,882.0,8820.0
2020122203018288,KMCDB,36,57,38,900.0,34200.0
2020122203018287,KMCDB,36,58,10,900.0,9000.0
2020122203018286,KMCDB,36,57,21,900.0,18900.0
2020122203018285,KMCDB,36,57,21,900.0,18900.0
2020122203018284,KMCDB,36,42,10,900.0,9000.0
2020122203018283,KMCDB,36,7,100,900.0,90000.0
2020122203018367,KRBL,16,45,760,135.0,102600.0
2020122203018366,KRBL,10,45,100,135.0,13500.0
2020122203018365,KRBL,20,45,100,135.0,13500.0
2020122203018364,KRBL,28,45,40,135.0,5400.0
2020122203018686,KSBBL,49,4,400,224.0,89600.0
2020122203018685,KSBBL,14,4,50,224.0,11200.0
2020122203018684,KSBBL,19,4,200,224.0,44800.0
2020122203018629,LBBL,49,8,500,230.0,115000.0
2020122203018411,LBBL,21,35,200,232.0,46400.0
2020122203018408,LBBL,58,33,100,236.0,23600.0
2020122203018353,LBBL,21,46,100,232.0,23200.0
2020122203018352,LBBL,21,45,100,232.0,23200.0
2020122203018349,LBBL,58,33,100,232.0,23200.0
2020122203018257,LBBL,58,33,200,228.0,45600.0
2020122203018242,LBBL,22,29,90,227.0,20430.0
2020122203018704,LICN,56,49,300,2020.0,606000.0
2020122203018389,LICN,54,49,200,2020.0,404000.0
2020122203018556,LLBS,28,38,20,1524.0,30480.0
2020122203018555,LLBS,28,16,27,1524.0,41148.0
2020122203018243,MERO,38,11,150,977.0,146550.0
2020122203018593,MFIL,55,49,360,393.0,141480.0
2020122203018592,MFIL,39,49,40,393.0,15720.0
2020122203018302,MFIL,39,55,360,393.0,141480.0
2020122203018291,MFIL,55,55,540,393.0,212220.0
2020122203018290,MFIL,33,55,100,393.0,39300.0
2020122203018241,MFIL,33,55,200,393.0,78600.0
2020122203018240,MFIL,20,55,300,393.0,117900.0
2020122203018239,MFIL,55,55,500,393.0,196500.0
2020122203018669,MLBL,46,29,291,241.0,70131.0
2020122203018668,MLBL,46,56,200,241.0,48200.0
2020122203018605,MLBL,45,29,100,240.0,24000.0
2020122203018604,MLBL,45,3,350,240.0,84000.0
2020122203018603,MLBL,43,3,150,240.0,36000.0
2020122203018602,MLBL,32,3,500,240.0,120000.0
2020122203018320,MMFDB,3,3,100,1051.0,105100.0
2020122203018565,MNBBL,53,21,25,385.0,9625.0
2020122203018401,MNBBL,50,16,50,386.0,19300.0
2020122203018325,MNBBL,57,16,100,386.0,38600.0
2020122203018231,MSLB,39,5,43,1610.0,69230.0
2020122203018665,MSMBS,4,56,11,950.0,10450.0
2020122203018524,NABBC,42,52,22,436.0,9592.0
2020122203018664,NADEP,49,34,23,981.0,22563.0
2020122203018613,NADEP,41,36,23,980.0,22540.0
2020122203018580,NADEP,25,17,10,981.0,9810.0
2020122203018612,NLBBL,33,16,500,1048.0,524000.0
2020122203018611,NLBBL,33,22,45,1047.0,47115.0
2020122203018571,NLBBL,33,43,500,1043.0,521500.0
2020122203018385,NLBBL,21,21,24,1043.0,25032.0
2020122203018268,NLBBL,22,34,100,1045.0,104500.0
2020122203018628,NLIC,56,52,22,2351.0,51722.0
2020122203018626,NLIC,56,29,10,2351.0,23510.0
2020122203018615,NLIC,56,1,22,2351.0,51722.0
2020122203018546,NLIC,56,42,10,2351.0,23510.0
2020122203018545,NLIC,56,3,300,2351.0,705300.0
2020122203018544,NLIC,56,52,15,2351.0,35265.0
2020122203018221,NLIC,57,17,10,2351.0,23510.0
2020122203018269,NLIC,47,17,100,2351.0,235100.0
2020122203018265,NLIC,57,17,10,2351.0,23510.0
2020122203018258,NLIC,11,17,15,2351.0,35265.0
2020122203018245,NLIC,45,14,32,2350.0,75200.0
2020122203018238,NLIC,42,17,150,2351.0,352650.0
2020122203018222,NLIC,28,17,90,2351.0,211590.0
2020122203018331,NLIC,45,11,18,2350.0,42300.0
2020122203018323,NLIC,42,17,150,2351.0,352650.0
2020122203018317,NLIC,49,17,100,2351.0,235100.0
2020122203018304,NLIC,45,50,50,2350.0,117500.0
2020122203018281,NLIC,13,17,30,2351.0,70530.0
2020122203018278,NLIC,49,17,300,2351.0,705300.0
2020122203018384,NLIC,57,17,100,2351.0,235100.0
2020122203018362,NLIC,57,17,100,2351.0,235100.0
2020122203018336,NLIC,16,17,500,2351.0,1175500.0
2020122203018334,NLIC,18,17,300,2351.0,705300.0
2020122203018333,NLIC,44,11,12,2350.0,28200.0
2020122203018332,NLIC,44,11,20,2350.0,47000.0
2020122203018434,NLIC,55,17,25,2351.0,58775.0
2020122203018428,NLIC,38,17,100,2351.0,235100.0
2020122203018417,NLIC,22,17,20,2351.0,47020.0
2020122203018416,NLIC,52,17,204,2351.0,479604.0
2020122203018412,NLIC,28,17,100,2351.0,235100.0
