Transact. No.,Symbol,Buyer,Seller,Quantity,Rate,Amount
2020122304001490,BBC,10,22,10,2700.0,27000.0
2020122304001471,BBC,49,22,10,2700.0,27000.0
2020122304001470,BBC,46,17,10,2697.0,26970.0
2020122304001468,BBC,38,37,40,2697.0,107880.0
2020122304001426,BBC,20,41,20,2700.0,54000.0
2020122304001420,BBC,38,34,10,2697.0,26970.0
2020122304001204,BBC,46,48,10,2720.0,27200.0
2020122304001164,BBC,33,44,20,2720.0,54400.0
2020122304001149,BBC,13,41,10,2749.0,27490.0
2020122304001349,CMF1,6,17,"2,000",10.13,20260.0
2020122304001348,CMF1,6,42,300,10.12,3036.0
2020122304001347,CMF1,6,42,800,10.12,8096.0
2020122304001346,CMF1,6,16,"3,000",10.1,30300.0
2020122304001345,CMF1,6,52,500,10.1,5050.0
2020122304001344,CMF1,6,6,500,10.1,5050.0
2020122304001343,CMF1,6,38,"1,000",10.1,10100.0
2020122304001342,CMF1,6,41,500,10.1,5050.0
2020122304001339,CMF1,6,38,100,9.97,997.0
2020122304001156,CMF1,48,43,"1,500",9.94,14910.0
2020122304001090,CMF1,48,45,100,9.94,994.0
2020122304001185,GBD80/81,17,35,25,1050.0,26250.0
2020122304001497,GIC,21,48,10,554.0,5540.0
2020122304001496,GIC,21,29,10,554.0,5540.0
2020122304001495,GIC,25,58,110,556.0,61160.0
2020122304001494,GIC,25,58,10,556.0,5560.0
2020122304001493,GIC,25,56,10,555.0,5550.0
2020122304001492,GIC,21,48,10,554.0,5540.0
2020122304001008,GIC,22,56,10,555.0,5550.0
2020122304001006,GIC,22,41,10,555.0,5550.0
2020122304001004,GIC,22,44,10,555.0,5550.0
2020122304001003,GIC,22,52,10,555.0,5550.0
2020122304001002,GIC,22,38,10,555.0,5550.0
2020122304000999,GIC,16,16,10,556.0,5560.0
2020122304001022,GIC,43,47,20,555.0,11100.0
2020122304001021,GIC,34,42,10,555.0,5550.0
2020122304001016,GIC,34,5,10,555.0,5550.0
2020122304001015,GIC,22,29,10,555.0,5550.0
2020122304001013,GIC,22,32,10,555.0,5550.0
2020122304001010,GIC,22,41,10,555.0,5550.0
2020122304001041,GIC,36,10,10,556.0,5560.0
2020122304001038,GIC,36,42,10,556.0,5560.0
2020122304001037,GIC,36,17,10,556.0,5560.0
2020122304001036,GIC,36,58,10,556.0,5560.0
2020122304001035,GIC,14,17,10,555.0,5550.0
2020122304001024,GIC,43,37,10,555.0,5550.0
2020122304001059,GIC,43,49,30,557.0,16710.0
2020122304001058,GIC,43,14,10,557.0,5570.0
2020122304001055,GIC,36,42,10,556.0,5560.0
2020122304001045,GIC,36,49,10,556.0,5560.0
2020122304001043,GIC,32,10,10,557.0,5570.0
2020122304001042,GIC,32,8,10,557.0,5570.0
2020122304001073,GIC,14,55,10,555.0,5550.0
2020122304001071,GIC,14,38,10,555.0,5550.0
2020122304001068,GIC,14,51,10,555.0,5550.0
2020122304001067,GIC,36,17,10,556.0,5560.0
2020122304001066,GIC,36,41,10,556.0,5560.0
2020122304001064,GIC,36,41,10,556.0,5560.0
2020122304001103,GIC,14,38,10,555.0,5550.0
2020122304001102,GIC,14,25,10,555.0,5550.0
2020122304001095,GIC,14,17,10,555.0,5550.0
2020122304001092,GIC,57,49,90,557.0,50130.0
2020122304001091,GIC,57,28,10,556.0,5560.0
2020122304001074,GIC,14,17,10,555.0,5550.0
2020122304001137,GIC,32,38,10,555.0,5550.0
2020122304001136,GIC,32,45,10,555.0,5550.0
2020122304001129,GIC,35,17,10,554.0,5540.0
2020122304001127,GIC,41,41,10,555.0,5550.0
2020122304001114,GIC,14,33,10,555.0,5550.0
2020122304001110,GIC,14,38,10,555.0,5550.0
2020122304001147,GIC,29,57,10,554.0,5540.0
2020122304001146,GIC,35,1,10,554.0,5540.0
2020122304001143,GIC,35,22,10,554.0,5540.0
2020122304001141,GIC,35,38,10,554.0,5540.0
2020122304001140,GIC,41,57,10,555.0,5550.0
2020122304001138,GIC,32,42,10,555.0,5550.0
2020122304001163,GIC,34,32,10,554.0,5540.0
2020122304001159,GIC,34,57,10,554.0,5540.0
2020122304001157,GIC,29,57,10,554.0,5540.0
2020122304001155,GIC,29,57,10,554.0,5540.0
2020122304001154,GIC,29,38,10,554.0,5540.0
2020122304001148,GIC,29,38,10,554.0,5540.0
2020122304001194,GIC,34,55,10,552.0,5520.0
2020122304001193,GIC,34,38,10,552.0,5520.0
2020122304001186,GIC,43,55,10,553.0,5530.0
2020122304001169,GIC,43,57,10,553.0,5530.0
2020122304001168,GIC,43,55,10,553.0,5530.0
2020122304001167,GIC,43,57,10,553.0,5530.0
2020122304001225,GIC,34,38,10,552.0,5520.0
2020122304001221,GIC,34,1,10,552.0,5520.0
2020122304001214,GIC,34,6,10,552.0,5520.0
2020122304001209,GIC,34,57,10,552.0,5520.0
2020122304001202,GIC,34,55,10,552.0,5520.0
2020122304001201,GIC,34,35,10,552.0,5520.0
2020122304001248,GIC,34,45,10,552.0,5520.0
2020122304001246,GIC,34,41,10,552.0,5520.0
2020122304001238,GIC,34,21,10,552.0,5520.0
2020122304001233,GIC,34,58,10,552.0,5520.0
2020122304001231,GIC,50,47,10,555.0,5550.0
2020122304001230,GIC,50,44,10,555.0,5550.0
2020122304001267,GIC,34,21,10,552.0,5520.0
2020122304001263,GIC,34,17,10,552.0,5520.0
2020122304001261,GIC,34,35,10,552.0,5520.0
2020122304001257,GIC,34,11,10,552.0,5520.0
2020122304001250,GIC,34,42,10,552.0,5520.0
2020122304001249,GIC,34,44,10,552.0,5520.0
2020122304001296,GIC,41,42,10,553.0,5530.0
2020122304001294,GIC,14,29,10,552.0,5520.0
2020122304001281,GIC,55,42,10,553.0,5530.0
2020122304001280,GIC,14,45,20,552.0,11040.0
2020122304001279,GIC,34,17,10,552.0,5520.0
2020122304001277,GIC,34,21,10,552.0,5520.0
2020122304001310,GIC,51,17,10,553.0,5530.0
2020122304001308,GIC,51,21,10,553.0,5530.0
2020122304001306,GIC,54,49,10,553.0,5530.0
2020122304001304,GIC,41,36,10,553.0,5530.0
2020122304001303,GIC,41,54,10,553.0,5530.0
2020122304001301,GIC,41,21,10,553.0,5530.0
2020122304001322,GIC,38,5,20,553.0,11060.0
2020122304001319,GIC,51,38,10,552.0,5520.0
2020122304001317,GIC,51,38,10,552.0,5520.0
2020122304001316,GIC,51,21,10,552.0,5520.0
2020122304001314,GIC,14,39,10,552.0,5520.0
2020122304001312,GIC,51,5,10,553.0,5530.0
2020122304001335,GIC,41,1,10,552.0,5520.0
2020122304001334,GIC,41,32,10,552.0,5520.0
2020122304001333,GIC,41,17,10,552.0,5520.0
2020122304001332,GIC,51,13,10,552.0,5520.0
2020122304001330,GIC,51,52,10,552.0,5520.0
2020122304001327,GIC,43,5,40,553.0,22120.0
2020122304001368,GIC,39,29,10,552.0,5520.0
2020122304001364,GIC,39,21,10,552.0,5520.0
2020122304001363,GIC,43,32,10,553.0,5530.0
2020122304001362,GIC,43,5,40,553.0,22120.0
2020122304001360,GIC,39,53,10,552.0,5520.0
2020122304001338,GIC,39,21,10,552.0,5520.0
2020122304001374,GIC,36,55,10,555.0,5550.0
2020122304001373,GIC,36,4,10,555.0,5550.0
2020122304001372,GIC,36,47,10,555.0,5550.0
2020122304001371,GIC,36,11,10,552.0,5520.0
2020122304001370,GIC,25,17,10,551.0,5510.0
2020122304001369,GIC,39,38,10,552.0,5520.0
2020122304001390,GIC,36,21,10,555.0,5550.0
2020122304001384,GIC,36,29,10,555.0,5550.0
2020122304001382,GIC,36,21,10,555.0,5550.0
2020122304001377,GIC,36,50,250,555.0,138750.0
2020122304001376,GIC,36,36,100,555.0,55500.0
2020122304001375,GIC,36,46,10,555.0,5550.0
2020122304001414,GIC,36,26,10,555.0,5550.0
2020122304001413,GIC,36,33,10,555.0,5550.0
2020122304001412,GIC,36,4,10,555.0,5550.0
2020122304001411,GIC,36,29,10,555.0,5550.0
2020122304001410,GIC,36,21,10,555.0,5550.0
2020122304001391,GIC,36,6,10,555.0,5550.0
2020122304001433,GIC,58,42,10,555.0,5550.0
2020122304001425,GIC,25,41,10,551.0,5510.0
2020122304001419,GIC,41,17,10,555.0,5550.0
2020122304001417,GIC,41,48,10,555.0,5550.0
2020122304001416,GIC,41,29,10,555.0,5550.0
2020122304001415,GIC,36,54,10,555.0,5550.0
2020122304001451,GIC,38,29,10,552.0,5520.0
2020122304001438,GIC,38,59,10,552.0,5520.0
2020122304001437,GIC,25,29,10,551.0,5510.0
2020122304001436,GIC,58,57,10,555.0,5550.0
2020122304001435,GIC,58,59,10,555.0,5550.0
2020122304001434,GIC,58,45,10,555.0,5550.0
2020122304001473,GIC,21,48,10,554.0,5540.0
2020122304001465,GIC,25,39,10,553.0,5530.0
2020122304001464,GIC,25,52,10,553.0,5530.0
2020122304001462,GIC,25,48,10,553.0,5530.0
2020122304001458,GIC,25,48,10,553.0,5530.0
2020122304001456,GIC,38,48,10,552.0,5520.0
2020122304001452,GIMES1,26,22,"17,500",11.2,196000.0
2020122304001427,GIMES1,34,22,"2,500",11.2,28000.0
2020122304001403,GIMES1,34,49,"2,500",11.2,28000.0
2020122304001323,GIMES1,6,13,400,11.1,4440.0
2020122304001359,LEMF,35,56,"2,000",10.0,20000.0
2020122304001358,LEMF,35,34,"1,000",9.99,9990.0
2020122304001357,LEMF,35,51,500,9.9,4950.0
2020122304001421,LUK,38,6,200,9.35,1870.0
2020122304001311,LUK,38,42,100,9.35,935.0
2020122304001226,LUK,38,55,100,9.35,935.0
2020122304001180,LUK,22,45,500,9.4,4700.0
2020122304001089,LUK,38,32,"2,000",9.39,18780.0
2020122304001054,LUK,22,13,100,9.4,940.0
2020122304001449,MMFDBP,33,35,179,517.0,92543.0
2020122304001459,NBF2,38,36,200,9.7,1940.0
2020122304001402,NBF2,38,38,"1,000",9.7,9700.0
2020122304001401,NBF2,38,45,500,9.7,4850.0
2020122304001098,NBF2,53,8,100,9.65,965.0
2020122304001255,NBF2,20,54,100,9.6,960.0
2020122304001118,NBF2,20,45,400,9.6,3840.0
2020122304001117,NBF2,42,45,100,9.64,964.0
2020122304001101,NBF2,53,55,500,9.66,4830.0
2020122304001100,NBF2,53,58,500,9.66,4830.0
2020122304001099,NBF2,53,59,100,9.66,966.0
2020122304001460,NEF,17,45,880,9.83,8650.4
2020122304001418,NEF,17,29,990,9.83,9731.7
2020122304001236,NEF,34,44,"1,207",9.82,11852.74
2020122304001235,NEF,34,42,483,9.82,4743.06
2020122304001234,NEF,34,59,242,9.82,2376.44
2020122304001195,NEF,17,59,"2,172",9.83,21350.76
2020122304001123,NEF,34,39,"10,138",9.82,99555.16
2020122304001030,NEF,17,41,"2,414",9.8,23657.2
2020122304001029,NEF,17,25,"5,632",9.8,55193.6
2020122304001023,NEF,13,16,483,9.81,4738.23
2020122304001009,NEF,34,14,"23,447",9.81,230015.07
2020122304001188,NEF,34,20,483,9.82,4743.06
2020122304001181,NEF,34,20,483,9.82,4743.06
2020122304001179,NEF,34,59,"2,414",9.82,23705.48
2020122304001166,NEF,34,20,483,9.82,4743.06
2020122304001160,NEF,34,20,483,9.82,4743.06
2020122304001145,NEF,34,33,"1,931",9.82,18962.42
2020122304001260,NIBD2082,19,49,20,1100.0,22000.0
2020122304001260,NIBD2082,19,49,20,1100.0,22000.0
2020122304001386,NIBLPF,34,47,"2,425",10.1,24492.5
2020122304001241,NIBLPF,59,42,"2,525",10.01,25275.25
2020122304001217,NIBLPF,59,42,960,10.01,9609.6
2020122304001027,NIBLPF,59,25,"3,602",10.01,36056.02
2020122304001026,NIBLPF,58,25,"2,500",10.02,25050.0
2020122304001025,NIBLPF,6,25,"2,475",10.03,24824.25
2020122304001222,NIBPO,34,58,238,449.0,106862.0
2020122304001196,NIBPO,34,28,700,449.0,314300.0
2020122304001097,NIBPO,25,58,"3,000",450.0,1350000.0
2020122304001096,NIBPO,34,58,500,451.0,225500.0
2020122304001443,NIBSF1,26,22,"10,000",11.15,111500.0
2020122304001442,NIBSF1,46,22,"1,000",11.16,11160.0
2020122304001441,NIBSF1,46,22,"1,000",11.16,11160.0
2020122304001052,NIBSF1,59,43,500,11.14,5570.0
2020122304001051,NIBSF1,26,43,"2,500",11.14,27850.0
2020122304001050,NIBSF1,46,43,"1,000",11.15,11150.0
2020122304001049,NIBSF1,46,43,"1,000",11.15,11150.0
2020122304001388,NICBF,6,17,"5,000",10.11,50550.0
2020122304001191,NICBF,6,35,"4,900",10.11,49539.0
2020122304001190,NICBF,47,35,100,10.12,1012.0
2020122304001122,NICBF,47,45,200,10.12,2024.0
2020122304001109,NICBF,47,55,200,10.12,2024.0
2020122304001039,NICBF,26,43,800,10.13,8104.0
2020122304001448,NICGF,17,42,200,10.35,2070.0
2020122304001447,NICGF,17,42,200,10.3,2060.0
2020122304001446,NICGF,17,58,"5,000",10.3,51500.0
2020122304001445,NICGF,17,8,500,10.3,5150.0
2020122304001432,NICGF,17,44,"10,000",10.29,102900.0
2020122304001220,NICGF,43,43,500,10.29,5145.0
2020122304001125,NICGF,43,45,100,10.26,1026.0
2020122304001061,NICGF,46,43,"1,000",10.29,10290.0
2020122304001005,NICGF,43,34,500,10.29,5145.0
2020122304001139,NMB50,8,45,200,10.1,2020.0
2020122304001489,NMBHF1,58,57,"1,385",10.02,13877.7
2020122304001488,NMBHF1,58,57,279,10.02,2795.58
2020122304001466,NMBHF1,58,8,"1,499",10.02,15019.98
2020122304001431,NMBHF1,58,57,"1,664",10.02,16673.28
2020122304001203,NMBHF1,58,59,"2,496",10.02,25009.92
2020122304001199,NMBHF1,58,59,"1,062",10.02,10641.24
2020122304001152,NMBHF1,58,47,654,10.02,6553.08
2020122304001151,NMBHF1,58,47,178,10.02,1783.56
2020122304001128,NMBHF1,58,39,"3,944",10.02,39518.88
2020122304001012,NMBHF1,58,25,878,10.02,8797.56
2020122304001011,NMBHF1,58,25,"2,277",10.02,22815.54
2020122304001198,NMBHF1,58,59,602,10.02,6032.04
2020122304001192,NMBHF1,58,20,832,10.02,8336.64
2020122304001187,NMBHF1,58,59,832,10.02,8336.64
2020122304001178,NMBHF1,58,42,416,10.02,4168.32
2020122304001171,NMBHF1,58,20,832,10.02,8336.64
2020122304001162,NMBHF1,58,20,832,10.02,8336.64
2020122304001409,PROFLP,45,42,"34,507",101.0,3485207.0
2020122304001399,PROFLP,45,42,"2,115",101.0,213615.0
2020122304001395,PROFLP,45,42,"3,723",101.0,376023.0
2020122304001394,PROFLP,45,42,"3,239",101.0,327139.0
2020122304001393,PROFLP,45,42,"3,239",101.0,327139.0
2020122304001392,PROFLP,45,42,"3,239",101.0,327139.0
2020122304001353,RBCLPO,17,33,100,13740.0,1374000.0
2020122304001352,RBCLPO,6,59,10,13750.0,137500.0
2020122304001313,RBCLPO,43,59,10,13750.0,137500.0
2020122304001272,RBCLPO,59,59,10,13750.0,137500.0
2020122304001271,RBCLPO,49,59,20,13750.0,275000.0
2020122304001270,RBCLPO,17,59,50,13800.0,690000.0
2020122304001174,SAEF,6,20,"1,000",11.01,11010.0
2020122304001158,SAEF,6,45,500,11.01,5505.0
2020122304001001,SAEF,6,13,500,11.01,5505.0
2020122304001093,SBIBD86,17,57,500,1050.0,525000.0
2020122304001429,SEF,8,33,"10,000",10.44,104400.0
2020122304001428,SEF,8,34,"1,000",10.4,10400.0
2020122304001424,SEF,8,33,"3,000",10.45,31350.0
2020122304001423,SEF,8,42,600,10.45,6270.0
2020122304001422,SEF,8,57,"2,000",10.45,20900.0
2020122304001407,SEF,6,29,"40,000",10.4,416000.0
2020122304001056,SEF,17,49,"10,000",10.4,104000.0
2020122304001354,SEF,6,45,"1,400",10.4,14560.0
2020122304001337,SEF,17,39,"1,000",10.37,10370.0
2020122304001315,SEF,17,45,"1,000",10.4,10400.0
2020122304001243,SEF,17,51,"8,500",10.4,88400.0
2020122304001240,SEF,17,38,"5,000",10.4,52000.0
2020122304001170,SEF,17,45,500,10.4,5200.0
2020122304001491,SGI,58,38,10,577.0,5770.0
2020122304001487,SGI,38,58,10,584.0,5840.0
2020122304001486,SGI,38,55,10,584.0,5840.0
2020122304001485,SGI,38,32,10,584.0,5840.0
2020122304001484,SGI,38,19,10,584.0,5840.0
2020122304001483,SGI,38,59,10,583.0,5830.0
2020122304001000,SGI,36,53,10,577.0,5770.0
2020122304000998,SGI,36,6,10,577.0,5770.0
2020122304001020,SGI,36,14,10,576.0,5760.0
2020122304001019,SGI,41,14,30,577.0,17310.0
2020122304001018,SGI,58,14,10,577.0,5770.0
2020122304001017,SGI,36,14,210,577.0,121170.0
2020122304001014,SGI,36,41,10,577.0,5770.0
2020122304001007,SGI,36,16,10,577.0,5770.0
2020122304001040,SGI,36,18,10,576.0,5760.0
2020122304001034,SGI,36,21,10,576.0,5760.0
2020122304001033,SGI,36,16,10,576.0,5760.0
2020122304001032,SGI,36,17,10,576.0,5760.0
2020122304001031,SGI,36,49,10,576.0,5760.0
2020122304001028,SGI,36,37,10,576.0,5760.0
2020122304001057,SGI,36,41,10,576.0,5760.0
2020122304001053,SGI,36,17,10,576.0,5760.0
2020122304001048,SGI,36,41,10,576.0,5760.0
2020122304001047,SGI,36,49,10,576.0,5760.0
2020122304001046,SGI,36,21,10,576.0,5760.0
2020122304001044,SGI,36,17,10,576.0,5760.0
2020122304001070,SGI,36,17,10,576.0,5760.0
2020122304001069,SGI,36,51,10,576.0,5760.0
2020122304001065,SGI,36,8,10,576.0,5760.0
2020122304001063,SGI,36,17,10,576.0,5760.0
2020122304001062,SGI,36,6,10,576.0,5760.0
2020122304001060,SGI,36,38,10,576.0,5760.0
2020122304001079,SGI,57,55,10,580.0,5800.0
2020122304001078,SGI,57,26,10,580.0,5800.0
2020122304001077,SGI,57,16,10,580.0,5800.0
2020122304001076,SGI,57,59,10,580.0,5800.0
2020122304001075,SGI,57,42,10,580.0,5800.0
2020122304001072,SGI,36,42,10,576.0,5760.0
2020122304001085,SGI,57,38,10,580.0,5800.0
2020122304001084,SGI,57,51,10,580.0,5800.0
2020122304001083,SGI,57,58,10,580.0,5800.0
2020122304001082,SGI,57,54,10,580.0,5800.0
2020122304001081,SGI,57,43,10,580.0,5800.0
2020122304001080,SGI,57,4,10,580.0,5800.0
2020122304001105,SGI,36,38,10,576.0,5760.0
2020122304001104,SGI,36,44,10,576.0,5760.0
2020122304001094,SGI,36,41,10,576.0,5760.0
2020122304001088,SGI,57,43,20,580.0,11600.0
2020122304001087,SGI,57,21,10,580.0,5800.0
2020122304001086,SGI,57,33,10,580.0,5800.0
2020122304001113,SGI,36,33,10,576.0,5760.0
2020122304001112,SGI,36,57,10,576.0,5760.0
2020122304001111,SGI,36,17,10,576.0,5760.0
2020122304001108,SGI,36,51,110,576.0,63360.0
2020122304001107,SGI,36,17,10,576.0,5760.0
2020122304001106,SGI,36,49,10,576.0,5760.0
2020122304001124,SGI,1,57,10,577.0,5770.0
2020122304001121,SGI,1,57,10,577.0,5770.0
2020122304001120,SGI,1,57,10,577.0,5770.0
2020122304001119,SGI,1,32,10,577.0,5770.0
2020122304001116,SGI,1,38,10,577.0,5770.0
2020122304001115,SGI,29,57,10,576.0,5760.0
2020122304001134,SGI,38,57,10,577.0,5770.0
2020122304001133,SGI,38,58,10,577.0,5770.0
2020122304001132,SGI,38,42,10,577.0,5770.0
2020122304001131,SGI,38,6,10,577.0,5770.0
2020122304001130,SGI,29,57,10,576.0,5760.0
2020122304001126,SGI,29,17,10,576.0,5760.0
2020122304001161,SGI,29,32,10,576.0,5760.0
2020122304001153,SGI,29,32,10,576.0,5760.0
2020122304001150,SGI,29,42,10,576.0,5760.0
2020122304001144,SGI,29,57,10,576.0,5760.0
2020122304001142,SGI,29,38,10,576.0,5760.0
2020122304001135,SGI,29,22,10,576.0,5760.0
2020122304001177,SGI,29,55,10,576.0,5760.0
2020122304001176,SGI,29,48,10,576.0,5760.0
2020122304001175,SGI,29,26,10,576.0,5760.0
2020122304001173,SGI,29,38,10,576.0,5760.0
2020122304001172,SGI,29,55,10,576.0,5760.0
2020122304001165,SGI,29,42,10,576.0,5760.0
2020122304001200,SGI,29,44,10,576.0,5760.0
2020122304001197,SGI,29,38,10,576.0,5760.0
2020122304001189,SGI,29,48,10,576.0,5760.0
2020122304001184,SGI,29,16,10,576.0,5760.0
2020122304001183,SGI,29,48,10,576.0,5760.0
2020122304001182,SGI,29,34,10,576.0,5760.0
2020122304001211,SGI,11,38,10,576.0,5760.0
2020122304001210,SGI,11,38,10,576.0,5760.0
2020122304001208,SGI,29,38,10,576.0,5760.0
2020122304001207,SGI,29,38,10,576.0,5760.0
2020122304001206,SGI,29,38,10,576.0,5760.0
2020122304001205,SGI,29,28,10,576.0,5760.0
2020122304001219,SGI,11,38,10,576.0,5760.0
2020122304001218,SGI,11,38,10,576.0,5760.0
2020122304001216,SGI,11,28,10,576.0,5760.0
2020122304001215,SGI,11,38,10,576.0,5760.0
2020122304001213,SGI,11,20,10,576.0,5760.0
2020122304001212,SGI,11,58,10,576.0,5760.0
2020122304001232,SGI,50,28,10,577.0,5770.0
2020122304001229,SGI,11,38,10,576.0,5760.0
2020122304001228,SGI,11,38,10,576.0,5760.0
2020122304001227,SGI,11,38,10,576.0,5760.0
2020122304001224,SGI,11,38,10,576.0,5760.0
2020122304001223,SGI,11,38,10,576.0,5760.0
2020122304001247,SGI,46,45,10,577.0,5770.0
2020122304001245,SGI,46,38,10,577.0,5770.0
2020122304001244,SGI,46,48,10,577.0,5770.0
2020122304001242,SGI,46,25,10,577.0,5770.0
2020122304001239,SGI,46,58,10,577.0,5770.0
2020122304001237,SGI,50,48,10,577.0,5770.0
2020122304001258,SGI,46,11,10,577.0,5770.0
2020122304001256,SGI,46,38,10,577.0,5770.0
2020122304001254,SGI,46,38,10,577.0,5770.0
2020122304001253,SGI,46,38,10,577.0,5770.0
2020122304001252,SGI,46,25,10,577.0,5770.0
2020122304001251,SGI,46,29,10,577.0,5770.0
2020122304001268,SGI,46,38,10,577.0,5770.0
2020122304001266,SGI,46,38,10,577.0,5770.0
2020122304001265,SGI,46,36,10,577.0,5770.0
2020122304001264,SGI,46,34,10,577.0,5770.0
2020122304001262,SGI,46,38,10,577.0,5770.0
2020122304001259,SGI,46,38,10,577.0,5770.0
2020122304001278,SGI,46,53,10,577.0,5770.0
2020122304001276,SGI,38,43,20,580.0,11600.0
2020122304001275,SGI,38,14,10,579.0,5790.0
2020122304001274,SGI,38,34,10,579.0,5790.0
2020122304001273,SGI,38,42,10,578.0,5780.0
2020122304001269,SGI,46,34,10,577.0,5770.0
2020122304001287,SGI,19,55,10,580.0,5800.0
2020122304001286,SGI,19,53,10,580.0,5800.0
2020122304001285,SGI,19,58,10,580.0,5800.0
2020122304001284,SGI,19,14,10,580.0,5800.0
2020122304001283,SGI,19,8,10,580.0,5800.0
2020122304001282,SGI,19,43,160,580.0,92800.0
2020122304001293,SGI,19,13,10,580.0,5800.0
2020122304001292,SGI,19,59,10,580.0,5800.0
2020122304001291,SGI,19,22,10,580.0,5800.0
2020122304001290,SGI,19,16,10,580.0,5800.0
2020122304001289,SGI,19,7,10,580.0,5800.0
2020122304001288,SGI,19,7,10,580.0,5800.0
2020122304001302,SGI,38,57,80,580.0,46400.0
2020122304001300,SGI,46,29,10,577.0,5770.0
2020122304001299,SGI,46,29,10,577.0,5770.0
2020122304001298,SGI,46,34,10,577.0,5770.0
2020122304001297,SGI,46,21,10,577.0,5770.0
2020122304001295,SGI,46,17,10,577.0,5770.0
2020122304001321,SGI,46,38,10,577.0,5770.0
2020122304001320,SGI,46,21,10,577.0,5770.0
2020122304001318,SGI,46,58,10,577.0,5770.0
2020122304001309,SGI,46,51,10,577.0,5770.0
2020122304001307,SGI,46,36,10,577.0,5770.0
2020122304001305,SGI,46,21,10,577.0,5770.0
2020122304001331,SGI,58,38,10,577.0,5770.0
2020122304001329,SGI,58,21,10,577.0,5770.0
2020122304001328,SGI,13,4,10,577.0,5770.0
2020122304001326,SGI,13,38,10,577.0,5770.0
2020122304001325,SGI,34,39,10,577.0,5770.0
2020122304001324,SGI,34,57,10,577.0,5770.0
2020122304001355,SGI,45,38,10,578.0,5780.0
2020122304001351,SGI,58,21,10,577.0,5770.0
2020122304001350,SGI,58,13,10,577.0,5770.0
2020122304001341,SGI,58,52,10,577.0,5770.0
2020122304001340,SGI,55,38,10,579.0,5790.0
2020122304001336,SGI,58,8,10,577.0,5770.0
2020122304001378,SGI,49,29,10,580.0,5800.0
2020122304001367,SGI,49,46,10,580.0,5800.0
2020122304001366,SGI,49,45,10,580.0,5800.0
2020122304001365,SGI,49,41,10,580.0,5800.0
2020122304001361,SGI,45,21,10,578.0,5780.0
2020122304001356,SGI,45,58,10,578.0,5780.0
2020122304001387,SGI,58,29,10,577.0,5770.0
2020122304001385,SGI,49,38,10,580.0,5800.0
2020122304001383,SGI,49,29,10,580.0,5800.0
2020122304001381,SGI,49,1,10,580.0,5800.0
2020122304001380,SGI,49,38,10,580.0,5800.0
2020122304001379,SGI,49,21,10,580.0,5800.0
2020122304001404,SGI,58,56,10,577.0,5770.0
2020122304001400,SGI,58,56,10,577.0,5770.0
2020122304001398,SGI,58,7,10,577.0,5770.0
2020122304001397,SGI,58,6,10,577.0,5770.0
2020122304001396,SGI,58,38,10,577.0,5770.0
2020122304001389,SGI,58,17,10,577.0,5770.0
2020122304001450,SGI,58,38,10,577.0,5770.0
2020122304001444,SGI,58,29,10,577.0,5770.0
2020122304001430,SGI,58,39,10,577.0,5770.0
2020122304001408,SGI,58,58,10,577.0,5770.0
2020122304001406,SGI,58,17,10,577.0,5770.0
2020122304001405,SGI,58,29,10,577.0,5770.0
2020122304001463,SGI,58,29,10,577.0,5770.0
2020122304001461,SGI,58,48,10,577.0,5770.0
2020122304001457,SGI,58,38,10,577.0,5770.0
2020122304001455,SGI,56,57,10,578.0,5780.0
2020122304001454,SGI,56,48,10,578.0,5780.0
2020122304001453,SGI,56,59,10,578.0,5780.0
2020122304001476,SGI,38,44,10,580.0,5800.0
2020122304001475,SGI,58,48,10,577.0,5770.0
2020122304001474,SGI,58,48,10,577.0,5770.0
2020122304001472,SGI,58,52,10,577.0,5770.0
2020122304001469,SGI,58,48,10,577.0,5770.0
2020122304001467,SGI,58,48,10,577.0,5770.0
2020122304001482,SGI,38,53,10,583.0,5830.0
2020122304001481,SGI,38,36,10,582.0,5820.0
2020122304001480,SGI,38,51,10,582.0,5820.0
2020122304001479,SGI,38,6,10,581.0,5810.0
2020122304001478,SGI,38,38,10,581.0,5810.0
2020122304001477,SGI,38,5,10,580.0,5800.0
2020122304001440,STC,11,36,10,5250.0,52500.0
2020122304001439,STC,58,36,10,5250.0,52500.0
2020122304000962,BBC,13,5,10,2750.0,27500.0
2020122304000961,BBC,34,5,100,2750.0,275000.0
2020122304000960,BBC,5,5,10,2750.0,27500.0
2020122304000959,BBC,46,5,10,2750.0,27500.0
2020122304000958,BBC,5,5,10,2750.0,27500.0
2020122304000957,BBC,55,5,15,2790.0,41850.0
2020122304000579,BBC,51,14,20,2751.0,55020.0
2020122304000951,BBC,38,5,50,2751.0,137550.0
2020122304000950,BBC,46,5,20,2751.0,55020.0
2020122304000949,BBC,13,5,10,2751.0,27510.0
2020122304000948,BBC,51,5,10,2751.0,27510.0
2020122304000785,BBC,51,36,20,2751.0,55020.0
2020122304000764,BBC,58,7,10,2800.0,28000.0
2020122304000850,CMF1,48,47,"1,000",9.94,9940.0
2020122304000997,GIC,16,46,10,556.0,5560.0
2020122304000994,GIC,16,58,10,556.0,5560.0
2020122304000986,GIC,16,6,10,556.0,5560.0
2020122304000985,GIC,16,38,10,556.0,5560.0
2020122304000979,GIC,16,6,10,556.0,5560.0
2020122304000971,GIC,16,45,10,556.0,5560.0
2020122304000505,GIC,51,52,40,560.0,22400.0
2020122304000500,GIC,29,6,10,559.0,5590.0
2020122304000498,GIC,29,49,10,559.0,5590.0
2020122304000511,GIC,51,13,10,560.0,5600.0
2020122304000510,GIC,51,58,10,560.0,5600.0
2020122304000509,GIC,51,46,10,560.0,5600.0
2020122304000508,GIC,51,58,10,560.0,5600.0
2020122304000507,GIC,51,41,10,560.0,5600.0
2020122304000506,GIC,51,38,10,560.0,5600.0
2020122304000528,GIC,29,8,10,559.0,5590.0
2020122304000525,GIC,29,58,10,559.0,5590.0
2020122304000523,GIC,29,1,10,559.0,5590.0
2020122304000522,GIC,29,41,10,559.0,5590.0
2020122304000517,GIC,29,25,10,559.0,5590.0
2020122304000512,GIC,29,50,10,559.0,5590.0
2020122304000545,GIC,13,38,80,558.0,44640.0
2020122304000543,GIC,13,41,10,558.0,5580.0
2020122304000542,GIC,29,42,10,559.0,5590.0
2020122304000539,GIC,29,44,10,559.0,5590.0
2020122304000532,GIC,29,41,10,559.0,5590.0
2020122304000531,GIC,29,21,10,559.0,5590.0
2020122304000566,GIC,39,41,10,556.0,5560.0
2020122304000565,GIC,39,57,10,556.0,5560.0
2020122304000562,GIC,39,55,10,556.0,5560.0
2020122304000559,GIC,32,43,10,556.0,5560.0
2020122304000553,GIC,32,42,10,556.0,5560.0
2020122304000546,GIC,50,38,100,558.0,55800.0
2020122304000585,GIC,39,26,10,556.0,5560.0
2020122304000583,GIC,39,26,10,556.0,5560.0
2020122304000582,GIC,39,47,10,556.0,5560.0
2020122304000580,GIC,39,28,10,556.0,5560.0
2020122304000577,GIC,39,55,10,556.0,5560.0
2020122304000570,GIC,39,41,10,556.0,5560.0
2020122304000605,GIC,37,56,10,555.0,5550.0
2020122304000598,GIC,37,35,90,555.0,49950.0
2020122304000596,GIC,49,35,10,556.0,5560.0
2020122304000593,GIC,11,33,10,557.0,5570.0
2020122304000592,GIC,49,53,10,556.0,5560.0
2020122304000590,GIC,39,45,10,556.0,5560.0
2020122304000627,GIC,21,42,10,556.0,5560.0
2020122304000626,GIC,21,47,10,556.0,5560.0
2020122304000620,GIC,37,49,10,555.0,5550.0
2020122304000616,GIC,37,50,10,555.0,5550.0
2020122304000615,GIC,37,57,10,555.0,5550.0
2020122304000606,GIC,37,39,10,555.0,5550.0
2020122304000659,GIC,21,22,10,556.0,5560.0
2020122304000648,GIC,21,50,10,556.0,5560.0
2020122304000643,GIC,21,58,10,556.0,5560.0
2020122304000630,GIC,21,21,10,556.0,5560.0
2020122304000629,GIC,21,44,10,556.0,5560.0
2020122304000628,GIC,21,45,10,556.0,5560.0
2020122304000668,GIC,21,48,160,556.0,88960.0
2020122304000667,GIC,21,5,10,556.0,5560.0
2020122304000666,GIC,58,6,80,557.0,44560.0
2020122304000665,GIC,58,56,10,557.0,5570.0
2020122304000664,GIC,58,16,10,557.0,5570.0
2020122304000662,GIC,21,50,10,556.0,5560.0
2020122304000686,GIC,21,38,120,556.0,66720.0
2020122304000682,GIC,21,8,10,556.0,5560.0
2020122304000679,GIC,21,49,10,556.0,5560.0
2020122304000678,GIC,21,21,10,556.0,5560.0
2020122304000676,GIC,21,45,10,556.0,5560.0
2020122304000671,GIC,21,32,10,556.0,5560.0
2020122304000698,GIC,21,28,10,556.0,5560.0
2020122304000696,GIC,21,58,10,556.0,5560.0
2020122304000695,GIC,21,29,10,556.0,5560.0
2020122304000694,GIC,21,35,10,556.0,5560.0
2020122304000691,GIC,21,57,10,556.0,5560.0
2020122304000688,GIC,21,59,10,556.0,5560.0
2020122304000723,GIC,37,38,10,555.0,5550.0
2020122304000721,GIC,37,57,10,555.0,5550.0
2020122304000717,GIC,37,57,10,555.0,5550.0
2020122304000713,GIC,37,47,10,555.0,5550.0
2020122304000709,GIC,37,56,10,555.0,5550.0
2020122304000700,GIC,21,43,10,556.0,5560.0
2020122304000737,GIC,38,6,20,557.0,11140.0
2020122304000736,GIC,34,38,10,555.0,5550.0
2020122304000735,GIC,41,4,10,555.0,5550.0
2020122304000726,GIC,41,4,10,555.0,5550.0
2020122304000725,GIC,58,13,10,555.0,5550.0
2020122304000724,GIC,37,38,10,555.0,5550.0
2020122304000748,GIC,34,38,10,555.0,5550.0
2020122304000746,GIC,34,39,10,555.0,5550.0
2020122304000745,GIC,34,4,10,555.0,5550.0
2020122304000740,GIC,34,38,10,555.0,5550.0
2020122304000739,GIC,38,14,10,557.0,5570.0
2020122304000738,GIC,38,48,10,557.0,5570.0
2020122304000763,GIC,54,38,10,555.0,5550.0
2020122304000762,GIC,54,44,25,555.0,13875.0
2020122304000761,GIC,54,28,10,555.0,5550.0
2020122304000754,GIC,54,21,10,555.0,5550.0
2020122304000750,GIC,34,4,10,555.0,5550.0
2020122304000749,GIC,34,55,10,555.0,5550.0
2020122304000786,GIC,6,38,10,556.0,5560.0
2020122304000783,GIC,6,38,10,556.0,5560.0
2020122304000779,GIC,6,38,10,556.0,5560.0
2020122304000777,GIC,6,32,10,556.0,5560.0
2020122304000773,GIC,54,58,10,555.0,5550.0
2020122304000769,GIC,54,38,10,555.0,5550.0
2020122304000809,GIC,22,41,10,555.0,5550.0
2020122304000807,GIC,22,51,10,555.0,5550.0
2020122304000793,GIC,22,1,10,555.0,5550.0
2020122304000791,GIC,22,4,10,555.0,5550.0
2020122304000789,GIC,22,50,50,555.0,27750.0
2020122304000788,GIC,6,50,10,556.0,5560.0
2020122304000822,GIC,22,57,10,555.0,5550.0
2020122304000821,GIC,36,39,10,556.0,5560.0
2020122304000814,GIC,36,11,10,556.0,5560.0
2020122304000813,GIC,36,3,10,556.0,5560.0
2020122304000811,GIC,36,46,10,556.0,5560.0
2020122304000810,GIC,36,39,10,556.0,5560.0
2020122304000834,GIC,52,4,10,556.0,5560.0
2020122304000833,GIC,52,41,10,556.0,5560.0
2020122304000831,GIC,52,38,10,556.0,5560.0
2020122304000830,GIC,52,6,10,556.0,5560.0
2020122304000829,GIC,52,35,10,556.0,5560.0
2020122304000824,GIC,22,1,10,555.0,5550.0
2020122304000847,GIC,34,25,10,557.0,5570.0
2020122304000846,GIC,16,4,10,556.0,5560.0
2020122304000839,GIC,16,38,10,556.0,5560.0
2020122304000838,GIC,16,42,10,556.0,5560.0
2020122304000837,GIC,16,4,10,556.0,5560.0
2020122304000835,GIC,22,42,10,555.0,5550.0
2020122304000869,GIC,16,52,10,556.0,5560.0
2020122304000866,GIC,16,21,10,556.0,5560.0
2020122304000853,GIC,34,42,10,557.0,5570.0
2020122304000852,GIC,34,39,10,557.0,5570.0
2020122304000849,GIC,34,42,10,557.0,5570.0
2020122304000848,GIC,34,57,10,557.0,5570.0
2020122304000879,GIC,16,25,10,556.0,5560.0
2020122304000878,GIC,16,35,10,556.0,5560.0
2020122304000877,GIC,16,36,10,556.0,5560.0
2020122304000876,GIC,16,55,10,556.0,5560.0
2020122304000875,GIC,16,38,10,556.0,5560.0
2020122304000870,GIC,16,55,10,556.0,5560.0
2020122304000894,GIC,16,22,10,556.0,5560.0
2020122304000893,GIC,16,37,10,556.0,5560.0
2020122304000891,GIC,16,19,10,556.0,5560.0
2020122304000889,GIC,16,41,10,556.0,5560.0
2020122304000888,GIC,16,37,10,556.0,5560.0
2020122304000887,GIC,16,29,10,556.0,5560.0
2020122304000908,GIC,16,37,10,556.0,5560.0
2020122304000905,GIC,16,55,10,556.0,5560.0
2020122304000904,GIC,16,37,10,556.0,5560.0
2020122304000900,GIC,16,37,10,556.0,5560.0
2020122304000899,GIC,16,5,10,556.0,5560.0
2020122304000896,GIC,16,37,10,556.0,5560.0
2020122304000918,GIC,16,37,10,556.0,5560.0
2020122304000915,GIC,16,10,10,556.0,5560.0
2020122304000914,GIC,16,55,10,556.0,5560.0
2020122304000912,GIC,16,28,10,556.0,5560.0
2020122304000911,GIC,16,37,10,556.0,5560.0
2020122304000910,GIC,16,55,10,556.0,5560.0
2020122304000927,GIC,16,37,10,556.0,5560.0
2020122304000926,GIC,16,28,10,556.0,5560.0
2020122304000924,GIC,16,37,10,556.0,5560.0
2020122304000922,GIC,16,36,10,556.0,5560.0
2020122304000921,GIC,16,49,10,556.0,5560.0
2020122304000920,GIC,16,37,10,556.0,5560.0
2020122304000968,GIC,16,19,10,556.0,5560.0
2020122304000963,GIC,16,38,10,556.0,5560.0
2020122304000954,GIC,16,21,10,556.0,5560.0
2020122304000942,GIC,16,38,10,556.0,5560.0
2020122304000936,GIC,16,26,10,556.0,5560.0
2020122304000935,GIC,16,21,10,556.0,5560.0
2020122304000701,GIMES1,3,51,"20,000",11.09,221800.0
2020122304000568,LEMF,53,34,"4,000",9.99,39960.0
2020122304000567,LEMF,53,41,"1,000",9.99,9990.0
2020122304000872,LUK,22,22,460,9.4,4324.0
2020122304000867,LUK,22,45,"1,000",9.35,9350.0
2020122304000865,LUK,22,13,500,9.3,4650.0
2020122304000863,LUK,38,47,100,9.17,917.0
2020122304000591,LUK,34,45,200,9.15,1830.0
2020122304000857,NBF2,20,47,310,9.55,2960.5
2020122304000856,NBF2,45,47,190,9.55,1814.5
2020122304000854,NBF2,45,18,100,9.55,955.0
2020122304000805,NBF2,45,28,110,9.55,1050.5
2020122304000802,NBF2,45,53,500,9.55,4775.0
2020122304000722,NBF2,45,36,100,9.55,955.0
2020122304000548,NBF2,49,49,500,9.52,4760.0
2020122304000513,NBF2,49,45,500,9.52,4760.0
2020122304000636,NBF2,8,25,100,9.53,953.0
2020122304000595,NBF2,8,39,600,9.53,5718.0
2020122304000594,NBF2,28,39,400,9.55,3820.0
2020122304000578,NBF2,28,40,100,9.55,955.0
2020122304000992,NEF,59,14,"10,000",9.81,98100.0
2020122304000991,NEF,59,14,"10,000",9.82,98200.0
2020122304000990,NEF,6,14,"2,103",9.82,20651.46
2020122304000916,NEF,6,33,"1,931",9.81,18943.11
2020122304000895,NEF,6,51,483,9.81,4738.23
2020122304000881,NEF,6,32,483,9.81,4738.23
2020122304000587,NEF,49,5,"4,828",9.75,47073.0
2020122304000533,NEF,49,10,"3,089",9.75,30117.75
2020122304000704,NEF,49,6,"5,508",9.75,53703.0
2020122304000693,NEF,49,5,"1,438",9.75,14020.5
2020122304000692,NEF,59,5,976,9.76,9525.76
2020122304000690,NEF,59,6,"9,024",9.76,88074.24
2020122304000689,NEF,58,6,"2,000",9.76,19520.0
2020122304000617,NEF,49,39,"4,828",9.75,47073.0
2020122304000836,NEF,17,52,"1,441",9.8,14121.8
2020122304000818,NEF,17,33,"1,931",9.8,18923.8
2020122304000787,NEF,49,33,"1,931",9.75,18827.25
2020122304000718,NEF,49,22,966,9.75,9418.5
2020122304000710,NEF,26,29,"1,000",9.87,9870.0
2020122304000705,NEF,49,6,"4,947",9.75,48233.25
2020122304000901,NIBLPF,6,6,"2,525",10.03,25325.75
2020122304000827,NIBLPF,29,47,100,10.1,1010.0
2020122304000806,NIBLPF,59,32,"2,525",10.01,25275.25
2020122304000797,NIBLPF,14,47,"2,525",10.0,25250.0
2020122304000702,NIBLPF,14,22,"1,010",10.0,10100.0
2020122304000658,NIBLPF,58,47,"3,485",10.1,35198.5
2020122304000588,NIBLPF,17,5,"3,283",10.0,32830.0
2020122304000554,NIBLPF,14,8,505,10.0,5050.0
2020122304000547,NIBLPF,34,42,505,9.96,5029.8
2020122304000657,NIBLPF,14,29,"2,525",10.0,25250.0
2020122304000655,NIBLPF,14,29,"2,525",10.0,25250.0
2020122304000649,NIBLPF,14,29,"2,525",10.0,25250.0
2020122304000647,NIBLPF,14,29,"2,525",10.0,25250.0
2020122304000644,NIBLPF,14,29,"2,525",10.0,25250.0
2020122304000589,NIBLPF,14,5,"1,767",10.0,17670.0
2020122304000965,NIBPO,35,16,"1,000",455.0,455000.0
2020122304000956,NIBPO,54,16,"1,980",455.0,900900.0
2020122304000955,NIBPO,54,46,20,454.0,9080.0
2020122304000868,NIBPO,25,5,"2,000",450.0,900000.0
2020122304000823,NIBPO,4,6,452,450.0,203400.0
2020122304000670,NIBPO,19,5,"1,000",450.0,450000.0
2020122304000564,NIBPO,8,5,500,450.0,225000.0
2020122304000563,NIBPO,42,5,500,451.0,225500.0
2020122304000903,NIBSF1,26,54,500,11.14,5570.0
2020122304000771,NIBSF1,59,16,917,11.13,10206.21
2020122304000770,NIBSF1,26,16,"4,300",11.13,47859.0
2020122304000641,NIBSF1,32,34,"1,000",11.3,11300.0
2020122304000976,NICAD8283,19,57,100,1150.0,115000.0
2020122304000974,NICBF,26,38,200,10.13,2026.0
2020122304000792,NICBF,6,49,500,10.11,5055.0
2020122304000618,NICBF,8,41,400,10.07,4028.0
2020122304000603,NICBF,14,41,600,10.12,6072.0
2020122304000560,NICBF,14,59,"49,400",10.12,499928.0
2020122304000551,NICBF,6,59,"50,000",10.12,506000.0
2020122304000550,NICBF,26,59,600,10.13,6078.0
2020122304000515,NICBF,26,45,200,10.13,2026.0
2020122304000502,NICBF,14,58,"2,000",10.2,20400.0
2020122304000970,NICGF,26,38,100,10.25,1025.0
2020122304000864,NICGF,43,34,500,10.25,5125.0
2020122304000860,NICGF,26,47,"1,000",10.21,10210.0
2020122304000661,NICGF,58,11,500,10.16,5080.0
2020122304000600,NICGF,49,59,"62,850",10.25,644212.5
2020122304000541,NICGF,49,59,"11,300",10.25,115825.0
2020122304000538,NICGF,49,59,"38,700",10.25,396675.0
2020122304000537,NICGF,17,59,"44,000",10.25,451000.0
2020122304000536,NICGF,57,59,"12,800",10.26,131328.0
2020122304000535,NICGF,48,59,"3,500",10.26,35910.0
2020122304000534,NICGF,26,59,"1,000",10.27,10270.0
2020122304000518,NICGF,34,45,100,10.3,1030.0
2020122304000672,NMB50,35,44,100,10.5,1050.0
2020122304000604,NMB50,35,49,"5,500",10.3,56650.0
2020122304000597,NMB50,45,49,"1,500",10.3,15450.0
2020122304000520,NMB50,8,45,200,10.1,2020.0
2020122304000946,NMBHF1,58,39,"1,664",10.02,16673.28
2020122304000930,NMBHF1,58,51,832,10.02,8336.64
2020122304000907,NMBHF1,58,6,227,10.02,2274.54
2020122304000906,NMBHF1,58,6,"4,584",10.02,45931.68
2020122304000843,NMBHF1,58,32,416,10.02,4168.32
2020122304000760,NMBHF1,17,49,"7,161",10.01,71681.61
2020122304000680,NMBHF1,58,57,"3,900",10.01,39039.0
2020122304000669,NMBHF1,58,57,"2,000",10.01,20020.0
2020122304000624,NMBHF1,16,36,262,10.05,2633.1
2020122304000581,NMBHF1,16,41,"4,161",10.05,41818.05
2020122304000516,NMBHF1,16,22,"1,577",10.05,15848.85
2020122304000759,NMBHF1,58,49,"5,000",10.01,50050.0
2020122304000716,NMBHF1,8,5,"5,397",10.0,53970.0
2020122304000715,NMBHF1,58,5,"3,000",10.01,30030.0
2020122304000714,NMBHF1,41,5,"6,603",10.06,66426.18
2020122304000707,NMBHF1,41,51,"1,664",10.06,16739.84
2020122304000706,NMBHF1,41,36,"2,733",10.05,27466.65
2020122304000995,RBCLPO,17,33,35,13900.0,486500.0
2020122304000993,RBCLPO,54,28,10,13995.0,139950.0
2020122304000886,RBCLPO,6,38,10,13734.0,137340.0
2020122304000885,RBCLPO,22,38,10,13740.0,137400.0
2020122304000794,RBCLPO,6,45,20,14000.0,280000.0
2020122304000673,RBCLPO,22,34,10,14014.0,140140.0
2020122304000969,SAEF,6,43,"2,500",11.01,27525.0
2020122304000855,SAEF,17,6,"3,000",11.0,33000.0
2020122304000776,SAEF,17,26,100,11.0,1100.0
2020122304000768,SAEF,17,26,100,11.0,1100.0
2020122304000767,SAEF,17,59,"18,250",11.0,200750.0
2020122304000712,SAEF,17,17,300,11.0,3300.0
2020122304000529,SAEF,34,45,500,11.01,5505.0
2020122304000711,SAEF,17,33,"7,040",11.0,77440.0
2020122304000656,SAEF,17,33,"8,960",11.0,98560.0
2020122304000646,SAEF,17,33,"39,400",11.0,433400.0
2020122304000645,SAEF,34,33,"8,600",11.01,94686.0
2020122304000638,SAEF,34,20,500,11.01,5505.0
2020122304000561,SAEF,34,42,200,11.01,2202.0
2020122304000917,SEF,17,6,"5,000",10.4,52000.0
2020122304000902,SEF,17,43,"5,000",10.4,52000.0
2020122304000817,SEF,17,52,"3,000",10.4,31200.0
2020122304000801,SEF,17,59,"5,000",10.4,52000.0
2020122304000798,SEF,17,21,"1,000",10.4,10400.0
2020122304000733,SEF,17,21,"1,000",10.4,10400.0
2020122304000663,SEF,17,21,"1,000",10.4,10400.0
2020122304000519,SEF,17,14,"4,000",10.4,41600.0
2020122304000499,SEF,6,45,500,10.36,5180.0
2020122304000619,SFMF,29,28,350,9.9,3465.0
2020122304000527,SFMF,29,45,200,9.9,1980.0
2020122304000996,SGI,36,52,10,577.0,5770.0
2020122304000989,SGI,36,38,10,577.0,5770.0
2020122304000988,SGI,36,6,10,577.0,5770.0
2020122304000987,SGI,36,6,10,577.0,5770.0
2020122304000984,SGI,36,45,10,577.0,5770.0
2020122304000983,SGI,8,49,10,579.0,5790.0
2020122304000501,SGI,25,45,10,578.0,5780.0
2020122304000540,SGI,41,25,10,577.0,5770.0
2020122304000530,SGI,41,21,10,577.0,5770.0
2020122304000526,SGI,54,45,10,578.0,5780.0
2020122304000521,SGI,54,5,10,578.0,5780.0
2020122304000514,SGI,25,49,10,578.0,5780.0
2020122304000504,SGI,25,22,10,578.0,5780.0
2020122304000572,SGI,52,47,50,576.0,28800.0
2020122304000571,SGI,41,47,30,577.0,17310.0
2020122304000569,SGI,41,16,10,577.0,5770.0
2020122304000558,SGI,41,56,10,577.0,5770.0
2020122304000552,SGI,41,35,10,577.0,5770.0
2020122304000549,SGI,41,43,10,577.0,5770.0
2020122304000586,SGI,38,47,10,576.0,5760.0
2020122304000584,SGI,54,33,10,578.0,5780.0
2020122304000576,SGI,38,26,10,576.0,5760.0
2020122304000575,SGI,38,59,10,576.0,5760.0
2020122304000574,SGI,38,26,10,576.0,5760.0
2020122304000573,SGI,38,47,120,576.0,69120.0
2020122304000609,SGI,34,53,10,576.0,5760.0
2020122304000608,SGI,4,53,20,576.0,11520.0
2020122304000607,SGI,38,53,60,576.0,34560.0
2020122304000602,SGI,38,39,10,576.0,5760.0
2020122304000601,SGI,38,58,10,576.0,5760.0
2020122304000599,SGI,11,42,10,577.0,5770.0
2020122304000621,SGI,41,16,10,575.0,5750.0
2020122304000614,SGI,41,53,60,575.0,34500.0
2020122304000613,SGI,38,53,100,575.0,57500.0
2020122304000612,SGI,19,53,30,575.0,17250.0
2020122304000611,SGI,41,53,15,575.0,8625.0
2020122304000610,SGI,52,53,200,575.0,115000.0
2020122304000635,SGI,38,53,75,575.0,43125.0
2020122304000634,SGI,36,53,100,575.0,57500.0
2020122304000633,SGI,22,53,100,575.0,57500.0
2020122304000632,SGI,41,53,10,575.0,5750.0
2020122304000631,SGI,41,50,10,575.0,5750.0
2020122304000623,SGI,41,39,10,575.0,5750.0
2020122304000675,SGI,14,1,10,574.0,5740.0
2020122304000674,SGI,14,50,10,574.0,5740.0
2020122304000660,SGI,14,44,10,574.0,5740.0
2020122304000642,SGI,38,35,105,575.0,60375.0
2020122304000640,SGI,38,50,10,575.0,5750.0
2020122304000639,SGI,38,44,10,575.0,5750.0
2020122304000697,SGI,14,34,10,574.0,5740.0
2020122304000687,SGI,14,58,10,574.0,5740.0
2020122304000685,SGI,14,8,10,574.0,5740.0
2020122304000684,SGI,14,46,10,574.0,5740.0
2020122304000683,SGI,14,5,90,574.0,51660.0
2020122304000681,SGI,14,35,25,574.0,14350.0
2020122304000727,SGI,14,57,10,574.0,5740.0
2020122304000720,SGI,14,38,10,574.0,5740.0
2020122304000719,SGI,14,42,10,574.0,5740.0
2020122304000708,SGI,38,6,100,575.0,57500.0
2020122304000703,SGI,14,13,10,574.0,5740.0
2020122304000699,SGI,14,35,10,574.0,5740.0
2020122304000734,SGI,57,56,10,575.0,5750.0
2020122304000732,SGI,57,40,10,575.0,5750.0
2020122304000731,SGI,57,58,10,575.0,5750.0
2020122304000730,SGI,57,28,10,575.0,5750.0
2020122304000729,SGI,57,46,10,575.0,5750.0
2020122304000728,SGI,57,6,400,575.0,230000.0
2020122304000751,SGI,57,38,10,575.0,5750.0
2020122304000747,SGI,57,38,10,575.0,5750.0
2020122304000744,SGI,57,41,10,575.0,5750.0
2020122304000743,SGI,57,17,10,575.0,5750.0
2020122304000742,SGI,57,57,10,575.0,5750.0
2020122304000741,SGI,57,38,10,575.0,5750.0
2020122304000758,SGI,57,38,10,575.0,5750.0
2020122304000757,SGI,57,21,10,575.0,5750.0
2020122304000756,SGI,57,39,10,575.0,5750.0
2020122304000755,SGI,57,38,10,575.0,5750.0
2020122304000753,SGI,57,29,10,575.0,5750.0
2020122304000752,SGI,57,38,10,575.0,5750.0
2020122304000778,SGI,14,44,10,574.0,5740.0
2020122304000775,SGI,14,38,10,574.0,5740.0
2020122304000774,SGI,14,45,10,574.0,5740.0
2020122304000772,SGI,57,51,10,575.0,5750.0
2020122304000766,SGI,57,48,10,575.0,5750.0
2020122304000765,SGI,57,38,10,575.0,5750.0
2020122304000795,SGI,14,34,10,574.0,5740.0
2020122304000790,SGI,14,38,10,574.0,5740.0
2020122304000784,SGI,14,39,10,574.0,5740.0
2020122304000782,SGI,14,17,10,574.0,5740.0
2020122304000781,SGI,14,39,10,574.0,5740.0
2020122304000780,SGI,14,58,10,574.0,5740.0
2020122304000815,SGI,50,3,10,575.0,5750.0
2020122304000812,SGI,50,44,10,575.0,5750.0
2020122304000804,SGI,50,56,10,575.0,5750.0
2020122304000800,SGI,50,34,10,575.0,5750.0
2020122304000799,SGI,50,1,10,575.0,5750.0
2020122304000796,SGI,50,42,10,575.0,5750.0
2020122304000828,SGI,36,36,10,576.0,5760.0
2020122304000826,SGI,36,39,10,576.0,5760.0
2020122304000825,SGI,36,21,10,576.0,5760.0
2020122304000820,SGI,50,19,10,575.0,5750.0
2020122304000819,SGI,50,1,10,575.0,5750.0
2020122304000816,SGI,45,25,10,577.0,5770.0
2020122304000845,SGI,36,48,10,576.0,5760.0
2020122304000844,SGI,36,45,10,576.0,5760.0
2020122304000842,SGI,36,44,10,576.0,5760.0
2020122304000841,SGI,50,45,10,578.0,5780.0
2020122304000840,SGI,50,7,10,577.0,5770.0
2020122304000832,SGI,36,58,10,576.0,5760.0
2020122304000871,SGI,36,58,10,576.0,5760.0
2020122304000862,SGI,38,56,10,577.0,5770.0
2020122304000861,SGI,38,46,10,577.0,5770.0
2020122304000859,SGI,36,42,10,576.0,5760.0
2020122304000858,SGI,36,42,10,576.0,5760.0
2020122304000851,SGI,36,4,10,576.0,5760.0
2020122304000884,SGI,52,52,10,577.0,5770.0
2020122304000883,SGI,52,44,10,577.0,5770.0
2020122304000882,SGI,52,25,10,577.0,5770.0
2020122304000880,SGI,52,34,10,577.0,5770.0
2020122304000874,SGI,52,29,10,577.0,5770.0
2020122304000873,SGI,52,54,10,577.0,5770.0
2020122304000913,SGI,52,21,10,577.0,5770.0
2020122304000909,SGI,52,35,10,577.0,5770.0
2020122304000898,SGI,52,38,10,577.0,5770.0
2020122304000897,SGI,52,38,10,577.0,5770.0
2020122304000892,SGI,52,29,10,577.0,5770.0
2020122304000890,SGI,52,28,10,577.0,5770.0
2020122304000931,SGI,52,55,10,577.0,5770.0
2020122304000929,SGI,52,28,10,577.0,5770.0
2020122304000928,SGI,52,55,10,577.0,5770.0
2020122304000925,SGI,52,55,10,577.0,5770.0
2020122304000923,SGI,52,42,10,577.0,5770.0
2020122304000919,SGI,52,22,10,577.0,5770.0
2020122304000939,SGI,36,37,10,577.0,5770.0
2020122304000938,SGI,36,37,10,577.0,5770.0
2020122304000937,SGI,36,37,10,577.0,5770.0
2020122304000934,SGI,36,37,10,577.0,5770.0
2020122304000933,SGI,52,58,10,577.0,5770.0
2020122304000932,SGI,52,37,10,577.0,5770.0
2020122304000947,SGI,36,41,10,577.0,5770.0
2020122304000945,SGI,36,37,10,577.0,5770.0
2020122304000944,SGI,36,37,10,577.0,5770.0
2020122304000943,SGI,36,36,10,577.0,5770.0
2020122304000941,SGI,36,29,10,577.0,5770.0
2020122304000940,SGI,36,37,10,577.0,5770.0
2020122304000973,SGI,42,10,10,579.0,5790.0
2020122304000972,SGI,42,58,10,578.0,5780.0
2020122304000967,SGI,36,38,10,577.0,5770.0
2020122304000966,SGI,36,42,10,577.0,5770.0
2020122304000964,SGI,36,45,10,577.0,5770.0
2020122304000953,SGI,36,37,10,577.0,5770.0
2020122304000982,SGI,36,51,10,577.0,5770.0
2020122304000981,SGI,36,14,10,577.0,5770.0
2020122304000980,SGI,36,41,10,577.0,5770.0
2020122304000978,SGI,36,14,10,577.0,5770.0
2020122304000977,SGI,36,45,10,577.0,5770.0
2020122304000975,SGI,36,49,10,577.0,5770.0
2020122304000952,STC,19,52,10,5300.0,53000.0
2020122304000808,STC,52,56,61,5200.0,317200.0
2020122304000803,STC,52,14,12,5190.0,62280.0
2020122304000677,STC,58,14,10,5195.0,51950.0
2020122304000654,STC,42,56,10,5200.0,52000.0
2020122304000653,STC,3,56,10,5200.0,52000.0
2020122304000557,STC,34,10,10,5300.0,53000.0
2020122304000556,STC,33,10,80,5300.0,424000.0
2020122304000555,STC,59,10,30,5340.0,160200.0
2020122304000544,STC,4,3,20,5350.0,107000.0
2020122304000524,STC,14,55,16,5355.0,85680.0
2020122304000503,STC,52,28,20,5350.0,107000.0
2020122304000652,STC,38,56,50,5200.0,260000.0
2020122304000651,STC,55,56,10,5200.0,52000.0
2020122304000650,STC,52,56,10,5243.0,52430.0
2020122304000637,STC,58,21,10,5270.0,52700.0
2020122304000625,STC,45,21,10,5290.0,52900.0
2020122304000622,STC,52,42,10,5300.0,53000.0
2020122304000483,BBC,6,36,10,2805.0,28050.0
2020122304000403,BBC,5,57,15,2804.0,42060.0
2020122304000392,BBC,43,50,20,2800.0,56000.0
2020122304000037,BBC,46,22,10,2805.0,28050.0
2020122304000029,BBC,5,14,10,2805.0,28050.0
2020122304000401,CMF1,6,26,100,9.91,991.0
2020122304000277,CMF1,19,57,500,9.87,4935.0
2020122304000270,CMF1,19,57,500,10.06,5030.0
2020122304000269,CMF1,19,41,"1,000",10.06,10060.0
2020122304000268,CMF1,19,7,"5,000",10.06,50300.0
2020122304000042,CMF1,43,14,200,10.26,2052.0
2020122304000489,GIC,29,16,10,559.0,5590.0
2020122304000475,GIC,29,41,10,559.0,5590.0
2020122304000474,GIC,29,45,10,559.0,5590.0
2020122304000472,GIC,29,33,10,559.0,5590.0
2020122304000469,GIC,29,57,10,559.0,5590.0
2020122304000467,GIC,29,39,10,559.0,5590.0
2020122304000012,GIC,37,33,490,561.0,274890.0
2020122304000011,GIC,37,58,10,558.0,5580.0
2020122304000008,GIC,16,44,10,551.0,5510.0
2020122304000003,GIC,43,44,10,550.0,5500.0
2020122304000001,GIC,43,56,10,550.0,5500.0
2020122304000032,GIC,41,44,10,559.0,5590.0
2020122304000030,GIC,41,55,10,559.0,5590.0
2020122304000020,GIC,11,43,100,569.0,56900.0
2020122304000019,GIC,29,58,10,562.0,5620.0
2020122304000018,GIC,29,33,10,562.0,5620.0
2020122304000017,GIC,29,42,10,562.0,5620.0
2020122304000056,GIC,19,58,10,558.0,5580.0
2020122304000053,GIC,19,45,10,558.0,5580.0
2020122304000045,GIC,58,33,15,559.0,8385.0
2020122304000044,GIC,19,38,10,558.0,5580.0
2020122304000034,GIC,19,25,10,558.0,5580.0
2020122304000033,GIC,19,25,10,558.0,5580.0
2020122304000063,GIC,13,41,10,558.0,5580.0
2020122304000062,GIC,32,21,10,560.0,5600.0
2020122304000061,GIC,32,19,10,560.0,5600.0
2020122304000060,GIC,32,47,10,560.0,5600.0
2020122304000059,GIC,32,29,10,560.0,5600.0
2020122304000058,GIC,32,6,10,559.0,5590.0
2020122304000086,GIC,29,38,10,559.0,5590.0
2020122304000085,GIC,29,7,10,559.0,5590.0
2020122304000083,GIC,29,44,10,559.0,5590.0
2020122304000074,GIC,29,29,10,559.0,5590.0
2020122304000073,GIC,29,56,10,559.0,5590.0
2020122304000070,GIC,29,36,10,559.0,5590.0
2020122304000108,GIC,29,58,10,559.0,5590.0
2020122304000102,GIC,29,16,10,559.0,5590.0
2020122304000098,GIC,29,39,10,559.0,5590.0
2020122304000093,GIC,29,43,10,559.0,5590.0
2020122304000092,GIC,22,58,20,560.0,11200.0
2020122304000090,GIC,29,43,10,559.0,5590.0
2020122304000135,GIC,41,14,10,560.0,5600.0
2020122304000133,GIC,41,42,10,560.0,5600.0
2020122304000130,GIC,29,49,10,560.0,5600.0
2020122304000129,GIC,29,40,10,560.0,5600.0
2020122304000128,GIC,29,58,30,560.0,16800.0
2020122304000125,GIC,29,34,10,559.0,5590.0
2020122304000146,GIC,41,17,10,560.0,5600.0
2020122304000143,GIC,29,38,10,561.0,5610.0
2020122304000142,GIC,29,41,10,561.0,5610.0
2020122304000140,GIC,41,43,10,560.0,5600.0
2020122304000139,GIC,41,21,10,560.0,5600.0
2020122304000138,GIC,41,25,10,560.0,5600.0
2020122304000162,GIC,42,46,10,565.0,5650.0
2020122304000161,GIC,42,57,10,564.0,5640.0
2020122304000160,GIC,42,41,10,561.0,5610.0
2020122304000151,GIC,41,45,10,560.0,5600.0
2020122304000149,GIC,41,43,10,560.0,5600.0
2020122304000148,GIC,41,4,10,560.0,5600.0
2020122304000168,GIC,42,32,10,565.0,5650.0
2020122304000167,GIC,42,35,10,565.0,5650.0
2020122304000166,GIC,42,35,10,565.0,5650.0
2020122304000165,GIC,42,48,10,565.0,5650.0
2020122304000164,GIC,42,58,10,565.0,5650.0
2020122304000163,GIC,42,55,10,565.0,5650.0
2020122304000195,GIC,42,48,50,565.0,28250.0
2020122304000191,GIC,42,53,10,565.0,5650.0
2020122304000188,GIC,42,58,10,565.0,5650.0
2020122304000179,GIC,42,4,10,565.0,5650.0
2020122304000178,GIC,42,4,10,565.0,5650.0
2020122304000174,GIC,42,42,10,565.0,5650.0
2020122304000217,GIC,42,49,60,565.0,33900.0
2020122304000209,GIC,42,54,10,565.0,5650.0
2020122304000204,GIC,42,21,10,565.0,5650.0
2020122304000200,GIC,42,4,10,565.0,5650.0
2020122304000199,GIC,42,59,10,565.0,5650.0
2020122304000197,GIC,42,42,10,565.0,5650.0
2020122304000238,GIC,32,51,10,560.0,5600.0
2020122304000232,GIC,32,17,10,560.0,5600.0
2020122304000230,GIC,32,11,10,560.0,5600.0
2020122304000222,GIC,41,36,10,560.0,5600.0
2020122304000221,GIC,34,49,200,565.0,113000.0
2020122304000218,GIC,49,49,55,565.0,31075.0
2020122304000260,GIC,34,58,10,564.0,5640.0
2020122304000250,GIC,34,14,10,560.0,5600.0
2020122304000246,GIC,34,43,10,560.0,5600.0
2020122304000244,GIC,34,32,10,560.0,5600.0
2020122304000243,GIC,32,51,10,560.0,5600.0
2020122304000240,GIC,32,59,10,560.0,5600.0
2020122304000280,GIC,34,49,10,560.0,5600.0
2020122304000276,GIC,34,41,10,560.0,5600.0
2020122304000272,GIC,34,7,10,560.0,5600.0
2020122304000265,GIC,34,47,10,560.0,5600.0
2020122304000262,GIC,34,14,10,560.0,5600.0
2020122304000261,GIC,34,51,10,560.0,5600.0
2020122304000321,GIC,48,38,10,561.0,5610.0
2020122304000303,GIC,48,44,10,561.0,5610.0
2020122304000300,GIC,48,47,10,561.0,5610.0
2020122304000290,GIC,48,29,10,561.0,5610.0
2020122304000283,GIC,34,29,10,560.0,5600.0
2020122304000281,GIC,34,38,10,560.0,5600.0
2020122304000345,GIC,13,54,10,561.0,5610.0
2020122304000341,GIC,13,58,10,561.0,5610.0
2020122304000340,GIC,13,6,10,561.0,5610.0
2020122304000336,GIC,13,50,110,561.0,61710.0
2020122304000335,GIC,48,50,50,561.0,28050.0
2020122304000333,GIC,48,13,10,561.0,5610.0
2020122304000395,GIC,48,43,10,562.0,5620.0
2020122304000394,GIC,13,19,10,561.0,5610.0
2020122304000390,GIC,13,34,10,561.0,5610.0
2020122304000377,GIC,13,48,10,561.0,5610.0
2020122304000354,GIC,13,41,10,561.0,5610.0
2020122304000346,GIC,13,58,10,561.0,5610.0
2020122304000402,GIC,34,42,10,560.0,5600.0
2020122304000400,GIC,34,49,10,560.0,5600.0
2020122304000399,GIC,48,32,10,562.0,5620.0
2020122304000398,GIC,48,32,10,562.0,5620.0
2020122304000397,GIC,48,7,10,562.0,5620.0
2020122304000396,GIC,48,1,10,562.0,5620.0
2020122304000425,GIC,34,1,10,560.0,5600.0
2020122304000419,GIC,34,21,10,560.0,5600.0
2020122304000417,GIC,34,1,10,560.0,5600.0
2020122304000411,GIC,34,1,10,560.0,5600.0
2020122304000408,GIC,34,21,10,560.0,5600.0
2020122304000406,GIC,34,8,10,560.0,5600.0
2020122304000442,GIC,49,17,10,560.0,5600.0
2020122304000438,GIC,49,54,10,560.0,5600.0
2020122304000437,GIC,49,10,10,560.0,5600.0
2020122304000436,GIC,49,45,10,560.0,5600.0
2020122304000435,GIC,49,21,10,560.0,5600.0
2020122304000428,GIC,34,51,10,560.0,5600.0
2020122304000466,GIC,56,52,300,560.0,168000.0
2020122304000465,GIC,49,52,10,560.0,5600.0
2020122304000464,GIC,49,39,10,560.0,5600.0
2020122304000453,GIC,49,16,10,560.0,5600.0
2020122304000449,GIC,49,10,10,560.0,5600.0
2020122304000443,GIC,49,41,10,560.0,5600.0
2020122304000291,GIMES1,26,19,"5,000",11.03,55150.0
2020122304000184,GIMES1,26,22,"5,000",11.19,55950.0
2020122304000183,GIMES1,26,22,"14,947",11.19,167256.93
2020122304000182,GIMES1,26,21,100,11.19,1119.0
2020122304000022,GIMES1,55,26,100,10.98,1098.0
2020122304000481,LEMF,17,6,"5,000",9.8,49000.0
2020122304000351,LEMF,17,7,"5,000",9.8,49000.0
2020122304000350,LEMF,17,7,"5,000",9.8,49000.0
2020122304000360,LUK,45,34,100,9.25,925.0
2020122304000359,LUK,45,49,100,9.25,925.0
2020122304000305,LUK,41,49,"1,900",9.25,17575.0
2020122304000298,LUK,41,26,100,9.2,920.0
2020122304000297,LUK,41,42,100,9.2,920.0
2020122304000282,LUK,57,41,100,9.1,910.0
2020122304000124,LUK,57,44,100,9.1,910.0
2020122304000114,LUK,57,44,100,9.1,910.0
2020122304000087,LUK,48,44,100,9.09,909.0
2020122304000027,LUK,22,38,200,9.07,1814.0
2020122304000010,LUK,20,44,100,9.06,906.0
2020122304000251,LUK,57,59,100,9.1,910.0
2020122304000247,LUK,57,49,500,9.1,4550.0
2020122304000208,LUK,57,53,300,9.1,2730.0
2020122304000175,LUK,57,58,300,9.1,2730.0
2020122304000131,LUK,57,44,100,9.1,910.0
2020122304000127,LUK,57,21,100,9.1,910.0
2020122304000480,NBF2,34,45,500,9.6,4800.0
2020122304000445,NBF2,49,49,160,9.52,1523.2
2020122304000433,NBF2,49,21,"1,800",9.52,17136.0
2020122304000432,NBF2,20,21,400,9.63,3852.0
2020122304000431,NBF2,26,21,"1,000",9.65,9650.0
2020122304000023,NBF2,20,41,100,9.63,963.0
2020122304000430,NBF2,53,21,"1,800",9.65,17370.0
2020122304000385,NBF2,53,25,"1,100",9.65,10615.0
2020122304000334,NBF2,53,26,100,9.65,965.0
2020122304000257,NBF2,1,49,500,9.66,4830.0
2020122304000492,NEF,49,26,241,9.75,2349.75
2020122304000484,NEF,49,6,"5,068",9.75,49413.0
2020122304000452,NEF,58,29,"2,000",9.87,19740.0
2020122304000451,NEF,35,29,"10,000",9.9,99000.0
2020122304000450,NEF,26,29,"1,000",9.91,9910.0
2020122304000353,NEF,34,7,"2,311",9.92,22925.12
2020122304000352,NEF,58,7,103,9.92,1021.76
2020122304000302,NEF,19,45,500,10.07,5035.0
2020122304000101,NEF,17,7,"2,414",9.92,23946.88
2020122304000495,NIBLPF,28,47,"1,667",10.1,16836.7
2020122304000473,NIBLPF,28,29,"2,525",10.1,25502.5
2020122304000463,NIBLPF,28,6,"2,525",10.1,25502.5
2020122304000462,NIBLPF,28,11,253,10.1,2555.3
2020122304000461,NIBLPF,28,6,"2,525",10.1,25502.5
2020122304000460,NIBLPF,28,11,505,10.1,5100.5
2020122304000194,NIBLPF,3,7,"2,523",9.96,25129.08
2020122304000082,NIBLPF,34,7,"2,525",9.96,25149.0
2020122304000458,NIBPO,19,6,500,451.0,225500.0
2020122304000457,NIBPO,26,6,500,451.0,225500.0
2020122304000456,NIBPO,34,6,975,451.0,439725.0
2020122304000455,NIBPO,26,6,400,452.0,180800.0
2020122304000316,NIBPO,26,28,100,452.0,45200.0
2020122304000315,NIBPO,17,28,"1,000",452.0,452000.0
2020122304000079,NIBPO,43,19,500,460.0,230000.0
2020122304000064,NIBPO,42,43,500,461.0,230500.0
2020122304000016,NIBPO,45,33,200,469.0,93800.0
2020122304000005,NIBPO,19,58,"2,000",468.0,936000.0
2020122304000118,NIBPO,43,28,500,453.0,226500.0
2020122304000117,NIBPO,6,28,500,454.0,227000.0
2020122304000116,NIBPO,26,28,500,455.0,227500.0
2020122304000099,NIBPO,43,19,454,459.0,208386.0
2020122304000081,NIBPO,58,19,"1,000",459.0,459000.0
2020122304000080,NIBPO,26,19,100,459.0,45900.0
2020122304000308,NIBPO,43,28,500,455.0,227500.0
2020122304000216,NIBPO,34,36,25,451.0,11275.0
2020122304000122,NIBPO,26,28,300,451.0,135300.0
2020122304000121,NIBPO,33,28,500,451.0,225500.0
2020122304000120,NIBPO,8,28,"1,000",452.0,452000.0
2020122304000119,NIBPO,26,28,"1,000",452.0,452000.0
2020122304000314,NIBPO,5,28,"1,000",452.0,452000.0
2020122304000313,NIBPO,58,28,500,453.0,226500.0
2020122304000312,NIBPO,58,28,800,453.0,362400.0
2020122304000311,NIBPO,19,28,100,453.0,45300.0
2020122304000310,NIBPO,34,28,500,454.0,227000.0
2020122304000309,NIBPO,34,28,500,454.0,227000.0
2020122304000295,NIBSF1,26,40,700,11.08,7756.0
2020122304000089,NIBSF1,26,7,"1,000",11.01,11010.0
2020122304000051,NIBSF1,26,32,"1,000",11.01,11010.0
2020122304000021,NIBSF1,7,26,100,10.96,1096.0
2020122304000488,NICAD8283,47,29,25,1150.0,28750.0
2020122304000487,NICAD8283,47,29,25,1150.0,28750.0
2020122304000486,NICAD8283,47,5,25,1150.0,28750.0
2020122304000241,NICAD8283,47,34,25,1160.0,29000.0
2020122304000479,NICBF,26,58,200,10.13,2026.0
2020122304000368,NICBF,6,57,"5,000",10.2,51000.0
2020122304000367,NICBF,6,49,500,10.15,5075.0
2020122304000366,NICBF,6,7,"5,000",10.1,50500.0
2020122304000347,NICBF,48,26,100,10.03,1003.0
2020122304000496,NICGF,34,45,100,10.3,1030.0
2020122304000301,NICGF,48,57,500,10.26,5130.0
2020122304000267,NICGF,52,22,100,10.3,1030.0
2020122304000234,NICGF,48,57,500,10.26,5130.0
2020122304000196,NICGF,48,7,"5,000",10.26,51300.0
2020122304000192,NICGF,48,49,500,10.26,5130.0
2020122304000141,NICGF,17,41,"1,000",10.25,10250.0
2020122304000091,NICGF,17,7,"5,000",10.25,51250.0
2020122303019825,NLIC,8,25,18,2443.0,43974.0
2020122303019824,NLIC,13,25,80,2443.0,195440.0
2020122303019823,NLIC,50,26,140,2445.0,342300.0
2020122304000497,NMB50,8,45,200,10.1,2020.0
2020122304000482,NMB50,29,58,100,10.15,1015.0
2020122304000421,NMB50,29,57,100,10.15,1015.0
2020122304000384,NMB50,8,58,200,10.35,2070.0
2020122304000383,NMB50,8,51,"60,000",10.35,621000.0
2020122304000382,NMB50,8,22,"2,000",10.35,20700.0
2020122304000369,NMB50,8,26,100,10.15,1015.0
2020122304000343,NMB50,8,4,"43,000",10.07,433010.0
2020122304000342,NMB50,29,4,"2,000",10.08,20160.0
2020122304000077,NMB50,29,22,"2,000",10.15,20300.0
2020122304000076,NMB50,29,58,500,10.15,5075.0
2020122304000381,NMB50,8,58,200,10.35,2070.0
2020122304000380,NMB50,8,47,"6,900",10.34,71346.0
2020122304000379,NMB50,8,1,"1,000",10.3,10300.0
2020122304000378,NMB50,8,45,"1,000",10.27,10270.0
2020122304000371,NMB50,8,49,"1,500",10.15,15225.0
2020122304000370,NMB50,8,38,"1,100",10.15,11165.0
2020122304000440,NMBHF1,21,29,"3,313",9.97,33030.61
2020122304000426,NMBHF1,59,50,"4,161",9.97,41485.17
2020122304000287,NMBHF1,58,7,"4,161",10.0,41610.0
2020122304000043,NMBHF1,58,44,"2,000",9.93,19860.0
2020122304000223,RBCLPO,17,25,15,14300.0,214500.0
2020122304000454,SAEF,11,38,"4,000",11.1,44400.0
2020122304000444,SAEF,1,33,"2,000",11.15,22300.0
2020122304000434,SAEF,1,52,"4,000",11.1,44400.0
2020122304000422,SAEF,11,26,500,11.05,5525.0
2020122304000391,SAEF,34,38,200,11.01,2202.0
2020122304000235,SAEF,17,49,500,11.0,5500.0
2020122304000057,SAEF,11,4,500,10.9,5450.0
2020122304000054,SAEF,43,33,200,11.0,2200.0
2020122304000170,SAEF,17,38,"33,740",11.06,373164.4
2020122304000169,SAEF,17,33,"9,800",10.95,107310.0
2020122304000158,SAEF,47,26,"10,000",10.91,109100.0
2020122304000157,SAEF,47,26,"10,000",10.92,109200.0
2020122304000156,SAEF,47,26,"10,000",10.93,109300.0
2020122304000134,SAEF,56,7,"5,000",10.93,54650.0
2020122304000231,SAEF,34,7,"5,000",11.07,55350.0
2020122304000229,SAEF,17,57,"1,140",11.0,12540.0
2020122304000228,SAEF,17,57,860,11.07,9520.2
2020122304000173,SAEF,17,55,500,11.07,5535.0
2020122304000172,SAEF,17,42,"1,200",11.07,13284.0
2020122304000171,SAEF,17,5,"3,900",11.07,43173.0
2020122304000493,SEF,6,47,"2,000",10.36,20720.0
2020122304000404,SEF,17,43,"3,350",10.49,35141.5
2020122304000393,SEF,17,57,"4,100",10.49,43009.0
2020122304000386,SEF,17,45,500,10.49,5245.0
2020122304000372,SEF,17,35,"4,000",10.49,41960.0
2020122304000355,SEF,17,26,250,10.49,2622.5
2020122304000047,SEF,43,36,500,10.3,5150.0
2020122304000015,SEF,34,42,"10,000",10.3,103000.0
2020122304000106,SEF,17,11,500,10.49,5245.0
2020122304000105,SEF,17,47,"12,348",10.49,129530.52
2020122304000104,SEF,17,41,600,10.45,6270.0
2020122304000103,SEF,17,45,"5,000",10.4,52000.0
2020122304000075,SEF,17,47,"1,000",10.29,10290.0
2020122304000049,SEF,43,45,200,10.4,2080.0
2020122304000245,SEF,17,57,200,10.49,2098.0
2020122304000242,SEF,17,57,"2,000",10.49,20980.0
2020122304000203,SEF,17,47,"10,000",10.49,104900.0
2020122304000177,SEF,17,45,"9,800",10.49,102802.0
2020122304000126,SEF,17,52,"5,000",10.49,52450.0
2020122304000111,SEF,17,7,"5,000",10.49,52450.0
2020122304000337,SEF,17,8,"3,500",10.49,36715.0
2020122304000320,SEF,17,22,"2,700",10.49,28323.0
2020122304000299,SEF,17,49,"2,000",10.49,20980.0
2020122304000279,SEF,17,58,700,10.49,7343.0
2020122304000252,SEF,17,56,100,10.49,1049.0
2020122304000248,SEF,17,57,"1,800",10.49,18882.0
2020122304000491,SGI,25,58,10,578.0,5780.0
2020122304000490,SGI,25,16,10,578.0,5780.0
2020122304000485,SGI,41,8,10,577.0,5770.0
2020122304000478,SGI,41,45,10,577.0,5770.0
2020122304000477,SGI,41,7,10,577.0,5770.0
2020122304000476,SGI,41,38,10,576.0,5760.0
2020122304000004,SGI,8,44,10,583.0,5830.0
2020122304000002,SGI,54,42,10,585.0,5850.0
2020122304000024,SGI,32,56,10,587.0,5870.0
2020122304000014,SGI,6,38,10,586.0,5860.0
2020122304000013,SGI,6,47,10,586.0,5860.0
2020122304000009,SGI,49,55,10,585.0,5850.0
2020122304000007,SGI,49,42,10,585.0,5850.0
2020122304000006,SGI,8,6,10,583.0,5830.0
2020122304000036,SGI,28,25,10,585.0,5850.0
2020122304000035,SGI,22,19,10,585.0,5850.0
2020122304000031,SGI,22,43,10,585.0,5850.0
2020122304000028,SGI,49,47,10,585.0,5850.0
2020122304000026,SGI,32,55,10,587.0,5870.0
2020122304000025,SGI,32,43,10,587.0,5870.0
2020122304000048,SGI,52,19,10,584.0,5840.0
2020122304000046,SGI,52,42,10,584.0,5840.0
2020122304000041,SGI,28,1,10,585.0,5850.0
2020122304000040,SGI,52,43,10,584.0,5840.0
2020122304000039,SGI,52,20,10,584.0,5840.0
2020122304000038,SGI,52,43,10,584.0,5840.0
2020122304000068,SGI,49,55,10,590.0,5900.0
2020122304000067,SGI,49,4,10,590.0,5900.0
2020122304000066,SGI,49,22,30,590.0,17700.0
2020122304000065,SGI,49,26,10,588.0,5880.0
2020122304000052,SGI,49,36,10,589.0,5890.0
2020122304000050,SGI,52,58,10,584.0,5840.0
2020122304000088,SGI,41,44,10,585.0,5850.0
2020122304000084,SGI,49,26,10,586.0,5860.0
2020122304000078,SGI,49,52,10,586.0,5860.0
2020122304000072,SGI,41,56,10,585.0,5850.0
2020122304000071,SGI,41,41,10,585.0,5850.0
2020122304000069,SGI,49,36,10,590.0,5900.0
2020122304000107,SGI,38,22,10,585.0,5850.0
2020122304000100,SGI,38,39,10,585.0,5850.0
2020122304000097,SGI,38,48,10,585.0,5850.0
2020122304000096,SGI,38,39,10,585.0,5850.0
2020122304000095,SGI,38,34,10,585.0,5850.0
2020122304000094,SGI,41,3,10,585.0,5850.0
2020122304000123,SGI,38,49,10,585.0,5850.0
2020122304000115,SGI,38,4,10,585.0,5850.0
2020122304000113,SGI,38,43,10,585.0,5850.0
2020122304000112,SGI,38,45,10,585.0,5850.0
2020122304000110,SGI,38,43,10,585.0,5850.0
2020122304000109,SGI,38,26,10,585.0,5850.0
2020122304000147,SGI,38,36,10,585.0,5850.0
2020122304000145,SGI,38,47,10,585.0,5850.0
2020122304000144,SGI,38,46,10,585.0,5850.0
2020122304000137,SGI,38,58,10,585.0,5850.0
2020122304000136,SGI,38,4,10,585.0,5850.0
2020122304000132,SGI,38,59,10,585.0,5850.0
2020122304000159,SGI,38,43,10,585.0,5850.0
2020122304000155,SGI,38,17,10,585.0,5850.0
2020122304000154,SGI,38,50,10,585.0,5850.0
2020122304000153,SGI,38,4,10,585.0,5850.0
2020122304000152,SGI,38,43,10,585.0,5850.0
2020122304000150,SGI,38,46,10,585.0,5850.0
2020122304000187,SGI,22,48,20,585.0,11700.0
2020122304000186,SGI,49,48,210,585.0,122850.0
2020122304000185,SGI,38,48,140,585.0,81900.0
2020122304000181,SGI,38,51,10,585.0,5850.0
2020122304000180,SGI,38,57,10,585.0,5850.0
2020122304000176,SGI,38,6,10,585.0,5850.0
2020122304000202,SGI,52,45,10,584.0,5840.0
2020122304000201,SGI,52,21,10,584.0,5840.0
2020122304000198,SGI,52,45,10,584.0,5840.0
2020122304000193,SGI,22,17,10,585.0,5850.0
2020122304000190,SGI,22,16,10,585.0,5850.0
2020122304000189,SGI,22,4,10,585.0,5850.0
2020122304000213,SGI,21,46,10,585.0,5850.0
2020122304000212,SGI,21,45,10,584.0,5840.0
2020122304000211,SGI,56,58,100,584.0,58400.0
2020122304000210,SGI,52,45,10,584.0,5840.0
2020122304000206,SGI,3,29,10,585.0,5850.0
2020122304000205,SGI,3,38,10,585.0,5850.0
2020122304000225,SGI,59,53,10,583.0,5830.0
2020122304000224,SGI,59,51,10,583.0,5830.0
2020122304000220,SGI,59,49,10,583.0,5830.0
2020122304000219,SGI,59,21,10,583.0,5830.0
2020122304000215,SGI,59,54,10,583.0,5830.0
2020122304000214,SGI,21,48,130,586.0,76180.0
2020122304000239,SGI,29,11,10,584.0,5840.0
2020122304000237,SGI,29,17,10,584.0,5840.0
2020122304000236,SGI,29,49,10,584.0,5840.0
2020122304000233,SGI,29,25,10,584.0,5840.0
2020122304000227,SGI,29,48,10,584.0,5840.0
2020122304000226,SGI,59,35,10,583.0,5830.0
2020122304000258,SGI,29,51,10,584.0,5840.0
2020122304000256,SGI,29,14,10,584.0,5840.0
2020122304000255,SGI,52,59,10,585.0,5850.0
2020122304000254,SGI,52,55,10,585.0,5850.0
2020122304000253,SGI,52,45,10,585.0,5850.0
2020122304000249,SGI,29,58,10,584.0,5840.0
2020122304000284,SGI,21,45,10,584.0,5840.0
2020122304000278,SGI,21,38,10,584.0,5840.0
2020122304000273,SGI,34,17,10,585.0,5850.0
2020122304000271,SGI,21,38,10,584.0,5840.0
2020122304000264,SGI,29,57,10,584.0,5840.0
2020122304000259,SGI,29,51,10,584.0,5840.0
2020122304000293,SGI,22,53,160,583.0,93280.0
2020122304000292,SGI,28,53,195,583.0,113685.0
2020122304000289,SGI,28,53,605,583.0,352715.0
2020122304000288,SGI,59,53,295,583.0,171985.0
2020122304000286,SGI,21,49,10,584.0,5840.0
2020122304000285,SGI,21,52,10,584.0,5840.0
2020122304000317,SGI,29,47,10,582.0,5820.0
2020122304000307,SGI,29,13,10,582.0,5820.0
2020122304000306,SGI,4,53,20,583.0,11660.0
2020122304000304,SGI,29,43,10,582.0,5820.0
2020122304000296,SGI,29,38,10,582.0,5820.0
2020122304000294,SGI,34,53,30,583.0,17490.0
2020122304000325,SGI,21,53,100,580.0,58000.0
2020122304000324,SGI,52,53,500,581.0,290500.0
2020122304000323,SGI,29,53,180,582.0,104760.0
2020122304000322,SGI,29,43,10,582.0,5820.0
2020122304000319,SGI,29,1,10,582.0,5820.0
2020122304000318,SGI,29,41,10,582.0,5820.0
2020122304000331,SGI,57,53,490,580.0,284200.0
2020122304000330,SGI,5,53,50,580.0,29000.0
2020122304000329,SGI,4,53,70,580.0,40600.0
2020122304000328,SGI,34,53,15,580.0,8700.0
2020122304000327,SGI,17,53,100,580.0,58000.0
2020122304000326,SGI,21,53,100,580.0,58000.0
2020122304000349,SGI,1,58,10,576.0,5760.0
2020122304000348,SGI,1,22,10,576.0,5760.0
2020122304000344,SGI,1,38,10,576.0,5760.0
2020122304000339,SGI,29,53,100,580.0,58000.0
2020122304000338,SGI,1,55,10,576.0,5760.0
2020122304000332,SGI,8,53,500,580.0,290000.0
2020122304000363,SGI,49,37,30,575.0,17250.0
2020122304000362,SGI,6,37,50,576.0,28800.0
2020122304000361,SGI,1,37,66,576.0,38016.0
2020122304000358,SGI,1,48,10,576.0,5760.0
2020122304000357,SGI,1,1,10,576.0,5760.0
2020122304000356,SGI,1,58,10,576.0,5760.0
2020122304000376,SGI,49,58,10,577.0,5770.0
2020122304000375,SGI,49,32,10,576.0,5760.0
2020122304000374,SGI,49,28,10,576.0,5760.0
2020122304000373,SGI,45,57,10,575.0,5750.0
2020122304000365,SGI,45,37,46,575.0,26450.0
2020122304000364,SGI,29,37,300,575.0,172500.0
2020122304000413,SGI,45,48,24,575.0,13800.0
2020122304000412,SGI,52,48,45,576.0,25920.0
2020122304000410,SGI,52,59,10,576.0,5760.0
2020122304000409,SGI,52,46,10,576.0,5760.0
2020122304000407,SGI,45,8,10,575.0,5750.0
2020122304000405,SGI,45,38,10,575.0,5750.0
2020122304000423,SGI,58,21,10,575.0,5750.0
2020122304000420,SGI,58,49,10,575.0,5750.0
2020122304000418,SGI,58,1,10,575.0,5750.0
2020122304000416,SGI,58,1,10,575.0,5750.0
2020122304000415,SGI,58,48,56,575.0,32200.0
2020122304000414,SGI,45,48,30,575.0,17250.0
2020122304000446,SGI,52,11,10,575.0,5750.0
2020122304000441,SGI,52,26,10,575.0,5750.0
2020122304000439,SGI,52,11,10,575.0,5750.0
2020122304000429,SGI,52,44,10,575.0,5750.0
2020122304000427,SGI,3,45,10,575.0,5750.0
2020122304000424,SGI,3,46,10,575.0,5750.0
2020122304000471,SGI,52,38,10,575.0,5750.0
2020122304000470,SGI,52,42,10,575.0,5750.0
2020122304000468,SGI,52,16,10,575.0,5750.0
2020122304000459,SGI,52,37,10,575.0,5750.0
2020122304000448,SGI,52,21,10,575.0,5750.0
2020122304000447,SGI,52,57,10,575.0,5750.0
2020122304000494,STC,26,28,10,5350.0,53500.0
2020122304000389,STC,38,22,10,5350.0,53500.0
2020122304000388,STC,38,5,10,5350.0,53500.0
2020122304000387,STC,33,55,20,5320.0,106400.0
2020122304000275,STC,33,17,20,5300.0,106000.0
2020122304000274,STC,40,17,30,5301.0,159030.0
2020122304000266,STC,40,5,70,5301.0,371070.0
2020122304000263,STC,4,5,30,5320.0,159600.0
2020122304000207,STC,33,59,100,5300.0,530000.0
2020122304000055,STC,59,5,20,5270.0,105400.0
2020122303019647,ALBSL,55,8,11,991.0,10901.0
2020122303019549,ALBSL,55,19,11,991.0,10901.0
2020122303019428,ALBSL,55,29,133,991.0,131803.0
2020122303019427,ALBSL,45,29,100,995.0,99500.0
2020122303019426,ALBSL,44,29,100,995.0,99500.0
2020122303019425,ALBSL,6,29,147,995.0,146265.0
2020122303019562,ALICL,45,28,150,929.0,139350.0
2020122303019533,ALICL,49,29,220,925.0,203500.0
2020122303019345,ALICL,49,52,"1,000",925.0,925000.0
2020122303019799,CBBL,45,55,30,1440.0,43200.0
2020122303019724,CBBL,45,45,250,1440.0,360000.0
2020122303019691,CBBL,34,45,50,1440.0,72000.0
2020122303019646,CBBL,38,42,18,1440.0,25920.0
2020122303019388,CBBL,48,42,30,1440.0,43200.0
2020122303019363,CBBL,48,37,50,1440.0,72000.0
2020122303019330,CBBL,48,33,20,1440.0,28800.0
2020122303019780,CIT,49,41,97,5120.0,496640.0
2020122303019779,CIT,33,41,10,5120.0,51200.0
2020122303019778,CIT,52,41,10,5120.0,51200.0
2020122303019777,CIT,50,41,12,5120.0,61440.0
2020122303019776,CIT,59,41,25,5120.0,128000.0
2020122303019775,CIT,59,41,50,5120.0,256000.0
2020122303019544,CIT,44,41,25,5115.0,127875.0
2020122303019543,CIT,50,41,13,5116.0,66508.0
2020122303019481,CIT,26,34,50,5119.0,255950.0
2020122303019451,CIT,52,34,10,5119.0,51190.0
2020122303019774,CIT,26,41,80,5120.0,409600.0
2020122303019773,CIT,26,41,80,5120.0,409600.0
2020122303019772,CIT,49,41,140,5120.0,716800.0
2020122303019640,CIT,49,45,10,5120.0,51200.0
2020122303019616,CIT,45,34,30,5119.0,153570.0
2020122303019545,CIT,34,41,10,5115.0,51150.0
2020122303019442,CLBSL,46,53,99,820.0,81180.0
2020122303019441,CLBSL,46,53,55,820.0,45100.0
2020122303019440,CLBSL,46,53,23,818.0,18814.0
2020122303019439,CLBSL,46,25,200,817.0,163400.0
2020122303019438,CLBSL,46,14,23,817.0,18791.0
2020122303019437,CLBSL,46,17,100,815.0,81500.0
2020122303019812,DDBL,38,6,10,1438.0,14380.0
2020122303019811,DDBL,11,6,10,1438.0,14380.0
2020122303019810,DDBL,14,6,200,1438.0,287600.0
2020122303019757,DDBL,32,45,10,1440.0,14400.0
2020122303019756,DDBL,54,45,100,1440.0,144000.0
2020122303019755,DDBL,57,45,30,1440.0,43200.0
2020122303019754,DDBL,49,45,100,1440.0,144000.0
2020122303019712,DDBL,49,6,100,1440.0,144000.0
2020122303019639,DDBL,46,49,200,1445.0,289000.0
2020122303019638,DDBL,49,49,100,1445.0,144500.0
2020122303019601,DDBL,42,52,50,1448.0,72400.0
2020122303019600,DDBL,42,55,50,1445.0,72250.0
2020122303019801,FOWAD,57,33,10,2335.0,23350.0
2020122303019800,FOWAD,57,39,20,2330.0,46600.0
2020122303019751,FOWAD,45,33,40,2335.0,93400.0
2020122303019750,FOWAD,45,59,10,2335.0,23350.0
2020122303019738,FOWAD,3,1,46,2330.0,107180.0
2020122303019737,FOWAD,57,1,29,2330.0,67570.0
2020122303019333,FOWAD,57,45,94,2330.0,219020.0
2020122303019332,FOWAD,57,38,49,2330.0,114170.0
2020122303019735,FOWAD,57,35,16,2330.0,37280.0
2020122303019670,FOWAD,57,33,25,2330.0,58250.0
2020122303019587,FOWAD,7,54,25,2333.0,58325.0
2020122303019522,FOWAD,57,56,10,2330.0,23300.0
2020122303019448,FOWAD,57,44,16,2331.0,37296.0
2020122303019381,FOWAD,57,29,25,2330.0,58250.0
2020122303019817,GBBL,33,17,10,307.0,3070.0
2020122303019733,GBBL,42,47,184,306.0,56304.0
2020122303019732,GBBL,49,47,593,306.0,181458.0
2020122303019771,GBLBS,48,26,10,584.0,5840.0
2020122303019770,GBLBS,48,50,50,584.0,29200.0
2020122303019740,GILB,45,38,37,1710.0,63270.0
2020122303019540,GILB,41,34,90,1700.0,153000.0
2020122303019539,GILB,51,34,400,1702.0,680800.0
2020122303019538,GILB,35,34,10,1703.0,17030.0
2020122303019731,GLICL,29,29,50,640.0,32000.0
2020122303019651,GLICL,43,29,10,640.0,6400.0
2020122303019569,GLICL,46,39,175,639.0,111825.0
2020122303019568,GLICL,41,39,15,639.0,9585.0
2020122303019567,GLICL,1,39,50,639.0,31950.0
2020122303019566,GLICL,17,39,10,639.0,6390.0
2020122303019389,GLICL,33,29,15,640.0,9600.0
2020122303019385,GLICL,33,6,85,640.0,54400.0
2020122303019384,GLICL,36,6,15,640.0,9600.0
2020122303019343,GLICL,36,39,200,640.0,128000.0
2020122303019813,GMFBS,28,28,20,994.0,19880.0
2020122303019631,GMFBS,44,44,10,975.0,9750.0
2020122303019565,GMFBS,44,29,50,975.0,48750.0
2020122303019414,GMFBS,25,28,10,994.0,9940.0
2020122303019413,GMFBS,25,45,10,990.0,9900.0
2020122303019412,GMFBS,25,59,20,988.0,19760.0
2020122303019411,GMFBS,25,38,10,985.0,9850.0
2020122303019741,GRDBL,16,49,20,150.0,3000.0
2020122303019643,GUFL,56,28,10,199.0,1990.0
2020122303019809,HIDCL,38,56,68,272.0,18496.0
2020122303019748,HIDCL,57,28,61,271.0,16531.0
2020122303019637,HIDCL,57,52,"1,500",271.0,406500.0
2020122303019636,HIDCL,59,52,500,271.0,135500.0
2020122303019630,HIDCL,11,38,40,271.0,10840.0
2020122303019629,HIDCL,58,38,59,271.0,15989.0
2020122303019393,HIDCL,29,29,38,272.0,10336.0
2020122303019392,HIDCL,49,29,23,272.0,6256.0
2020122303019378,HIDCL,21,33,630,273.0,171990.0
2020122303019377,HIDCL,21,45,100,273.0,27300.0
2020122303019376,HIDCL,21,58,270,273.0,73710.0
2020122303019518,HIDCL,42,56,65,272.0,17680.0
2020122303019515,HIDCL,4,56,88,272.0,23936.0
2020122303019499,HIDCL,34,56,200,272.0,54400.0
2020122303019498,HIDCL,49,56,"2,000",272.0,544000.0
2020122303019497,HIDCL,44,56,"1,000",272.0,272000.0
2020122303019496,HIDCL,29,56,62,272.0,16864.0
2020122303019594,ICFC,47,35,"1,000",280.0,280000.0
2020122303019767,JBBL,1,58,10,231.0,2310.0
2020122303019752,JBBL,38,29,313,230.0,71990.0
2020122303019728,JBBL,56,58,50,231.0,11550.0
2020122303019706,JBBL,38,8,500,230.0,115000.0
2020122303019669,JBBL,38,51,200,230.0,46000.0
2020122303019668,JBBL,38,3,500,230.0,115000.0
2020122303019395,JBBL,38,4,100,230.0,23000.0
2020122303019342,JBBL,38,32,200,230.0,46000.0
2020122303019341,JBBL,38,50,70,230.0,16100.0
2020122303019491,JBBL,38,6,500,230.0,115000.0
2020122303019490,JBBL,8,6,300,230.0,69000.0
2020122303019489,JBBL,58,6,500,230.0,115000.0
2020122303019488,JBBL,43,6,50,230.0,11500.0
2020122303019487,JBBL,13,6,150,230.0,34500.0
2020122303019486,JBBL,38,6,"1,375",230.0,316250.0
2020122303019542,JBBL,38,59,825,230.0,189750.0
2020122303019541,JBBL,58,59,175,230.0,40250.0
2020122303019504,JBBL,58,39,25,230.0,5750.0
2020122303019503,JBBL,1,39,15,230.0,3450.0
2020122303019493,JBBL,1,6,85,230.0,19550.0
2020122303019492,JBBL,53,6,40,230.0,9200.0
2020122303019353,JFL,43,4,211,240.0,50640.0
2020122303019336,JSLBB,37,32,105,1730.0,181650.0
2020122303019423,KRBL,49,26,56,133.0,7448.0
2020122303019783,KSBBL,50,45,20,220.0,4400.0
2020122303019452,KSBBL,51,10,470,218.0,102460.0
2020122303019369,KSBBL,17,10,500,218.0,109000.0
2020122303019368,KSBBL,7,10,50,218.0,10900.0
2020122303019367,KSBBL,35,10,"1,000",218.0,218000.0
2020122303019366,KSBBL,6,10,500,218.0,109000.0
2020122303019365,KSBBL,50,10,500,218.0,109000.0
2020122303019727,LBBL,21,42,500,224.0,112000.0
2020122303019370,LBBL,33,42,400,224.0,89600.0
2020122303019596,LICN,25,43,10,2035.0,20350.0
2020122303019595,LICN,25,25,20,2030.0,40600.0
2020122303019742,MDB,43,17,100,388.0,38800.0
2020122303019721,MERO,39,32,10,977.0,9770.0
2020122303019713,MFIL,55,53,30,394.0,11820.0
2020122303019708,MFIL,55,50,200,394.0,78800.0
2020122303019649,MFIL,55,59,200,394.0,78800.0
2020122303019514,MFIL,38,59,140,395.0,55300.0
2020122303019513,MFIL,57,59,60,395.0,23700.0
2020122303019512,MFIL,7,59,51,395.0,20145.0
2020122303019511,MFIL,55,59,30,395.0,11850.0
2020122303019387,MFIL,55,45,100,395.0,39500.0
2020122303019415,MMFDB,50,10,50,1029.0,51450.0
2020122303019804,MNBBL,50,26,40,383.0,15320.0
2020122303019803,MNBBL,50,1,10,383.0,3830.0
2020122303019792,MNBBL,14,1,40,383.0,15320.0
2020122303019786,MNBBL,32,49,250,382.0,95500.0
2020122303019730,MSLB,1,25,10,1591.0,15910.0
2020122303019729,MSLB,1,8,31,1572.0,48732.0
2020122303019380,MSLB,22,28,15,1592.0,23880.0
2020122303019379,MSLB,22,25,16,1592.0,25472.0
2020122303019535,MSMBS,37,11,22,943.0,20746.0
2020122303019508,MSMBS,5,6,48,942.0,45216.0
2020122303019507,MSMBS,37,6,52,942.0,48984.0
2020122303019501,MSMBS,37,29,22,942.0,20724.0
2020122303019747,NABBC,35,52,100,393.0,39300.0
2020122303019707,NLBBL,39,25,27,1022.0,27594.0
2020122303019615,NLBBL,32,25,73,1023.0,74679.0
2020122303019614,NLBBL,32,17,27,1023.0,27621.0
2020122303019797,NLIC,50,33,60,2445.0,146700.0
2020122303019796,NLIC,14,33,20,2445.0,48900.0
2020122303019795,NLIC,1,33,100,2445.0,244500.0
2020122303019794,NLIC,33,33,20,2445.0,48900.0
2020122303019769,NLIC,33,54,50,2445.0,122250.0
2020122303019768,NLIC,33,28,30,2445.0,73350.0
2020122303019326,NLIC,32,17,57,2440.0,139080.0
2020122303019325,NLIC,32,6,43,2439.0,104877.0
2020122303019350,NLIC,48,17,19,2440.0,46360.0
2020122303019339,NLIC,6,17,52,2440.0,126880.0
2020122303019338,NLIC,6,17,48,2440.0,117120.0
2020122303019337,NLIC,41,17,20,2440.0,48800.0
2020122303019329,NLIC,45,17,32,2440.0,78080.0
2020122303019327,NLIC,38,39,100,2438.0,243800.0
2020122303019358,NLIC,19,10,100,2438.0,243800.0
2020122303019357,NLIC,38,10,290,2438.0,707020.0
2020122303019356,NLIC,57,25,251,2440.0,612440.0
2020122303019355,NLIC,57,32,20,2440.0,48800.0
2020122303019354,NLIC,57,17,229,2440.0,558760.0
2020122303019352,NLIC,25,17,100,2440.0,244000.0
2020122303019372,NLIC,44,25,15,2440.0,36600.0
2020122303019364,NLIC,45,25,32,2440.0,78080.0
2020122303019362,NLIC,57,25,104,2440.0,253760.0
2020122303019361,NLIC,26,10,130,2437.0,316810.0
2020122303019360,NLIC,8,10,50,2437.0,121850.0
2020122303019359,NLIC,46,10,30,2437.0,73110.0
2020122303019407,NLIC,10,35,50,2439.0,121950.0
2020122303019405,NLIC,10,34,50,2439.0,121950.0
2020122303019399,NLIC,42,26,115,2440.0,280600.0
2020122303019383,NLIC,26,25,70,2440.0,170800.0
2020122303019375,NLIC,26,25,200,2440.0,488000.0
2020122303019374,NLIC,25,25,80,2440.0,195200.0
2020122303019433,NLIC,26,45,200,2440.0,488000.0
2020122303019432,NLIC,22,45,10,2440.0,24400.0
2020122303019431,NLIC,10,45,15,2440.0,36600.0
2020122303019410,NLIC,10,26,85,2440.0,207400.0
2020122303019409,NLIC,35,35,143,2439.0,348777.0
2020122303019408,NLIC,52,35,100,2439.0,243900.0
2020122303019495,NLIC,26,6,20,2440.0,48800.0
2020122303019494,NLIC,57,17,15,2440.0,36600.0
2020122303019450,NLIC,57,45,35,2440.0,85400.0
2020122303019449,NLIC,39,45,100,2440.0,244000.0
2020122303019445,NLIC,51,45,20,2440.0,48800.0
2020122303019444,NLIC,57,45,120,2440.0,292800.0
2020122303019552,NLIC,22,17,20,2440.0,48800.0
2020122303019551,NLIC,52,17,31,2440.0,75640.0
2020122303019532,NLIC,52,34,19,2440.0,46360.0
2020122303019531,NLIC,26,34,31,2440.0,75640.0
2020122303019524,NLIC,26,34,109,2440.0,265960.0
2020122303019502,NLIC,26,25,40,2440.0,97600.0
2020122303019605,NLIC,43,38,100,2440.0,244000.0
2020122303019604,NLIC,10,38,15,2440.0,36600.0
2020122303019603,NLIC,38,38,61,2440.0,148840.0
2020122303019555,NLIC,38,17,139,2440.0,339160.0
2020122303019554,NLIC,45,17,14,2440.0,34160.0
2020122303019553,NLIC,46,17,46,2440.0,112240.0
2020122303019654,NLIC,37,34,75,2443.0,183225.0
2020122303019648,NLIC,29,10,100,2440.0,244000.0
2020122303019617,NLIC,29,6,376,2440.0,917440.0
2020122303019608,NLIC,33,34,25,2443.0,61075.0
2020122303019607,NLIC,29,38,104,2440.0,253760.0
2020122303019606,NLIC,37,38,20,2440.0,48800.0
2020122303019678,NLIC,47,17,50,2441.0,122050.0
2020122303019677,NLIC,33,17,100,2441.0,244100.0
2020122303019676,NLIC,5,17,75,2443.0,183225.0
2020122303019675,NLIC,22,17,10,2443.0,24430.0
2020122303019674,NLIC,38,17,100,2443.0,244300.0
2020122303019673,NLIC,37,17,125,2443.0,305375.0
2020122303019684,NLIC,42,17,50,2440.0,122000.0
2020122303019683,NLIC,6,17,15,2440.0,36600.0
2020122303019682,NLIC,41,17,100,2440.0,244000.0
2020122303019681,NLIC,5,17,80,2440.0,195200.0
2020122303019680,NLIC,29,17,120,2440.0,292800.0
2020122303019679,NLIC,37,17,12,2441.0,29292.0
2020122303019720,NLIC,52,1,44,2445.0,107580.0
2020122303019719,NLIC,52,58,56,2445.0,136920.0
2020122303019711,NLIC,3,58,20,2445.0,48900.0
2020122303019687,NLIC,28,17,63,2440.0,153720.0
2020122303019686,NLIC,35,17,100,2440.0,244000.0
2020122303019685,NLIC,57,17,"1,000",2440.0,2440000.0
2020122303019766,NLIC,45,28,50,2445.0,122250.0
2020122303019764,NLIC,38,28,100,2445.0,244500.0
2020122303019760,NLIC,54,28,50,2445.0,122250.0
2020122303019749,NLIC,57,28,50,2445.0,122250.0
2020122303019745,NLIC,50,28,20,2445.0,48900.0
2020122303019723,NLIC,41,1,18,2445.0,44010.0
2020122303019814,NLICL,4,49,400,1147.0,458800.0
2020122303019759,NLICL,59,6,200,1149.0,229800.0
2020122303019758,NLICL,59,45,300,1149.0,344700.0
2020122303019709,NLICL,38,28,300,1147.0,344100.0
2020122303019667,NLICL,3,28,100,1148.0,114800.0
2020122303019642,NLICL,16,45,100,1149.0,114900.0
2020122303019335,NLICL,49,3,50,1149.0,57450.0
2020122303019323,NLICL,59,3,100,1149.0,114900.0
2020122303019400,NLICL,38,44,30,1149.0,34470.0
2020122303019398,NLICL,38,3,70,1149.0,80430.0
2020122303019386,NLICL,19,29,200,1147.0,229400.0
2020122303019371,NLICL,44,3,200,1149.0,229800.0
2020122303019344,NLICL,17,3,130,1149.0,149370.0
2020122303019340,NLICL,39,3,50,1149.0,57450.0
2020122303019479,NLICL,50,39,434,1150.0,499100.0
2020122303019478,NLICL,50,39,66,1150.0,75900.0
2020122303019424,NLICL,19,21,30,1147.0,34410.0
2020122303019422,NLICL,19,55,59,1147.0,67673.0
2020122303019421,NLICL,38,55,41,1149.0,47109.0
2020122303019404,NLICL,38,7,159,1149.0,182691.0
2020122303019634,NLICL,41,45,10,1149.0,11490.0
2020122303019633,NLICL,37,8,45,1147.0,51615.0
2020122303019632,NLICL,19,8,111,1147.0,127317.0
2020122303019588,NLICL,39,45,50,1149.0,57450.0
2020122303019517,NLICL,19,45,40,1149.0,45960.0
2020122303019500,NLICL,26,39,10,1150.0,11500.0
2020122303019782,NMBMF,1,48,10,1200.0,12000.0
2020122303019781,NMBMF,1,26,89,1200.0,106800.0
2020122303019526,NMBMF,19,21,20,1197.0,23940.0
2020122303019525,NMBMF,42,21,16,1197.0,19152.0
2020122303019430,NMFBS,32,57,50,2210.0,110500.0
2020122303019349,NMFBS,41,57,239,2210.0,528190.0
2020122303019348,NMFBS,41,49,50,2209.0,110450.0
2020122303019347,NMFBS,41,29,11,2205.0,24255.0
2020122303019793,NRIC,22,35,50,1405.0,70250.0
2020122303019762,NRIC,45,35,50,1405.0,70250.0
2020122303019761,NRIC,19,35,50,1405.0,70250.0
2020122303019746,NRIC,25,35,50,1405.0,70250.0
2020122303019744,NRIC,47,43,30,1406.0,42180.0
2020122303019710,NRIC,10,43,10,1406.0,14060.0
2020122303019334,NRIC,11,49,50,1412.0,70600.0
2020122303019457,NRIC,5,35,10,1410.0,14100.0
2020122303019456,NRIC,57,35,10,1410.0,14100.0
2020122303019455,NRIC,25,35,10,1410.0,14100.0
2020122303019454,NRIC,22,35,60,1410.0,84600.0
2020122303019435,NRIC,45,49,10,1412.0,14120.0
2020122303019382,NRIC,33,49,100,1412.0,141200.0
2020122303019463,NRIC,21,35,200,1410.0,282000.0
2020122303019462,NRIC,42,35,50,1410.0,70500.0
2020122303019461,NRIC,54,35,50,1410.0,70500.0
2020122303019460,NRIC,14,35,10,1410.0,14100.0
2020122303019459,NRIC,52,35,125,1410.0,176250.0
2020122303019458,NRIC,38,35,20,1410.0,28200.0
2020122303019469,NRIC,38,35,45,1410.0,63450.0
2020122303019468,NRIC,25,35,30,1410.0,42300.0
2020122303019467,NRIC,17,35,10,1410.0,14100.0
2020122303019466,NRIC,22,35,100,1410.0,141000.0
2020122303019465,NRIC,6,35,50,1410.0,70500.0
2020122303019464,NRIC,45,35,150,1410.0,211500.0
2020122303019475,NRIC,22,35,300,1410.0,423000.0
2020122303019474,NRIC,16,35,10,1410.0,14100.0
2020122303019473,NRIC,21,35,200,1410.0,282000.0
2020122303019472,NRIC,11,35,55,1410.0,77550.0
2020122303019471,NRIC,50,35,120,1410.0,169200.0
2020122303019470,NRIC,19,35,57,1410.0,80370.0
2020122303019547,NRIC,44,35,200,1409.0,281800.0
2020122303019546,NRIC,6,35,25,1409.0,35225.0
2020122303019537,NRIC,32,35,100,1410.0,141000.0
2020122303019510,NRIC,49,35,10,1410.0,14100.0
2020122303019506,NRIC,26,35,10,1410.0,14100.0
2020122303019476,NRIC,29,35,10,1410.0,14100.0
2020122303019619,NRIC,56,42,20,1408.0,28160.0
2020122303019599,NRIC,45,35,10,1409.0,14090.0
2020122303019589,NRIC,47,35,10,1409.0,14090.0
2020122303019571,NRIC,57,35,50,1409.0,70450.0
2020122303019570,NRIC,57,57,200,1411.0,282200.0
2020122303019548,NRIC,8,35,30,1409.0,42270.0
2020122303019671,NRIC,32,43,10,1408.0,14080.0
2020122303019656,NRIC,42,35,30,1409.0,42270.0
2020122303019623,NRIC,6,35,55,1409.0,77495.0
2020122303019622,NRIC,28,42,40,1406.0,56240.0
2020122303019621,NRIC,56,42,100,1407.0,140700.0
2020122303019620,NRIC,3,42,100,1407.0,140700.0
2020122303019703,NRIC,49,57,45,1405.0,63225.0
2020122303019702,NRIC,20,57,10,1405.0,14050.0
2020122303019701,NRIC,57,57,200,1405.0,281000.0
2020122303019700,NRIC,48,57,25,1405.0,35125.0
2020122303019699,NRIC,19,57,10,1405.0,14050.0
2020122303019672,NRIC,28,43,10,1406.0,14060.0
2020122303019736,NRN,6,4,360,361.0,129960.0
2020122303019718,NRN,1,17,59,360.0,21240.0
2020122303019717,NRN,35,17,30,360.0,10800.0
2020122303019716,NRN,17,17,50,360.0,18000.0
2020122303019715,NRN,1,17,300,360.0,108000.0
2020122303019714,NRN,38,17,300,360.0,108000.0
2020122303019434,NRN,35,32,10,363.0,3630.0
2020122303019561,NRN,46,4,20,363.0,7260.0
2020122303019560,NRN,22,4,500,363.0,181500.0
2020122303019559,NRN,3,4,100,363.0,36300.0
2020122303019558,NRN,42,4,20,363.0,7260.0
2020122303019557,NRN,35,4,600,363.0,217800.0
2020122303019482,NRN,50,4,200,364.0,72800.0
2020122303019644,NRN,55,17,85,361.0,30685.0
2020122303019628,NRN,17,17,50,361.0,18050.0
2020122303019627,NRN,22,17,500,361.0,180500.0
2020122303019626,NRN,38,17,50,361.0,18050.0
2020122303019625,NRN,45,17,50,361.0,18050.0
2020122303019624,NRN,22,17,780,362.0,282360.0
2020122303019753,NTC,58,39,15,1150.0,17250.0
2020122303019650,NTC,29,39,10,1150.0,11500.0
2020122303019573,NTC,59,39,100,1150.0,115000.0
2020122303019485,NTC,39,17,20,1145.0,22900.0
2020122303019480,NTC,54,17,30,1145.0,34350.0
2020122303019447,NTC,42,17,100,1145.0,114500.0
2020122303019446,NTC,58,17,50,1145.0,57250.0
2020122303019403,NTC,56,52,50,1146.0,57300.0
2020122303019402,NTC,56,52,61,1146.0,69906.0
2020122303019401,NTC,56,5,170,1146.0,194820.0
2020122303019351,NTC,8,5,30,1146.0,34380.0
2020122303019328,NTC,58,19,20,1145.0,22900.0
2020122303019653,NUBL,49,34,5,1245.0,6225.0
2020122303019652,NUBL,8,34,50,1245.0,62250.0
2020122303019815,PFL,44,36,10,181.0,1810.0
2020122303019705,PFL,59,36,208,181.0,37648.0
2020122303019704,PFL,59,44,42,180.0,7560.0
2020122303019722,PLIC,56,10,50,834.0,41700.0
2020122303019530,PLIC,26,52,100,835.0,83500.0
2020122303019805,PROFL,34,28,10,126.0,1260.0
2020122303019725,PROFL,34,28,10,126.0,1260.0
2020122303019662,PROFL,22,42,450,125.0,56250.0
2020122303019661,PROFL,34,42,50,125.0,6250.0
2020122303019822,RLI,53,38,10,615.0,6150.0
2020122303019821,RLI,53,38,10,615.0,6150.0
2020122303019820,RLI,53,44,10,615.0,6150.0
2020122303019819,RLI,53,44,10,615.0,6150.0
2020122303019818,RLI,53,38,10,615.0,6150.0
2020122303019791,RLI,38,38,10,615.0,6150.0
2020122303019391,RLI,50,38,10,614.0,6140.0
2020122303019331,RLI,50,29,10,614.0,6140.0
2020122303019509,RLI,39,38,10,613.0,6130.0
2020122303019477,RLI,25,50,20,614.0,12280.0
2020122303019443,RLI,25,38,10,614.0,6140.0
2020122303019436,RLI,50,29,10,614.0,6140.0
2020122303019429,RLI,50,38,10,614.0,6140.0
2020122303019406,RLI,50,25,10,614.0,6140.0
2020122303019556,RLI,59,29,10,614.0,6140.0
2020122303019550,RLI,59,38,10,614.0,6140.0
2020122303019529,RLI,59,52,10,614.0,6140.0
2020122303019528,RLI,59,50,70,614.0,42980.0
2020122303019523,RLI,56,50,10,614.0,6140.0
2020122303019516,RLI,38,29,10,612.0,6120.0
2020122303019689,RLI,59,43,180,614.0,110520.0
2020122303019688,RLI,38,43,210,616.0,129360.0
2020122303019655,RLI,59,38,10,614.0,6140.0
2020122303019641,RLI,59,34,10,614.0,6140.0
2020122303019572,RLI,59,32,10,614.0,6140.0
2020122303019564,RLI,59,38,10,614.0,6140.0
2020122303019790,RLI,38,38,10,615.0,6150.0
2020122303019789,RLI,38,38,10,615.0,6150.0
2020122303019788,RLI,38,44,10,615.0,6150.0
2020122303019787,RLI,38,38,10,615.0,6150.0
2020122303019734,RLI,38,38,10,615.0,6150.0
2020122303019690,RLI,34,43,10,613.0,6130.0
2020122303019785,RMDC,6,47,44,1083.0,47652.0
2020122303019784,RMDC,6,35,50,1083.0,54150.0
2020122303019611,RMDC,26,35,43,1083.0,46569.0
2020122303019610,RMDC,26,35,15,1083.0,16245.0
2020122303019609,RMDC,49,35,35,1083.0,37905.0
2020122303019484,RMDC,49,35,32,1083.0,34656.0
2020122303019483,RMDC,22,35,58,1083.0,62814.0
2020122303019390,RMDC,19,35,100,1085.0,108500.0
2020122303019602,RSDC,57,45,78,641.0,49998.0
2020122303019593,RSDC,57,34,122,641.0,78202.0
2020122303019592,RSDC,58,34,50,641.0,32050.0
2020122303019591,RSDC,47,34,500,641.0,320500.0
2020122303019590,RSDC,42,34,15,641.0,9615.0
2020122303019521,RSDC,22,34,100,642.0,64200.0
2020122303019520,RSDC,50,34,200,642.0,128400.0
2020122303019519,RSDC,35,34,23,643.0,14789.0
2020122303019373,RSDC,35,3,27,643.0,17361.0
2020122303019798,SADBL,33,26,10,177.0,1770.0
2020122303019816,SAPDBL,49,38,18,148.0,2664.0
2020122303019613,SAPDBL,34,38,10,148.0,1480.0
2020122303019612,SAPDBL,34,38,110,146.0,16060.0
2020122303019698,SDLBSL,6,59,10,1224.0,12240.0
2020122303019697,SDLBSL,6,4,10,1220.0,12200.0
2020122303019696,SDLBSL,6,21,10,1220.0,12200.0
2020122303019695,SDLBSL,6,19,100,1220.0,122000.0
2020122303019694,SDLBSL,6,41,10,1219.0,12190.0
2020122303019693,SDLBSL,6,6,180,1219.0,219420.0
2020122303019418,SDLBSL,6,44,10,1210.0,12100.0
2020122303019417,SDLBSL,6,34,10,1209.0,12090.0
2020122303019416,SDLBSL,6,55,10,1208.0,12080.0
2020122303019692,SDLBSL,6,1,30,1215.0,36450.0
2020122303019635,SDLBSL,6,6,10,1219.0,12190.0
2020122303019618,SDLBSL,4,29,10,1196.0,11960.0
2020122303019527,SDLBSL,47,44,10,1196.0,11960.0
2020122303019420,SDLBSL,6,6,10,1219.0,12190.0
2020122303019419,SDLBSL,6,49,10,1210.0,12100.0
2020122303019808,SHINE,28,25,16,270.0,4320.0
2020122303019645,SHINE,49,42,10,269.0,2690.0
2020122303019536,SHINE,42,25,350,270.0,94500.0
2020122303019763,SHL,49,25,880,194.0,170720.0
2020122303019660,SHL,49,25,298,194.0,57812.0
2020122303019659,SHL,17,25,400,194.0,77600.0
2020122303019658,SHL,38,25,102,194.0,19788.0
2020122303019657,SHL,18,25,200,194.0,38800.0
2020122303019807,SKBBL,49,45,119,1731.0,205989.0
2020122303019806,SKBBL,49,50,81,1731.0,140211.0
2020122303019397,SKBBL,44,50,50,1733.0,86650.0
2020122303019396,SKBBL,58,50,19,1733.0,32927.0
2020122303019666,SLBBL,42,6,50,1070.0,53500.0
2020122303019505,SLBBL,34,6,200,1070.0,214000.0
2020122303019739,SLBS,1,19,50,1320.0,66000.0
2020122303019394,SLBSL,42,26,90,981.0,88290.0
2020122303019665,SLICL,4,41,11,750.0,8250.0
2020122303019664,SLICL,4,22,48,749.0,35952.0
2020122303019663,SLICL,4,10,61,749.0,45689.0
2020122303019586,SLICL,4,10,139,749.0,104111.0
2020122303019585,SLICL,4,32,139,749.0,104111.0
2020122303019584,SLICL,4,44,250,749.0,187250.0
2020122303019577,SLICL,4,49,60,747.0,44820.0
2020122303019576,SLICL,4,57,140,746.0,104440.0
2020122303019575,SLICL,4,34,100,746.0,74600.0
2020122303019574,SLICL,4,58,40,746.0,29840.0
2020122303019346,SLICL,4,41,968,745.0,721160.0
2020122303019324,SLICL,21,41,32,745.0,23840.0
2020122303019583,SLICL,4,53,70,749.0,52430.0
2020122303019582,SLICL,4,14,200,749.0,149800.0
2020122303019581,SLICL,4,34,500,748.0,374000.0
2020122303019580,SLICL,4,57,11,748.0,8228.0
2020122303019579,SLICL,4,32,200,747.0,149400.0
2020122303019578,SLICL,4,55,151,747.0,112797.0
2020122303019765,SMFBS,25,42,14,1305.0,18270.0
2020122303019534,SNLB,38,42,80,973.0,77840.0
2020122303019453,SNLB,38,49,10,973.0,9730.0
2020122303019598,SWBBL,34,36,10,1625.0,16250.0
2020122303019597,SWBBL,34,5,30,1615.0,48450.0
2020122303019563,SWBBL,6,48,100,1613.0,161300.0
2020122303019743,TRH,44,44,980,301.0,294980.0
2020122303019726,UFL,1,38,25,250.0,6250.0
2020122303019802,VLBS,57,38,10,1245.0,12450.0
2020122303019228,ALBSL,6,34,11,995.0,10945.0
2020122303019096,ALBSL,6,50,11,995.0,10945.0
2020122303019060,ALBSL,6,29,11,995.0,10945.0
2020122303019294,ALICL,49,50,"1,000",925.0,925000.0
2020122303019191,ALICL,49,38,"1,500",925.0,1387500.0
2020122303019059,ALICL,49,38,800,925.0,740000.0
2020122303019037,ALICL,8,48,990,930.0,920700.0
2020122303019027,ALICL,49,57,360,925.0,333000.0
2020122303019026,ALICL,48,57,50,925.0,46250.0
2020122303019025,ALICL,48,57,50,925.0,46250.0
2020122303019024,ALICL,29,57,30,925.0,27750.0
2020122303019023,ALICL,56,57,10,928.0,9280.0
2020122303018954,ALICL,47,51,60,929.0,55740.0
2020122303018914,ALICL,47,51,131,929.0,121699.0
2020122303018857,ALICL,38,48,10,930.0,9300.0
2020122303018930,BFC,4,10,125,130.0,16250.0
2020122303019184,CBBL,1,26,380,1440.0,547200.0
2020122303019116,CBBL,1,54,150,1440.0,216000.0
2020122303019046,CBBL,49,55,50,1441.0,72050.0
2020122303019045,CBBL,49,54,50,1441.0,72050.0
2020122303019012,CBBL,58,55,50,1441.0,72050.0
2020122303019004,CBBL,1,55,50,1440.0,72000.0
2020122303018972,CBBL,1,49,95,1440.0,136800.0
2020122303018952,CFCL,6,36,721,156.0,112476.0
2020122303018951,CFCL,34,36,50,156.0,7800.0
2020122303018950,CFCL,57,36,32,156.0,4992.0
2020122303018949,CFCL,1,36,200,156.0,31200.0
2020122303018948,CFCL,32,36,200,156.0,31200.0
2020122303018947,CFCL,6,36,27,156.0,4212.0
2020122303019220,CIT,53,22,20,5115.0,102300.0
2020122303019133,CIT,33,45,10,5100.0,51000.0
2020122303019132,CIT,26,45,20,5100.0,102000.0
2020122303019128,CIT,49,45,10,5101.0,51010.0
2020122303019088,CIT,59,26,10,5100.0,51000.0
2020122303019087,CIT,57,26,100,5100.0,510000.0
2020122303018899,CIT,26,45,95,5119.0,486305.0
2020122303018905,CIT,21,45,50,5108.0,255400.0
2020122303018904,CIT,33,45,10,5110.0,51100.0
2020122303018903,CIT,28,45,19,5110.0,97090.0
2020122303018902,CIT,16,45,20,5115.0,102300.0
2020122303018901,CIT,51,45,10,5115.0,51150.0
2020122303018900,CIT,53,45,35,5115.0,179025.0
2020122303018939,CIT,49,45,37,5106.0,188922.0
2020122303018921,CIT,33,45,10,5115.0,51150.0
2020122303018909,CIT,49,45,13,5106.0,66378.0
2020122303018908,CIT,38,45,28,5106.0,142968.0
2020122303018907,CIT,5,45,10,5107.0,51070.0
2020122303018906,CIT,16,45,10,5107.0,51070.0
2020122303018980,CIT,44,45,37,5103.0,188811.0
2020122303018944,CIT,44,45,13,5103.0,66339.0
2020122303018943,CIT,44,45,50,5104.0,255200.0
2020122303018942,CIT,51,45,50,5105.0,255250.0
2020122303018941,CIT,58,45,100,5105.0,510500.0
2020122303018940,CIT,8,45,50,5105.0,255250.0
2020122303018986,CIT,39,45,52,5100.0,265200.0
2020122303018985,CIT,42,45,40,5100.0,204000.0
2020122303018984,CIT,38,45,20,5100.0,102000.0
2020122303018983,CIT,1,45,10,5100.0,51000.0
2020122303018982,CIT,18,45,50,5102.0,255100.0
2020122303018981,CIT,21,45,20,5102.0,102040.0
2020122303019029,CIT,53,26,50,5100.0,255000.0
2020122303019028,CIT,29,26,34,5100.0,173400.0
2020122303018990,CIT,29,45,16,5100.0,81600.0
2020122303018989,CIT,52,45,20,5100.0,102000.0
2020122303018988,CIT,56,45,10,5100.0,51000.0
2020122303018987,CIT,43,45,25,5100.0,127500.0
2020122303019086,CIT,49,26,34,5100.0,173400.0
2020122303019085,CIT,21,26,50,5101.0,255050.0
2020122303019065,CIT,33,45,10,5115.0,51150.0
2020122303019053,CIT,58,45,30,5115.0,153450.0
2020122303019031,CIT,49,26,66,5100.0,336600.0
2020122303019030,CIT,16,26,50,5100.0,255000.0
2020122303019245,CLBSL,36,34,92,815.0,74980.0
2020122303019091,CLBSL,36,42,17,815.0,13855.0
2020122303019090,CLBSL,36,32,66,815.0,53790.0
2020122303018975,CLBSL,52,17,70,800.0,56000.0
2020122303019264,DDBL,39,10,200,1445.0,289000.0
2020122303019263,DDBL,17,10,26,1445.0,37570.0
2020122303019238,DDBL,52,32,50,1447.0,72350.0
2020122303019102,DDBL,57,55,100,1450.0,145000.0
2020122303019101,DDBL,57,50,261,1450.0,378450.0
2020122303019100,DDBL,57,58,33,1450.0,47850.0
2020122303019099,DDBL,57,45,40,1448.0,57920.0
2020122303019098,DDBL,57,52,50,1448.0,72400.0
2020122303019097,DDBL,57,45,15,1448.0,21720.0
2020122303018971,DDBL,17,6,24,1445.0,34680.0
2020122303018929,DDBL,42,45,45,1448.0,65160.0
2020122303019162,EDBL,52,29,10,350.0,3500.0
2020122303018867,EDBL,28,48,100,345.0,34500.0
2020122303019272,FMDBL,56,19,85,593.0,50405.0
2020122303019181,FMDBL,57,19,10,593.0,5930.0
2020122303019180,FMDBL,57,50,100,590.0,59000.0
2020122303019143,FMDBL,57,41,275,592.0,162800.0
2020122303018877,FMDBL,49,21,377,585.0,220545.0
2020122303018829,FMDBL,3,17,192,581.0,111552.0
2020122303018828,FMDBL,6,17,300,581.0,174300.0
2020122303018827,FMDBL,1,17,500,582.0,291000.0
2020122303018826,FMDBL,44,17,100,582.0,58200.0
2020122303018825,FMDBL,43,17,100,583.0,58300.0
2020122303018824,FMDBL,49,17,500,583.0,291500.0
2020122303018823,FMDBL,52,17,13,584.0,7592.0
2020122303019277,FOWAD,57,29,200,2330.0,466000.0
2020122303019276,FOWAD,57,50,200,2329.0,465800.0
2020122303019275,FOWAD,57,52,295,2329.0,687055.0
2020122303019274,FOWAD,57,58,37,2328.0,86136.0
2020122303019273,FOWAD,57,1,20,2320.0,46400.0
2020122303019205,FOWAD,49,58,63,2328.0,146664.0
2020122303019103,FOWAD,57,6,59,2315.0,136585.0
2020122303019058,FOWAD,16,45,10,2305.0,23050.0
2020122303019022,FOWAD,57,26,20,2315.0,46300.0
2020122303019021,FOWAD,57,38,10,2315.0,23150.0
2020122303019020,FOWAD,57,32,33,2310.0,76230.0
2020122303018931,FOWAD,39,39,6,2307.0,13842.0
2020122303019204,FOWAD,49,34,15,2327.0,34905.0
2020122303019203,FOWAD,49,22,22,2327.0,51194.0
2020122303019142,FOWAD,57,34,29,2320.0,67280.0
2020122303019106,FOWAD,57,34,103,2320.0,238960.0
2020122303019105,FOWAD,57,22,22,2319.0,51018.0
2020122303019104,FOWAD,57,55,16,2318.0,37088.0
2020122303019317,GBBL,49,28,407,306.0,124542.0
2020122303019316,GBBL,42,28,37,306.0,11322.0
2020122303019315,GBBL,8,28,56,306.0,17136.0
2020122303019259,GBBL,8,19,124,306.0,37944.0
2020122303019115,GBBL,8,58,20,306.0,6120.0
2020122303019114,GBBL,42,58,"1,197",306.0,366282.0
2020122303019044,GBBL,42,29,200,306.0,61200.0
2020122303018993,GBBL,42,26,203,306.0,62118.0
2020122303019198,GBLBS,34,50,10,583.0,5830.0
2020122303019043,GBLBS,17,50,50,584.0,29200.0
2020122303019010,GBLBS,17,17,450,584.0,262800.0
2020122303018892,GBLBS,17,17,50,584.0,29200.0
2020122303018847,GBLBS,41,3,10,581.0,5810.0
2020122303019319,GFCL,34,36,100,211.0,21100.0
2020122303018923,GILB,35,45,10,1700.0,17000.0
2020122303018922,GILB,57,45,10,1700.0,17000.0
2020122303018850,GILB,58,45,20,1701.0,34020.0
2020122303018849,GILB,43,45,10,1715.0,17150.0
2020122303019211,GLBSL,42,34,200,842.0,168400.0
2020122303019161,GLICL,36,34,500,640.0,320000.0
2020122303019130,GLICL,36,56,285,640.0,182400.0
2020122303019129,GLICL,41,56,15,640.0,9600.0
2020122303019223,GMFBS,44,57,200,975.0,195000.0
2020122303019005,GMFIL,25,43,112,206.0,23072.0
2020122303019171,GRDBL,39,4,100,147.0,14700.0
2020122303019197,GUFL,48,5,80,196.0,15680.0
2020122303019121,HIDCL,49,29,61,272.0,16592.0
2020122303019081,HIDCL,28,41,55,273.0,15015.0
2020122303019015,HIDCL,42,45,100,273.0,27300.0
2020122303018992,HIDCL,56,34,100,273.0,27300.0
2020122303019266,ICFC,44,35,10,280.0,2800.0
2020122303018936,ICFC,56,35,200,280.0,56000.0
2020122303019227,JBBL,38,34,100,230.0,23000.0
2020122303019089,JBBL,38,26,70,230.0,16100.0
2020122303019075,JBBL,38,56,85,230.0,19550.0
2020122303019074,JBBL,51,56,100,230.0,23000.0
2020122303019073,JBBL,58,56,"19,815",230.0,4557450.0
2020122303018919,JBBL,58,3,150,230.0,34500.0
2020122303019234,JFL,28,4,530,240.0,127200.0
2020122303019233,JFL,28,4,970,240.0,232800.0
2020122303019246,JSLBB,29,32,156,1732.0,270192.0
2020122303019190,JSLBB,37,7,158,1730.0,273340.0
2020122303019297,KMCDB,25,47,10,878.0,8780.0
2020122303019296,KMCDB,25,19,10,876.0,8760.0
2020122303019095,KMCDB,53,38,300,870.0,261000.0
2020122303019056,KMCDB,7,36,44,868.0,38192.0
2020122303019055,KMCDB,36,36,36,868.0,31248.0
2020122303018995,KRBL,43,42,33,134.0,4422.0
2020122303019278,KSBBL,49,10,"1,000",219.0,219000.0
2020122303019206,KSBBL,56,10,199,219.0,43581.0
2020122303019173,KSBBL,44,10,100,219.0,21900.0
2020122303019172,KSBBL,33,10,681,219.0,149139.0
2020122303019155,KSBBL,33,26,68,219.0,14892.0
2020122303018917,KSBBL,33,34,251,219.0,54969.0
2020122303019122,LBBL,33,41,100,224.0,22400.0
2020122303018891,LBBL,52,25,150,222.0,33300.0
2020122303018848,LBBL,52,4,39,222.0,8658.0
2020122303019210,LICN,25,25,10,2030.0,20300.0
2020122303019183,LICN,25,6,20,2020.0,40400.0
2020122303019182,LICN,25,38,10,2009.0,20090.0
2020122303019148,LICN,57,6,157,2000.0,314000.0
2020122303019119,LICN,10,6,10,2025.0,20250.0
2020122303019035,LICN,25,25,20,2030.0,40600.0
2020122303018856,LICN,42,25,27,2000.0,54000.0
2020122303018855,LICN,22,25,100,2000.0,200000.0
2020122303018854,LICN,3,25,100,2000.0,200000.0
2020122303018853,LICN,53,25,23,2001.0,46023.0
2020122303018852,LICN,34,25,50,2001.0,100050.0
2020122303018851,LICN,50,25,50,2009.0,100450.0
2020122303019034,LICN,25,35,102,2010.0,205020.0
2020122303019033,LICN,25,50,50,2009.0,100450.0
2020122303018935,LICN,50,25,27,2000.0,54000.0
2020122303018934,LICN,42,25,23,2000.0,46000.0
2020122303018932,LICN,25,35,10,2010.0,20100.0
2020122303019014,LLBS,18,33,10,1509.0,15090.0
2020122303018920,LLBS,18,26,17,1494.0,25398.0
2020122303019239,MDB,32,17,50,388.0,19400.0
2020122303018889,MDB,34,17,20,388.0,7760.0
2020122303019312,MERO,49,33,400,970.0,388000.0
2020122303019291,MERO,39,41,33,975.0,32175.0
2020122303019057,MERO,48,26,14,978.0,13692.0
2020122303019199,MERO,49,26,12,970.0,11640.0
2020122303019138,MERO,49,26,426,970.0,413220.0
2020122303019137,MERO,17,26,30,972.0,29160.0
2020122303019283,MFIL,3,38,100,396.0,39600.0
2020122303019306,MLBL,25,26,211,238.0,50218.0
2020122303019305,MLBL,17,26,89,239.0,21271.0
2020122303019256,MLBL,17,17,179,239.0,42781.0
2020122303019255,MLBL,17,42,32,239.0,7648.0
2020122303019083,MLBL,41,26,400,238.0,95200.0
2020122303019082,MLBL,42,26,370,238.0,88060.0
2020122303019254,MLBL,17,41,200,239.0,47800.0
2020122303019231,MLBL,25,26,12,238.0,2856.0
2020122303019084,MLBL,25,26,230,238.0,54740.0
2020122303019284,MMFDB,17,10,50,1030.0,51500.0
2020122303019249,MMFDB,38,32,58,1038.0,60204.0
2020122303019248,MMFDB,38,10,28,1037.0,29036.0
2020122303018893,MMFDB,57,45,20,1037.0,20740.0
2020122303018884,MSLB,22,25,17,1592.0,27064.0
