Transact. No.,Symbol,Buyer,Seller,Quantity,Rate,Amount
2020122404001420,BBC,43,36,10,2690.0,26900.0
2020122404001401,CMF1,25,34,300,10.13,3039.0
2020122404001334,CMF1,25,53,200,10.13,2026.0
2020122404001161,CMF1,25,38,200,9.98,1996.0
2020122404001121,CMF1,14,29,200,9.82,1964.0
2020122404001115,CMF1,14,34,100,9.82,982.0
2020122404001059,GBD80/81,57,3,25,1071.0,26775.0
2020122404001058,GBD80/81,57,49,25,1070.0,26750.0
2020122404001478,GIC,58,26,20,552.0,11040.0
2020122404001477,GIC,49,29,10,551.0,5510.0
2020122404001475,GIC,49,26,20,552.0,11040.0
2020122404001472,GIC,53,29,10,552.0,5520.0
2020122404001464,GIC,42,29,10,552.0,5520.0
2020122404001463,GIC,42,18,10,552.0,5520.0
2020122404000992,GIC,34,43,10,552.0,5520.0
2020122404000989,GIC,34,10,10,552.0,5520.0
2020122404000988,GIC,34,6,10,552.0,5520.0
2020122404000986,GIC,34,22,10,552.0,5520.0
2020122404000982,GIC,21,21,10,551.0,5510.0
2020122404000980,GIC,21,43,10,551.0,5510.0
2020122404001048,GIC,21,7,10,551.0,5510.0
2020122404001040,GIC,21,7,10,551.0,5510.0
2020122404001037,GIC,35,7,10,552.0,5520.0
2020122404001021,GIC,34,45,10,552.0,5520.0
2020122404001020,GIC,35,35,10,553.0,5530.0
2020122404001017,GIC,34,21,10,552.0,5520.0
2020122404001063,GIC,46,38,10,551.0,5510.0
2020122404001060,GIC,35,35,10,553.0,5530.0
2020122404001056,GIC,46,7,10,551.0,5510.0
2020122404001055,GIC,46,57,30,551.0,16530.0
2020122404001054,GIC,49,57,50,551.0,27550.0
2020122404001053,GIC,21,57,20,551.0,11020.0
2020122404001077,GIC,38,7,10,550.0,5500.0
2020122404001076,GIC,38,17,10,550.0,5500.0
2020122404001073,GIC,38,38,10,550.0,5500.0
2020122404001070,GIC,38,8,10,550.0,5500.0
2020122404001069,GIC,38,7,10,550.0,5500.0
2020122404001065,GIC,34,44,10,550.0,5500.0
2020122404001094,GIC,38,7,10,550.0,5500.0
2020122404001087,GIC,46,58,10,552.0,5520.0
2020122404001086,GIC,38,38,10,550.0,5500.0
2020122404001082,GIC,38,38,10,550.0,5500.0
2020122404001080,GIC,38,44,10,550.0,5500.0
2020122404001078,GIC,38,38,10,550.0,5500.0
2020122404001109,GIC,38,38,10,550.0,5500.0
2020122404001107,GIC,38,38,10,550.0,5500.0
2020122404001106,GIC,38,17,10,550.0,5500.0
2020122404001104,GIC,38,7,10,550.0,5500.0
2020122404001099,GIC,38,44,10,550.0,5500.0
2020122404001095,GIC,38,29,10,550.0,5500.0
2020122404001132,GIC,46,14,10,553.0,5530.0
2020122404001131,GIC,46,35,20,553.0,11060.0
2020122404001128,GIC,38,55,10,550.0,5500.0
2020122404001127,GIC,35,35,10,553.0,5530.0
2020122404001126,GIC,38,51,10,550.0,5500.0
2020122404001111,GIC,38,20,10,550.0,5500.0
2020122404001142,GIC,46,51,10,551.0,5510.0
2020122404001140,GIC,41,38,10,551.0,5510.0
2020122404001138,GIC,41,53,10,551.0,5510.0
2020122404001136,GIC,41,7,10,551.0,5510.0
2020122404001134,GIC,46,41,10,553.0,5530.0
2020122404001133,GIC,46,4,10,553.0,5530.0
2020122404001154,GIC,48,51,10,554.0,5540.0
2020122404001149,GIC,57,55,10,551.0,5510.0
2020122404001147,GIC,38,7,10,550.0,5500.0
2020122404001145,GIC,47,38,10,551.0,5510.0
2020122404001144,GIC,46,50,10,554.0,5540.0
2020122404001143,GIC,46,58,10,554.0,5540.0
2020122404001187,GIC,11,7,10,550.0,5500.0
2020122404001186,GIC,11,17,10,550.0,5500.0
2020122404001177,GIC,11,17,10,550.0,5500.0
2020122404001176,GIC,57,45,10,551.0,5510.0
2020122404001170,GIC,57,56,10,551.0,5510.0
2020122404001169,GIC,57,17,10,551.0,5510.0
2020122404001203,GIC,11,17,10,550.0,5500.0
2020122404001201,GIC,11,18,10,550.0,5500.0
2020122404001197,GIC,11,7,10,550.0,5500.0
2020122404001195,GIC,11,45,10,550.0,5500.0
2020122404001192,GIC,11,55,10,550.0,5500.0
2020122404001191,GIC,11,45,10,550.0,5500.0
2020122404001212,GIC,11,32,10,550.0,5500.0
2020122404001210,GIC,11,18,10,550.0,5500.0
2020122404001209,GIC,11,38,10,550.0,5500.0
2020122404001207,GIC,11,32,10,550.0,5500.0
2020122404001206,GIC,11,16,10,550.0,5500.0
2020122404001204,GIC,11,7,10,550.0,5500.0
2020122404001224,GIC,11,7,10,550.0,5500.0
2020122404001222,GIC,11,45,10,550.0,5500.0
2020122404001220,GIC,11,21,10,550.0,5500.0
2020122404001219,GIC,11,58,10,550.0,5500.0
2020122404001218,GIC,11,38,10,550.0,5500.0
2020122404001215,GIC,11,21,10,550.0,5500.0
2020122404001233,GIC,11,38,10,550.0,5500.0
2020122404001231,GIC,11,8,10,550.0,5500.0
2020122404001230,GIC,11,37,10,550.0,5500.0
2020122404001229,GIC,11,18,10,550.0,5500.0
2020122404001228,GIC,11,38,10,550.0,5500.0
2020122404001226,GIC,11,37,10,550.0,5500.0
2020122404001246,GIC,1,51,10,551.0,5510.0
2020122404001245,GIC,1,21,10,551.0,5510.0
2020122404001243,GIC,42,49,90,550.0,49500.0
2020122404001242,GIC,11,49,410,550.0,225500.0
2020122404001236,GIC,11,58,10,550.0,5500.0
2020122404001234,GIC,11,37,10,550.0,5500.0
2020122404001267,GIC,1,39,10,551.0,5510.0
2020122404001263,GIC,1,7,10,551.0,5510.0
2020122404001252,GIC,1,18,10,551.0,5510.0
2020122404001251,GIC,1,38,10,551.0,5510.0
2020122404001250,GIC,1,39,10,551.0,5510.0
2020122404001247,GIC,1,44,10,551.0,5510.0
2020122404001295,GIC,42,51,10,550.0,5500.0
2020122404001291,GIC,42,39,10,550.0,5500.0
2020122404001290,GIC,42,45,10,550.0,5500.0
2020122404001289,GIC,42,17,10,550.0,5500.0
2020122404001280,GIC,42,44,10,550.0,5500.0
2020122404001272,GIC,1,49,20,551.0,11020.0
2020122404001315,GIC,45,26,10,550.0,5500.0
2020122404001313,GIC,45,17,10,550.0,5500.0
2020122404001312,GIC,45,17,10,550.0,5500.0
2020122404001305,GIC,45,39,120,550.0,66000.0
2020122404001304,GIC,39,49,200,551.0,110200.0
2020122404001299,GIC,42,26,10,550.0,5500.0
2020122404001329,GIC,20,14,10,550.0,5500.0
2020122404001327,GIC,20,17,20,550.0,11000.0
2020122404001326,GIC,45,17,80,550.0,44000.0
2020122404001323,GIC,45,13,10,550.0,5500.0
2020122404001322,GIC,45,58,200,550.0,110000.0
2020122404001318,GIC,45,17,10,550.0,5500.0
2020122404001349,GIC,34,36,10,551.0,5510.0
2020122404001348,GIC,34,49,80,551.0,44080.0
2020122404001347,GIC,45,18,10,550.0,5500.0
2020122404001345,GIC,45,42,10,550.0,5500.0
2020122404001343,GIC,20,58,10,550.0,5500.0
2020122404001330,GIC,20,49,10,550.0,5500.0
2020122404001364,GIC,45,47,10,550.0,5500.0
2020122404001362,GIC,45,36,10,550.0,5500.0
2020122404001357,GIC,45,58,10,550.0,5500.0
2020122404001355,GIC,45,58,10,550.0,5500.0
2020122404001352,GIC,45,38,10,550.0,5500.0
2020122404001351,GIC,45,51,10,550.0,5500.0
2020122404001389,GIC,45,38,10,550.0,5500.0
2020122404001388,GIC,45,47,10,550.0,5500.0
2020122404001387,GIC,25,58,10,551.0,5510.0
2020122404001386,GIC,45,43,10,550.0,5500.0
2020122404001384,GIC,45,21,10,550.0,5500.0
2020122404001366,GIC,45,58,10,550.0,5500.0
2020122404001416,GIC,49,42,10,551.0,5510.0
2020122404001415,GIC,49,37,10,551.0,5510.0
2020122404001414,GIC,49,22,10,551.0,5510.0
2020122404001411,GIC,49,37,10,551.0,5510.0
2020122404001408,GIC,49,48,10,551.0,5510.0
2020122404001390,GIC,45,58,10,550.0,5500.0
2020122404001431,GIC,42,28,10,552.0,5520.0
2020122404001430,GIC,42,28,10,552.0,5520.0
2020122404001429,GIC,42,34,10,552.0,5520.0
2020122404001428,GIC,42,58,10,552.0,5520.0
2020122404001426,GIC,49,58,10,551.0,5510.0
2020122404001423,GIC,34,56,10,552.0,5520.0
2020122404001378,GIMES1,3,28,"1,100",11.07,12177.0
2020122404001353,GIMES1,45,47,320,11.27,3606.4
2020122404001260,GIMES1,25,47,500,11.27,5635.0
2020122404001050,KBLD86,42,10,25,1041.0,26025.0
2020122404001045,KBLPO,26,50,"1,125",110.0,123750.0
2020122404001042,KBLPO,26,50,"4,501",110.0,495110.0
2020122404001041,KBLPO,26,50,"2,250",110.0,247500.0
2020122404001039,KBLPO,26,50,562,110.0,61820.0
2020122404001285,LEMF,21,51,500,9.81,4905.0
2020122404001282,LEMF,21,29,"3,000",9.81,29430.0
2020122404001281,LEMF,42,29,"2,000",9.82,19640.0
2020122404001240,LEMF,21,51,500,9.81,4905.0
2020122404001361,LUK,41,11,200,9.3,1860.0
2020122404001325,LUK,25,7,400,9.4,3760.0
2020122404001317,LUK,25,59,100,9.35,935.0
2020122404001300,LUK,41,4,400,9.3,3720.0
2020122404001025,LUK,34,4,400,9.35,3740.0
2020122404001424,MNBBLP,48,37,"3,000",182.0,546000.0
2020122404001032,MNBBLP,25,1,"5,000",182.0,910000.0
2020122404001027,MNBBLP,25,1,"5,000",182.0,910000.0
2020122404001026,MNBBLP,25,1,"5,000",182.0,910000.0
2020122404001022,MNBBLP,25,1,"7,000",182.0,1274000.0
2020122404001019,MNBBLP,25,1,"5,000",182.0,910000.0
2020122404001016,MNBBLP,25,1,"5,000",182.0,910000.0
2020122404000999,MNBBLP,1,25,"59,403",182.0,10811346.0
2020122404001376,NBF2,38,25,"1,000",9.6,9600.0
2020122404001371,NBF2,38,28,270,9.6,2592.0
2020122404001342,NBF2,38,25,"1,500",9.6,14400.0
2020122404001341,NBF2,25,25,500,9.74,4870.0
2020122404001061,NBF2,38,44,120,9.55,1146.0
2020122404001262,NCCBPO,57,34,"30,970",114.0,3530580.0
2020122404001400,NEF,14,25,"2,414",9.89,23874.46
2020122404001360,NEF,14,28,332,9.89,3283.48
2020122404001359,NEF,19,28,"1,000",9.89,9890.0
2020122404001358,NEF,17,28,"1,082",9.89,10700.98
2020122404001286,NEF,25,26,"1,000",9.9,9900.0
2020122404001259,NEF,17,22,845,9.89,8357.05
2020122404001249,NEF,17,22,"2,414",9.89,23874.46
2020122404001194,NEF,26,26,276,9.9,2732.4
2020122404001193,NEF,17,26,"1,000",9.9,9900.0
2020122404001034,NEF,26,17,724,9.9,7167.6
2020122404001457,NIBLPF,14,38,"2,530",10.15,25679.5
2020122404001427,NIBLPF,14,26,758,10.15,7693.7
2020122404001425,NIBLPF,14,42,253,10.15,2567.95
2020122404001405,NIBLPF,14,49,"2,525",10.15,25628.75
2020122404001266,NIBLPF,25,38,500,10.18,5090.0
2020122404001162,NIBLPF,14,38,"2,525",10.15,25628.75
2020122404001119,NIBLPF,17,18,"6,509",10.14,66001.26
2020122404001092,NIBLPF,17,14,525,10.14,5323.5
2020122404001091,NIBLPF,6,14,"2,000",10.15,20300.0
2020122404001473,NIBPO,58,35,10,445.0,4450.0
2020122404001462,NIBPO,34,10,973,442.0,430066.0
2020122404001461,NIBPO,54,10,27,442.0,11934.0
2020122404001459,NIBPO,54,10,500,442.0,221000.0
2020122404001458,NIBPO,54,10,436,442.0,192712.0
2020122404001456,NIBPO,54,16,20,442.0,8840.0
2020122404001005,NIBPO,13,35,300,441.0,132300.0
2020122404001004,NIBPO,26,35,37,441.0,16317.0
2020122404001003,NIBPO,1,35,300,442.0,132600.0
2020122404001011,NIBPO,8,35,500,440.0,220000.0
2020122404001010,NIBPO,13,35,500,440.0,220000.0
2020122404001009,NIBPO,49,35,500,440.0,220000.0
2020122404001008,NIBPO,13,35,300,440.0,132000.0
2020122404001007,NIBPO,8,35,500,441.0,220500.0
2020122404001006,NIBPO,28,35,"2,000",441.0,882000.0
2020122404001088,NIBPO,34,58,"2,500",445.0,1112500.0
2020122404001079,NIBPO,11,29,245,441.0,108045.0
2020122404001024,NIBPO,44,6,"4,937",440.0,2172280.0
2020122404001015,NIBPO,44,35,"20,063",440.0,8827720.0
2020122404001014,NIBPO,44,35,"4,937",440.0,2172280.0
2020122404001012,NIBPO,44,35,"20,063",440.0,8827720.0
2020122404001214,NIBPO,34,39,"3,790",447.0,1694130.0
2020122404001213,NIBPO,34,6,210,446.0,93660.0
2020122404001159,NIBPO,34,6,"4,580",446.0,2042680.0
2020122404001158,NIBPO,34,55,309,446.0,137814.0
2020122404001157,NIBPO,34,35,"2,000",445.0,890000.0
2020122404001156,NIBPO,34,58,111,445.0,49395.0
2020122404001293,NIBPO,54,6,17,442.0,7514.0
2020122404001275,NIBPO,10,6,"1,030",443.0,456290.0
2020122404001274,NIBPO,1,6,500,443.0,221500.0
2020122404001273,NIBPO,28,6,"1,000",443.0,443000.0
2020122404001271,NIBPO,11,6,"1,755",444.0,779220.0
2020122404001248,NIBPO,11,35,"2,000",446.0,892000.0
2020122404001068,NIBSF1,7,59,"4,000",11.02,44080.0
2020122404001067,NIBSF1,35,59,"1,000",11.02,11020.0
2020122404000981,NIBSF1,26,38,"5,000",11.03,55150.0
2020122404001196,NICBF,20,4,500,10.03,5015.0
2020122404001163,NICGF,19,56,"1,000",10.27,10270.0
2020122404001172,NMB50,22,45,200,10.35,2070.0
2020122404001167,NMB50,22,50,100,10.35,1035.0
2020122404000985,NMB50,22,33,"3,200",10.35,33120.0
2020122404000984,NMB50,19,33,"2,500",10.36,25900.0
2020122404001466,NMBHF1,58,47,"4,161",10.0,41610.0
2020122404001433,NMBHF1,8,47,"5,839",9.97,58214.83
2020122404001432,NMBHF1,8,49,"4,161",9.97,41485.17
2020122404001333,NMBHF1,49,18,"3,052",9.93,30306.36
2020122404001268,NMBHF1,56,18,852,10.0,8520.0
2020122404001227,NMBHF1,17,35,800,9.95,7960.0
2020122404001166,NMBHF1,25,35,200,9.95,1990.0
2020122404001124,NMBHF1,56,18,"1,834",10.0,18340.0
2020122404001123,NMBHF1,56,16,250,9.95,2487.5
2020122404001122,NMBHF1,56,16,416,9.95,4139.2
2020122404001002,NMBHF1,49,16,250,9.93,2482.5
2020122404000997,NMBHF1,49,16,250,9.93,2482.5
2020122404000987,NMBPO,1,25,"42,545",250.0,10636250.0
2020122404001412,RBCLPO,19,44,10,13300.0,133000.0
2020122404001410,RBCLPO,50,44,10,13300.0,133000.0
2020122404001409,RBCLPO,50,44,10,13300.0,133000.0
2020122404001407,RBCLPO,50,44,10,13300.0,133000.0
2020122404001139,RBCLPO,43,4,20,13260.0,265200.0
2020122404001137,RBCLPO,43,4,30,13260.0,397800.0
2020122404001001,RBCLPO,54,45,100,13000.0,1300000.0
2020122404001000,RBCLPO,57,45,20,13001.0,260020.0
2020122404000998,RBCLPO,59,45,200,13100.0,2620000.0
2020122404001283,SAEF,17,56,"2,000",11.0,22000.0
2020122404001278,SAEF,17,25,500,11.0,5500.0
2020122404001254,SAEF,17,51,500,11.0,5500.0
2020122404001235,SAEF,17,51,500,11.0,5500.0
2020122404001174,SAEF,17,48,"2,000",11.0,22000.0
2020122404001153,SAEF,17,48,"2,000",11.0,22000.0
2020122404000994,SAEF,17,13,500,11.0,5500.0
2020122404001406,SEF,58,59,500,10.3,5150.0
2020122404001316,SEF,17,29,"8,900",10.4,92560.0
2020122404001294,SEF,25,4,500,10.46,5230.0
2020122404001256,SEF,17,51,500,10.4,5200.0
2020122404001237,SEF,17,51,500,10.4,5200.0
2020122404001160,SEF,17,48,"5,000",10.4,52000.0
2020122404001112,SEF,17,48,"4,000",10.4,41600.0
2020122404001046,SEF,17,10,"1,000",10.4,10400.0
2020122404001044,SEF,17,10,"1,000",10.4,10400.0
2020122404001043,SEF,17,10,"1,000",10.4,10400.0
2020122404001373,SFMF,41,10,"1,800",10.0,18000.0
2020122404001372,SFMF,17,10,"1,000",10.01,10010.0
2020122404001276,SFMF,42,10,"1,400",10.09,14126.0
2020122404001479,SGI,49,18,10,574.0,5740.0
2020122404001476,SGI,49,58,10,574.0,5740.0
2020122404001474,SGI,42,29,10,574.0,5740.0
2020122404001471,SGI,38,46,10,582.0,5820.0
2020122404001470,SGI,38,33,10,582.0,5820.0
2020122404001469,SGI,38,22,10,581.0,5810.0
2020122404000991,SGI,5,10,10,576.0,5760.0
2020122404000990,SGI,5,16,10,576.0,5760.0
2020122404000983,SGI,5,43,10,576.0,5760.0
2020122404001023,SGI,5,21,10,576.0,5760.0
2020122404001018,SGI,5,38,10,576.0,5760.0
2020122404001013,SGI,5,54,10,576.0,5760.0
2020122404000996,SGI,5,22,10,576.0,5760.0
2020122404000995,SGI,5,58,10,576.0,5760.0
2020122404000993,SGI,36,51,30,577.0,17310.0
2020122404001035,SGI,5,1,10,576.0,5760.0
2020122404001033,SGI,5,7,10,576.0,5760.0
2020122404001031,SGI,36,49,10,578.0,5780.0
2020122404001030,SGI,36,49,10,578.0,5780.0
2020122404001029,SGI,36,46,10,578.0,5780.0
2020122404001028,SGI,36,41,10,577.0,5770.0
2020122404001052,SGI,5,19,10,576.0,5760.0
2020122404001051,SGI,5,45,10,576.0,5760.0
2020122404001049,SGI,5,7,10,576.0,5760.0
2020122404001047,SGI,5,7,10,576.0,5760.0
2020122404001038,SGI,5,7,10,576.0,5760.0
2020122404001036,SGI,5,41,10,576.0,5760.0
2020122404001072,SGI,5,14,10,576.0,5760.0
2020122404001071,SGI,5,38,10,576.0,5760.0
2020122404001066,SGI,5,57,10,576.0,5760.0
2020122404001064,SGI,5,46,15,576.0,8640.0
2020122404001062,SGI,5,7,10,576.0,5760.0
2020122404001057,SGI,5,57,10,576.0,5760.0
2020122404001093,SGI,46,38,10,577.0,5770.0
2020122404001085,SGI,5,7,10,576.0,5760.0
2020122404001083,SGI,5,38,10,576.0,5760.0
2020122404001081,SGI,5,4,10,576.0,5760.0
2020122404001075,SGI,5,47,10,576.0,5760.0
2020122404001074,SGI,5,56,10,576.0,5760.0
2020122404001102,SGI,5,7,10,576.0,5760.0
2020122404001101,SGI,5,34,10,576.0,5760.0
2020122404001100,SGI,46,38,10,577.0,5770.0
2020122404001098,SGI,46,38,10,577.0,5770.0
2020122404001097,SGI,46,55,10,577.0,5770.0
2020122404001096,SGI,46,38,10,577.0,5770.0
2020122404001114,SGI,5,20,10,576.0,5760.0
2020122404001113,SGI,5,29,10,576.0,5760.0
2020122404001110,SGI,5,55,10,576.0,5760.0
2020122404001108,SGI,5,26,10,576.0,5760.0
2020122404001105,SGI,5,38,10,576.0,5760.0
2020122404001103,SGI,5,38,10,576.0,5760.0
2020122404001129,SGI,17,55,10,573.0,5730.0
2020122404001125,SGI,17,38,10,573.0,5730.0
2020122404001120,SGI,36,26,10,575.0,5750.0
2020122404001118,SGI,53,28,60,576.0,34560.0
2020122404001117,SGI,36,28,20,576.0,11520.0
2020122404001116,SGI,5,28,45,576.0,25920.0
2020122404001150,SGI,25,7,10,574.0,5740.0
2020122404001148,SGI,25,38,10,574.0,5740.0
2020122404001146,SGI,25,14,10,574.0,5740.0
2020122404001141,SGI,25,38,10,574.0,5740.0
2020122404001135,SGI,17,18,10,573.0,5730.0
2020122404001130,SGI,17,51,10,573.0,5730.0
2020122404001168,SGI,25,18,10,574.0,5740.0
2020122404001165,SGI,25,7,10,574.0,5740.0
2020122404001164,SGI,39,28,50,576.0,28800.0
2020122404001155,SGI,25,56,10,574.0,5740.0
2020122404001152,SGI,25,49,10,574.0,5740.0
2020122404001151,SGI,25,50,10,574.0,5740.0
2020122404001180,SGI,25,48,10,574.0,5740.0
2020122404001179,SGI,25,38,10,574.0,5740.0
2020122404001178,SGI,25,45,10,574.0,5740.0
2020122404001175,SGI,22,28,50,576.0,28800.0
2020122404001173,SGI,25,38,10,574.0,5740.0
2020122404001171,SGI,25,17,10,574.0,5740.0
2020122404001188,SGI,25,22,10,574.0,5740.0
2020122404001185,SGI,25,57,10,574.0,5740.0
2020122404001184,SGI,25,29,10,574.0,5740.0
2020122404001183,SGI,25,45,10,574.0,5740.0
2020122404001182,SGI,25,17,10,574.0,5740.0
2020122404001181,SGI,25,38,10,574.0,5740.0
2020122404001202,SGI,25,38,10,574.0,5740.0
2020122404001200,SGI,46,28,100,576.0,57600.0
2020122404001199,SGI,25,45,10,574.0,5740.0
2020122404001198,SGI,25,38,10,574.0,5740.0
2020122404001190,SGI,25,38,10,574.0,5740.0
2020122404001189,SGI,25,18,10,574.0,5740.0
2020122404001221,SGI,25,38,10,574.0,5740.0
2020122404001217,SGI,25,18,10,574.0,5740.0
2020122404001216,SGI,25,38,10,574.0,5740.0
2020122404001211,SGI,25,38,10,574.0,5740.0
2020122404001208,SGI,25,38,10,574.0,5740.0
2020122404001205,SGI,25,7,10,574.0,5740.0
2020122404001241,SGI,25,58,10,574.0,5740.0
2020122404001239,SGI,25,58,10,574.0,5740.0
2020122404001238,SGI,25,7,10,574.0,5740.0
2020122404001232,SGI,6,22,30,575.0,17250.0
2020122404001225,SGI,25,56,10,574.0,5740.0
2020122404001223,SGI,25,18,10,574.0,5740.0
2020122404001261,SGI,25,17,10,574.0,5740.0
2020122404001258,SGI,25,16,10,574.0,5740.0
2020122404001257,SGI,25,38,10,574.0,5740.0
2020122404001255,SGI,25,39,10,574.0,5740.0
2020122404001253,SGI,25,44,10,574.0,5740.0
2020122404001244,SGI,25,38,10,574.0,5740.0
2020122404001279,SGI,45,58,10,574.0,5740.0
2020122404001277,SGI,48,38,10,574.0,5740.0
2020122404001270,SGI,48,42,10,574.0,5740.0
2020122404001269,SGI,25,8,10,574.0,5740.0
2020122404001265,SGI,25,11,10,574.0,5740.0
2020122404001264,SGI,25,38,10,574.0,5740.0
2020122404001297,SGI,45,26,10,574.0,5740.0
2020122404001296,SGI,45,49,10,574.0,5740.0
2020122404001292,SGI,45,17,10,574.0,5740.0
2020122404001288,SGI,45,44,10,574.0,5740.0
2020122404001287,SGI,45,38,10,574.0,5740.0
2020122404001284,SGI,45,38,10,574.0,5740.0
2020122404001308,SGI,45,18,10,575.0,5750.0
2020122404001307,SGI,45,26,10,575.0,5750.0
2020122404001306,SGI,45,35,10,574.0,5740.0
2020122404001302,SGI,45,17,10,574.0,5740.0
2020122404001301,SGI,45,21,10,574.0,5740.0
2020122404001298,SGI,45,45,10,574.0,5740.0
2020122404001320,SGI,39,35,10,575.0,5750.0
2020122404001319,SGI,45,13,10,575.0,5750.0
2020122404001314,SGI,45,17,10,575.0,5750.0
2020122404001311,SGI,45,36,10,575.0,5750.0
2020122404001310,SGI,45,17,10,575.0,5750.0
2020122404001309,SGI,45,16,250,575.0,143750.0
2020122404001335,SGI,39,36,10,575.0,5750.0
2020122404001332,SGI,39,17,10,575.0,5750.0
2020122404001331,SGI,39,34,10,575.0,5750.0
2020122404001328,SGI,39,21,10,575.0,5750.0
2020122404001324,SGI,39,26,10,575.0,5750.0
2020122404001321,SGI,39,17,10,575.0,5750.0
2020122404001344,SGI,45,58,10,574.0,5740.0
2020122404001340,SGI,17,28,100,576.0,57600.0
2020122404001339,SGI,39,28,10,575.0,5750.0
2020122404001338,SGI,39,58,10,575.0,5750.0
2020122404001337,SGI,39,58,10,575.0,5750.0
2020122404001336,SGI,34,28,20,576.0,11520.0
2020122404001365,SGI,45,58,10,574.0,5740.0
2020122404001363,SGI,45,28,10,574.0,5740.0
2020122404001356,SGI,45,47,10,574.0,5740.0
2020122404001354,SGI,45,58,10,574.0,5740.0
2020122404001350,SGI,45,18,10,574.0,5740.0
2020122404001346,SGI,45,26,10,574.0,5740.0
2020122404001375,SGI,45,18,10,574.0,5740.0
2020122404001374,SGI,45,51,10,574.0,5740.0
2020122404001370,SGI,19,32,100,576.0,57600.0
2020122404001369,SGI,19,47,50,576.0,28800.0
2020122404001368,SGI,19,58,10,576.0,5760.0
2020122404001367,SGI,19,28,485,576.0,279360.0
2020122404001391,SGI,38,41,10,577.0,5770.0
2020122404001385,SGI,45,47,10,574.0,5740.0
2020122404001383,SGI,45,33,10,574.0,5740.0
2020122404001380,SGI,45,38,10,574.0,5740.0
2020122404001379,SGI,45,18,10,574.0,5740.0
2020122404001377,SGI,45,47,10,574.0,5740.0
2020122404001397,SGI,38,39,10,579.0,5790.0
2020122404001396,SGI,38,1,10,579.0,5790.0
2020122404001395,SGI,38,38,10,579.0,5790.0
2020122404001394,SGI,38,49,10,578.0,5780.0
2020122404001393,SGI,38,28,10,577.0,5770.0
2020122404001392,SGI,38,34,10,577.0,5770.0
2020122404001417,SGI,38,54,10,575.0,5750.0
2020122404001404,SGI,45,47,10,574.0,5740.0
2020122404001403,SGI,45,58,10,574.0,5740.0
2020122404001402,SGI,45,49,10,574.0,5740.0
2020122404001399,SGI,45,58,10,574.0,5740.0
2020122404001398,SGI,45,47,10,574.0,5740.0
2020122404001435,SGI,40,33,10,580.0,5800.0
2020122404001434,SGI,40,25,50,580.0,29000.0
2020122404001422,SGI,42,42,10,574.0,5740.0
2020122404001421,SGI,42,36,10,574.0,5740.0
2020122404001419,SGI,38,45,10,580.0,5800.0
2020122404001418,SGI,38,28,10,578.0,5780.0
2020122404001441,SGI,40,58,10,580.0,5800.0
2020122404001440,SGI,40,16,10,580.0,5800.0
2020122404001439,SGI,40,58,10,580.0,5800.0
2020122404001438,SGI,40,14,10,580.0,5800.0
2020122404001437,SGI,40,51,10,580.0,5800.0
2020122404001436,SGI,40,4,10,580.0,5800.0
2020122404001447,SGI,40,51,10,580.0,5800.0
2020122404001446,SGI,40,54,10,580.0,5800.0
2020122404001445,SGI,40,41,10,580.0,5800.0
2020122404001444,SGI,40,56,10,580.0,5800.0
2020122404001443,SGI,40,29,10,580.0,5800.0
2020122404001442,SGI,40,29,10,580.0,5800.0
2020122404001453,SGI,40,46,10,580.0,5800.0
2020122404001452,SGI,40,28,10,580.0,5800.0
2020122404001451,SGI,40,45,10,580.0,5800.0
2020122404001450,SGI,40,6,10,580.0,5800.0
2020122404001449,SGI,40,58,10,580.0,5800.0
2020122404001448,SGI,40,4,10,580.0,5800.0
2020122404001468,SGI,38,37,10,581.0,5810.0
2020122404001467,SGI,38,41,10,581.0,5810.0
2020122404001465,SGI,38,18,10,580.0,5800.0
2020122404001460,SGI,38,14,10,580.0,5800.0
2020122404001455,SGI,40,53,10,580.0,5800.0
2020122404001454,SGI,40,58,10,580.0,5800.0
2020122404001413,STC,4,3,10,5304.0,53040.0
2020122404001382,STC,39,45,10,5298.0,52980.0
2020122404001381,STC,39,34,10,5283.0,52830.0
2020122404001303,STC,39,35,30,5180.0,155400.0
2020122404001090,STC,52,43,20,5099.0,101980.0
2020122404001089,STC,40,11,20,5070.0,101400.0
2020122404001084,STC,6,43,10,5099.0,50990.0
2020122404000756,BBC,36,43,10,2702.0,27020.0
2020122404000734,BBC,17,43,20,2702.0,54040.0
2020122404000754,CMF1,17,50,"1,900",9.79,18601.0
2020122404000727,CMF1,19,7,"8,500",9.95,84575.0
2020122404000726,CMF1,48,7,"5,000",10.0,50000.0
2020122404000536,CMF1,48,39,"5,000",10.0,50000.0
2020122404000975,GIC,21,42,10,551.0,5510.0
2020122404000974,GIC,11,38,40,552.0,22080.0
2020122404000969,GIC,21,58,10,551.0,5510.0
2020122404000968,GIC,49,38,10,552.0,5520.0
2020122404000965,GIC,21,59,10,551.0,5510.0
2020122404000958,GIC,21,52,10,551.0,5510.0
2020122404000481,GIC,57,34,10,550.0,5500.0
2020122404000490,GIC,21,54,50,550.0,27500.0
2020122404000489,GIC,21,56,10,550.0,5500.0
2020122404000487,GIC,57,59,10,550.0,5500.0
2020122404000485,GIC,57,13,10,550.0,5500.0
2020122404000483,GIC,57,18,10,550.0,5500.0
2020122404000482,GIC,57,38,10,550.0,5500.0
2020122404000499,GIC,34,56,10,550.0,5500.0
2020122404000498,GIC,34,56,10,550.0,5500.0
2020122404000497,GIC,21,35,10,550.0,5500.0
2020122404000495,GIC,21,35,10,550.0,5500.0
2020122404000494,GIC,21,56,10,550.0,5500.0
2020122404000491,GIC,21,39,10,550.0,5500.0
2020122404000515,GIC,17,35,10,549.0,5490.0
2020122404000514,GIC,42,54,300,550.0,165000.0
2020122404000513,GIC,21,54,10,550.0,5500.0
2020122404000512,GIC,34,54,50,550.0,27500.0
2020122404000507,GIC,34,35,10,550.0,5500.0
2020122404000500,GIC,34,38,10,550.0,5500.0
2020122404000529,GIC,21,14,10,550.0,5500.0
2020122404000528,GIC,21,38,10,550.0,5500.0
2020122404000526,GIC,21,50,10,550.0,5500.0
2020122404000525,GIC,21,57,10,550.0,5500.0
2020122404000524,GIC,21,54,90,550.0,49500.0
2020122404000520,GIC,17,43,10,549.0,5490.0
2020122404000549,GIC,21,41,10,550.0,5500.0
2020122404000548,GIC,21,14,10,550.0,5500.0
2020122404000537,GIC,21,14,10,550.0,5500.0
2020122404000535,GIC,21,48,10,550.0,5500.0
2020122404000534,GIC,21,14,10,550.0,5500.0
2020122404000533,GIC,21,16,10,550.0,5500.0
2020122404000591,GIC,21,41,10,550.0,5500.0
2020122404000590,GIC,21,38,10,550.0,5500.0
2020122404000587,GIC,21,59,10,550.0,5500.0
2020122404000570,GIC,21,55,10,550.0,5500.0
2020122404000562,GIC,21,38,10,550.0,5500.0
2020122404000556,GIC,21,38,10,550.0,5500.0
2020122404000606,GIC,21,29,10,550.0,5500.0
2020122404000604,GIC,21,39,10,550.0,5500.0
2020122404000602,GIC,21,55,10,550.0,5500.0
2020122404000600,GIC,21,7,10,550.0,5500.0
2020122404000599,GIC,21,38,10,550.0,5500.0
2020122404000597,GIC,21,16,10,550.0,5500.0
2020122404000620,GIC,21,25,10,550.0,5500.0
2020122404000616,GIC,21,47,10,550.0,5500.0
2020122404000615,GIC,21,17,10,550.0,5500.0
2020122404000612,GIC,21,59,10,550.0,5500.0
2020122404000608,GIC,21,48,10,550.0,5500.0
2020122404000607,GIC,21,38,10,550.0,5500.0
2020122404000639,GIC,21,39,10,550.0,5500.0
2020122404000638,GIC,21,49,10,550.0,5500.0
2020122404000630,GIC,21,25,10,550.0,5500.0
2020122404000629,GIC,21,14,10,550.0,5500.0
2020122404000622,GIC,21,17,10,550.0,5500.0
2020122404000621,GIC,21,25,10,550.0,5500.0
2020122404000663,GIC,21,42,10,550.0,5500.0
2020122404000661,GIC,21,16,10,550.0,5500.0
2020122404000660,GIC,21,8,10,550.0,5500.0
2020122404000652,GIC,21,51,10,550.0,5500.0
2020122404000650,GIC,21,38,10,550.0,5500.0
2020122404000640,GIC,21,25,10,550.0,5500.0
2020122404000684,GIC,21,21,10,550.0,5500.0
2020122404000677,GIC,21,21,10,550.0,5500.0
2020122404000674,GIC,21,21,10,550.0,5500.0
2020122404000673,GIC,21,38,10,550.0,5500.0
2020122404000667,GIC,21,32,10,550.0,5500.0
2020122404000665,GIC,21,49,10,550.0,5500.0
2020122404000698,GIC,47,21,10,551.0,5510.0
2020122404000697,GIC,47,3,10,551.0,5510.0
2020122404000694,GIC,19,3,10,551.0,5510.0
2020122404000693,GIC,19,40,10,551.0,5510.0
2020122404000687,GIC,19,55,10,551.0,5510.0
2020122404000685,GIC,21,29,10,550.0,5500.0
2020122404000710,GIC,21,3,10,550.0,5500.0
2020122404000709,GIC,21,3,10,550.0,5500.0
2020122404000708,GIC,21,49,10,550.0,5500.0
2020122404000707,GIC,47,3,10,551.0,5510.0
2020122404000703,GIC,47,26,10,551.0,5510.0
2020122404000702,GIC,21,55,10,550.0,5500.0
2020122404000746,GIC,55,55,10,550.0,5500.0
2020122404000741,GIC,17,59,100,551.0,55100.0
2020122404000736,GIC,55,10,10,550.0,5500.0
2020122404000724,GIC,55,57,80,550.0,44000.0
2020122404000723,GIC,3,57,20,550.0,11000.0
2020122404000711,GIC,21,26,10,550.0,5500.0
2020122404000760,GIC,49,52,10,553.0,5530.0
2020122404000759,GIC,49,38,10,552.0,5520.0
2020122404000758,GIC,49,22,10,552.0,5520.0
2020122404000757,GIC,49,59,30,552.0,16560.0
2020122404000750,GIC,25,59,10,550.0,5500.0
2020122404000749,GIC,25,36,10,550.0,5500.0
2020122404000782,GIC,25,14,10,550.0,5500.0
2020122404000776,GIC,45,38,10,552.0,5520.0
2020122404000769,GIC,49,10,10,553.0,5530.0
2020122404000766,GIC,49,55,10,553.0,5530.0
2020122404000762,GIC,49,17,10,553.0,5530.0
2020122404000761,GIC,49,34,10,553.0,5530.0
2020122404000803,GIC,51,38,10,550.0,5500.0
2020122404000802,GIC,51,45,10,550.0,5500.0
2020122404000800,GIC,51,51,10,550.0,5500.0
2020122404000792,GIC,51,10,10,550.0,5500.0
2020122404000791,GIC,51,38,10,550.0,5500.0
2020122404000785,GIC,46,29,100,553.0,55300.0
2020122404000820,GIC,11,49,10,550.0,5500.0
2020122404000819,GIC,51,38,10,550.0,5500.0
2020122404000812,GIC,51,46,10,550.0,5500.0
2020122404000811,GIC,51,51,10,550.0,5500.0
2020122404000807,GIC,51,10,10,550.0,5500.0
2020122404000804,GIC,51,46,10,550.0,5500.0
2020122404000838,GIC,34,26,10,550.0,5500.0
2020122404000837,GIC,34,46,10,550.0,5500.0
2020122404000836,GIC,34,3,10,550.0,5500.0
2020122404000835,GIC,34,57,10,550.0,5500.0
2020122404000830,GIC,34,48,10,550.0,5500.0
2020122404000827,GIC,11,46,10,550.0,5500.0
2020122404000857,GIC,34,8,10,550.0,5500.0
2020122404000853,GIC,34,19,10,550.0,5500.0
2020122404000852,GIC,34,10,10,550.0,5500.0
2020122404000848,GIC,34,58,10,550.0,5500.0
2020122404000844,GIC,34,3,10,550.0,5500.0
2020122404000842,GIC,34,10,10,550.0,5500.0
2020122404000878,GIC,34,48,10,550.0,5500.0
2020122404000877,GIC,34,32,10,550.0,5500.0
2020122404000873,GIC,34,55,10,550.0,5500.0
2020122404000872,GIC,34,10,10,550.0,5500.0
2020122404000865,GIC,34,48,10,550.0,5500.0
2020122404000862,GIC,34,6,10,550.0,5500.0
2020122404000894,GIC,21,46,10,551.0,5510.0
2020122404000893,GIC,21,10,10,551.0,5510.0
2020122404000888,GIC,21,50,10,551.0,5510.0
2020122404000885,GIC,34,48,10,550.0,5500.0
2020122404000883,GIC,34,10,10,550.0,5500.0
2020122404000882,GIC,33,35,10,553.0,5530.0
2020122404000917,GIC,21,10,10,551.0,5510.0
2020122404000915,GIC,21,38,10,551.0,5510.0
2020122404000908,GIC,21,38,10,551.0,5510.0
2020122404000903,GIC,21,55,10,551.0,5510.0
2020122404000902,GIC,21,38,10,551.0,5510.0
2020122404000900,GIC,21,42,10,551.0,5510.0
2020122404000940,GIC,21,48,10,551.0,5510.0
2020122404000939,GIC,21,55,10,551.0,5510.0
2020122404000938,GIC,21,48,10,551.0,5510.0
2020122404000937,GIC,21,45,10,551.0,5510.0
2020122404000933,GIC,21,48,10,551.0,5510.0
2020122404000925,GIC,21,20,10,551.0,5510.0
2020122404000957,GIC,21,38,10,551.0,5510.0
2020122404000955,GIC,21,45,10,551.0,5510.0
2020122404000954,GIC,21,46,200,551.0,110200.0
2020122404000944,GIC,21,58,10,551.0,5510.0
2020122404000942,GIC,21,48,10,551.0,5510.0
2020122404000941,GIC,21,48,10,551.0,5510.0
2020122404000922,GIMES1,3,29,"2,000",11.05,22100.0
2020122404000887,GIMES1,3,38,"10,000",11.05,110500.0
2020122404000876,GIMES1,21,38,"10,000",11.08,110800.0
2020122404000486,JBBLPO,6,38,"2,744",111.0,304584.0
2020122404000847,LEMF,21,32,"4,500",9.84,44280.0
2020122404000543,LEMF,55,39,"2,000",9.8,19600.0
2020122404000542,LEMF,53,39,263,9.9,2603.7
2020122404000592,LEMF,34,17,"1,000",9.72,9720.0
2020122404000544,LEMF,34,39,"2,737",9.72,26603.64
2020122404000950,LUK,38,45,200,9.26,1852.0
2020122404000905,LUK,38,46,500,9.26,4630.0
2020122404000884,LUK,38,50,500,9.26,4630.0
2020122404000871,LUK,38,50,500,9.26,4630.0
2020122404000623,MEGAPO,57,50,"14,800",126.0,1864800.0
2020122404000866,NBF2,35,28,"4,000",9.56,38240.0
2020122404000859,NBF2,38,28,"1,900",9.55,18145.0
2020122404000833,NBF2,49,28,"10,000",9.56,95600.0
2020122404000815,NBF2,38,28,200,9.55,1910.0
2020122404000814,NBF2,35,28,"3,800",9.55,36290.0
2020122404000676,NBF2,38,39,"2,500",9.7,24250.0
2020122404000635,NBF2,58,5,"9,800",9.65,94570.0
2020122404000634,NBF2,41,5,200,9.66,1932.0
2020122404000633,NBF2,49,5,"10,000",9.7,97000.0
2020122404000696,NBF2,8,39,"2,000",9.6,19200.0
2020122404000691,NBF2,8,39,"12,480",9.6,119808.0
2020122404000690,NBF2,18,39,"1,900",9.6,18240.0
2020122404000681,NBF2,18,5,600,9.6,5760.0
2020122404000680,NBF2,58,5,200,9.65,1930.0
2020122404000679,NBF2,38,5,200,9.7,1940.0
2020122404000731,NBF2,49,39,"8,000",9.53,76240.0
2020122404000730,NBF2,34,39,"6,000",9.54,57240.0
2020122404000729,NBF2,10,39,"2,000",9.56,19120.0
2020122404000728,NBF2,10,39,"2,000",9.56,19120.0
2020122404000705,NBF2,8,39,"4,520",9.6,43392.0
2020122404000700,NBF2,8,39,"1,000",9.6,9600.0
2020122404000795,NBF2,35,49,100,9.55,955.0
2020122404000788,NBF2,35,58,100,9.55,955.0
2020122404000780,NBF2,35,41,"6,000",9.55,57300.0
2020122404000740,NBF2,49,39,"5,500",9.53,52415.0
2020122404000735,NBF2,49,39,"11,900",9.53,113407.0
2020122404000732,NBF2,49,39,"4,980",9.53,47459.4
2020122404000913,NEF,17,29,"2,000",9.89,19780.0
2020122404000897,NEF,17,29,241,9.89,2383.49
2020122404000846,NEF,20,16,483,9.9,4781.7
2020122404000672,NEF,17,32,724,9.89,7160.36
2020122404000670,NEF,17,32,280,9.89,2769.2
2020122404000669,NEF,56,32,203,9.91,2011.73
2020122404000631,NEF,56,45,"1,931",9.91,19136.21
2020122404000547,NEF,56,39,"2,414",9.91,23922.74
2020122404000510,NEF,49,4,845,9.9,8365.5
2020122404000509,NEF,49,25,"5,632",9.9,55756.8
2020122404000493,NEF,49,33,"1,931",9.89,19097.59
2020122404000926,NIBLPF,6,17,"5,000",10.16,50800.0
2020122404000849,NIBLPF,6,16,"1,010",10.16,10261.6
2020122404000809,NIBLPF,6,49,354,10.16,3596.64
2020122404000808,NIBLPF,6,19,486,10.16,4937.76
2020122404000779,NIBLPF,6,39,"2,525",10.16,25654.0
2020122404000772,NIBLPF,56,13,"3,117",10.18,31731.06
2020122404000571,NIBLPF,49,17,"2,500",10.18,25450.0
2020122404000553,NIBLPF,49,39,"2,525",10.18,25704.5
2020122404000657,NIBLPF,56,32,"2,525",10.18,25704.5
2020122404000648,NIBLPF,56,35,"1,328",10.18,13519.04
2020122404000647,NIBLPF,49,35,692,10.18,7044.56
2020122404000637,NIBLPF,49,41,"1,000",10.18,10180.0
2020122404000595,NIBLPF,49,17,758,10.18,7716.44
2020122404000594,NIBLPF,49,39,"2,525",10.18,25704.5
2020122404000962,NIBPO,26,44,163,441.0,71883.0
2020122404000961,NIBPO,34,44,500,441.0,220500.0
2020122404000960,NIBPO,34,44,337,441.0,148617.0
2020122404000952,NIBPO,34,6,"5,000",442.0,2210000.0
2020122404000951,NIBPO,1,6,194,442.0,85748.0
2020122404000891,NIBPO,34,46,22,444.0,9768.0
2020122404000574,NIBPO,13,42,200,444.0,88800.0
2020122404000573,NIBPO,34,42,500,444.0,222000.0
2020122404000559,NIBPO,54,10,"2,000",445.0,890000.0
2020122404000508,NIBPO,26,10,200,445.0,89000.0
2020122404000506,NIBPO,13,39,129,446.0,57534.0
2020122404000501,NIBPO,13,13,200,445.0,89000.0
2020122404000580,NIBPO,13,42,300,442.0,132600.0
2020122404000579,NIBPO,52,42,500,442.0,221000.0
2020122404000578,NIBPO,34,42,500,442.0,221000.0
2020122404000577,NIBPO,34,42,500,442.0,221000.0
2020122404000576,NIBPO,8,42,"2,000",443.0,886000.0
2020122404000575,NIBPO,34,42,500,443.0,221500.0
2020122404000744,NIBPO,1,6,184,442.0,81328.0
2020122404000743,NIBPO,43,6,130,442.0,57460.0
2020122404000739,NIBPO,43,6,370,442.0,163540.0
2020122404000738,NIBPO,26,6,500,442.0,221000.0
2020122404000737,NIBPO,13,6,200,442.0,88400.0
2020122404000619,NIBPO,35,35,"50,000",440.0,22000000.0
2020122404000890,NIBPO,34,42,"5,000",444.0,2220000.0
2020122404000889,NIBPO,34,6,578,444.0,256632.0
2020122404000825,NIBPO,34,56,21,441.0,9261.0
2020122404000822,NIBPO,34,39,42,441.0,18522.0
2020122404000821,NIBPO,1,39,66,442.0,29172.0
2020122404000768,NIBPO,35,6,22,444.0,9768.0
2020122404000777,NICGF,19,34,200,10.3,2060.0
2020122404000770,NICGF,56,6,500,10.29,5145.0
2020122404000655,NICGF,56,34,"1,000",10.29,10290.0
2020122404000554,NICGF,56,39,"5,000",10.29,51450.0
2020122404000979,NMB50,32,33,"4,300",10.38,44634.0
2020122404000932,NMB50,38,49,"7,000",10.5,73500.0
2020122404000930,NMB50,38,49,"5,000",10.5,52500.0
2020122404000929,NMB50,19,4,"1,700",10.36,17612.0
2020122404000924,NMB50,38,4,250,10.45,2612.5
2020122404000923,NMB50,38,3,500,10.42,5210.0
2020122404000550,NMB50,34,42,"1,000",10.3,10300.0
2020122404000875,NMB50,19,22,100,10.36,1036.0
2020122404000834,NMB50,19,38,200,10.36,2072.0
2020122404000816,NMB50,19,52,500,10.36,5180.0
2020122404000801,NMB50,32,49,500,10.35,5175.0
2020122404000771,NMB50,32,34,200,10.35,2070.0
2020122404000551,NMB50,34,29,100,10.3,1030.0
2020122404000972,NMBHF1,49,16,167,9.93,1658.31
2020122404000964,NMBHF1,49,16,250,9.93,2482.5
2020122404000775,NMBHF1,59,26,"30,000",10.1,303000.0
2020122404000774,NMBHF1,59,26,"25,030",10.1,252803.0
2020122404000773,NMBHF1,59,26,"4,970",10.1,50197.0
2020122404000753,NMBHF1,17,26,"15,030",10.1,151803.0
2020122404000596,NMBHF1,17,17,"5,000",10.1,50500.0
2020122404000558,NMBHF1,17,39,"4,161",10.1,42026.1
2020122404000689,NMBHF1,17,32,416,10.1,4201.6
2020122404000683,NMBHF1,17,32,416,10.1,4201.6
2020122404000678,NMBHF1,17,32,416,10.1,4201.6
2020122404000675,NMBHF1,17,32,416,10.1,4201.6
2020122404000662,NMBHF1,17,32,416,10.1,4201.6
2020122404000611,NMBHF1,17,1,"1,000",10.13,10130.0
2020122404000826,RBCLPO,59,32,10,13195.0,131950.0
2020122404000823,RBCLPO,43,32,10,13195.0,131950.0
2020122404000584,RBCLPO,3,8,20,12937.0,258740.0
2020122404000583,RBCLPO,43,8,10,12937.0,129370.0
2020122404000582,RBCLPO,20,8,10,13197.0,131970.0
2020122404000581,RBCLPO,17,8,50,13200.0,660000.0
2020122404000504,RBCLPO,3,8,20,13201.0,264020.0
2020122404000502,RBCLPO,4,8,44,13466.0,592504.0
2020122404000920,SAEF,6,26,"5,000",11.05,55250.0
2020122404000919,SAEF,21,26,"5,000",11.05,55250.0
2020122404000918,SAEF,56,26,200,11.06,2212.0
2020122404000824,SAEF,56,28,"5,000",11.06,55300.0
2020122404000789,SAEF,56,47,"10,000",11.1,111000.0
2020122404000721,SAEF,56,45,"1,000",11.02,11020.0
2020122404000713,SAEF,56,41,"2,000",11.02,22040.0
2020122404000712,SAEF,56,1,500,11.02,5510.0
2020122404000564,SAEF,6,39,"5,000",10.96,54800.0
2020122404000928,SEF,17,33,"10,000",10.44,104400.0
2020122404000927,SEF,17,25,"18,100",10.4,188240.0
2020122404000916,SEF,58,29,"1,000",10.3,10300.0
2020122404000850,SEF,58,42,400,10.3,4120.0
2020122404000797,SEF,58,39,"1,000",10.3,10300.0
2020122404000767,SEF,58,34,100,10.3,1030.0
2020122404000763,SEF,58,3,150,10.3,1545.0
2020122404000699,SEF,58,49,"1,000",10.3,10300.0
2020122404000567,SEF,19,39,"5,000",10.28,51400.0
2020122404000505,SEF,17,25,"31,900",10.4,331760.0
2020122404000832,SFMF,41,38,300,10.0,3000.0
2020122404000977,SGI,5,59,10,576.0,5760.0
2020122404000976,SGI,5,17,10,576.0,5760.0
2020122404000973,SGI,5,50,10,576.0,5760.0
2020122404000971,SGI,5,17,10,576.0,5760.0
2020122404000970,SGI,5,38,10,576.0,5760.0
2020122404000967,SGI,5,34,10,576.0,5760.0
2020122404000488,SGI,38,59,10,573.0,5730.0
2020122404000484,SGI,58,59,10,573.0,5730.0
2020122404000480,SGI,58,18,10,573.0,5730.0
2020122404000518,SGI,38,10,10,573.0,5730.0
2020122404000516,SGI,38,35,10,573.0,5730.0
2020122404000511,SGI,38,35,10,573.0,5730.0
2020122404000503,SGI,38,59,10,573.0,5730.0
2020122404000496,SGI,38,13,10,573.0,5730.0
2020122404000492,SGI,38,18,10,573.0,5730.0
2020122404000532,SGI,34,41,10,572.0,5720.0
2020122404000531,SGI,34,14,10,572.0,5720.0
2020122404000530,SGI,42,16,10,573.0,5730.0
2020122404000527,SGI,38,7,10,573.0,5730.0
2020122404000523,SGI,38,13,10,573.0,5730.0
2020122404000519,SGI,38,21,10,573.0,5730.0
2020122404000546,SGI,48,14,10,572.0,5720.0
2020122404000545,SGI,48,39,10,572.0,5720.0
2020122404000541,SGI,48,45,10,572.0,5720.0
2020122404000540,SGI,48,48,10,572.0,5720.0
2020122404000539,SGI,48,47,10,572.0,5720.0
2020122404000538,SGI,48,41,10,572.0,5720.0
2020122404000563,SGI,48,39,10,572.0,5720.0
2020122404000561,SGI,48,25,10,572.0,5720.0
2020122404000560,SGI,48,39,10,572.0,5720.0
2020122404000557,SGI,48,39,10,572.0,5720.0
2020122404000555,SGI,48,41,10,572.0,5720.0
2020122404000552,SGI,48,11,10,572.0,5720.0
2020122404000585,SGI,48,57,10,572.0,5720.0
2020122404000572,SGI,48,38,10,572.0,5720.0
2020122404000569,SGI,48,39,10,572.0,5720.0
2020122404000568,SGI,48,25,10,572.0,5720.0
2020122404000566,SGI,48,39,10,572.0,5720.0
2020122404000565,SGI,48,39,10,572.0,5720.0
2020122404000601,SGI,48,20,10,572.0,5720.0
2020122404000598,SGI,48,39,10,572.0,5720.0
2020122404000593,SGI,48,39,10,572.0,5720.0
2020122404000589,SGI,48,39,10,572.0,5720.0
2020122404000588,SGI,48,38,10,572.0,5720.0
2020122404000586,SGI,48,39,10,572.0,5720.0
2020122404000614,SGI,17,59,10,573.0,5730.0
2020122404000613,SGI,17,7,10,573.0,5730.0
2020122404000610,SGI,17,45,10,573.0,5730.0
2020122404000609,SGI,17,49,10,573.0,5730.0
2020122404000605,SGI,48,38,10,572.0,5720.0
2020122404000603,SGI,48,20,10,572.0,5720.0
2020122404000627,SGI,26,26,10,574.0,5740.0
2020122404000626,SGI,26,59,10,574.0,5740.0
2020122404000625,SGI,20,49,10,575.0,5750.0
2020122404000624,SGI,20,59,10,575.0,5750.0
2020122404000618,SGI,20,50,10,574.0,5740.0
2020122404000617,SGI,20,58,10,574.0,5740.0
2020122404000643,SGI,58,55,10,574.0,5740.0
2020122404000642,SGI,58,38,10,574.0,5740.0
2020122404000641,SGI,58,49,10,574.0,5740.0
2020122404000636,SGI,58,38,10,574.0,5740.0
2020122404000632,SGI,17,25,10,575.0,5750.0
2020122404000628,SGI,17,25,10,574.0,5740.0
2020122404000653,SGI,17,39,10,573.0,5730.0
2020122404000651,SGI,17,21,10,573.0,5730.0
2020122404000649,SGI,17,21,10,573.0,5730.0
2020122404000646,SGI,17,38,10,575.0,5750.0
2020122404000645,SGI,11,25,10,574.0,5740.0
2020122404000644,SGI,11,21,10,574.0,5740.0
2020122404000666,SGI,17,55,10,573.0,5730.0
2020122404000664,SGI,17,21,10,573.0,5730.0
2020122404000659,SGI,17,21,10,573.0,5730.0
2020122404000658,SGI,17,29,10,573.0,5730.0
2020122404000656,SGI,17,21,10,573.0,5730.0
2020122404000654,SGI,17,55,10,573.0,5730.0
2020122404000692,SGI,17,55,10,573.0,5730.0
2020122404000688,SGI,17,21,10,573.0,5730.0
2020122404000686,SGI,17,58,10,573.0,5730.0
2020122404000682,SGI,17,57,10,573.0,5730.0
2020122404000671,SGI,17,8,10,573.0,5730.0
2020122404000668,SGI,17,21,10,573.0,5730.0
2020122404000715,SGI,17,3,10,573.0,5730.0
2020122404000714,SGI,17,47,10,573.0,5730.0
2020122404000706,SGI,17,26,10,573.0,5730.0
2020122404000704,SGI,17,38,10,573.0,5730.0
2020122404000701,SGI,17,3,10,573.0,5730.0
2020122404000695,SGI,17,58,10,573.0,5730.0
2020122404000733,SGI,17,13,10,573.0,5730.0
2020122404000725,SGI,17,17,10,573.0,5730.0
2020122404000722,SGI,17,56,10,573.0,5730.0
2020122404000720,SGI,17,3,10,573.0,5730.0
2020122404000718,SGI,17,3,10,573.0,5730.0
2020122404000717,SGI,17,49,10,573.0,5730.0
2020122404000752,SGI,17,6,10,573.0,5730.0
2020122404000751,SGI,17,10,10,573.0,5730.0
2020122404000748,SGI,17,35,10,573.0,5730.0
2020122404000747,SGI,17,36,10,573.0,5730.0
2020122404000745,SGI,17,38,10,573.0,5730.0
2020122404000742,SGI,17,10,10,573.0,5730.0
2020122404000786,SGI,6,10,10,575.0,5750.0
2020122404000783,SGI,6,10,10,575.0,5750.0
2020122404000781,SGI,6,45,10,575.0,5750.0
2020122404000765,SGI,6,10,10,575.0,5750.0
2020122404000764,SGI,6,42,10,575.0,5750.0
2020122404000755,SGI,17,10,10,573.0,5730.0
2020122404000805,SGI,49,22,10,574.0,5740.0
2020122404000799,SGI,6,58,10,575.0,5750.0
2020122404000798,SGI,6,47,10,575.0,5750.0
2020122404000796,SGI,6,38,10,575.0,5750.0
2020122404000794,SGI,6,38,10,575.0,5750.0
2020122404000793,SGI,6,46,10,575.0,5750.0
2020122404000828,SGI,49,10,10,574.0,5740.0
2020122404000818,SGI,49,38,10,574.0,5740.0
2020122404000817,SGI,49,38,10,574.0,5740.0
2020122404000813,SGI,49,44,10,574.0,5740.0
2020122404000810,SGI,49,45,10,574.0,5740.0
2020122404000806,SGI,49,45,10,574.0,5740.0
2020122404000843,SGI,17,53,10,573.0,5730.0
2020122404000841,SGI,17,49,10,573.0,5730.0
2020122404000840,SGI,49,35,10,574.0,5740.0
2020122404000839,SGI,45,38,10,576.0,5760.0
2020122404000831,SGI,49,10,10,574.0,5740.0
2020122404000829,SGI,49,3,10,574.0,5740.0
2020122404000860,SGI,17,48,10,573.0,5730.0
2020122404000858,SGI,17,22,10,573.0,5730.0
2020122404000856,SGI,17,48,10,573.0,5730.0
2020122404000855,SGI,17,48,10,573.0,5730.0
2020122404000854,SGI,17,3,10,573.0,5730.0
2020122404000845,SGI,17,48,10,573.0,5730.0
2020122404000869,SGI,17,38,10,573.0,5730.0
2020122404000868,SGI,17,38,10,573.0,5730.0
2020122404000867,SGI,17,48,10,573.0,5730.0
2020122404000864,SGI,17,34,10,573.0,5730.0
2020122404000863,SGI,17,3,10,573.0,5730.0
2020122404000861,SGI,17,38,10,573.0,5730.0
2020122404000886,SGI,17,10,10,573.0,5730.0
2020122404000881,SGI,17,22,10,573.0,5730.0
2020122404000880,SGI,17,10,10,573.0,5730.0
2020122404000879,SGI,17,16,10,573.0,5730.0
2020122404000874,SGI,17,50,10,573.0,5730.0
2020122404000870,SGI,38,40,5,573.0,2865.0
2020122404000901,SGI,29,45,10,574.0,5740.0
2020122404000899,SGI,29,10,10,574.0,5740.0
2020122404000898,SGI,17,28,10,573.0,5730.0
2020122404000896,SGI,17,48,10,573.0,5730.0
2020122404000895,SGI,17,38,10,573.0,5730.0
2020122404000892,SGI,17,48,10,573.0,5730.0
2020122404000911,SGI,17,47,10,573.0,5730.0
2020122404000910,SGI,17,10,10,573.0,5730.0
2020122404000909,SGI,17,38,10,573.0,5730.0
2020122404000907,SGI,17,55,10,573.0,5730.0
2020122404000906,SGI,17,43,10,573.0,5730.0
2020122404000904,SGI,17,10,10,573.0,5730.0
2020122404000935,SGI,17,20,10,573.0,5730.0
2020122404000934,SGI,17,38,10,573.0,5730.0
2020122404000931,SGI,17,48,10,573.0,5730.0
2020122404000921,SGI,17,10,10,573.0,5730.0
2020122404000914,SGI,17,22,10,573.0,5730.0
2020122404000912,SGI,17,38,10,573.0,5730.0
2020122404000948,SGI,21,32,10,575.0,5750.0
2020122404000947,SGI,21,48,10,575.0,5750.0
2020122404000946,SGI,21,44,10,575.0,5750.0
2020122404000945,SGI,21,21,10,563.0,5630.0
2020122404000943,SGI,5,45,10,574.0,5740.0
2020122404000936,SGI,5,39,10,574.0,5740.0
2020122404000966,SGI,5,56,10,576.0,5760.0
2020122404000963,SGI,36,35,10,575.0,5750.0
2020122404000959,SGI,36,41,10,575.0,5750.0
2020122404000956,SGI,42,13,10,575.0,5750.0
2020122404000953,SGI,5,16,10,574.0,5740.0
2020122404000949,SGI,21,45,10,575.0,5750.0
2020122404000978,STC,25,43,10,5099.0,50990.0
2020122404000851,STC,38,43,20,5099.0,101980.0
2020122404000790,STC,57,32,10,5065.0,50650.0
2020122404000787,STC,5,32,20,5071.0,101420.0
2020122404000784,STC,58,32,10,5096.0,50960.0
2020122404000778,STC,52,32,10,5100.0,51000.0
2020122404000719,STC,6,58,10,5195.0,51950.0
2020122404000716,STC,10,58,10,5200.0,52000.0
2020122404000522,STC,5,17,40,5200.0,208000.0
2020122404000521,STC,5,50,10,5200.0,52000.0
2020122404000517,STC,6,35,10,5195.0,51950.0
2020122404000249,BBC,43,43,30,2701.0,81030.0
2020122403015410,CLBSL,49,57,77,798.0,61446.0
2020122404000321,CMF1,48,7,"5,000",10.0,50000.0
2020122404000320,CMF1,48,7,"5,000",10.0,50000.0
2020122404000319,CMF1,48,7,"2,000",10.0,20000.0
2020122404000265,CMF1,19,7,"10,000",9.95,99500.0
2020122404000101,CMF1,19,58,"1,000",9.95,9950.0
2020122404000033,CMF1,19,42,500,9.95,4975.0
2020122403015407,FOWAD,34,38,15,2290.0,34350.0
2020122403015418,GBBL,50,32,106,308.0,32648.0
2020122403015417,GBBL,19,32,182,308.0,56056.0
2020122404000479,GIC,57,59,10,550.0,5500.0
2020122404000475,GIC,57,38,10,550.0,5500.0
2020122404000471,GIC,5,5,10,551.0,5510.0
2020122404000464,GIC,57,58,10,550.0,5500.0
2020122404000463,GIC,57,20,10,550.0,5500.0
2020122404000462,GIC,57,38,10,550.0,5500.0
2020122404000013,GIC,17,42,10,550.0,5500.0
2020122404000008,GIC,17,32,10,550.0,5500.0
2020122404000007,GIC,17,40,10,550.0,5500.0
2020122404000006,GIC,17,3,10,550.0,5500.0
2020122404000002,GIC,17,36,10,550.0,5500.0
2020122404000001,GIC,17,32,10,550.0,5500.0
2020122404000027,GIC,53,21,10,550.0,5500.0
2020122404000024,GIC,53,38,10,550.0,5500.0
2020122404000021,GIC,53,34,10,550.0,5500.0
2020122404000016,GIC,17,42,10,550.0,5500.0
2020122404000015,GIC,17,3,10,550.0,5500.0
2020122404000014,GIC,17,34,10,550.0,5500.0
2020122404000046,GIC,53,29,10,550.0,5500.0
2020122404000041,GIC,41,10,10,551.0,5510.0
2020122404000039,GIC,41,42,10,551.0,5510.0
2020122404000036,GIC,41,46,10,551.0,5510.0
2020122404000032,GIC,53,55,10,550.0,5500.0
2020122404000029,GIC,53,40,10,550.0,5500.0
2020122404000066,GIC,32,38,10,552.0,5520.0
2020122404000065,GIC,32,32,80,552.0,44160.0
2020122404000059,GIC,52,10,10,550.0,5500.0
2020122404000052,GIC,52,45,10,550.0,5500.0
2020122404000050,GIC,53,3,10,550.0,5500.0
2020122404000048,GIC,53,10,10,550.0,5500.0
2020122404000089,GIC,33,10,10,550.0,5500.0
2020122404000087,GIC,33,58,10,550.0,5500.0
2020122404000085,GIC,52,6,10,550.0,5500.0
2020122404000082,GIC,52,48,10,550.0,5500.0
2020122404000075,GIC,52,38,10,550.0,5500.0
2020122404000073,GIC,32,39,10,552.0,5520.0
2020122404000111,GIC,33,40,10,550.0,5500.0
2020122404000103,GIC,33,42,10,550.0,5500.0
2020122404000102,GIC,33,3,10,550.0,5500.0
2020122404000098,GIC,33,6,10,550.0,5500.0
2020122404000097,GIC,33,8,10,550.0,5500.0
2020122404000095,GIC,33,57,10,550.0,5500.0
2020122404000119,GIC,21,38,10,550.0,5500.0
2020122404000118,GIC,21,16,10,550.0,5500.0
2020122404000116,GIC,21,26,10,550.0,5500.0
2020122404000115,GIC,21,35,90,550.0,49500.0
2020122404000114,GIC,33,35,10,550.0,5500.0
2020122404000112,GIC,33,32,10,550.0,5500.0
2020122404000139,GIC,21,37,10,550.0,5500.0
2020122404000138,GIC,21,3,10,550.0,5500.0
2020122404000129,GIC,21,57,10,550.0,5500.0
2020122404000123,GIC,21,38,10,550.0,5500.0
2020122404000121,GIC,21,57,10,550.0,5500.0
2020122404000120,GIC,21,58,10,550.0,5500.0
2020122404000158,GIC,21,45,10,550.0,5500.0
2020122404000151,GIC,21,14,10,550.0,5500.0
2020122404000150,GIC,21,45,10,550.0,5500.0
2020122404000146,GIC,21,57,10,550.0,5500.0
2020122404000145,GIC,21,36,10,550.0,5500.0
2020122404000140,GIC,21,58,10,550.0,5500.0
2020122404000170,GIC,21,10,10,550.0,5500.0
2020122404000165,GIC,21,49,10,550.0,5500.0
2020122404000164,GIC,21,45,10,550.0,5500.0
2020122404000163,GIC,21,47,10,550.0,5500.0
2020122404000162,GIC,21,51,10,550.0,5500.0
2020122404000161,GIC,21,40,10,550.0,5500.0
2020122404000193,GIC,38,41,10,551.0,5510.0
2020122404000192,GIC,38,14,10,551.0,5510.0
2020122404000191,GIC,38,29,10,551.0,5510.0
2020122404000190,GIC,38,58,40,551.0,22040.0
2020122404000189,GIC,21,38,10,550.0,5500.0
2020122404000175,GIC,21,56,10,550.0,5500.0
2020122404000201,GIC,21,58,10,550.0,5500.0
2020122404000200,GIC,21,58,10,550.0,5500.0
2020122404000197,GIC,21,4,10,550.0,5500.0
2020122404000196,GIC,38,32,10,551.0,5510.0
2020122404000195,GIC,38,41,10,551.0,5510.0
2020122404000194,GIC,38,41,10,551.0,5510.0
2020122404000221,GIC,21,29,100,550.0,55000.0
2020122404000219,GIC,21,47,10,550.0,5500.0
2020122404000214,GIC,21,11,10,550.0,5500.0
2020122404000212,GIC,21,45,10,550.0,5500.0
2020122404000210,GIC,21,17,10,550.0,5500.0
2020122404000206,GIC,21,45,10,550.0,5500.0
2020122404000255,GIC,43,58,10,550.0,5500.0
2020122404000250,GIC,43,20,10,550.0,5500.0
2020122404000228,GIC,43,39,10,550.0,5500.0
2020122404000226,GIC,43,42,10,550.0,5500.0
2020122404000225,GIC,13,42,90,550.0,49500.0
2020122404000222,GIC,13,38,10,550.0,5500.0
2020122404000274,GIC,55,48,10,551.0,5510.0
2020122404000272,GIC,55,48,10,551.0,5510.0
2020122404000270,GIC,55,59,10,551.0,5510.0
2020122404000268,GIC,55,46,10,551.0,5510.0
2020122404000262,GIC,41,46,10,551.0,5510.0
2020122404000259,GIC,43,5,10,550.0,5500.0
2020122404000289,GIC,21,58,10,552.0,5520.0
2020122404000287,GIC,50,3,10,551.0,5510.0
2020122404000286,GIC,50,5,10,551.0,5510.0
2020122404000284,GIC,50,57,10,551.0,5510.0
2020122404000282,GIC,50,42,10,551.0,5510.0
2020122404000275,GIC,43,48,10,550.0,5500.0
2020122404000311,GIC,38,6,10,554.0,5540.0
2020122404000310,GIC,41,42,10,551.0,5510.0
2020122404000302,GIC,34,52,10,551.0,5510.0
2020122404000298,GIC,50,37,10,551.0,5510.0
2020122404000291,GIC,21,32,10,553.0,5530.0
2020122404000290,GIC,21,32,10,553.0,5530.0
2020122404000327,GIC,43,38,10,550.0,5500.0
2020122404000326,GIC,43,11,10,550.0,5500.0
2020122404000325,GIC,41,6,10,551.0,5510.0
2020122404000323,GIC,41,16,10,551.0,5510.0
2020122404000315,GIC,41,51,10,551.0,5510.0
2020122404000312,GIC,41,7,10,551.0,5510.0
2020122404000346,GIC,43,21,10,550.0,5500.0
2020122404000344,GIC,43,16,10,550.0,5500.0
2020122404000338,GIC,43,52,10,550.0,5500.0
2020122404000337,GIC,38,29,10,551.0,5510.0
2020122404000330,GIC,43,45,10,550.0,5500.0
2020122404000329,GIC,43,17,10,550.0,5500.0
2020122404000363,GIC,43,38,10,550.0,5500.0
2020122404000360,GIC,43,38,10,550.0,5500.0
2020122404000359,GIC,43,21,10,550.0,5500.0
2020122404000354,GIC,43,38,10,550.0,5500.0
2020122404000348,GIC,43,17,10,550.0,5500.0
2020122404000347,GIC,43,57,100,550.0,55000.0
2020122404000380,GIC,13,38,10,550.0,5500.0
2020122404000377,GIC,13,25,10,550.0,5500.0
2020122404000374,GIC,45,58,10,552.0,5520.0
2020122404000371,GIC,42,6,10,550.0,5500.0
2020122404000368,GIC,43,38,10,550.0,5500.0
2020122404000367,GIC,43,38,10,550.0,5500.0
2020122404000392,GIC,13,38,10,550.0,5500.0
2020122404000390,GIC,13,38,10,550.0,5500.0
2020122404000385,GIC,13,38,10,550.0,5500.0
2020122404000384,GIC,13,38,10,550.0,5500.0
2020122404000383,GIC,13,38,10,550.0,5500.0
2020122404000381,GIC,13,38,10,550.0,5500.0
2020122404000420,GIC,52,41,10,551.0,5510.0
2020122404000401,GIC,13,29,10,550.0,5500.0
2020122404000399,GIC,13,16,10,550.0,5500.0
2020122404000398,GIC,13,20,10,550.0,5500.0
2020122404000397,GIC,13,17,10,550.0,5500.0
2020122404000395,GIC,13,47,25,550.0,13750.0
2020122404000429,GIC,52,42,10,551.0,5510.0
2020122404000427,GIC,52,17,10,551.0,5510.0
2020122404000426,GIC,52,37,10,551.0,5510.0
2020122404000425,GIC,46,22,10,552.0,5520.0
2020122404000424,GIC,46,3,10,552.0,5520.0
2020122404000423,GIC,46,40,10,552.0,5520.0
2020122404000435,GIC,52,36,10,551.0,5510.0
2020122404000434,GIC,42,42,10,553.0,5530.0
2020122404000433,GIC,42,17,10,553.0,5530.0
2020122404000432,GIC,52,42,10,551.0,5510.0
2020122404000431,GIC,52,8,10,551.0,5510.0
2020122404000430,GIC,52,38,10,551.0,5510.0
2020122404000444,GIC,13,4,10,550.0,5500.0
2020122404000443,GIC,13,38,10,550.0,5500.0
2020122404000442,GIC,13,34,10,550.0,5500.0
2020122404000440,GIC,13,36,10,550.0,5500.0
2020122404000438,GIC,52,34,10,551.0,5510.0
2020122404000436,GIC,52,17,10,551.0,5510.0
2020122404000461,GIC,13,39,10,550.0,5500.0
2020122404000458,GIC,13,42,10,550.0,5500.0
2020122404000456,GIC,51,39,10,552.0,5520.0
2020122404000455,GIC,13,42,10,550.0,5500.0
2020122404000454,GIC,13,38,10,550.0,5500.0
2020122404000448,GIC,13,38,10,550.0,5500.0
2020122404000236,GIMES1,3,35,"2,000",11.08,22160.0
2020122404000176,GIMES1,43,7,"1,500",11.3,16950.0
2020122403015425,HIDCL,53,8,130,266.0,34580.0
2020122403015424,HIDCL,41,8,500,267.0,133500.0
2020122403015423,HIDCL,45,8,150,267.0,40050.0
2020122403015422,HIDCL,41,8,50,267.0,13350.0
2020122403015421,HIDCL,3,8,270,267.0,72090.0
2020122403015420,HIDCL,14,8,900,267.0,240300.0
2020122403015409,JSLBB,34,19,79,1687.0,133273.0
2020122404000092,LEMF,53,58,263,9.9,2603.7
2020122404000009,LEMF,53,45,"4,737",9.9,46896.3
2020122404000093,LEMF,53,58,"4,737",9.9,46896.3
2020122404000476,LUK,5,5,100,9.26,926.0
2020122404000460,LUK,26,58,200,9.25,1850.0
2020122404000378,LUK,26,14,500,9.25,4625.0
2020122404000332,LUK,26,49,100,9.25,925.0
2020122404000248,LUK,26,41,100,9.25,925.0
2020122404000459,NBF2,41,39,100,9.66,966.0
2020122404000449,NBF2,41,47,500,9.66,4830.0
2020122404000409,NBF2,41,17,100,9.66,966.0
2020122404000308,NBF2,41,41,"1,000",9.66,9660.0
2020122404000304,NBF2,41,29,100,9.66,966.0
2020122404000257,NBF2,41,14,"1,000",9.66,9660.0
2020122404000038,NBF2,10,45,300,9.52,2856.0
2020122404000251,NBF2,58,6,100,9.71,971.0
2020122404000169,NBF2,43,42,"1,000",9.71,9710.0
2020122404000168,NBF2,43,43,"5,000",9.71,48550.0
2020122404000137,NBF2,10,48,200,9.56,1912.0
2020122404000109,NBF2,10,48,500,9.56,4780.0
2020122404000340,NEF,56,26,"1,690",9.86,16663.4
2020122404000336,NEF,56,26,624,9.86,6152.64
2020122404000335,NEF,29,26,100,9.89,989.0
2020122404000309,NEF,56,35,724,9.86,7138.64
2020122404000266,NEF,56,42,"2,414",9.86,23802.04
2020122404000171,NEF,17,19,"2,414",9.85,23777.9
2020122404000069,NEF,17,43,"5,000",9.76,48800.0
2020122404000057,NEF,17,58,724,9.76,7066.24
2020122404000043,NEF,49,45,"4,741",9.72,46082.52
2020122404000470,NIBLPF,56,20,"1,010",10.16,10261.6
2020122404000467,NIBLPF,56,20,"1,010",10.16,10261.6
2020122404000465,NIBLPF,56,20,"1,010",10.16,10261.6
2020122404000376,NIBLPF,17,19,252,10.25,2583.0
2020122404000350,NIBLPF,17,17,515,10.25,5278.75
2020122404000264,NIBLPF,17,32,"2,525",10.25,25881.25
2020122404000233,NIBLPF,17,34,"2,525",10.25,25881.25
2020122404000232,NIBLPF,17,49,"54,183",10.25,555375.75
2020122404000230,NIBLPF,17,49,"45,817",10.25,469624.25
2020122404000229,NIBLPF,17,54,"1,658",10.24,16977.92
2020122404000227,NIBLPF,17,19,"2,525",10.2,25755.0
2020122404000400,NIBPO,58,10,364,445.0,161980.0
2020122404000389,NIBPO,58,10,636,445.0,283020.0
2020122404000388,NIBPO,26,10,500,445.0,222500.0
2020122404000387,NIBPO,26,10,300,446.0,133800.0
2020122404000386,NIBPO,8,10,64,446.0,28544.0
2020122404000333,NIBPO,58,58,"1,778",449.0,798322.0
2020122404000080,NIBPO,17,35,"1,000",457.0,457000.0
2020122404000026,NIBPO,39,39,6,441.0,2646.0
2020122404000297,NIBPO,8,45,121,446.0,53966.0
2020122404000280,NIBPO,8,58,315,446.0,140490.0
2020122404000279,NIBPO,34,58,"1,500",446.0,669000.0
2020122404000278,NIBPO,13,58,185,448.0,82880.0
2020122404000220,NIBPO,28,6,"1,000",450.0,450000.0
2020122404000124,NIBPO,13,6,15,448.0,6720.0
2020122404000414,NIBSF1,17,35,"2,978",10.99,32728.22
2020122404000413,NIBSF1,26,35,"5,000",11.0,55000.0
2020122404000412,NIBSF1,17,35,"2,500",11.02,27550.0
2020122404000411,NIBSF1,7,35,"1,000",11.04,11040.0
2020122404000408,NIBSF1,7,35,"5,000",11.04,55200.0
2020122404000407,NIBSF1,26,35,"5,000",11.05,55250.0
2020122404000406,NIBSF1,7,35,"8,000",11.06,88480.0
2020122404000293,NIBSF1,26,34,"5,000",11.17,55850.0
2020122404000154,NIBSF1,26,4,"5,000",11.17,55850.0
2020122404000099,NIBSF1,26,45,"5,000",11.0,55000.0
2020122404000473,NICBF,41,49,500,10.02,5010.0
2020122404000450,NICBF,41,47,100,10.02,1002.0
2020122404000345,NICBF,41,58,"1,000",10.02,10020.0
2020122404000135,NICBF,48,21,"5,000",10.0,50000.0
2020122404000096,NICBF,48,48,100,10.0,1000.0
2020122404000049,NICBF,48,45,"1,500",10.0,15000.0
2020122404000131,NICGF,49,43,"2,500",10.25,25625.0
2020122404000130,NICGF,49,43,"6,500",10.25,66625.0
2020122404000094,NICGF,49,45,"10,000",10.25,102500.0
2020122404000090,NICGF,49,58,"1,000",10.25,10250.0
2020122404000078,NICGF,49,42,500,10.25,5125.0
2020122403015416,NLIC,10,57,249,2340.0,582660.0
2020122403015415,NLIC,10,45,206,2340.0,482040.0
2020122403015414,NLIC,10,50,100,2339.0,233900.0
2020122403015413,NLIC,10,34,445,2339.0,1040855.0
2020122403015408,NLICL,57,3,10,1126.0,11260.0
2020122404000453,NMB50,22,47,100,10.25,1025.0
2020122404000402,NMB50,34,55,200,10.22,2044.0
2020122404000063,NMB50,17,43,100,10.1,1010.0
2020122404000062,NMB50,17,45,400,10.1,4040.0
2020122404000055,NMB50,29,45,"5,000",10.12,50600.0
2020122404000004,NMB50,59,43,"15,700",10.3,161710.0
2020122404000003,NMB50,59,47,100,10.1,1010.0
2020122404000393,NMBHF1,17,58,"8,161",10.1,82426.1
2020122404000353,NMBHF1,17,33,"18,143",10.1,183244.3
2020122404000313,NMBHF1,17,35,"1,248",10.1,12604.8
2020122404000307,NMBHF1,21,1,120,10.13,1215.6
2020122404000299,NMBHF1,21,36,416,10.13,4214.08
2020122404000256,NMBHF1,21,58,"9,464",10.13,95870.32
2020122404000133,NMBHF1,8,51,"2,512",10.1,25371.2
2020122404000132,NMBHF1,8,43,"4,000",10.1,40400.0
2020122404000086,NMBHF1,49,45,"5,026",9.93,49908.18
2020122404000245,NMBHF1,17,57,"2,000",10.1,20200.0
2020122404000244,NMBHF1,17,22,832,10.1,8403.2
2020122404000243,NMBHF1,17,42,"3,345",10.1,33784.5
2020122404000217,NMBHF1,8,42,816,10.1,8241.6
2020122404000208,NMBHF1,8,45,"1,000",10.1,10100.0
2020122404000134,NMBHF1,8,29,"1,672",10.1,16887.2
2020122403015405,NRIC,6,7,20,1376.0,27520.0
2020122403015419,NTC,58,34,10,1111.0,11110.0
2020122404000415,RBCLPO,4,48,30,13466.0,403980.0
2020122404000405,RBCLPO,4,48,26,13466.0,350116.0
2020122404000318,RBCLPO,17,17,100,13466.0,1346600.0
2020122404000317,RBCLPO,26,17,10,13466.0,134660.0
2020122403015412,RLI,36,58,10,612.0,6120.0
2020122403015411,RLI,36,56,60,612.0,36720.0
2020122404000379,SAEF,42,59,500,10.89,5445.0
2020122404000303,SAEF,56,54,200,10.86,2172.0
2020122404000180,SAEF,13,21,500,10.83,5415.0
2020122404000108,SAEF,42,21,100,10.83,1083.0
2020122404000107,SAEF,42,42,"3,000",10.83,32490.0
2020122404000083,SAEF,13,58,"2,500",10.83,27075.0
2020122404000076,SAEF,49,45,"5,000",10.82,54100.0
2020122404000044,SAND2085,43,51,50,1040.0,52000.0
2020122404000421,SEF,17,41,"4,000",10.4,41600.0
2020122404000416,SEF,17,35,"10,000",10.4,104000.0
2020122404000277,SEF,17,45,"2,000",10.4,20800.0
2020122404000267,SEF,17,45,500,10.4,5200.0
2020122404000242,SEF,17,35,"1,000",10.4,10400.0
2020122404000218,SEF,17,57,300,10.4,3120.0
2020122404000213,SEF,17,57,300,10.3,3090.0
2020122404000187,SEF,3,58,"5,000",10.27,51350.0
2020122404000186,SEF,3,49,"2,500",10.27,25675.0
2020122404000185,SEF,3,28,"1,000",10.27,10270.0
2020122404000136,SEF,3,43,"5,000",10.27,51350.0
2020122404000072,SEF,49,45,"10,000",10.26,102600.0
2020122404000254,SFMF,41,29,100,10.0,1000.0
2020122404000241,SFMF,17,29,200,10.0,2000.0
2020122404000240,SFMF,17,1,500,10.0,5000.0
2020122404000239,SFMF,17,46,300,10.0,3000.0
2020122404000071,SFMF,42,40,160,9.99,1598.4
2020122404000037,SFMF,42,45,"3,700",9.99,36963.0
2020122404000478,SGI,58,38,10,573.0,5730.0
2020122404000477,SGI,58,59,10,573.0,5730.0
2020122404000474,SGI,19,59,10,573.0,5730.0
2020122404000472,SGI,1,59,10,574.0,5740.0
2020122404000469,SGI,1,38,10,574.0,5740.0
2020122404000468,SGI,1,52,10,574.0,5740.0
2020122404000011,SGI,58,42,10,570.0,5700.0
2020122404000010,SGI,58,10,10,570.0,5700.0
2020122404000005,SGI,17,10,10,570.0,5700.0
2020122404000022,SGI,3,38,10,571.0,5710.0
2020122404000020,SGI,58,38,10,570.0,5700.0
2020122404000019,SGI,58,10,10,570.0,5700.0
2020122404000018,SGI,58,42,10,570.0,5700.0
2020122404000017,SGI,58,35,10,570.0,5700.0
2020122404000012,SGI,58,42,10,570.0,5700.0
2020122404000034,SGI,3,38,10,571.0,5710.0
2020122404000031,SGI,3,59,10,571.0,5710.0
2020122404000030,SGI,3,10,10,571.0,5710.0
2020122404000028,SGI,3,42,10,571.0,5710.0
2020122404000025,SGI,3,38,10,571.0,5710.0
2020122404000023,SGI,3,33,10,571.0,5710.0
2020122404000051,SGI,3,45,10,571.0,5710.0
2020122404000047,SGI,3,35,10,571.0,5710.0
2020122404000045,SGI,3,45,10,571.0,5710.0
2020122404000042,SGI,3,45,10,571.0,5710.0
2020122404000040,SGI,3,5,10,571.0,5710.0
2020122404000035,SGI,3,38,10,571.0,5710.0
2020122404000061,SGI,3,33,10,571.0,5710.0
2020122404000060,SGI,3,42,10,571.0,5710.0
2020122404000058,SGI,3,58,10,571.0,5710.0
2020122404000056,SGI,3,46,10,571.0,5710.0
2020122404000054,SGI,3,11,10,571.0,5710.0
2020122404000053,SGI,3,10,10,571.0,5710.0
2020122404000077,SGI,38,38,10,573.0,5730.0
2020122404000074,SGI,38,40,10,572.0,5720.0
2020122404000070,SGI,38,38,10,572.0,5720.0
2020122404000068,SGI,38,19,10,572.0,5720.0
2020122404000067,SGI,49,38,10,575.0,5750.0
2020122404000064,SGI,38,10,10,572.0,5720.0
2020122404000100,SGI,38,58,10,572.0,5720.0
2020122404000091,SGI,38,49,10,572.0,5720.0
2020122404000088,SGI,38,10,10,572.0,5720.0
2020122404000084,SGI,38,6,10,573.0,5730.0
2020122404000081,SGI,42,49,10,573.0,5730.0
2020122404000079,SGI,42,10,10,573.0,5730.0
2020122404000126,SGI,7,8,10,572.0,5720.0
2020122404000125,SGI,7,10,10,572.0,5720.0
2020122404000122,SGI,7,32,10,572.0,5720.0
2020122404000117,SGI,38,42,10,572.0,5720.0
2020122404000113,SGI,38,10,10,572.0,5720.0
2020122404000110,SGI,38,10,10,572.0,5720.0
2020122404000144,SGI,3,49,10,571.0,5710.0
2020122404000143,SGI,3,39,10,571.0,5710.0
2020122404000142,SGI,58,45,10,572.0,5720.0
2020122404000141,SGI,58,19,10,572.0,5720.0
2020122404000128,SGI,7,54,10,572.0,5720.0
2020122404000127,SGI,7,42,10,572.0,5720.0
2020122404000155,SGI,59,10,10,572.0,5720.0
2020122404000153,SGI,59,45,10,572.0,5720.0
2020122404000152,SGI,59,57,10,572.0,5720.0
2020122404000149,SGI,3,42,10,571.0,5710.0
2020122404000148,SGI,3,39,10,571.0,5710.0
2020122404000147,SGI,3,52,10,571.0,5710.0
2020122404000167,SGI,38,51,10,572.0,5720.0
2020122404000166,SGI,3,26,200,571.0,114200.0
2020122404000160,SGI,3,10,10,571.0,5710.0
2020122404000159,SGI,3,34,10,571.0,5710.0
2020122404000157,SGI,59,8,10,572.0,5720.0
2020122404000156,SGI,59,57,10,572.0,5720.0
2020122404000179,SGI,38,10,10,572.0,5720.0
2020122404000178,SGI,34,42,10,573.0,5730.0
2020122404000177,SGI,34,10,10,573.0,5730.0
2020122404000174,SGI,34,41,10,573.0,5730.0
2020122404000173,SGI,38,47,10,572.0,5720.0
2020122404000172,SGI,38,22,10,572.0,5720.0
2020122404000198,SGI,43,35,10,575.0,5750.0
2020122404000188,SGI,38,52,10,572.0,5720.0
2020122404000184,SGI,43,35,30,575.0,17250.0
2020122404000183,SGI,36,4,10,575.0,5750.0
2020122404000182,SGI,36,52,10,575.0,5750.0
2020122404000181,SGI,36,38,10,575.0,5750.0
2020122404000207,SGI,38,45,10,572.0,5720.0
2020122404000205,SGI,38,42,10,572.0,5720.0
2020122404000204,SGI,38,14,10,572.0,5720.0
2020122404000203,SGI,38,58,10,572.0,5720.0
2020122404000202,SGI,36,17,10,577.0,5770.0
2020122404000199,SGI,43,16,10,575.0,5750.0
2020122404000224,SGI,22,11,10,573.0,5730.0
2020122404000223,SGI,22,49,10,573.0,5730.0
2020122404000216,SGI,58,56,10,572.0,5720.0
2020122404000215,SGI,53,1,10,572.0,5720.0
2020122404000211,SGI,53,7,10,572.0,5720.0
2020122404000209,SGI,38,45,10,572.0,5720.0
2020122404000246,SGI,22,44,10,573.0,5730.0
2020122404000238,SGI,22,47,10,573.0,5730.0
2020122404000237,SGI,22,42,10,573.0,5730.0
2020122404000235,SGI,22,38,10,573.0,5730.0
2020122404000234,SGI,22,38,10,573.0,5730.0
2020122404000231,SGI,22,58,10,573.0,5730.0
2020122404000261,SGI,43,41,10,573.0,5730.0
2020122404000260,SGI,43,43,10,573.0,5730.0
2020122404000258,SGI,58,17,10,572.0,5720.0
2020122404000253,SGI,58,20,10,573.0,5730.0
2020122404000252,SGI,22,7,10,573.0,5730.0
2020122404000247,SGI,22,3,10,573.0,5730.0
2020122404000281,SGI,10,37,10,573.0,5730.0
2020122404000276,SGI,10,42,10,573.0,5730.0
2020122404000273,SGI,10,59,10,573.0,5730.0
2020122404000271,SGI,10,5,10,573.0,5730.0
2020122404000269,SGI,38,32,10,577.0,5770.0
2020122404000263,SGI,43,58,10,575.0,5750.0
2020122404000295,SGI,58,45,10,572.0,5720.0
2020122404000294,SGI,58,5,10,572.0,5720.0
2020122404000292,SGI,58,38,10,572.0,5720.0
2020122404000288,SGI,58,48,10,572.0,5720.0
2020122404000285,SGI,58,38,10,572.0,5720.0
2020122404000283,SGI,58,58,10,572.0,5720.0
2020122404000316,SGI,58,42,10,572.0,5720.0
2020122404000314,SGI,58,52,10,572.0,5720.0
2020122404000306,SGI,38,5,10,575.0,5750.0
2020122404000305,SGI,43,45,10,573.0,5730.0
2020122404000301,SGI,43,55,10,573.0,5730.0
2020122404000296,SGI,58,45,10,572.0,5720.0
2020122404000339,SGI,58,38,10,572.0,5720.0
2020122404000334,SGI,58,46,10,572.0,5720.0
2020122404000331,SGI,58,1,10,572.0,5720.0
2020122404000328,SGI,58,38,10,572.0,5720.0
2020122404000324,SGI,33,57,10,575.0,5750.0
2020122404000322,SGI,33,50,10,575.0,5750.0
2020122404000352,SGI,26,51,10,573.0,5730.0
2020122404000351,SGI,26,38,10,573.0,5730.0
2020122404000349,SGI,26,49,10,573.0,5730.0
2020122404000343,SGI,34,48,10,572.0,5720.0
2020122404000342,SGI,34,7,10,572.0,5720.0
2020122404000341,SGI,34,49,10,572.0,5720.0
2020122404000362,SGI,26,57,10,573.0,5730.0
2020122404000361,SGI,26,17,10,573.0,5730.0
2020122404000358,SGI,26,38,10,573.0,5730.0
2020122404000357,SGI,26,38,10,573.0,5730.0
2020122404000356,SGI,26,37,10,573.0,5730.0
2020122404000355,SGI,26,38,10,573.0,5730.0
2020122404000372,SGI,26,38,10,573.0,5730.0
2020122404000370,SGI,36,5,10,574.0,5740.0
2020122404000369,SGI,36,51,10,574.0,5740.0
2020122404000366,SGI,10,55,10,577.0,5770.0
2020122404000365,SGI,10,32,10,577.0,5770.0
2020122404000364,SGI,10,58,10,577.0,5770.0
2020122404000396,SGI,41,17,10,573.0,5730.0
2020122404000394,SGI,41,20,10,573.0,5730.0
2020122404000391,SGI,41,14,10,573.0,5730.0
2020122404000382,SGI,45,33,10,575.0,5750.0
2020122404000375,SGI,41,38,10,573.0,5730.0
2020122404000373,SGI,41,51,10,573.0,5730.0
2020122404000419,SGI,11,17,10,573.0,5730.0
2020122404000418,SGI,41,20,10,573.0,5730.0
2020122404000417,SGI,41,37,10,573.0,5730.0
2020122404000410,SGI,41,51,10,573.0,5730.0
2020122404000404,SGI,41,38,10,573.0,5730.0
2020122404000403,SGI,41,45,10,573.0,5730.0
2020122404000445,SGI,57,39,10,574.0,5740.0
2020122404000441,SGI,19,36,10,573.0,5730.0
2020122404000439,SGI,19,56,10,573.0,5730.0
2020122404000437,SGI,19,41,10,573.0,5730.0
2020122404000428,SGI,11,41,10,573.0,5730.0
2020122404000422,SGI,11,54,10,573.0,5730.0
2020122404000466,SGI,1,50,120,574.0,68880.0
2020122404000457,SGI,19,39,10,573.0,5730.0
2020122404000452,SGI,57,14,10,574.0,5740.0
2020122404000451,SGI,57,47,10,574.0,5740.0
2020122404000447,SGI,57,39,10,574.0,5740.0
2020122404000446,SGI,57,16,10,574.0,5740.0
2020122403015406,SKBBL,22,40,283,1714.0,485062.0
2020122404000300,STC,17,17,50,5100.0,255000.0
2020122404000106,STC,7,17,20,5145.0,102900.0
2020122404000105,STC,42,17,10,5150.0,51500.0
2020122404000104,STC,58,17,20,5150.0,103000.0
2020122403015341,ALBSL,16,40,10,1000.0,10000.0
2020122403015303,ALBSL,45,36,13,1001.0,13013.0
2020122403015252,ALICL,36,26,500,925.0,462500.0
2020122403015251,ALICL,36,57,400,925.0,370000.0
2020122403015250,ALICL,36,7,113,925.0,104525.0
2020122403015091,ALICL,21,7,40,925.0,37000.0
2020122403015369,BFC,8,4,352,128.0,45056.0
2020122403015368,BFC,58,4,100,128.0,12800.0
2020122403015367,BFC,1,4,368,128.0,47104.0
2020122403015291,BFC,42,49,120,129.0,15480.0
2020122403015275,CBBL,1,33,100,1407.0,140700.0
2020122403015249,CBBL,34,33,100,1407.0,140700.0
2020122403015244,CBBL,17,33,200,1407.0,281400.0
2020122403015216,CBBL,39,33,30,1407.0,42210.0
2020122403015203,CBBL,51,33,10,1407.0,14070.0
2020122403015162,CBBL,48,33,956,1407.0,1345092.0
2020122403014984,CBBL,14,33,100,1410.0,141000.0
2020122403015161,CBBL,39,33,50,1408.0,70400.0
2020122403015160,CBBL,59,33,500,1408.0,704000.0
2020122403015159,CBBL,11,33,40,1409.0,56360.0
2020122403015140,CBBL,14,33,50,1410.0,70500.0
2020122403015089,CBBL,42,33,17,1410.0,23970.0
2020122403014994,CBBL,42,33,50,1410.0,70500.0
2020122403015074,CFCL,17,17,1,155.0,155.0
2020122403015378,CIT,38,26,20,5100.0,102000.0
2020122403015377,CIT,38,33,55,5100.0,280500.0
2020122403015353,CIT,58,5,10,5090.0,50900.0
2020122403015286,CIT,49,33,10,5100.0,51000.0
2020122403015274,CIT,16,33,10,5100.0,51000.0
2020122403015226,CIT,7,33,50,5100.0,255000.0
2020122403014907,CIT,17,58,10,5077.0,50770.0
2020122403014906,CIT,45,58,50,5077.0,253850.0
2020122403015193,CIT,13,33,20,5100.0,102000.0
2020122403015189,CIT,45,33,30,5100.0,153000.0
2020122403015144,CIT,33,58,20,5100.0,102000.0
2020122403015059,CIT,33,57,10,5100.0,51000.0
2020122403015004,CIT,38,35,10,5100.0,51000.0
2020122403014908,CIT,33,58,30,5076.0,152280.0
2020122403015399,CLBSL,26,57,54,798.0,43092.0
2020122403015382,CLBSL,3,57,50,798.0,39900.0
2020122403015305,CLBSL,48,57,150,798.0,119700.0
2020122403015224,CLBSL,59,57,50,798.0,39900.0
2020122403015168,CLBSL,39,57,10,799.0,7990.0
2020122403015118,CLBSL,48,57,31,799.0,24769.0
2020122403014939,CLBSL,13,57,50,799.0,39950.0
2020122403015340,DDBL,10,45,12,1425.0,17100.0
2020122403015217,DDBL,34,45,30,1425.0,42750.0
2020122403015171,DDBL,40,45,40,1425.0,57000.0
2020122403015170,DDBL,19,45,10,1425.0,14250.0
2020122403015084,DDBL,34,42,100,1427.0,142700.0
2020122403015026,DDBL,8,42,50,1427.0,71350.0
2020122403015006,DDBL,28,42,15,1428.0,21420.0
2020122403014982,DDBL,28,32,25,1428.0,35700.0
2020122403015348,FMDBL,28,56,200,586.0,117200.0
2020122403015333,FMDBL,28,38,"2,000",586.0,1172000.0
2020122403015234,FMDBL,41,26,50,588.0,29400.0
2020122403015031,FMDBL,44,26,100,590.0,59000.0
2020122403015385,FOWAD,34,45,10,2299.0,22990.0
2020122403015233,FOWAD,34,20,59,2295.0,135405.0
2020122403015147,FOWAD,45,20,100,2295.0,229500.0
2020122403015034,FOWAD,21,20,11,2295.0,25245.0
2020122403015025,FOWAD,58,20,30,2295.0,68850.0
2020122403015010,FOWAD,1,33,200,2300.0,460000.0
2020122403014992,FOWAD,58,50,20,2295.0,45900.0
2020122403014991,FOWAD,1,50,15,2295.0,34425.0
2020122403014950,FOWAD,1,33,10,2295.0,22950.0
2020122403015294,GBBL,19,37,818,308.0,251944.0
2020122403015293,GBBL,46,37,100,308.0,30800.0
2020122403015181,GBBL,38,33,75,310.0,23250.0
2020122403015058,GBBL,59,33,81,310.0,25110.0
2020122403015057,GBBL,59,49,50,310.0,15500.0
2020122403015056,GBBL,59,25,100,310.0,31000.0
2020122403014924,GBBL,4,22,500,310.0,155000.0
2020122403014923,GBBL,4,36,164,310.0,50840.0
2020122403014922,GBBL,4,21,80,309.0,24720.0
2020122403014930,GBBL,4,29,250,310.0,77500.0
2020122403014929,GBBL,4,33,200,310.0,62000.0
2020122403014928,GBBL,4,32,50,310.0,15500.0
2020122403014927,GBBL,4,45,"1,248",310.0,386880.0
2020122403014926,GBBL,4,35,100,310.0,31000.0
2020122403014925,GBBL,4,35,100,310.0,31000.0
2020122403015055,GBBL,59,34,"1,000",310.0,310000.0
2020122403015054,GBBL,59,34,269,310.0,83390.0
2020122403014934,GBBL,4,34,731,310.0,226610.0
2020122403014933,GBBL,4,36,377,310.0,116870.0
2020122403014932,GBBL,4,19,100,310.0,31000.0
2020122403014931,GBBL,4,57,100,310.0,31000.0
2020122403014949,GBLBS,43,45,100,575.0,57500.0
2020122403014948,GBLBS,34,45,100,576.0,57600.0
2020122403015328,GFCL,6,29,50,209.0,10450.0
2020122403015211,GILB,7,44,50,1680.0,84000.0
2020122403015071,GILB,49,45,29,1699.0,49271.0
2020122403015070,GILB,49,14,10,1695.0,16950.0
2020122403015069,GILB,49,10,11,1691.0,18601.0
2020122403014941,GILB,49,44,"1,000",1690.0,1690000.0
2020122403015176,GLBSL,17,41,10,820.0,8200.0
2020122403015175,GLBSL,39,41,100,821.0,82100.0
2020122403015174,GLBSL,39,41,100,825.0,82500.0
2020122403015403,GLICL,34,45,780,626.0,488280.0
2020122403015402,GLICL,8,45,200,627.0,125400.0
2020122403015401,GLICL,16,45,20,628.0,12560.0
2020122403015277,GLICL,32,22,100,629.0,62900.0
2020122403015223,GLICL,38,22,95,629.0,59755.0
2020122403015214,GLICL,56,22,50,629.0,31450.0
2020122403015073,GLICL,33,22,100,629.0,62900.0
2020122403015330,GMFBS,25,14,10,977.0,9770.0
2020122403015282,GUFL,17,17,10,196.0,1960.0
2020122403015281,GUFL,17,45,200,194.0,38800.0
2020122403015280,GUFL,17,10,18,194.0,3492.0
2020122403015398,HIDCL,14,58,50,267.0,13350.0
2020122403015390,HIDCL,17,6,10,268.0,2680.0
2020122403015279,HIDCL,14,29,"1,000",267.0,267000.0
2020122403015272,HIDCL,17,6,10,268.0,2680.0
2020122403015206,HIDCL,51,33,60,267.0,16020.0
2020122403015192,HIDCL,51,6,300,267.0,80100.0
2020122403015005,HIDCL,17,52,10,268.0,2680.0
2020122403015001,HIDCL,36,52,100,268.0,26800.0
2020122403015000,HIDCL,36,17,300,268.0,80400.0
2020122403014990,HIDCL,58,52,15,268.0,4020.0
2020122403014980,HIDCL,34,52,100,268.0,26800.0
2020122403015169,HIDCL,17,6,10,268.0,2680.0
2020122403015076,HIDCL,51,13,165,267.0,44055.0
2020122403015065,HIDCL,51,58,200,267.0,53400.0
2020122403015028,HIDCL,41,6,332,268.0,88976.0
2020122403015027,HIDCL,41,52,158,268.0,42344.0
2020122403015013,HIDCL,1,52,100,268.0,26800.0
2020122403015271,JFL,55,47,20,240.0,4800.0
2020122403015270,JFL,55,50,60,240.0,14400.0
2020122403015235,JSLBB,17,19,10,1693.0,16930.0
2020122403015195,JSLBB,59,19,100,1696.0,169600.0
2020122403015194,JSLBB,38,19,11,1700.0,18700.0
2020122403015380,KMCDB,25,26,10,855.0,8550.0
2020122403015016,KMCDB,36,57,70,851.0,59570.0
2020122403015015,KMCDB,7,57,100,852.0,85200.0
2020122403015014,KMCDB,42,57,20,852.0,17040.0
2020122403015225,KRBL,34,35,10,135.0,1350.0
2020122403015099,KSBBL,44,13,500,218.0,109000.0
2020122403015384,LBBL,58,42,550,221.0,121550.0
2020122403015266,LBBL,7,42,100,221.0,22100.0
2020122403014959,LBBL,43,42,100,221.0,22100.0
2020122403015132,LBBL,1,45,100,222.0,22200.0
2020122403014975,LBBL,7,42,900,221.0,198900.0
2020122403015356,LICN,50,50,20,1960.0,39200.0
2020122403015355,LICN,40,50,100,1960.0,196000.0
2020122403015354,LICN,51,50,20,1965.0,39300.0
2020122403015297,MDB,22,29,28,384.0,10752.0
2020122403015296,MDB,36,29,43,384.0,16512.0
2020122403015365,MERO,33,52,95,958.0,91010.0
2020122403015092,MERO,44,45,65,956.0,62140.0
2020122403015068,MERO,1,45,25,956.0,23900.0
2020122403015199,MFIL,55,49,10,390.0,3900.0
2020122403015119,MFIL,14,55,500,389.0,194500.0
2020122403015051,MFIL,14,1,52,389.0,20228.0
2020122403015047,MFIL,45,49,50,390.0,19500.0
2020122403014999,MFIL,14,55,410,389.0,159490.0
2020122403015172,MLBBL,36,41,16,1225.0,19600.0
2020122403015366,MLBL,34,28,20,238.0,4760.0
2020122403015332,MLBL,46,51,500,235.0,117500.0
2020122403015242,MLBL,44,28,117,238.0,27846.0
2020122403015241,MLBL,44,54,83,238.0,19754.0
2020122403015302,MMFDB,45,33,12,1005.0,12060.0
2020122403015256,MMFDB,21,33,50,1005.0,50250.0
2020122403015388,MNBBL,28,34,10,380.0,3800.0
2020122403015240,MNBBL,7,49,89,378.0,33642.0
2020122403015239,MNBBL,17,49,411,379.0,155769.0
2020122403015205,MNBBL,17,51,400,379.0,151600.0
2020122403014916,MNBBL,45,59,100,379.0,37900.0
2020122403014915,MNBBL,28,59,93,379.0,35247.0
2020122403015204,MNBBL,17,59,167,379.0,63293.0
2020122403015060,MNBBL,55,59,500,379.0,189500.0
2020122403015046,MNBBL,49,59,100,379.0,37900.0
2020122403015012,MNBBL,50,59,40,379.0,15160.0
2020122403015397,MSLB,1,17,10,1560.0,15600.0
2020122403015220,MSLB,51,25,70,1552.0,108640.0
2020122403015019,NABBC,37,28,200,377.0,75400.0
2020122403015018,NABBC,42,28,500,377.0,188500.0
2020122403014998,NFS,6,3,"1,980",213.0,421740.0
2020122403015375,NLBBL,38,49,100,1003.0,100300.0
2020122403015331,NLBBL,50,58,200,1003.0,200600.0
2020122403015138,NLBBL,39,33,186,1000.0,186000.0
2020122403015137,NLBBL,39,42,79,1000.0,79000.0
2020122403015136,NLBBL,39,52,85,1000.0,85000.0
2020122403015237,NLBSL,1,58,400,1070.0,428000.0
2020122403015236,NLBSL,1,58,100,1064.0,106400.0
2020122403015153,NLBSL,47,58,17,1057.0,17969.0
2020122403015152,NLBSL,47,58,100,1059.0,105900.0
2020122403015151,NLBSL,58,58,100,1060.0,106000.0
2020122403015150,NLBSL,34,58,17,1061.0,18037.0
2020122403015404,NLIC,33,45,200,2338.0,467600.0
2020122403015383,NLIC,6,34,40,2339.0,93560.0
2020122403015374,NLIC,6,34,15,2339.0,35085.0
2020122403015372,NLIC,44,51,19,2338.0,44422.0
2020122403015347,NLIC,44,25,45,2338.0,105210.0
2020122403015346,NLIC,29,25,25,2339.0,58475.0
2020122403014917,NLIC,58,25,39,2339.0,91221.0
2020122403014914,NLIC,26,38,50,2340.0,117000.0
2020122403014905,NLIC,50,38,20,2340.0,46800.0
2020122403014940,NLIC,37,38,35,2340.0,81900.0
2020122403014938,NLIC,13,38,50,2340.0,117000.0
2020122403014921,NLIC,54,38,20,2340.0,46800.0
2020122403014920,NLIC,19,38,100,2340.0,234000.0
2020122403014919,NLIC,50,25,11,2339.0,25729.0
2020122403014918,NLIC,48,25,50,2339.0,116950.0
2020122403014965,NLIC,45,58,48,2340.0,112320.0
2020122403014964,NLIC,45,41,400,2340.0,936000.0
2020122403014963,NLIC,45,38,52,2340.0,121680.0
2020122403014958,NLIC,28,38,50,2340.0,117000.0
2020122403014954,NLIC,37,38,20,2340.0,46800.0
2020122403014951,NLIC,6,38,30,2340.0,70200.0
2020122403014974,NLIC,43,57,500,2340.0,1170000.0
2020122403014973,NLIC,43,36,260,2340.0,608400.0
2020122403014971,NLIC,48,36,200,2340.0,468000.0
2020122403014969,NLIC,38,36,50,2340.0,117000.0
2020122403014967,NLIC,42,58,51,2340.0,119340.0
2020122403014966,NLIC,5,58,100,2340.0,234000.0
2020122403015021,NLIC,58,8,10,2339.0,23390.0
2020122403015020,NLIC,50,8,14,2339.0,32746.0
2020122403015011,NLIC,50,45,40,2340.0,93600.0
2020122403015008,NLIC,29,45,100,2340.0,234000.0
2020122403015007,NLIC,34,45,100,2340.0,234000.0
2020122403014981,NLIC,43,45,240,2340.0,561600.0
2020122403015048,NLIC,14,8,10,2338.0,23380.0
2020122403015035,NLIC,38,8,50,2338.0,116900.0
2020122403015033,NLIC,45,8,100,2338.0,233800.0
2020122403015024,NLIC,51,8,80,2338.0,187040.0
2020122403015023,NLIC,46,8,100,2338.0,233800.0
2020122403015022,NLIC,21,8,100,2339.0,233900.0
2020122403015098,NLIC,49,44,22,2338.0,51436.0
2020122403015095,NLIC,33,57,14,2339.0,32746.0
2020122403015094,NLIC,57,45,20,2340.0,46800.0
2020122403015088,NLIC,49,3,22,2337.0,51414.0
2020122403015080,NLIC,46,45,100,2340.0,234000.0
2020122403015061,NLIC,33,8,36,2338.0,84168.0
2020122403015106,NLIC,45,33,500,2337.0,1168500.0
2020122403015105,NLIC,55,33,100,2337.0,233700.0
2020122403015104,NLIC,51,33,25,2337.0,58425.0
2020122403015103,NLIC,37,33,20,2338.0,46760.0
2020122403015102,NLIC,33,33,200,2338.0,467600.0
2020122403015101,NLIC,49,33,156,2338.0,364728.0
2020122403015112,NLIC,25,33,100,2335.0,233500.0
2020122403015111,NLIC,49,33,40,2335.0,93400.0
2020122403015110,NLIC,35,33,100,2336.0,233600.0
2020122403015109,NLIC,41,33,20,2337.0,46740.0
2020122403015108,NLIC,59,33,10,2337.0,23370.0
2020122403015107,NLIC,58,33,30,2337.0,70110.0
2020122403015148,NLIC,51,57,500,2339.0,1169500.0
2020122403015146,NLIC,13,57,65,2339.0,152035.0
2020122403015139,NLIC,46,57,10,2339.0,23390.0
2020122403015115,NLIC,25,33,49,2335.0,114415.0
2020122403015114,NLIC,39,33,100,2335.0,233500.0
2020122403015113,NLIC,46,33,50,2335.0,116750.0
2020122403015207,NLIC,43,38,350,2338.0,818300.0
2020122403015202,NLIC,43,44,650,2338.0,1519700.0
2020122403015201,NLIC,53,44,100,2338.0,233800.0
2020122403015200,NLIC,57,44,250,2338.0,584500.0
2020122403015173,NLIC,26,57,35,2339.0,81865.0
2020122403015158,NLIC,43,57,"1,000",2339.0,2339000.0
2020122403015231,NLIC,57,56,10,2338.0,23380.0
2020122403015229,NLIC,33,57,50,2339.0,116950.0
2020122403015213,NLIC,45,57,150,2339.0,350850.0
2020122403015210,NLIC,51,57,20,2339.0,46780.0
2020122403015209,NLIC,57,38,141,2338.0,329658.0
2020122403015208,NLIC,44,38,106,2338.0,247828.0
2020122403015314,NLIC,43,57,26,2339.0,60814.0
2020122403015278,NLIC,44,21,22,2338.0,51436.0
2020122403015273,NLIC,49,57,20,2339.0,46780.0
2020122403015269,NLIC,58,50,50,2338.0,116900.0
2020122403015268,NLIC,57,50,199,2338.0,465262.0
2020122403015232,NLIC,42,57,10,2339.0,23390.0
2020122403015345,NLIC,55,25,30,2339.0,70170.0
2020122403015338,NLIC,5,45,70,2340.0,163800.0
2020122403015325,NLIC,44,20,20,2338.0,46760.0
2020122403015322,NLIC,34,45,50,2340.0,117000.0
2020122403015316,NLIC,43,45,74,2340.0,173160.0
2020122403015315,NLIC,43,40,100,2339.0,233900.0
2020122403015370,NLICL,38,3,200,1126.0,225200.0
2020122403015362,NLICL,48,3,20,1126.0,22520.0
2020122403015320,NLICL,3,3,500,1126.0,563000.0
2020122403015319,NLICL,6,3,25,1127.0,28175.0
2020122403015318,NLICL,11,3,110,1129.0,124190.0
2020122403015317,NLICL,33,3,100,1129.0,112900.0
2020122403014955,NLICL,41,45,20,1130.0,22600.0
2020122403015248,NLICL,58,14,40,1130.0,45200.0
2020122403015222,NLICL,57,59,100,1128.0,112800.0
2020122403015219,NLICL,21,14,27,1130.0,30510.0
2020122403015218,NLICL,21,45,73,1130.0,82490.0
2020122403015079,NLICL,6,44,75,1127.0,84525.0
2020122403015062,NLICL,45,45,107,1130.0,120910.0
2020122403015313,NMBMF,57,6,500,1175.0,587500.0
2020122403015191,NMBMF,3,3,1,1175.0,1175.0
2020122403015093,NMBMF,3,3,1,1175.0,1175.0
2020122403015017,NMBMF,3,3,1,1175.0,1175.0
2020122403014983,NMBMF,3,3,1,1175.0,1175.0
2020122403014968,NMBMF,14,57,454,1174.0,532996.0
2020122403014942,NMBMF,45,11,50,1170.0,58500.0
2020122403014937,NMFBS,44,6,20,2174.0,43480.0
2020122403014936,NMFBS,44,16,20,2174.0,43480.0
2020122403015363,NRIC,38,3,10,1375.0,13750.0
2020122403015352,NRIC,45,4,20,1375.0,27500.0
2020122403015304,NRIC,58,43,20,1375.0,27500.0
2020122403015295,NRIC,21,43,100,1375.0,137500.0
2020122403015290,NRIC,59,58,10,1374.0,13740.0
2020122403015285,NRIC,55,49,100,1375.0,137500.0
2020122403015030,NRIC,42,41,55,1374.0,75570.0
2020122403015029,NRIC,46,41,10,1374.0,13740.0
2020122403014997,NRIC,59,28,100,1375.0,137500.0
2020122403014972,NRIC,46,18,40,1374.0,54960.0
2020122403014935,NRIC,45,28,100,1375.0,137500.0
2020122403015063,NRIC,33,20,10,1375.0,13750.0
2020122403015053,NRIC,13,22,55,1374.0,75570.0
2020122403015052,NRIC,42,22,45,1374.0,61830.0
2020122403015050,NRIC,26,20,40,1375.0,55000.0
2020122403015049,NRIC,26,28,160,1375.0,220000.0
2020122403015032,NRIC,57,28,300,1375.0,412500.0
2020122403015085,NRIC,53,3,20,1374.0,27480.0
2020122403015083,NRIC,4,3,15,1374.0,20610.0
2020122403015082,NRIC,26,3,33,1374.0,45342.0
2020122403015081,NRIC,13,3,45,1374.0,61830.0
2020122403015075,NRIC,39,49,10,1375.0,13750.0
2020122403015064,NRIC,33,38,40,1375.0,55000.0
2020122403015156,NRIC,28,11,10,1374.0,13740.0
2020122403015155,NRIC,28,3,37,1374.0,50838.0
2020122403015154,NRIC,38,3,20,1374.0,27480.0
2020122403015145,NRIC,17,3,20,1374.0,27480.0
2020122403015117,NRIC,19,3,40,1373.0,54920.0
2020122403015100,NRIC,46,3,10,1374.0,13740.0
2020122403015238,NRIC,14,49,200,1375.0,275000.0
2020122403015230,NRIC,43,49,20,1375.0,27500.0
2020122403015221,NRIC,40,49,100,1375.0,137500.0
2020122403015215,NRIC,34,49,50,1375.0,68750.0
2020122403015190,NRIC,10,59,25,1374.0,34350.0
2020122403015157,NRIC,28,49,50,1374.0,68700.0
2020122403015264,NRIC,59,14,50,1374.0,68700.0
2020122403015263,NRIC,34,14,30,1374.0,41220.0
2020122403015262,NRIC,57,14,40,1374.0,54960.0
2020122403015261,NRIC,55,14,30,1374.0,41220.0
2020122403015260,NRIC,26,14,150,1374.0,206100.0
2020122403015257,NRIC,13,49,50,1375.0,68750.0
2020122403015361,NRN,6,34,10,365.0,3650.0
2020122403015360,NRN,6,5,10,364.0,3640.0
2020122403015359,NRN,6,51,10,364.0,3640.0
2020122403015358,NRN,6,48,90,364.0,32760.0
2020122403015357,NRN,6,26,10,363.0,3630.0
2020122403015342,NRN,26,40,10,362.0,3620.0
2020122403015143,NRN,6,48,10,364.0,3640.0
2020122403015142,NRN,6,32,10,364.0,3640.0
2020122403015133,NRN,26,3,10,362.0,3620.0
2020122403015376,NTC,58,34,10,1111.0,11110.0
2020122403015337,NTC,58,50,110,1101.0,121110.0
2020122403015336,NTC,58,50,100,1102.0,110200.0
2020122403015335,NTC,50,50,200,1102.0,220400.0
2020122403015334,NTC,45,50,90,1106.0,99540.0
2020122403015321,NTC,38,34,20,1111.0,22220.0
2020122403015037,NTC,28,50,100,1105.0,110500.0
2020122403015036,NTC,45,50,50,1109.0,55450.0
2020122403014988,NTC,58,34,70,1110.0,77700.0
2020122403014987,NTC,58,22,500,1110.0,555000.0
2020122403014962,NTC,58,3,412,1105.0,455260.0
2020122403015043,NTC,34,50,50,1100.0,55000.0
2020122403015042,NTC,21,50,20,1100.0,22000.0
2020122403015041,NTC,58,50,100,1100.0,110000.0
2020122403015040,NTC,44,50,35,1100.0,38500.0
2020122403015039,NTC,51,50,50,1100.0,55000.0
2020122403015038,NTC,18,50,50,1100.0,55000.0
2020122403015167,NTC,28,34,140,1111.0,155540.0
2020122403015166,NTC,28,50,810,1110.0,899100.0
2020122403015087,NTC,42,45,50,1115.0,55750.0
2020122403015086,NTC,42,43,50,1115.0,55750.0
2020122403015045,NTC,58,50,"1,045",1100.0,1149500.0
2020122403015044,NTC,36,50,"1,000",1100.0,1100000.0
2020122403015187,NTC,45,50,100,1101.0,110100.0
2020122403015186,NTC,50,50,20,1101.0,22020.0
2020122403015185,NTC,13,50,100,1101.0,110100.0
2020122403015184,NTC,57,50,50,1101.0,55050.0
2020122403015183,NTC,51,50,15,1105.0,16575.0
2020122403015182,NTC,48,50,50,1105.0,55250.0
2020122403015292,NTC,45,51,10,1105.0,11050.0
2020122403015255,NTC,58,50,50,1101.0,55050.0
2020122403015254,NTC,46,50,200,1102.0,220400.0
2020122403015253,NTC,57,50,250,1106.0,276500.0
2020122403015243,NTC,58,34,10,1111.0,11110.0
2020122403015188,NTC,58,50,"1,165",1101.0,1282665.0
2020122403015284,NUBL,58,45,50,1254.0,62700.0
2020122403015283,NUBL,58,45,200,1255.0,251000.0
2020122403015163,NUBL,14,53,500,1255.0,627500.0
2020122403015078,NUBL,58,14,150,1254.0,188100.0
2020122403015077,NUBL,58,35,30,1253.0,37590.0
2020122403015391,PFL,38,41,10,180.0,1800.0
2020122403015400,PLIC,6,34,100,821.0,82100.0
2020122403015165,PLIC,4,34,380,821.0,311980.0
2020122403015164,PLIC,4,33,120,820.0,98400.0
2020122403014979,PLIC,53,8,100,820.0,82000.0
2020122403014978,PLIC,46,8,10,820.0,8200.0
2020122403014977,PLIC,47,8,50,820.0,41000.0
2020122403014976,PLIC,4,8,322,820.0,264040.0
2020122403015323,PROFL,34,51,10,125.0,1250.0
2020122403015067,PROFL,34,47,49,124.0,6076.0
2020122403015116,RLFL,44,10,22,165.0,3630.0
2020122403015373,RLI,44,56,100,612.0,61200.0
2020122403015343,RLI,59,18,10,611.0,6110.0
2020122403015324,RLI,59,14,10,611.0,6110.0
2020122403015276,RLI,59,18,10,611.0,6110.0
2020122403015267,RLI,59,3,10,611.0,6110.0
2020122403015149,RLI,25,56,40,612.0,24480.0
2020122403015003,RLI,25,18,10,612.0,6120.0
2020122403014970,RLI,25,58,10,612.0,6120.0
2020122403015389,RMDC,10,52,100,1112.0,111200.0
2020122403014961,RMDC,4,52,160,1112.0,177920.0
2020122403014960,RMDC,4,34,40,1111.0,44440.0
2020122403014952,RMDC,4,45,20,1107.0,22140.0
2020122403014913,RMDC,4,33,99,1111.0,109989.0
2020122403014912,RMDC,4,10,100,1110.0,111000.0
2020122403014911,RMDC,4,47,51,1109.0,56559.0
2020122403014910,RMDC,4,25,50,1109.0,55450.0
2020122403014909,RMDC,4,25,50,1109.0,55450.0
2020122403015381,RSDC,58,22,10,633.0,6330.0
2020122403015379,RSDC,11,57,20,632.0,12640.0
2020122403015364,RSDC,58,22,50,634.0,31700.0
2020122403015327,RSDC,11,19,10,632.0,6320.0
2020122403015289,RSDC,58,46,10,635.0,6350.0
2020122403015288,RSDC,58,58,40,634.0,25360.0
2020122403015097,RSDC,58,50,10,632.0,6320.0
2020122403015096,RSDC,58,39,35,632.0,22120.0
2020122403015090,RSDC,16,39,10,632.0,6320.0
2020122403015287,RSDC,58,16,100,634.0,63400.0
2020122403015259,RSDC,25,6,45,632.0,28440.0
2020122403015227,RSDC,58,57,50,633.0,31650.0
2020122403015135,RSDC,53,57,35,633.0,22155.0
2020122403015134,RSDC,53,50,90,632.0,56880.0
2020122403015131,RSDC,4,16,10,631.0,6310.0
2020122403015396,SABSL,1,29,10,940.0,9400.0
2020122403015395,SABSL,1,36,40,940.0,37600.0
2020122403015394,SABSL,1,48,51,940.0,47940.0
2020122403015393,SABSL,1,26,50,939.0,46950.0
2020122403015351,SADBL,1,57,325,173.0,56225.0
2020122403015350,SADBL,11,57,145,173.0,25085.0
2020122403015349,SADBL,14,57,30,173.0,5190.0
2020122403014989,SADBL,14,26,145,173.0,25085.0
2020122403015310,SAPDBL,34,8,10,146.0,1460.0
2020122403015309,SAPDBL,34,29,38,145.0,5510.0
2020122403015308,SAPDBL,34,29,64,145.0,9280.0
2020122403015307,SAPDBL,34,22,64,143.0,9152.0
2020122403015306,SAPDBL,34,22,64,143.0,9152.0
2020122403015339,SDLBSL,34,53,10,1179.0,11790.0
2020122403014953,SDLBSL,34,3,10,1178.0,11780.0
2020122403015326,SFCL,6,45,250,136.0,34000.0
2020122403015180,SFCL,38,56,110,135.0,14850.0
2020122403015179,SFCL,44,56,50,135.0,6750.0
2020122403015178,SFCL,25,56,500,135.0,67500.0
2020122403015177,SFCL,43,56,100,135.0,13500.0
2020122403015120,SFCL,42,45,500,136.0,68000.0
2020122403015072,SFCL,42,45,350,136.0,47600.0
2020122403015344,SHINE,29,44,"2,000",268.0,536000.0
2020122403015247,SHINE,29,44,"2,000",268.0,536000.0
2020122403015246,SHINE,29,41,60,268.0,16080.0
2020122403015245,SHINE,46,41,500,268.0,134000.0
2020122403015121,SHINE,29,26,48,268.0,12864.0
2020122403014945,SHINE,47,28,200,269.0,53800.0
2020122403014944,SHINE,58,28,250,269.0,67250.0
2020122403014943,SHINE,49,28,500,269.0,134500.0
2020122403014993,SHL,38,44,"1,015",205.0,208075.0
2020122403015198,SIFC,58,45,310,200.0,62000.0
2020122403015197,SIFC,58,29,300,199.0,59700.0
2020122403015196,SIFC,58,1,100,199.0,19900.0
2020122403015312,SINDU,57,49,150,149.0,22350.0
2020122403015141,SINDU,57,45,250,149.0,37250.0
2020122403015329,SKBBL,22,45,500,1712.0,856000.0
2020122403015228,SKBBL,22,53,100,1713.0,171300.0
2020122403015265,SLBBL,34,25,20,1049.0,20980.0
2020122403015212,SLBBL,34,38,50,1045.0,52250.0
2020122403015009,SLBBL,17,51,42,1045.0,43890.0
2020122403014986,SLBBL,13,25,500,1043.0,521500.0
2020122403014956,SLBBL,17,56,50,1042.0,52100.0
2020122403014947,SLBS,40,55,20,1286.0,25720.0
2020122403014946,SLBS,45,55,10,1286.0,12860.0
2020122403015387,SLBSL,41,57,10,963.0,9630.0
2020122403015386,SLBSL,11,57,100,963.0,96300.0
2020122403015298,SLICL,41,14,50,735.0,36750.0
2020122403015002,SLICL,44,14,100,735.0,73500.0
2020122403015392,SMFBS,32,38,46,1299.0,59754.0
2020122403014996,SMFDB,46,28,140,935.0,130900.0
2020122403014995,SMFDB,46,44,110,935.0,102850.0
2020122403015371,SNLB,44,36,50,961.0,48050.0
2020122403015311,SNLB,38,50,10,972.0,9720.0
2020122403015066,SNLB,17,55,10,960.0,9600.0
2020122403015258,SWBBL,28,37,50,1585.0,79250.0
2020122403015130,SWBBL,7,41,12,1572.0,18864.0
2020122403015129,SWBBL,22,41,100,1572.0,157200.0
2020122403015128,SWBBL,49,41,100,1572.0,157200.0
2020122403015127,SWBBL,38,41,110,1572.0,172920.0
2020122403015126,SWBBL,58,41,25,1573.0,39325.0
2020122403015125,SWBBL,50,41,90,1573.0,141570.0
2020122403015124,SWBBL,6,41,10,1574.0,15740.0
2020122403015123,SWBBL,47,41,50,1574.0,78700.0
2020122403015122,SWBBL,47,41,500,1575.0,787500.0
2020122403015301,TRH,38,35,16,306.0,4896.0
2020122403015300,TRH,38,45,300,306.0,91800.0
2020122403015299,TRH,38,7,184,306.0,56304.0
2020122403014957,USLB,35,47,30,1317.0,39510.0
2020122403014985,VLBS,49,49,10,1215.0,12150.0
2020122403014734,ALICL,33,7,847,925.0,783475.0
2020122403014733,ALICL,33,29,100,925.0,92500.0
2020122403014732,ALICL,33,57,928,925.0,858400.0
2020122403014731,ALICL,33,47,500,924.0,462000.0
2020122403014730,ALICL,33,54,125,924.0,115500.0
2020122403014681,CBBL,48,47,44,1407.0,61908.0
2020122403014680,CBBL,41,47,50,1407.0,70350.0
2020122403014679,CBBL,41,47,50,1407.0,70350.0
2020122403014678,CBBL,37,47,300,1407.0,422100.0
2020122403014677,CBBL,48,47,100,1407.0,140700.0
2020122403014621,CBBL,39,33,50,1410.0,70500.0
2020122403014573,CBBL,19,33,121,1419.0,171699.0
2020122403014536,CBBL,19,6,50,1419.0,70950.0
2020122403014579,CBBL,41,33,50,1417.0,70850.0
2020122403014578,CBBL,37,33,250,1418.0,354500.0
2020122403014577,CBBL,26,33,200,1418.0,283600.0
2020122403014576,CBBL,42,33,71,1418.0,100678.0
2020122403014575,CBBL,53,33,20,1418.0,28360.0
2020122403014574,CBBL,6,33,200,1418.0,283600.0
2020122403014585,CBBL,3,33,100,1415.0,141500.0
2020122403014584,CBBL,26,33,50,1415.0,70750.0
2020122403014583,CBBL,29,33,250,1415.0,353750.0
2020122403014582,CBBL,13,33,130,1416.0,184080.0
2020122403014581,CBBL,29,33,30,1416.0,42480.0
2020122403014580,CBBL,28,33,50,1416.0,70800.0
2020122403014591,CBBL,38,33,60,1412.0,84720.0
2020122403014590,CBBL,38,33,60,1412.0,84720.0
2020122403014589,CBBL,40,33,200,1413.0,282600.0
2020122403014588,CBBL,22,33,100,1414.0,141400.0
2020122403014587,CBBL,56,33,50,1415.0,70750.0
2020122403014586,CBBL,54,33,40,1415.0,56600.0
2020122403014597,CBBL,39,33,100,1410.0,141000.0
2020122403014596,CBBL,42,33,200,1410.0,282000.0
2020122403014595,CBBL,43,33,200,1410.0,282000.0
2020122403014594,CBBL,47,33,15,1410.0,21150.0
2020122403014593,CBBL,11,33,200,1412.0,282400.0
2020122403014592,CBBL,51,33,50,1412.0,70600.0
2020122403014818,CIT,33,45,10,5076.0,50760.0
2020122403014782,CIT,21,17,10,5075.0,50750.0
2020122403014718,CIT,19,57,150,5075.0,761250.0
2020122403014717,CIT,3,57,15,5075.0,76125.0
2020122403014639,CIT,57,57,10,5075.0,50750.0
2020122403014629,CIT,41,57,10,5075.0,50750.0
2020122403014446,CIT,44,6,15,5077.0,76155.0
2020122403014445,CIT,54,6,50,5077.0,253850.0
2020122403014628,CIT,47,57,40,5075.0,203000.0
2020122403014627,CIT,50,57,12,5075.0,60900.0
2020122403014572,CIT,21,45,10,5076.0,50760.0
2020122403014545,CIT,26,45,10,5076.0,50760.0
2020122403014455,CIT,6,57,50,5078.0,253900.0
2020122403014447,CIT,22,6,25,5077.0,126925.0
2020122403014505,CLBSL,44,57,50,795.0,39750.0
2020122403014866,DDBL,29,21,100,1427.0,142700.0
2020122403014810,DDBL,17,51,18,1425.0,25650.0
2020122403014708,DDBL,34,47,100,1424.0,142400.0
2020122403014440,DDBL,44,21,100,1427.0,142700.0
2020122403014416,DDBL,52,45,15,1425.0,21375.0
2020122403014879,FMDBL,57,26,220,590.0,129800.0
2020122403014859,FMDBL,46,26,100,590.0,59000.0
2020122403014885,FOWAD,21,44,43,2300.0,98900.0
2020122403014884,FOWAD,21,25,25,2299.0,57475.0
2020122403014883,FOWAD,21,57,57,2297.0,130929.0
2020122403014882,FOWAD,21,34,25,2296.0,57400.0
2020122403014881,FOWAD,21,56,50,2296.0,114800.0
2020122403014710,FOWAD,35,45,25,2295.0,57375.0
2020122403014506,FOWAD,58,20,10,2290.0,22900.0
2020122403014414,FOWAD,47,20,300,2290.0,687000.0
2020122403014702,GBBL,25,21,20,309.0,6180.0
2020122403014557,GBBL,38,56,30,307.0,9210.0
2020122403014553,GBBL,11,25,30,308.0,9240.0
2020122403014791,GBLBS,43,45,96,575.0,55200.0
2020122403014790,GBLBS,44,45,115,575.0,66125.0
2020122403014789,GBLBS,7,45,169,576.0,97344.0
2020122403014788,GBLBS,10,45,100,577.0,57700.0
2020122403014787,GBLBS,42,45,20,578.0,11560.0
2020122403014551,GBLBS,11,45,50,578.0,28900.0
2020122403014550,GBLBS,11,45,23,578.0,13294.0
2020122403014499,GBLBS,11,25,15,578.0,8670.0
2020122403014415,GBLBS,11,3,10,578.0,5780.0
2020122403014898,GILB,17,44,50,1680.0,84000.0
2020122403014682,GILB,59,44,50,1680.0,84000.0
2020122403014901,GLICL,14,38,489,629.0,307581.0
2020122403014837,GLICL,38,38,155,628.0,97340.0
2020122403014659,GLICL,6,38,125,629.0,78625.0
2020122403014562,GMFIL,50,33,481,200.0,96200.0
2020122403014544,GUFL,51,39,10,193.0,1930.0
2020122403014484,GUFL,43,33,500,195.0,97500.0
2020122403014483,GUFL,43,39,50,195.0,9750.0
2020122403014482,GUFL,43,52,818,195.0,159510.0
2020122403014481,GUFL,43,48,"1,000",195.0,195000.0
2020122403014480,GUFL,43,55,440,195.0,85800.0
2020122403014479,GUFL,43,58,200,195.0,39000.0
2020122403014478,GUFL,43,55,500,195.0,97500.0
2020122403014477,GUFL,43,5,254,194.0,49276.0
2020122403014878,HIDCL,51,45,117,267.0,31239.0
2020122403014875,HIDCL,51,6,300,267.0,80100.0
2020122403014817,HIDCL,51,5,850,267.0,226950.0
2020122403014811,HIDCL,19,5,100,267.0,26700.0
2020122403014801,HIDCL,17,5,50,267.0,13350.0
2020122403014800,HIDCL,17,8,50,267.0,13350.0
2020122403014799,HIDCL,17,34,500,267.0,133500.0
2020122403014798,HIDCL,17,58,400,267.0,106800.0
2020122403014704,HIDCL,42,58,100,267.0,26700.0
2020122403014888,ICFC,14,50,50,283.0,14150.0
2020122403014887,ICFC,33,50,50,283.0,14150.0
2020122403014871,ILBS,14,42,466,1012.0,471592.0
2020122403014744,ILBS,57,47,100,1005.0,100500.0
2020122403014743,ILBS,42,47,15,1005.0,15075.0
2020122403014637,JBBL,19,32,637,227.0,144599.0
2020122403014636,JBBL,19,59,300,226.0,67800.0
2020122403014635,JBBL,19,44,63,226.0,14238.0
2020122403014524,JBBL,34,16,287,224.0,64288.0
2020122403014412,JBBL,21,59,200,225.0,45000.0
2020122403014784,JSLBB,11,34,28,1706.0,47768.0
2020122403014657,JSLBB,11,58,72,1706.0,122832.0
2020122403014656,JSLBB,1,58,28,1710.0,47880.0
2020122403014534,JSLBB,1,10,55,1710.0,94050.0
2020122403014526,JSLBB,1,59,217,1710.0,371070.0
2020122403014647,KSBBL,26,50,4,219.0,876.0
2020122403014564,KSBBL,6,50,300,219.0,65700.0
2020122403014563,KSBBL,51,50,290,219.0,63510.0
2020122403014518,KSBBL,51,34,10,219.0,2190.0
2020122403014444,KSBBL,43,58,43,219.0,9417.0
2020122403014781,LBBL,35,26,"2,583",220.0,568260.0
2020122403014780,LBBL,32,26,300,220.0,66000.0
2020122403014779,LBBL,52,26,200,220.0,44000.0
2020122403014778,LBBL,34,26,500,220.0,110000.0
2020122403014777,LBBL,47,26,50,220.0,11000.0
2020122403014776,LBBL,52,26,311,220.0,68420.0
2020122403014608,LBBL,38,34,229,221.0,50609.0
2020122403014607,LBBL,54,34,"1,000",221.0,221000.0
2020122403014439,LBBL,1,45,100,222.0,22200.0
2020122403014775,LBBL,6,26,200,221.0,44200.0
2020122403014774,LBBL,36,26,85,221.0,18785.0
2020122403014773,LBBL,38,26,771,221.0,170391.0
2020122403014795,LICN,35,50,30,1980.0,59400.0
2020122403014488,LICN,25,50,10,1980.0,19800.0
2020122403014653,MERO,50,45,200,955.0,191000.0
2020122403014625,MERO,35,45,100,956.0,95600.0
2020122403014538,MERO,58,45,10,956.0,9560.0
2020122403014485,MERO,50,6,50,955.0,47750.0
2020122403014872,MFIL,29,55,180,389.0,70020.0
2020122403014835,MFIL,33,55,100,389.0,38900.0
2020122403014671,MLBL,34,54,25,238.0,5950.0
2020122403014515,MLBL,34,59,75,236.0,17700.0
2020122403014846,MMFDB,14,33,160,1005.0,160800.0
2020122403014845,MMFDB,14,41,40,1004.0,40160.0
2020122403014722,MMFDB,14,34,200,1008.0,201600.0
2020122403014714,MMFDB,46,34,11,1008.0,11088.0
2020122403014632,MNBBL,17,58,22,378.0,8316.0
2020122403014631,MNBBL,52,58,18,378.0,6804.0
2020122403014663,MNBBL,14,45,6,379.0,2274.0
2020122403014662,MNBBL,14,47,224,379.0,84896.0
2020122403014641,MNBBL,14,21,70,379.0,26530.0
2020122403014844,MSLB,32,41,200,1552.0,310400.0
2020122403014843,MSLB,17,41,10,1552.0,15520.0
2020122403014842,MSLB,1,41,89,1552.0,138128.0
2020122403014841,MSLB,6,41,200,1555.0,311000.0
2020122403014840,MSLB,49,41,300,1555.0,466500.0
2020122403014839,MSLB,46,41,70,1555.0,108850.0
2020122403014838,MSLB,1,41,671,1555.0,1043405.0
2020122403014509,MSLB,1,3,21,1555.0,32655.0
2020122403014689,MSMBS,6,17,34,891.0,30294.0
2020122403014688,MSMBS,58,17,30,891.0,26730.0
2020122403014687,MSMBS,34,17,50,891.0,44550.0
2020122403014686,MSMBS,6,17,10,908.0,9080.0
2020122403014685,MSMBS,51,17,11,908.0,9988.0
2020122403014892,NADEP,28,45,120,945.0,113400.0
2020122403014684,NADEP,6,45,200,946.0,189200.0
2020122403014543,NFS,44,57,235,212.0,49820.0
2020122403014542,NFS,34,57,30,212.0,6360.0
2020122403014759,NLBBL,38,42,50,1000.0,50000.0
2020122403014716,NLBBL,38,45,40,992.0,39680.0
2020122403014703,NLBBL,44,45,10,992.0,9920.0
2020122403014692,NLBBL,50,36,195,992.0,193440.0
2020122403014899,NLIC,58,38,100,2340.0,234000.0
2020122403014896,NLIC,50,38,50,2340.0,117000.0
2020122403014893,NLIC,59,38,10,2340.0,23400.0
2020122403014889,NLIC,57,38,50,2340.0,117000.0
2020122403014876,NLIC,45,38,100,2340.0,234000.0
2020122403014874,NLIC,34,38,33,2340.0,77220.0
2020122403014420,NLIC,8,38,100,2338.0,233800.0
2020122403014418,NLIC,57,38,60,2338.0,140280.0
2020122403014417,NLIC,58,38,65,2338.0,151970.0
2020122403014410,NLIC,39,38,20,2338.0,46760.0
2020122403014489,NLIC,51,38,20,2338.0,46760.0
2020122403014487,NLIC,29,38,30,2338.0,70140.0
2020122403014438,NLIC,39,38,20,2338.0,46760.0
2020122403014436,NLIC,37,38,20,2338.0,46760.0
2020122403014425,NLIC,17,38,10,2338.0,23380.0
2020122403014423,NLIC,38,38,50,2338.0,116900.0
2020122403014527,NLIC,5,45,20,2340.0,46800.0
2020122403014520,NLIC,57,45,20,2340.0,46800.0
2020122403014519,NLIC,57,33,30,2340.0,70200.0
2020122403014507,NLIC,58,48,100,2339.0,233900.0
2020122403014491,NLIC,5,38,100,2338.0,233800.0
2020122403014490,NLIC,51,38,100,2338.0,233800.0
2020122403014598,NLIC,45,28,50,2341.0,117050.0
2020122403014552,NLIC,45,14,22,2340.0,51480.0
2020122403014537,NLIC,57,14,100,2340.0,234000.0
2020122403014530,NLIC,5,14,78,2340.0,182520.0
2020122403014529,NLIC,5,22,22,2340.0,51480.0
2020122403014528,NLIC,5,49,80,2340.0,187200.0
2020122403014652,NLIC,42,25,10,2340.0,23400.0
2020122403014651,NLIC,1,25,10,2340.0,23400.0
2020122403014650,NLIC,49,25,80,2340.0,187200.0
2020122403014649,NLIC,21,28,50,2341.0,117050.0
2020122403014643,NLIC,5,28,200,2341.0,468200.0
2020122403014640,NLIC,6,28,200,2341.0,468200.0
2020122403014683,NLIC,22,28,10,2341.0,23410.0
2020122403014676,NLIC,6,28,200,2341.0,468200.0
2020122403014675,NLIC,37,28,70,2341.0,163870.0
2020122403014670,NLIC,59,44,22,2340.0,51480.0
2020122403014655,NLIC,59,33,80,2340.0,187200.0
2020122403014654,NLIC,42,33,20,2340.0,46800.0
2020122403014748,NLIC,59,41,98,2341.0,229418.0
2020122403014737,NLIC,38,41,50,2341.0,117050.0
2020122403014736,NLIC,33,28,50,2341.0,117050.0
