Transact. No.,Symbol,Buyer,Seller,Quantity,Rate,Amount
2020122004001580,BBC,25,1,50,2548.0,127400.0
2020122004001475,BBC,25,34,20,2548.0,50960.0
2020122004001474,BBC,43,34,50,2550.0,127500.0
2020122004001473,BBC,14,34,10,2550.0,25500.0
2020122004001472,BBC,28,34,50,2550.0,127500.0
2020122004001471,BBC,45,34,10,2550.0,25500.0
2020122004001375,BBC,52,34,10,2552.0,25520.0
2020122004001280,BBC,34,44,10,2552.0,25520.0
2020122004001101,BBC,52,46,20,2551.0,51020.0
2020122004001100,BBC,42,46,20,2555.0,51100.0
2020122004001099,BBC,34,46,10,2555.0,25550.0
2020122004001470,BBC,13,34,10,2551.0,25510.0
2020122004001469,BBC,52,34,10,2552.0,25520.0
2020122004001468,BBC,34,34,10,2552.0,25520.0
2020122004001424,BBC,41,14,100,2551.0,255100.0
2020122004001377,BBC,38,34,10,2551.0,25510.0
2020122004001376,BBC,25,34,50,2552.0,127600.0
2020122004001162,CMF1,17,6,"2,000",9.93,19860.0
2020122004001598,GIC,38,6,20,550.0,11000.0
2020122004001597,GIC,38,6,100,550.0,55000.0
2020122004001596,GIC,45,6,50,550.0,27500.0
2020122004001595,GIC,5,6,20,550.0,11000.0
2020122004001594,GIC,3,6,100,550.0,55000.0
2020122004001593,GIC,57,6,43,550.0,23650.0
2020122004001112,GIC,11,51,10,555.0,5550.0
2020122004001110,GIC,11,29,10,555.0,5550.0
2020122004001109,GIC,11,44,10,555.0,5550.0
2020122004001105,GIC,11,17,10,555.0,5550.0
2020122004001104,GIC,11,13,10,555.0,5550.0
2020122004001102,GIC,11,29,10,555.0,5550.0
2020122004001136,GIC,34,58,10,556.0,5560.0
2020122004001135,GIC,39,29,10,555.0,5550.0
2020122004001123,GIC,39,48,10,555.0,5550.0
2020122004001122,GIC,11,34,10,555.0,5550.0
2020122004001119,GIC,11,29,10,555.0,5550.0
2020122004001115,GIC,11,41,10,555.0,5550.0
2020122004001156,GIC,57,6,15,558.0,8370.0
2020122004001151,GIC,34,49,10,556.0,5560.0
2020122004001146,GIC,34,36,10,556.0,5560.0
2020122004001144,GIC,34,32,10,556.0,5560.0
2020122004001142,GIC,29,45,100,558.0,55800.0
2020122004001138,GIC,34,47,10,556.0,5560.0
2020122004001163,GIC,11,4,10,554.0,5540.0
2020122004001161,GIC,29,6,10,555.0,5550.0
2020122004001160,GIC,28,6,200,555.0,111000.0
2020122004001159,GIC,39,6,80,555.0,44400.0
2020122004001158,GIC,34,6,200,556.0,111200.0
2020122004001157,GIC,34,6,150,556.0,83400.0
2020122004001178,GIC,13,58,10,554.0,5540.0
2020122004001174,GIC,13,28,10,554.0,5540.0
2020122004001173,GIC,13,56,10,554.0,5540.0
2020122004001172,GIC,13,1,40,554.0,22160.0
2020122004001171,GIC,45,1,50,554.0,27700.0
2020122004001170,GIC,11,1,10,554.0,5540.0
2020122004001196,GIC,13,52,10,554.0,5540.0
2020122004001193,GIC,13,29,10,554.0,5540.0
2020122004001187,GIC,28,6,250,555.0,138750.0
2020122004001186,GIC,13,41,10,554.0,5540.0
2020122004001182,GIC,13,44,10,554.0,5540.0
2020122004001181,GIC,13,34,10,554.0,5540.0
2020122004001210,GIC,38,6,95,555.0,52725.0
2020122004001209,GIC,34,38,10,554.0,5540.0
2020122004001208,GIC,34,22,10,554.0,5540.0
2020122004001206,GIC,13,58,10,554.0,5540.0
2020122004001199,GIC,13,36,10,554.0,5540.0
2020122004001197,GIC,13,38,10,554.0,5540.0
2020122004001225,GIC,25,21,10,555.0,5550.0
2020122004001224,GIC,25,21,10,555.0,5550.0
2020122004001223,GIC,34,38,10,554.0,5540.0
2020122004001218,GIC,34,39,10,554.0,5540.0
2020122004001217,GIC,35,45,100,555.0,55500.0
2020122004001215,GIC,34,49,10,554.0,5540.0
2020122004001246,GIC,34,55,10,554.0,5540.0
2020122004001244,GIC,34,58,10,554.0,5540.0
2020122004001238,GIC,34,39,10,554.0,5540.0
2020122004001229,GIC,34,48,10,554.0,5540.0
2020122004001227,GIC,34,1,10,554.0,5540.0
2020122004001226,GIC,34,21,50,555.0,27750.0
2020122004001263,GIC,34,48,10,554.0,5540.0
2020122004001262,GIC,34,38,10,554.0,5540.0
2020122004001257,GIC,34,44,10,554.0,5540.0
2020122004001253,GIC,46,21,200,555.0,111000.0
2020122004001249,GIC,6,21,10,555.0,5550.0
2020122004001248,GIC,1,21,90,555.0,49950.0
2020122004001291,GIC,32,56,10,555.0,5550.0
2020122004001286,GIC,32,57,10,555.0,5550.0
2020122004001283,GIC,34,19,10,554.0,5540.0
2020122004001277,GIC,34,36,10,554.0,5540.0
2020122004001276,GIC,49,4,10,555.0,5550.0
2020122004001275,GIC,49,21,140,555.0,77700.0
2020122004001327,GIC,32,52,10,555.0,5550.0
2020122004001326,GIC,32,38,10,555.0,5550.0
2020122004001325,GIC,32,22,10,555.0,5550.0
2020122004001295,GIC,32,58,10,555.0,5550.0
2020122004001294,GIC,32,58,10,555.0,5550.0
2020122004001293,GIC,32,52,10,555.0,5550.0
2020122004001349,GIC,34,11,50,554.0,27700.0
2020122004001347,GIC,38,53,10,555.0,5550.0
2020122004001346,GIC,38,1,10,555.0,5550.0
2020122004001333,GIC,58,17,10,555.0,5550.0
2020122004001332,GIC,32,17,20,555.0,11100.0
2020122004001331,GIC,56,17,20,555.0,11100.0
2020122004001360,GIC,1,48,100,554.0,55400.0
2020122004001359,GIC,56,48,55,554.0,30470.0
2020122004001354,GIC,56,38,10,554.0,5540.0
2020122004001352,GIC,56,16,10,554.0,5540.0
2020122004001351,GIC,56,11,25,554.0,13850.0
2020122004001350,GIC,32,11,25,554.0,13850.0
2020122004001383,GIC,19,41,30,553.0,16590.0
2020122004001382,GIC,48,41,470,553.0,259910.0
2020122004001380,GIC,48,49,10,553.0,5530.0
2020122004001374,GIC,48,48,10,553.0,5530.0
2020122004001369,GIC,48,44,10,553.0,5530.0
2020122004001361,GIC,41,48,150,554.0,83100.0
2020122004001406,GIC,19,48,20,554.0,11080.0
2020122004001405,GIC,19,57,10,553.0,5530.0
2020122004001402,GIC,19,42,10,553.0,5530.0
2020122004001388,GIC,19,50,10,553.0,5530.0
2020122004001387,GIC,19,56,10,553.0,5530.0
2020122004001384,GIC,29,48,30,554.0,16620.0
2020122004001429,GIC,19,26,90,553.0,49770.0
2020122004001421,GIC,19,32,10,553.0,5530.0
2020122004001411,GIC,19,41,10,553.0,5530.0
2020122004001410,GIC,19,59,10,553.0,5530.0
2020122004001409,GIC,38,48,10,554.0,5540.0
2020122004001407,GIC,19,41,10,553.0,5530.0
2020122004001445,GIC,14,56,50,552.0,27600.0
2020122004001444,GIC,8,36,10,552.0,5520.0
2020122004001443,GIC,8,34,10,552.0,5520.0
2020122004001437,GIC,8,44,10,552.0,5520.0
2020122004001433,GIC,8,38,10,552.0,5520.0
2020122004001430,GIC,45,26,50,553.0,27650.0
2020122004001454,GIC,56,57,50,552.0,27600.0
2020122004001453,GIC,5,57,200,552.0,110400.0
2020122004001451,GIC,17,49,10,552.0,5520.0
2020122004001449,GIC,22,26,10,553.0,5530.0
2020122004001448,GIC,8,1,10,552.0,5520.0
2020122004001446,GIC,8,56,50,552.0,27600.0
2020122004001479,GIC,35,46,30,552.0,16560.0
2020122004001464,GIC,13,46,54,552.0,29808.0
2020122004001463,GIC,13,17,10,552.0,5520.0
2020122004001457,GIC,13,46,35,552.0,19320.0
2020122004001456,GIC,58,46,25,552.0,13800.0
2020122004001455,GIC,29,57,100,552.0,55200.0
2020122004001506,GIC,52,53,30,551.0,16530.0
2020122004001503,GIC,52,25,50,551.0,27550.0
2020122004001497,GIC,49,46,10,552.0,5520.0
2020122004001492,GIC,52,39,10,551.0,5510.0
2020122004001491,GIC,52,43,10,551.0,5510.0
2020122004001484,GIC,11,46,40,552.0,22080.0
2020122004001517,GIC,50,44,10,551.0,5510.0
2020122004001515,GIC,50,44,10,551.0,5510.0
2020122004001514,GIC,50,32,14,551.0,7714.0
2020122004001513,GIC,26,32,40,551.0,22040.0
2020122004001508,GIC,26,43,50,551.0,27550.0
2020122004001507,GIC,26,53,10,551.0,5510.0
2020122004001541,GIC,42,46,100,550.0,55000.0
2020122004001527,GIC,59,46,30,551.0,16530.0
2020122004001526,GIC,36,46,50,551.0,27550.0
2020122004001525,GIC,59,46,30,551.0,16530.0
2020122004001524,GIC,50,46,66,551.0,36366.0
2020122004001523,GIC,7,46,100,551.0,55100.0
2020122004001556,GIC,14,45,10,550.0,5500.0
2020122004001552,GIC,14,1,10,550.0,5500.0
2020122004001550,GIC,14,52,10,550.0,5500.0
2020122004001544,GIC,5,38,10,550.0,5500.0
2020122004001543,GIC,5,46,90,550.0,49500.0
2020122004001542,GIC,17,46,100,550.0,55000.0
2020122004001570,GIC,20,29,50,550.0,27500.0
2020122004001569,GIC,51,29,400,550.0,220000.0
2020122004001568,GIC,26,29,10,550.0,5500.0
2020122004001567,GIC,22,29,50,550.0,27500.0
2020122004001566,GIC,36,29,100,550.0,55000.0
2020122004001565,GIC,14,29,70,550.0,38500.0
2020122004001583,GIC,49,46,10,551.0,5510.0
2020122004001575,GIC,43,29,10,550.0,5500.0
2020122004001574,GIC,33,29,100,550.0,55000.0
2020122004001573,GIC,22,29,100,550.0,55000.0
2020122004001572,GIC,6,29,100,550.0,55000.0
2020122004001571,GIC,58,29,10,550.0,5500.0
2020122004001592,GIC,57,41,100,550.0,55000.0
2020122004001591,GIC,57,25,27,550.0,14850.0
2020122004001590,GIC,26,25,73,550.0,40150.0
2020122004001586,GIC,26,45,10,550.0,5500.0
2020122004001585,GIC,26,32,17,550.0,9350.0
2020122004001584,GIC,7,32,110,550.0,60500.0
2020122004001335,LUK,41,14,"4,800",9.22,44256.0
2020122004001230,LUK,19,5,245,9.25,2266.25
2020122004001202,LUK,41,5,255,9.25,2358.75
2020122004001175,LUK,41,58,200,9.22,1844.0
2020122004001501,NBF2,45,38,"2,000",9.6,19200.0
2020122004001436,NBF2,49,33,"3,000",9.55,28650.0
2020122004001435,NBF2,17,33,"2,000",9.55,19100.0
2020122004001367,NBF2,35,38,"2,500",9.6,24000.0
2020122004001366,NBF2,8,38,460,9.6,4416.0
2020122004001301,NBF2,8,10,"1,500",9.6,14400.0
2020122004001273,NBF2,8,48,300,9.6,2880.0
2020122004001195,NBF2,8,5,500,9.6,4800.0
2020122004001154,NBF2,8,6,"1,240",9.6,11904.0
2020122004001150,NBF2,42,6,"1,000",9.62,9620.0
2020122004001549,NEF,50,39,796,9.71,7729.16
2020122004001188,NEF,17,49,483,9.7,4685.1
2020122004001145,NEF,17,35,"1,800",9.7,17460.0
2020122004001128,NEF,17,51,483,9.7,4685.1
2020122004001548,NIBLPF,49,19,"4,178",9.88,41278.64
2020122004001547,NIBLPF,58,19,"1,000",9.88,9880.0
2020122004001546,NIBLPF,49,19,950,9.88,9386.0
2020122004001535,NIBLPF,59,19,"5,000",9.89,49450.0
2020122004001442,NIBLPF,49,48,"75,000",9.9,742500.0
2020122004001441,NIBLPF,17,48,"28,637",9.9,283506.3
2020122004001440,NIBLPF,59,48,"5,000",9.91,49550.0
2020122004001439,NIBLPF,46,48,"4,000",9.91,39640.0
2020122004001438,NIBLPF,52,48,500,9.91,4955.0
2020122004001266,NIBLPF,20,49,"5,025",10.0,50250.0
2020122004001265,NIBLPF,20,34,505,10.0,5050.0
2020122004001264,NIBLPF,20,37,337,10.0,3370.0
2020122004001579,NIBPO,54,41,500,434.0,217000.0
2020122004001557,NIBPO,54,51,50,434.0,21700.0
2020122004001509,NIBPO,54,14,300,434.0,130200.0
2020122004001487,NIBPO,54,49,519,434.0,225246.0
2020122004001486,NIBPO,22,49,300,434.0,130200.0
2020122004001485,NIBPO,57,49,181,435.0,78735.0
2020122004001203,NIBPO,3,6,150,442.0,66300.0
2020122004001169,NIBPO,1,47,123,440.0,54120.0
2020122004001168,NIBPO,39,47,50,440.0,22000.0
2020122004001279,NIBPO,1,49,300,440.0,132000.0
2020122004001278,NIBPO,1,49,377,440.0,165880.0
2020122004001260,NIBPO,8,58,925,443.0,409775.0
2020122004001247,NIBPO,8,46,75,443.0,33225.0
2020122004001221,NIBPO,11,45,425,442.0,187850.0
2020122004001220,NIBPO,11,6,50,442.0,22100.0
2020122004001317,NIBPO,52,58,400,436.0,174400.0
2020122004001316,NIBPO,8,58,"1,000",437.0,437000.0
2020122004001315,NIBPO,34,58,"1,446",437.0,631902.0
2020122004001314,NIBPO,8,58,500,438.0,219000.0
2020122004001313,NIBPO,35,58,300,438.0,131400.0
2020122004001312,NIBPO,35,58,300,438.0,131400.0
2020122004001323,NIBPO,16,58,"2,000",435.0,870000.0
2020122004001322,NIBPO,56,58,"2,000",435.0,870000.0
2020122004001321,NIBPO,8,58,350,436.0,152600.0
2020122004001320,NIBPO,8,58,"2,000",436.0,872000.0
2020122004001319,NIBPO,13,58,500,436.0,218000.0
2020122004001318,NIBPO,34,58,500,436.0,218000.0
2020122004001476,NIBPO,57,34,119,435.0,51765.0
2020122004001427,NIBPO,57,38,700,435.0,304500.0
2020122004001426,NIBPO,8,38,671,435.0,291885.0
2020122004001425,NIBPO,34,38,500,436.0,218000.0
2020122004001356,NIBPO,8,14,925,435.0,402375.0
2020122004001324,NIBPO,8,58,404,435.0,175740.0
2020122004001462,NIBSF1,47,48,900,11.04,9936.0
2020122004001461,NIBSF1,26,48,"3,000",11.04,33120.0
2020122004001460,NIBSF1,26,48,"3,000",11.05,33150.0
2020122004001459,NIBSF1,26,48,100,11.05,1105.0
2020122004001458,NIBSF1,26,48,"3,000",11.06,33180.0
2020122004001432,NICBF,14,35,"9,000",10.0,90000.0
2020122004001228,NICBF,14,35,300,10.0,3000.0
2020122004001126,NICBF,14,40,200,10.0,2000.0
2020122004001482,NICGF,6,48,"11,500",10.2,117300.0
2020122004001481,NICGF,49,48,"75,000",10.21,765750.0
2020122004001480,NICGF,58,48,"1,000",10.21,10210.0
2020122004001267,NICGF,57,13,"5,000",10.22,51100.0
2020122004001328,NMB50,16,10,100,10.09,1009.0
2020122004001561,NMBHF1,49,57,"1,577",9.86,15549.22
2020122004001555,NMBHF1,49,19,"6,655",9.86,65618.3
2020122004001498,NMBHF1,22,10,"4,168",9.88,41179.84
2020122004001423,NMBHF1,22,42,832,9.88,8220.16
2020122004001339,NMBHF1,49,10,"2,416",9.86,23821.76
2020122004001338,NMBHF1,58,10,"1,584",9.86,15618.24
2020122004001337,NMBHF1,58,10,"1,000",9.87,9870.0
2020122004001216,NMBHF1,29,29,416,9.9,4118.4
2020122004001588,RBCLPO,3,49,20,13035.0,260700.0
2020122004001559,RBCLPO,16,56,30,12990.0,389700.0
2020122004001558,RBCLPO,51,56,20,13035.0,260700.0
2020122004001512,RBCLPO,34,33,35,13255.0,463925.0
2020122004001499,RBCLPO,3,56,50,13300.0,665000.0
2020122004001250,RBCLPO,33,35,30,13450.0,403500.0
2020122004001204,RBCLPO,40,3,20,13300.0,266000.0
2020122004001190,RBCLPO,40,21,30,13300.0,399000.0
2020122004001589,SAEF,49,41,"1,000",10.74,10740.0
2020122004001478,SAEF,49,19,"15,000",10.74,161100.0
2020122004001477,SAEF,7,19,"5,000",10.74,53700.0
2020122004001452,SAEF,49,59,"5,000",10.75,53750.0
2020122004001434,SAEF,43,59,"5,000",10.75,53750.0
2020122004001357,SAEF,57,16,"2,000",10.73,21460.0
2020122004001252,SAEF,7,13,"5,000",10.72,53600.0
2020122004001251,SAEF,7,13,"5,000",10.73,53650.0
2020122004001153,SAEF,7,6,"5,500",10.72,58960.0
2020122004001152,SAEF,52,6,500,10.72,5360.0
2020122004001194,SAND2085,42,1,25,1042.0,26050.0
2020122004001581,SEF,49,19,"6,290",10.19,64095.1
2020122004001564,SEF,49,29,"1,000",10.19,10190.0
2020122004001343,SEF,49,47,"31,852",10.29,327757.08
2020122004001304,SEF,49,34,"18,148",10.29,186742.92
2020122004001303,SEF,49,34,"25,000",10.3,257500.0
2020122004001302,SEF,49,34,"6,852",10.3,70575.6
2020122004001582,SGI,10,57,10,577.0,5770.0
2020122004001577,SGI,16,29,470,576.0,270720.0
2020122004001576,SGI,34,29,530,577.0,305810.0
2020122004001551,SGI,10,13,10,579.0,5790.0
2020122004001545,SGI,34,1,10,577.0,5770.0
2020122004001540,SGI,34,50,10,577.0,5770.0
2020122004001103,SGI,41,38,10,580.0,5800.0
2020122004001120,SGI,41,48,10,580.0,5800.0
2020122004001117,SGI,51,45,10,581.0,5810.0
2020122004001116,SGI,41,29,10,580.0,5800.0
2020122004001108,SGI,51,38,10,581.0,5810.0
2020122004001107,SGI,51,57,10,581.0,5810.0
2020122004001106,SGI,51,17,10,581.0,5810.0
2020122004001130,SGI,41,29,10,580.0,5800.0
2020122004001129,SGI,41,17,10,580.0,5800.0
2020122004001127,SGI,41,29,10,580.0,5800.0
2020122004001125,SGI,41,17,10,580.0,5800.0
2020122004001124,SGI,28,29,10,581.0,5810.0
2020122004001121,SGI,28,32,10,581.0,5810.0
2020122004001139,SGI,41,57,10,580.0,5800.0
2020122004001137,SGI,41,29,10,580.0,5800.0
2020122004001134,SGI,41,29,10,580.0,5800.0
2020122004001133,SGI,28,29,10,581.0,5810.0
2020122004001132,SGI,41,29,10,580.0,5800.0
2020122004001131,SGI,41,58,10,580.0,5800.0
2020122004001149,SGI,45,34,40,586.0,23440.0
2020122004001148,SGI,41,8,10,580.0,5800.0
2020122004001147,SGI,45,58,10,585.0,5850.0
2020122004001143,SGI,10,41,10,584.0,5840.0
2020122004001141,SGI,41,57,10,580.0,5800.0
2020122004001140,SGI,41,29,10,580.0,5800.0
2020122004001176,SGI,41,35,10,580.0,5800.0
2020122004001167,SGI,41,20,200,580.0,116000.0
2020122004001166,SGI,41,49,10,580.0,5800.0
2020122004001165,SGI,52,8,10,585.0,5850.0
2020122004001164,SGI,41,34,10,580.0,5800.0
2020122004001155,SGI,41,44,10,580.0,5800.0
2020122004001185,SGI,41,49,10,580.0,5800.0
2020122004001184,SGI,41,29,10,580.0,5800.0
2020122004001183,SGI,19,10,10,585.0,5850.0
2020122004001180,SGI,19,6,10,585.0,5850.0
2020122004001179,SGI,41,10,10,580.0,5800.0
2020122004001177,SGI,41,29,10,580.0,5800.0
2020122004001201,SGI,50,36,10,584.0,5840.0
2020122004001200,SGI,50,36,10,584.0,5840.0
2020122004001198,SGI,50,47,10,584.0,5840.0
2020122004001192,SGI,42,1,100,585.0,58500.0
2020122004001191,SGI,41,10,10,580.0,5800.0
2020122004001189,SGI,41,28,10,580.0,5800.0
2020122004001214,SGI,5,48,10,581.0,5810.0
2020122004001213,SGI,5,33,10,581.0,5810.0
2020122004001212,SGI,10,52,10,584.0,5840.0
2020122004001211,SGI,5,57,10,581.0,5810.0
2020122004001207,SGI,5,28,10,581.0,5810.0
2020122004001205,SGI,5,1,10,581.0,5810.0
2020122004001234,SGI,55,41,10,582.0,5820.0
2020122004001233,SGI,55,58,10,582.0,5820.0
2020122004001232,SGI,55,58,10,582.0,5820.0
2020122004001231,SGI,55,48,10,582.0,5820.0
2020122004001222,SGI,5,49,10,581.0,5810.0
2020122004001219,SGI,5,38,10,581.0,5810.0
2020122004001241,SGI,10,22,10,584.0,5840.0
2020122004001240,SGI,48,58,10,583.0,5830.0
2020122004001239,SGI,55,16,10,582.0,5820.0
2020122004001237,SGI,55,49,10,582.0,5820.0
2020122004001236,SGI,55,32,10,582.0,5820.0
2020122004001235,SGI,55,1,10,582.0,5820.0
2020122004001268,SGI,49,16,10,586.0,5860.0
2020122004001261,SGI,49,34,10,585.0,5850.0
2020122004001254,SGI,48,57,10,583.0,5830.0
2020122004001245,SGI,48,58,10,583.0,5830.0
2020122004001243,SGI,48,29,10,583.0,5830.0
2020122004001242,SGI,48,41,10,583.0,5830.0
2020122004001284,SGI,58,38,10,583.0,5830.0
2020122004001282,SGI,48,40,10,583.0,5830.0
2020122004001281,SGI,48,21,10,583.0,5830.0
2020122004001274,SGI,48,19,10,583.0,5830.0
2020122004001270,SGI,48,48,10,583.0,5830.0
2020122004001269,SGI,48,52,10,583.0,5830.0
2020122004001292,SGI,5,38,10,581.0,5810.0
2020122004001290,SGI,32,29,25,582.0,14550.0
2020122004001289,SGI,55,29,20,582.0,11640.0
2020122004001288,SGI,32,29,20,583.0,11660.0
2020122004001287,SGI,58,29,30,583.0,17490.0
2020122004001285,SGI,58,48,10,583.0,5830.0
2020122004001310,SGI,19,8,100,582.0,58200.0
2020122004001309,SGI,19,34,10,582.0,5820.0
2020122004001308,SGI,19,58,10,582.0,5820.0
2020122004001307,SGI,19,58,10,582.0,5820.0
2020122004001306,SGI,19,53,10,582.0,5820.0
2020122004001305,SGI,19,29,115,582.0,66930.0
2020122004001342,SGI,41,19,10,580.0,5800.0
2020122004001341,SGI,41,36,10,580.0,5800.0
2020122004001340,SGI,19,44,10,582.0,5820.0
2020122004001336,SGI,49,16,40,586.0,23440.0
2020122004001334,SGI,19,21,10,582.0,5820.0
2020122004001330,SGI,19,29,10,582.0,5820.0
2020122004001362,SGI,29,56,10,580.0,5800.0
2020122004001358,SGI,29,38,10,580.0,5800.0
2020122004001353,SGI,29,52,10,580.0,5800.0
2020122004001348,SGI,29,38,10,580.0,5800.0
2020122004001345,SGI,29,59,60,580.0,34800.0
2020122004001344,SGI,41,38,10,580.0,5800.0
2020122004001371,SGI,34,57,10,580.0,5800.0
2020122004001370,SGI,34,38,10,580.0,5800.0
2020122004001368,SGI,34,56,10,580.0,5800.0
2020122004001365,SGI,34,16,10,580.0,5800.0
2020122004001364,SGI,34,32,10,580.0,5800.0
2020122004001363,SGI,34,38,10,580.0,5800.0
2020122004001386,SGI,34,38,10,580.0,5800.0
2020122004001385,SGI,10,56,10,582.0,5820.0
2020122004001381,SGI,34,34,10,580.0,5800.0
2020122004001379,SGI,34,41,10,580.0,5800.0
2020122004001378,SGI,34,38,10,580.0,5800.0
2020122004001372,SGI,34,38,10,580.0,5800.0
2020122004001394,SGI,35,19,20,580.0,11600.0
2020122004001393,SGI,50,19,30,580.0,17400.0
2020122004001392,SGI,42,19,50,580.0,29000.0
2020122004001391,SGI,5,19,30,580.0,17400.0
2020122004001390,SGI,49,19,10,580.0,5800.0
2020122004001389,SGI,34,19,90,580.0,52200.0
2020122004001400,SGI,45,19,20,578.0,11560.0
2020122004001399,SGI,59,19,50,579.0,28950.0
2020122004001398,SGI,45,19,30,579.0,17370.0
2020122004001397,SGI,38,19,50,579.0,28950.0
2020122004001396,SGI,45,19,40,579.0,23160.0
2020122004001395,SGI,58,19,10,580.0,5800.0
2020122004001413,SGI,45,34,50,578.0,28900.0
2020122004001412,SGI,10,1,100,580.0,58000.0
2020122004001408,SGI,45,38,10,578.0,5780.0
2020122004001404,SGI,10,56,10,580.0,5800.0
2020122004001403,SGI,45,19,10,578.0,5780.0
2020122004001401,SGI,45,21,10,578.0,5780.0
2020122004001419,SGI,58,34,10,577.0,5770.0
2020122004001418,SGI,3,34,200,577.0,115400.0
2020122004001417,SGI,38,34,20,578.0,11560.0
2020122004001416,SGI,42,34,100,578.0,57800.0
2020122004001415,SGI,34,34,100,578.0,57800.0
2020122004001414,SGI,45,34,30,578.0,17340.0
2020122004001465,SGI,10,39,10,579.0,5790.0
2020122004001450,SGI,10,19,10,579.0,5790.0
2020122004001447,SGI,21,44,10,578.0,5780.0
2020122004001428,SGI,48,19,10,577.0,5770.0
2020122004001422,SGI,58,58,10,578.0,5780.0
2020122004001420,SGI,48,34,150,577.0,86550.0
2020122004001490,SGI,48,49,165,577.0,95205.0
2020122004001489,SGI,21,49,280,578.0,161840.0
2020122004001488,SGI,21,49,55,579.0,31845.0
2020122004001483,SGI,21,38,10,578.0,5780.0
2020122004001467,SGI,10,45,10,579.0,5790.0
2020122004001466,SGI,10,13,10,579.0,5790.0
2020122004001504,SGI,48,45,10,577.0,5770.0
2020122004001502,SGI,10,55,30,579.0,17370.0
2020122004001496,SGI,11,59,10,579.0,5790.0
2020122004001495,SGI,11,13,10,579.0,5790.0
2020122004001494,SGI,11,36,10,579.0,5790.0
2020122004001493,SGI,48,45,10,577.0,5770.0
2020122004001520,SGI,10,38,10,579.0,5790.0
2020122004001518,SGI,5,22,310,578.0,179180.0
2020122004001516,SGI,5,17,10,578.0,5780.0
2020122004001511,SGI,5,56,100,578.0,57800.0
2020122004001510,SGI,5,44,10,578.0,5780.0
2020122004001505,SGI,10,55,40,579.0,23160.0
2020122004001531,SGI,28,35,45,577.0,25965.0
2020122004001530,SGI,54,35,40,577.0,23080.0
2020122004001529,SGI,48,35,155,577.0,89435.0
2020122004001528,SGI,5,35,50,578.0,28900.0
2020122004001522,SGI,5,32,10,578.0,5780.0
2020122004001521,SGI,5,43,10,578.0,5780.0
2020122004001539,SGI,34,47,300,577.0,173100.0
2020122004001537,SGI,45,32,10,579.0,5790.0
2020122004001536,SGI,45,55,40,579.0,23160.0
2020122004001534,SGI,34,35,150,577.0,86550.0
2020122004001533,SGI,45,35,30,577.0,17310.0
2020122004001532,SGI,38,35,50,577.0,28850.0
2020122004001311,SRBLD83,25,16,30,1060.0,31800.0
2020122004001587,STC,43,39,20,5200.0,104000.0
2020122004001578,STC,35,21,50,5110.0,255500.0
2020122004001563,STC,56,11,10,5142.0,51420.0
2020122004001562,STC,3,11,10,5151.0,51510.0
2020122004001560,STC,25,38,15,5151.0,77265.0
2020122004001554,STC,29,21,20,5150.0,103000.0
2020122004001255,STC,21,34,38,5246.0,199348.0
2020122004001118,STC,21,28,42,5246.0,220332.0
2020122004001114,STC,29,28,20,5250.0,105000.0
2020122004001113,STC,35,28,10,5250.0,52500.0
2020122004001111,STC,49,28,28,5260.0,147280.0
2020122004001296,STC,5,49,10,5226.0,52260.0
2020122004001272,STC,58,34,17,5226.0,88842.0
2020122004001271,STC,42,34,55,5250.0,288750.0
2020122004001259,STC,29,34,20,5230.0,104600.0
2020122004001258,STC,25,34,10,5230.0,52300.0
2020122004001256,STC,5,34,10,5246.0,52460.0
2020122004001355,STC,26,37,10,5185.0,51850.0
2020122004001329,STC,34,49,10,5194.0,51940.0
2020122004001300,STC,56,49,20,5194.0,103880.0
2020122004001299,STC,22,49,10,5196.0,51960.0
2020122004001298,STC,19,49,10,5199.0,51990.0
2020122004001297,STC,58,49,20,5225.0,104500.0
2020122004001553,STC,52,21,30,5150.0,154500.0
2020122004001538,STC,42,38,10,5151.0,51510.0
2020122004001519,STC,25,49,10,5190.0,51900.0
2020122004001500,STC,42,34,10,5151.0,51510.0
2020122004001431,STC,52,49,20,5150.0,103000.0
2020122004001373,STC,11,49,10,5190.0,51900.0
2020122004000984,BBC,34,19,10,2555.0,25550.0
2020122004000981,BBC,36,55,10,2570.0,25700.0
2020122004000968,BBC,40,55,10,2570.0,25700.0
2020122004000922,BBC,34,58,10,2555.0,25550.0
2020122004000880,BBC,34,45,10,2555.0,25550.0
2020122004000879,BBC,13,45,10,2556.0,25560.0
2020122004000641,BBC,52,36,10,2600.0,26000.0
2020122004000615,BBC,56,36,10,2600.0,26000.0
2020122004000614,BBC,56,36,10,2600.0,26000.0
2020122004000878,BBC,5,45,10,2557.0,25570.0
2020122004000877,BBC,14,45,10,2560.0,25600.0
2020122004000800,BBC,35,37,10,2560.0,25600.0
2020122004000771,BBC,45,42,10,2558.0,25580.0
2020122004000658,BBC,22,17,10,2597.0,25970.0
2020122004000642,BBC,52,20,10,2600.0,26000.0
2020122004001074,CMF1,58,6,100,10.01,1001.0
2020122004001049,CMF1,20,34,"10,000",10.1,101000.0
2020122004000750,CMF1,14,55,"1,600",10.13,16208.0
2020122004000715,CMF1,14,58,"20,000",10.13,202600.0
2020122004000714,CMF1,14,37,"1,000",10.12,10120.0
2020122004000713,CMF1,14,32,900,10.12,9108.0
2020122004000712,CMF1,14,22,500,10.1,5050.0
2020122004000711,CMF1,14,55,"6,000",10.1,60600.0
2020122004001097,GIC,11,44,10,555.0,5550.0
2020122004001089,GIC,11,11,10,554.0,5540.0
2020122004001080,GIC,38,21,10,554.0,5540.0
2020122004001079,GIC,56,45,10,558.0,5580.0
2020122004001078,GIC,56,21,10,558.0,5580.0
2020122004001077,GIC,56,50,10,557.0,5570.0
2020122004000601,GIC,6,56,10,563.0,5630.0
2020122004000600,GIC,45,45,10,563.0,5630.0
2020122004000623,GIC,51,45,10,563.0,5630.0
2020122004000622,GIC,51,50,10,563.0,5630.0
2020122004000621,GIC,51,45,10,563.0,5630.0
2020122004000620,GIC,51,56,10,563.0,5630.0
2020122004000619,GIC,51,57,10,563.0,5630.0
2020122004000606,GIC,6,38,10,563.0,5630.0
2020122004000636,GIC,19,36,10,564.0,5640.0
2020122004000635,GIC,19,45,10,563.0,5630.0
2020122004000634,GIC,19,52,10,563.0,5630.0
2020122004000633,GIC,19,58,10,563.0,5630.0
2020122004000631,GIC,38,57,10,563.0,5630.0
2020122004000630,GIC,38,35,10,563.0,5630.0
2020122004000649,GIC,58,45,10,563.0,5630.0
2020122004000645,GIC,45,7,10,562.0,5620.0
2020122004000644,GIC,45,19,10,562.0,5620.0
2020122004000639,GIC,19,3,10,565.0,5650.0
2020122004000638,GIC,19,42,10,565.0,5650.0
2020122004000637,GIC,19,48,25,565.0,14125.0
2020122004000659,GIC,45,29,10,562.0,5620.0
2020122004000657,GIC,45,29,10,562.0,5620.0
2020122004000656,GIC,49,58,10,563.0,5630.0
2020122004000655,GIC,49,59,10,563.0,5630.0
2020122004000654,GIC,49,4,10,563.0,5630.0
2020122004000653,GIC,49,52,10,563.0,5630.0
2020122004000679,GIC,38,21,10,562.0,5620.0
2020122004000675,GIC,49,17,270,563.0,152010.0
2020122004000674,GIC,49,26,10,563.0,5630.0
2020122004000673,GIC,49,38,10,563.0,5630.0
2020122004000672,GIC,49,58,10,563.0,5630.0
2020122004000660,GIC,45,58,10,562.0,5620.0
2020122004000705,GIC,39,41,10,563.0,5630.0
2020122004000704,GIC,39,17,30,563.0,16890.0
2020122004000701,GIC,38,29,10,562.0,5620.0
2020122004000700,GIC,38,41,10,562.0,5620.0
2020122004000698,GIC,38,44,10,562.0,5620.0
2020122004000680,GIC,38,44,10,562.0,5620.0
2020122004000719,GIC,38,20,10,562.0,5620.0
2020122004000717,GIC,38,48,100,562.0,56200.0
2020122004000716,GIC,55,48,100,562.0,56200.0
2020122004000709,GIC,38,44,10,562.0,5620.0
2020122004000708,GIC,38,38,10,562.0,5620.0
2020122004000707,GIC,38,16,10,562.0,5620.0
2020122004000739,GIC,38,45,10,562.0,5620.0
2020122004000734,GIC,38,42,10,562.0,5620.0
2020122004000731,GIC,38,34,10,562.0,5620.0
2020122004000727,GIC,38,49,10,562.0,5620.0
2020122004000724,GIC,38,58,10,562.0,5620.0
2020122004000723,GIC,38,49,20,562.0,11240.0
2020122004000760,GIC,28,49,10,562.0,5620.0
2020122004000755,GIC,28,57,10,562.0,5620.0
2020122004000753,GIC,38,56,10,562.0,5620.0
2020122004000749,GIC,38,49,10,562.0,5620.0
2020122004000743,GIC,38,56,10,562.0,5620.0
2020122004000741,GIC,38,46,10,562.0,5620.0
2020122004000797,GIC,42,8,30,561.0,16830.0
2020122004000796,GIC,42,58,10,561.0,5610.0
2020122004000793,GIC,42,55,10,561.0,5610.0
2020122004000764,GIC,42,46,80,563.0,45040.0
2020122004000763,GIC,42,57,10,562.0,5620.0
2020122004000762,GIC,42,34,10,562.0,5620.0
2020122004000811,GIC,21,45,10,561.0,5610.0
2020122004000807,GIC,21,34,10,561.0,5610.0
2020122004000806,GIC,21,17,10,561.0,5610.0
2020122004000803,GIC,21,48,10,561.0,5610.0
2020122004000802,GIC,21,45,10,561.0,5610.0
2020122004000798,GIC,21,8,70,561.0,39270.0
2020122004000818,GIC,21,56,20,560.0,11200.0
2020122004000817,GIC,50,56,20,560.0,11200.0
2020122004000816,GIC,57,56,10,560.0,5600.0
2020122004000815,GIC,57,33,10,560.0,5600.0
2020122004000814,GIC,21,33,500,560.0,280000.0
2020122004000812,GIC,21,42,10,561.0,5610.0
2020122004000836,GIC,35,56,10,561.0,5610.0
2020122004000831,GIC,35,45,10,561.0,5610.0
2020122004000823,GIC,35,39,10,561.0,5610.0
2020122004000822,GIC,35,34,10,561.0,5610.0
2020122004000821,GIC,35,14,10,561.0,5610.0
2020122004000819,GIC,43,56,35,560.0,19600.0
2020122004000848,GIC,1,45,10,561.0,5610.0
2020122004000844,GIC,1,35,10,561.0,5610.0
2020122004000841,GIC,1,45,10,561.0,5610.0
2020122004000840,GIC,1,6,60,561.0,33660.0
2020122004000839,GIC,35,6,140,561.0,78540.0
2020122004000837,GIC,35,58,10,561.0,5610.0
2020122004000876,GIC,43,10,10,560.0,5600.0
2020122004000870,GIC,43,45,10,560.0,5600.0
2020122004000865,GIC,38,21,10,561.0,5610.0
2020122004000864,GIC,38,40,10,561.0,5610.0
2020122004000855,GIC,40,44,10,561.0,5610.0
2020122004000850,GIC,1,14,10,561.0,5610.0
2020122004000894,GIC,48,3,110,560.0,61600.0
2020122004000890,GIC,48,40,10,560.0,5600.0
2020122004000889,GIC,48,44,10,560.0,5600.0
2020122004000887,GIC,48,45,10,560.0,5600.0
2020122004000882,GIC,48,26,165,560.0,92400.0
2020122004000881,GIC,43,26,45,560.0,25200.0
2020122004000914,GIC,48,57,10,560.0,5600.0
2020122004000913,GIC,48,10,10,560.0,5600.0
2020122004000910,GIC,48,26,10,560.0,5600.0
2020122004000907,GIC,48,44,10,560.0,5600.0
2020122004000901,GIC,48,34,10,560.0,5600.0
2020122004000895,GIC,48,42,10,560.0,5600.0
2020122004000930,GIC,21,55,10,560.0,5600.0
2020122004000929,GIC,21,34,35,560.0,19600.0
2020122004000928,GIC,54,34,50,560.0,28000.0
2020122004000927,GIC,48,34,115,560.0,64400.0
2020122004000925,GIC,48,32,10,560.0,5600.0
2020122004000916,GIC,48,1,10,560.0,5600.0
2020122004000941,GIC,59,48,10,562.0,5620.0
2020122004000940,GIC,59,6,10,562.0,5620.0
2020122004000939,GIC,59,19,10,562.0,5620.0
2020122004000938,GIC,59,14,10,561.0,5610.0
2020122004000932,GIC,21,21,10,560.0,5600.0
2020122004000931,GIC,21,52,10,560.0,5600.0
2020122004000958,GIC,51,32,10,560.0,5600.0
2020122004000955,GIC,51,21,10,560.0,5600.0
2020122004000950,GIC,51,46,10,560.0,5600.0
2020122004000947,GIC,21,25,10,560.0,5600.0
2020122004000945,GIC,21,38,10,560.0,5600.0
2020122004000944,GIC,21,58,10,560.0,5600.0
2020122004000965,GIC,20,44,10,555.0,5550.0
2020122004000964,GIC,19,38,10,556.0,5560.0
2020122004000963,GIC,6,56,10,559.0,5590.0
2020122004000962,GIC,6,3,10,559.0,5590.0
2020122004000960,GIC,29,35,10,560.0,5600.0
2020122004000959,GIC,51,35,20,560.0,11200.0
2020122004000982,GIC,34,21,10,555.0,5550.0
2020122004000977,GIC,34,38,10,555.0,5550.0
2020122004000974,GIC,34,52,160,555.0,88800.0
2020122004000973,GIC,48,52,20,555.0,11100.0
2020122004000972,GIC,20,52,30,555.0,16650.0
2020122004000970,GIC,20,57,10,555.0,5550.0
2020122004000994,GIC,48,48,10,554.0,5540.0
2020122004000993,GIC,14,44,40,555.0,22200.0
2020122004000991,GIC,14,32,10,555.0,5550.0
2020122004000990,GIC,42,42,10,555.0,5550.0
2020122004000988,GIC,34,19,10,555.0,5550.0
2020122004000987,GIC,34,44,10,555.0,5550.0
2020122004001003,GIC,19,58,10,555.0,5550.0
2020122004001001,GIC,48,48,10,554.0,5540.0
2020122004000999,GIC,29,44,20,555.0,11100.0
2020122004000997,GIC,48,38,10,554.0,5540.0
2020122004000996,GIC,48,59,10,554.0,5540.0
2020122004000995,GIC,48,13,10,554.0,5540.0
2020122004001029,GIC,20,44,20,553.0,11060.0
2020122004001015,GIC,21,48,10,554.0,5540.0
2020122004001013,GIC,21,10,10,554.0,5540.0
2020122004001012,GIC,21,44,10,554.0,5540.0
2020122004001010,GIC,20,7,10,553.0,5530.0
2020122004001004,GIC,20,21,10,553.0,5530.0
2020122004001059,GIC,52,44,10,554.0,5540.0
2020122004001041,GIC,50,48,10,558.0,5580.0
2020122004001040,GIC,52,38,10,554.0,5540.0
2020122004001039,GIC,42,48,20,558.0,11160.0
2020122004001033,GIC,58,22,10,553.0,5530.0
2020122004001030,GIC,58,44,20,553.0,11060.0
2020122004001076,GIC,56,41,10,555.0,5550.0
2020122004001070,GIC,38,48,60,554.0,33240.0
2020122004001069,GIC,38,17,10,554.0,5540.0
2020122004001067,GIC,38,21,10,554.0,5540.0
2020122004001065,GIC,38,44,10,554.0,5540.0
2020122004001062,GIC,52,29,10,554.0,5540.0
2020122004000854,LUK,26,39,500,9.07,4535.0
2020122004000646,LUK,26,58,100,9.07,907.0
2020122004001038,NBF2,17,28,400,9.62,3848.0
2020122004001024,NBF2,17,28,"5,000",9.62,48100.0
2020122004001011,NBF2,17,28,"5,000",9.62,48100.0
2020122004001000,NBF2,17,28,"5,000",9.62,48100.0
2020122004000934,NBF2,6,28,"3,600",9.62,34632.0
2020122004000725,NBF2,10,35,100,9.6,960.0
2020122004001045,NEF,52,22,483,9.75,4709.25
2020122004001032,NEF,17,22,483,9.7,4685.1
2020122004000892,NEF,17,1,"2,414",9.7,23415.8
2020122004000788,NEF,17,33,"4,885",9.7,47384.5
2020122004000787,NEF,10,33,"2,000",9.71,19420.0
2020122004000786,NEF,58,33,"3,000",9.72,29160.0
2020122004000785,NEF,11,33,"1,379",9.72,13403.88
2020122004000767,NEF,11,1,"2,414",9.72,23464.08
2020122004000605,NEF,11,55,"1,207",9.72,11732.04
2020122004001042,NIBLPF,17,1,253,9.9,2504.7
2020122004000998,NIBLPF,17,57,100,9.9,990.0
2020122004000983,NIBLPF,17,42,"1,010",9.9,9999.0
2020122004001020,NIBPO,34,56,554,437.0,242098.0
2020122004000859,NIBPO,52,51,100,436.0,43600.0
2020122004000858,NIBPO,34,51,500,436.0,218000.0
2020122004000612,NIBPO,26,3,250,433.0,108250.0
2020122004000611,NIBPO,49,3,500,433.0,216500.0
2020122004000610,NIBPO,56,3,100,433.0,43300.0
2020122004000609,NIBPO,56,3,100,437.0,43700.0
2020122004000608,NIBPO,8,3,50,438.0,21900.0
2020122004001075,NIBSF1,26,34,900,11.05,9945.0
2020122004001014,NIBSF1,26,21,"1,000",11.05,11050.0
2020122004000976,NIBSF1,16,34,"1,000",11.06,11060.0
2020122004001068,NICBF,14,35,100,10.0,1000.0
2020122004001056,NICBF,14,35,100,10.0,1000.0
2020122004000721,NICBF,14,58,500,10.0,5000.0
2020122004000720,NICBF,14,35,100,10.0,1000.0
2020122004001096,NICGF,58,28,"1,000",10.21,10210.0
2020122004001081,NMBHF1,58,29,416,9.86,4101.76
2020122004000805,NMBHF1,49,34,"43,395",9.85,427440.75
2020122004000804,NMBHF1,43,34,"6,605",9.85,65059.25
2020122004000773,NMBHF1,43,1,"1,080",9.85,10638.0
2020122004000772,NMBHF1,58,1,"1,000",9.86,9860.0
2020122004001087,RBCLPO,22,57,10,13254.0,132540.0
2020122004001086,RBCLPO,51,57,10,13255.0,132550.0
2020122004000903,RBCLPO,51,45,10,13255.0,132550.0
2020122004000900,RBCLPO,59,45,10,13255.0,132550.0
2020122004000897,RBCLPO,4,4,31,13524.0,419244.0
2020122004000869,RBCLPO,4,58,19,13524.0,256956.0
2020122004000868,RBCLPO,4,58,10,13524.0,135240.0
2020122004000846,RBCLPO,33,19,10,13525.0,135250.0
2020122004000792,RBCLPO,33,28,40,13525.0,541000.0
2020122004000791,RBCLPO,49,28,40,13555.0,542200.0
2020122004000790,RBCLPO,54,28,20,13600.0,272000.0
2020122004000789,RBCLPO,47,28,10,13601.0,136010.0
2020122004001092,SAEF,43,13,800,10.8,8640.0
2020122004001091,SAEF,43,28,500,10.8,5400.0
2020122004001023,SAEF,58,17,500,10.71,5355.0
2020122004000856,SAEF,17,58,500,10.7,5350.0
2020122004000668,SAEF,26,13,"2,500",10.67,26675.0
2020122004000883,SBIBD86,6,32,30,1050.0,31500.0
2020122004001093,SEF,49,21,"5,000",10.3,51500.0
2020122004001044,SEF,42,47,500,10.31,5155.0
2020122004001043,SEF,42,1,"2,600",10.31,26806.0
2020122004001017,SEF,49,52,"2,000",10.3,20600.0
2020122004000966,SEF,49,10,"1,000",10.3,10300.0
2020122004000956,SEF,49,1,"2,000",10.3,20600.0
2020122004000761,SEF,17,45,"1,000",10.35,10350.0
2020122004000757,SEF,17,10,"5,500",10.35,56925.0
2020122004000742,SEF,17,34,"10,000",10.35,103500.0
2020122004000732,SEF,17,25,"8,000",10.35,82800.0
2020122004000953,SEF,49,42,"3,000",10.3,30900.0
2020122004000904,SEF,57,1,"1,400",10.31,14434.0
2020122004000866,SEF,57,58,"2,100",10.31,21651.0
2020122004000825,SEF,57,14,500,10.31,5155.0
2020122004000824,SEF,17,14,500,10.35,5175.0
2020122004000765,SEF,17,45,"5,000",10.35,51750.0
2020122004001098,SGI,41,45,10,580.0,5800.0
2020122004001094,SGI,41,44,10,580.0,5800.0
2020122004001090,SGI,54,34,10,580.0,5800.0
2020122004001085,SGI,54,21,10,580.0,5800.0
2020122004001084,SGI,54,29,10,580.0,5800.0
2020122004001073,SGI,49,11,10,581.0,5810.0
2020122004000602,SGI,55,41,10,589.0,5890.0
2020122004000599,SGI,22,29,10,584.0,5840.0
2020122004000617,SGI,22,45,10,584.0,5840.0
2020122004000616,SGI,22,59,10,584.0,5840.0
2020122004000613,SGI,22,56,10,584.0,5840.0
2020122004000607,SGI,22,38,10,584.0,5840.0
2020122004000604,SGI,22,45,10,584.0,5840.0
2020122004000603,SGI,22,45,10,584.0,5840.0
2020122004000628,SGI,51,45,10,584.0,5840.0
2020122004000627,SGI,51,52,10,584.0,5840.0
2020122004000626,SGI,51,14,10,584.0,5840.0
2020122004000625,SGI,26,38,10,585.0,5850.0
2020122004000624,SGI,26,52,10,585.0,5850.0
2020122004000618,SGI,51,14,10,584.0,5840.0
2020122004000651,SGI,21,48,150,584.0,87600.0
2020122004000650,SGI,46,48,10,585.0,5850.0
2020122004000648,SGI,46,46,10,585.0,5850.0
2020122004000647,SGI,46,58,10,585.0,5850.0
2020122004000643,SGI,14,59,10,584.0,5840.0
2020122004000640,SGI,58,48,10,589.0,5890.0
2020122004000665,SGI,48,18,10,584.0,5840.0
2020122004000664,SGI,48,17,10,584.0,5840.0
2020122004000663,SGI,48,42,40,584.0,23360.0
2020122004000662,SGI,48,58,10,584.0,5840.0
2020122004000661,SGI,48,44,10,584.0,5840.0
2020122004000652,SGI,14,48,190,584.0,110960.0
2020122004000676,SGI,48,52,10,584.0,5840.0
2020122004000671,SGI,48,20,10,584.0,5840.0
2020122004000670,SGI,48,50,10,584.0,5840.0
2020122004000669,SGI,48,4,10,584.0,5840.0
2020122004000667,SGI,48,33,10,584.0,5840.0
2020122004000666,SGI,48,17,10,584.0,5840.0
2020122004000685,SGI,56,6,10,590.0,5900.0
2020122004000684,SGI,56,58,10,589.0,5890.0
2020122004000683,SGI,56,50,10,588.0,5880.0
2020122004000682,SGI,56,42,10,588.0,5880.0
2020122004000681,SGI,56,21,10,585.0,5850.0
2020122004000678,SGI,48,44,10,584.0,5840.0
2020122004000691,SGI,56,36,10,595.0,5950.0
2020122004000690,SGI,56,48,10,590.0,5900.0
2020122004000689,SGI,56,6,30,590.0,17700.0
2020122004000688,SGI,56,58,10,590.0,5900.0
2020122004000687,SGI,56,59,10,590.0,5900.0
2020122004000686,SGI,56,42,10,590.0,5900.0
2020122004000697,SGI,48,26,10,584.0,5840.0
2020122004000696,SGI,56,3,30,595.0,17850.0
2020122004000695,SGI,56,35,10,595.0,5950.0
2020122004000694,SGI,56,32,10,595.0,5950.0
2020122004000693,SGI,56,21,10,595.0,5950.0
2020122004000692,SGI,56,13,10,595.0,5950.0
2020122004000718,SGI,19,45,10,584.0,5840.0
2020122004000710,SGI,19,29,10,584.0,5840.0
2020122004000706,SGI,48,34,10,584.0,5840.0
2020122004000703,SGI,48,41,10,584.0,5840.0
2020122004000702,SGI,48,49,10,584.0,5840.0
2020122004000699,SGI,48,44,10,584.0,5840.0
2020122004000733,SGI,22,20,10,584.0,5840.0
2020122004000730,SGI,22,50,10,584.0,5840.0
2020122004000729,SGI,22,49,40,584.0,23360.0
2020122004000728,SGI,19,49,10,584.0,5840.0
2020122004000726,SGI,19,44,10,584.0,5840.0
2020122004000722,SGI,19,28,10,584.0,5840.0
2020122004000744,SGI,22,42,10,584.0,5840.0
2020122004000740,SGI,22,56,10,584.0,5840.0
2020122004000738,SGI,22,49,10,584.0,5840.0
2020122004000737,SGI,22,14,10,584.0,5840.0
2020122004000736,SGI,22,36,10,584.0,5840.0
2020122004000735,SGI,22,49,10,584.0,5840.0
2020122004000752,SGI,22,36,10,584.0,5840.0
2020122004000751,SGI,22,50,10,584.0,5840.0
2020122004000748,SGI,22,56,10,584.0,5840.0
2020122004000747,SGI,22,10,10,584.0,5840.0
2020122004000746,SGI,22,36,10,584.0,5840.0
2020122004000745,SGI,22,38,10,584.0,5840.0
2020122004000769,SGI,14,21,10,584.0,5840.0
2020122004000768,SGI,58,44,10,583.0,5830.0
2020122004000766,SGI,58,21,10,583.0,5830.0
2020122004000759,SGI,22,36,10,584.0,5840.0
2020122004000758,SGI,22,35,10,584.0,5840.0
2020122004000754,SGI,52,21,10,585.0,5850.0
2020122004000778,SGI,42,7,10,590.0,5900.0
2020122004000777,SGI,42,38,10,590.0,5900.0
2020122004000776,SGI,42,7,10,589.0,5890.0
2020122004000775,SGI,14,4,10,585.0,5850.0
2020122004000774,SGI,14,56,10,585.0,5850.0
2020122004000770,SGI,14,34,10,585.0,5850.0
2020122004000784,SGI,14,55,10,585.0,5850.0
2020122004000783,SGI,42,3,30,595.0,17850.0
2020122004000782,SGI,42,19,10,594.0,5940.0
2020122004000781,SGI,42,36,10,594.0,5940.0
2020122004000780,SGI,42,58,10,590.0,5900.0
2020122004000779,SGI,42,47,10,590.0,5900.0
2020122004000810,SGI,58,47,150,583.0,87450.0
2020122004000809,SGI,58,48,10,583.0,5830.0
2020122004000801,SGI,58,46,10,583.0,5830.0
2020122004000799,SGI,58,34,10,583.0,5830.0
2020122004000795,SGI,38,46,10,585.0,5850.0
2020122004000794,SGI,38,29,10,585.0,5850.0
2020122004000833,SGI,6,52,10,583.0,5830.0
2020122004000832,SGI,6,42,10,583.0,5830.0
2020122004000830,SGI,6,57,10,583.0,5830.0
2020122004000829,SGI,6,48,10,583.0,5830.0
2020122004000820,SGI,46,26,10,582.0,5820.0
2020122004000813,SGI,46,46,10,582.0,5820.0
2020122004000845,SGI,45,45,10,584.0,5840.0
2020122004000843,SGI,45,32,10,584.0,5840.0
2020122004000842,SGI,45,58,10,584.0,5840.0
2020122004000838,SGI,6,29,10,583.0,5830.0
2020122004000835,SGI,6,10,10,583.0,5830.0
2020122004000834,SGI,6,35,10,583.0,5830.0
2020122004000857,SGI,16,29,10,582.0,5820.0
2020122004000853,SGI,16,25,40,582.0,23280.0
2020122004000852,SGI,6,25,60,583.0,34980.0
2020122004000851,SGI,6,45,10,583.0,5830.0
2020122004000849,SGI,6,29,10,583.0,5830.0
2020122004000847,SGI,45,20,10,584.0,5840.0
2020122004000872,SGI,11,21,10,581.0,5810.0
2020122004000871,SGI,11,45,10,581.0,5810.0
2020122004000863,SGI,11,52,10,581.0,5810.0
2020122004000862,SGI,42,25,50,582.0,29100.0
2020122004000861,SGI,25,25,50,582.0,29100.0
2020122004000860,SGI,16,25,50,582.0,29100.0
2020122004000886,SGI,46,26,120,581.0,69720.0
2020122004000885,SGI,17,26,30,581.0,17430.0
2020122004000884,SGI,11,26,60,581.0,34860.0
2020122004000875,SGI,40,42,10,582.0,5820.0
2020122004000874,SGI,40,52,10,582.0,5820.0
2020122004000873,SGI,11,20,10,581.0,5810.0
2020122004000899,SGI,46,51,10,581.0,5810.0
2020122004000898,SGI,46,13,10,581.0,5810.0
2020122004000896,SGI,46,10,10,581.0,5810.0
2020122004000893,SGI,46,36,10,581.0,5810.0
2020122004000891,SGI,46,46,10,581.0,5810.0
2020122004000888,SGI,46,46,20,581.0,11620.0
2020122004000911,SGI,46,29,10,581.0,5810.0
2020122004000909,SGI,46,46,10,581.0,5810.0
2020122004000908,SGI,46,10,10,581.0,5810.0
2020122004000906,SGI,46,58,10,581.0,5810.0
2020122004000905,SGI,46,3,10,581.0,5810.0
2020122004000902,SGI,46,45,10,581.0,5810.0
2020122004000920,SGI,54,55,10,581.0,5810.0
2020122004000919,SGI,54,4,10,581.0,5810.0
2020122004000918,SGI,54,47,10,581.0,5810.0
2020122004000917,SGI,11,47,90,581.0,52290.0
2020122004000915,SGI,11,29,10,581.0,5810.0
2020122004000912,SGI,46,57,10,581.0,5810.0
2020122004000935,SGI,22,52,10,580.0,5800.0
2020122004000933,SGI,43,58,10,581.0,5810.0
2020122004000926,SGI,43,16,10,581.0,5810.0
2020122004000924,SGI,28,46,10,582.0,5820.0
2020122004000923,SGI,54,16,10,581.0,5810.0
2020122004000921,SGI,54,21,10,581.0,5810.0
2020122004000948,SGI,59,26,10,581.0,5810.0
2020122004000946,SGI,59,47,10,581.0,5810.0
2020122004000943,SGI,22,35,10,580.0,5800.0
2020122004000942,SGI,22,25,10,580.0,5800.0
2020122004000937,SGI,22,57,10,580.0,5800.0
2020122004000936,SGI,22,16,10,580.0,5800.0
2020122004000961,SGI,49,46,10,581.0,5810.0
2020122004000957,SGI,49,7,10,581.0,5810.0
2020122004000954,SGI,20,44,10,580.0,5800.0
2020122004000952,SGI,59,17,10,581.0,5810.0
2020122004000951,SGI,59,42,10,581.0,5810.0
2020122004000949,SGI,59,17,10,581.0,5810.0
2020122004000986,SGI,39,19,10,581.0,5810.0
2020122004000985,SGI,39,38,10,581.0,5810.0
2020122004000978,SGI,49,38,10,581.0,5810.0
2020122004000975,SGI,49,48,10,581.0,5810.0
2020122004000971,SGI,10,42,10,584.0,5840.0
2020122004000969,SGI,49,47,10,581.0,5810.0
2020122004001007,SGI,20,34,20,580.0,11600.0
2020122004001006,SGI,19,48,10,581.0,5810.0
2020122004001005,SGI,19,38,10,581.0,5810.0
2020122004001002,SGI,39,6,10,581.0,5810.0
2020122004000992,SGI,39,20,10,581.0,5810.0
2020122004000989,SGI,39,38,10,581.0,5810.0
2020122004001021,SGI,48,45,10,580.0,5800.0
2020122004001019,SGI,48,47,10,580.0,5800.0
2020122004001018,SGI,48,35,10,580.0,5800.0
2020122004001016,SGI,48,38,10,580.0,5800.0
2020122004001009,SGI,48,34,160,580.0,92800.0
2020122004001008,SGI,45,34,100,580.0,58000.0
2020122004001031,SGI,25,13,10,580.0,5800.0
2020122004001028,SGI,48,47,10,580.0,5800.0
2020122004001027,SGI,48,25,10,580.0,5800.0
2020122004001026,SGI,48,47,10,580.0,5800.0
2020122004001025,SGI,48,47,10,580.0,5800.0
2020122004001022,SGI,48,14,10,580.0,5800.0
2020122004001047,SGI,56,3,10,580.0,5800.0
2020122004001046,SGI,56,29,10,580.0,5800.0
2020122004001037,SGI,38,39,10,580.0,5800.0
2020122004001036,SGI,38,59,10,580.0,5800.0
2020122004001035,SGI,25,45,10,580.0,5800.0
2020122004001034,SGI,25,57,10,580.0,5800.0
2020122004001060,SGI,49,22,10,581.0,5810.0
2020122004001058,SGI,49,52,10,581.0,5810.0
2020122004001057,SGI,49,38,10,581.0,5810.0
2020122004001051,SGI,45,34,10,579.0,5790.0
2020122004001050,SGI,48,34,90,579.0,52110.0
2020122004001048,SGI,48,3,10,579.0,5790.0
2020122004001072,SGI,39,17,10,585.0,5850.0
2020122004001071,SGI,39,45,10,585.0,5850.0
2020122004001066,SGI,39,32,50,584.0,29200.0
2020122004001064,SGI,49,34,10,581.0,5810.0
2020122004001063,SGI,49,44,10,581.0,5810.0
2020122004001061,SGI,39,32,10,584.0,5840.0
2020122004001095,STC,49,33,12,5260.0,63120.0
2020122004001088,STC,28,28,20,5251.0,105020.0
2020122004001083,STC,52,28,20,5253.0,105060.0
2020122004001082,STC,25,28,10,5253.0,52530.0
2020122004001055,STC,34,28,10,5252.0,52520.0
2020122004001054,STC,29,28,20,5253.0,105060.0
2020122004000632,STC,42,28,90,5353.0,481770.0
2020122004000629,STC,42,45,90,5420.0,487800.0
2020122004000828,STC,42,58,78,5360.0,418080.0
2020122004000827,STC,42,58,12,5360.0,64320.0
2020122004000826,STC,55,58,28,5361.0,150108.0
2020122004000808,STC,55,28,72,5361.0,385992.0
2020122004000756,STC,39,55,10,5420.0,54200.0
2020122004000677,STC,51,55,10,5380.0,53800.0
2020122004001053,STC,25,28,10,5255.0,52550.0
2020122004001052,STC,51,28,20,5260.0,105200.0
2020122004000980,STC,25,20,10,5252.0,52520.0
2020122004000979,STC,43,20,20,5301.0,106020.0
2020122004000967,STC,43,33,10,5301.0,53010.0
2020122004000867,STC,11,26,100,5350.0,535000.0
2020122004000587,BBC,10,14,10,2600.0,26000.0
2020122004000586,BBC,45,14,20,2600.0,52000.0
2020122004000574,BBC,45,36,30,2600.0,78000.0
2020122004000573,BBC,43,36,70,2600.0,182000.0
2020122004000484,BBC,48,34,10,2649.0,26490.0
2020122004000483,BBC,48,38,90,2648.0,238320.0
2020122004000195,BBC,42,45,10,2593.0,25930.0
2020122004000149,BBC,13,45,10,2543.0,25430.0
2020122004000147,BBC,42,45,10,2544.0,25440.0
2020122004000143,BBC,6,45,20,2545.0,50900.0
2020122004000139,BBC,28,7,20,2594.0,51880.0
2020122004000230,BBC,58,36,80,2600.0,208000.0
2020122004000226,BBC,58,42,20,2600.0,52000.0
2020122004000220,BBC,7,21,10,2640.0,26400.0
2020122004000219,BBC,7,26,49,2630.0,128870.0
2020122004000218,BBC,7,58,10,2600.0,26000.0
2020122004000196,BBC,33,45,10,2593.0,25930.0
2020122004000463,BBC,43,50,10,2600.0,26000.0
2020122004000424,BBC,25,57,100,2648.0,264800.0
2020122004000408,BBC,43,55,20,2630.0,52600.0
2020122004000400,BBC,59,38,20,2590.0,51800.0
2020122004000385,BBC,10,36,10,2600.0,26000.0
2020122004000343,BBC,13,36,10,2600.0,26000.0
2020122004000550,CMF1,58,32,100,10.12,1012.0
2020122004000598,GIC,45,33,10,563.0,5630.0
2020122004000596,GIC,45,49,10,563.0,5630.0
2020122004000592,GIC,45,58,10,563.0,5630.0
2020122004000590,GIC,45,45,10,563.0,5630.0
2020122004000584,GIC,45,47,45,563.0,25335.0
2020122004000581,GIC,45,45,10,563.0,5630.0
2020122004000107,GIC,21,42,50,561.0,28050.0
2020122004000105,GIC,21,38,10,561.0,5610.0
2020122004000103,GIC,21,57,10,561.0,5610.0
2020122004000102,GIC,21,29,10,561.0,5610.0
2020122004000101,GIC,21,38,10,561.0,5610.0
2020122004000099,GIC,21,22,10,561.0,5610.0
2020122004000122,GIC,21,45,300,561.0,168300.0
2020122004000119,GIC,41,42,10,562.0,5620.0
2020122004000118,GIC,41,41,10,562.0,5620.0
2020122004000117,GIC,21,51,10,561.0,5610.0
2020122004000113,GIC,21,1,10,561.0,5610.0
2020122004000109,GIC,21,34,10,561.0,5610.0
2020122004000132,GIC,29,49,10,565.0,5650.0
2020122004000131,GIC,29,26,490,565.0,276850.0
2020122004000130,GIC,29,46,60,563.0,33780.0
2020122004000128,GIC,21,58,10,561.0,5610.0
2020122004000127,GIC,21,57,10,561.0,5610.0
2020122004000125,GIC,21,45,10,561.0,5610.0
2020122004000138,GIC,29,16,195,572.0,111540.0
2020122004000137,GIC,29,42,10,571.0,5710.0
2020122004000136,GIC,29,16,10,570.0,5700.0
2020122004000135,GIC,29,32,285,570.0,162450.0
2020122004000134,GIC,29,52,10,565.0,5650.0
2020122004000133,GIC,29,51,10,565.0,5650.0
2020122004000179,GIC,22,49,20,571.0,11420.0
2020122004000168,GIC,11,45,10,570.0,5700.0
2020122004000163,GIC,11,32,10,570.0,5700.0
2020122004000162,GIC,11,44,10,570.0,5700.0
2020122004000161,GIC,11,13,10,569.0,5690.0
2020122004000148,GIC,21,58,10,561.0,5610.0
2020122004000204,GIC,22,56,10,571.0,5710.0
2020122004000200,GIC,22,51,10,571.0,5710.0
2020122004000194,GIC,45,16,100,572.0,57200.0
2020122004000190,GIC,22,49,10,571.0,5710.0
2020122004000188,GIC,22,45,10,571.0,5710.0
2020122004000180,GIC,22,18,10,571.0,5710.0
2020122004000223,GIC,46,56,10,572.0,5720.0
2020122004000222,GIC,49,11,10,575.0,5750.0
2020122004000214,GIC,46,56,10,572.0,5720.0
2020122004000213,GIC,22,56,10,571.0,5710.0
2020122004000211,GIC,47,22,10,572.0,5720.0
2020122004000210,GIC,47,8,10,572.0,5720.0
2020122004000237,GIC,13,21,10,571.0,5710.0
2020122004000236,GIC,13,25,30,571.0,17130.0
2020122004000233,GIC,11,53,10,570.0,5700.0
2020122004000232,GIC,11,18,10,570.0,5700.0
2020122004000231,GIC,11,53,10,570.0,5700.0
2020122004000227,GIC,22,25,70,571.0,39970.0
2020122004000245,GIC,36,3,70,570.0,39900.0
2020122004000244,GIC,36,58,10,570.0,5700.0
2020122004000241,GIC,11,41,10,570.0,5700.0
2020122004000240,GIC,11,45,10,570.0,5700.0
2020122004000239,GIC,32,25,30,574.0,17220.0
2020122004000238,GIC,11,45,10,570.0,5700.0
2020122004000280,GIC,36,14,10,570.0,5700.0
2020122004000276,GIC,36,58,10,570.0,5700.0
2020122004000270,GIC,36,25,10,570.0,5700.0
2020122004000260,GIC,36,6,10,570.0,5700.0
2020122004000252,GIC,36,17,10,570.0,5700.0
2020122004000250,GIC,36,19,10,570.0,5700.0
2020122004000294,GIC,36,49,10,570.0,5700.0
2020122004000290,GIC,36,16,10,570.0,5700.0
2020122004000289,GIC,36,59,10,570.0,5700.0
2020122004000287,GIC,36,6,10,570.0,5700.0
2020122004000283,GIC,49,18,10,571.0,5710.0
2020122004000282,GIC,36,34,10,570.0,5700.0
2020122004000307,GIC,51,41,10,570.0,5700.0
2020122004000303,GIC,51,42,10,570.0,5700.0
2020122004000301,GIC,51,19,10,570.0,5700.0
2020122004000298,GIC,51,41,10,570.0,5700.0
2020122004000297,GIC,51,59,10,570.0,5700.0
2020122004000295,GIC,36,6,10,570.0,5700.0
2020122004000319,GIC,55,57,10,573.0,5730.0
2020122004000318,GIC,55,38,10,572.0,5720.0
2020122004000317,GIC,55,53,10,572.0,5720.0
2020122004000316,GIC,55,41,10,571.0,5710.0
2020122004000315,GIC,55,32,20,571.0,11420.0
2020122004000314,GIC,55,49,10,571.0,5710.0
2020122004000345,GIC,45,45,10,563.0,5630.0
2020122004000342,GIC,45,3,10,563.0,5630.0
2020122004000330,GIC,45,6,10,563.0,5630.0
2020122004000328,GIC,45,13,10,563.0,5630.0
2020122004000326,GIC,45,50,10,563.0,5630.0
2020122004000320,GIC,55,25,30,574.0,17220.0
2020122004000361,GIC,32,41,10,570.0,5700.0
2020122004000358,GIC,32,16,10,570.0,5700.0
2020122004000352,GIC,32,21,10,570.0,5700.0
2020122004000351,GIC,32,21,10,570.0,5700.0
2020122004000350,GIC,32,42,10,570.0,5700.0
2020122004000349,GIC,32,49,10,570.0,5700.0
2020122004000374,GIC,26,43,10,565.0,5650.0
2020122004000372,GIC,26,6,10,565.0,5650.0
2020122004000368,GIC,32,16,10,570.0,5700.0
2020122004000367,GIC,32,41,10,570.0,5700.0
2020122004000365,GIC,32,38,10,570.0,5700.0
2020122004000362,GIC,32,3,10,570.0,5700.0
2020122004000390,GIC,43,48,10,566.0,5660.0
2020122004000389,GIC,11,46,10,567.0,5670.0
2020122004000386,GIC,43,14,10,566.0,5660.0
2020122004000383,GIC,43,17,10,566.0,5660.0
2020122004000382,GIC,43,16,10,566.0,5660.0
2020122004000381,GIC,43,49,10,566.0,5660.0
2020122004000410,GIC,43,29,10,566.0,5660.0
2020122004000407,GIC,43,19,10,566.0,5660.0
2020122004000403,GIC,43,38,10,566.0,5660.0
2020122004000401,GIC,43,21,10,566.0,5660.0
2020122004000398,GIC,43,38,10,566.0,5660.0
2020122004000395,GIC,43,29,10,566.0,5660.0
2020122004000425,GIC,43,38,10,566.0,5660.0
2020122004000419,GIC,43,29,10,566.0,5660.0
2020122004000417,GIC,43,38,10,566.0,5660.0
2020122004000416,GIC,43,49,10,566.0,5660.0
2020122004000414,GIC,43,26,10,566.0,5660.0
2020122004000412,GIC,43,38,10,566.0,5660.0
2020122004000440,GIC,57,41,95,566.0,53770.0
2020122004000438,GIC,54,59,50,566.0,28300.0
2020122004000437,GIC,56,59,50,566.0,28300.0
2020122004000436,GIC,43,59,10,566.0,5660.0
2020122004000434,GIC,43,58,10,566.0,5660.0
2020122004000428,GIC,43,38,10,566.0,5660.0
2020122004000475,GIC,44,42,10,566.0,5660.0
2020122004000469,GIC,44,56,10,566.0,5660.0
2020122004000467,GIC,44,56,10,566.0,5660.0
2020122004000465,GIC,44,38,10,566.0,5660.0
2020122004000464,GIC,44,22,10,566.0,5660.0
2020122004000454,GIC,44,6,10,566.0,5660.0
2020122004000503,GIC,38,38,10,566.0,5660.0
2020122004000490,GIC,38,48,10,566.0,5660.0
2020122004000488,GIC,38,42,10,566.0,5660.0
2020122004000487,GIC,38,59,10,566.0,5660.0
2020122004000485,GIC,38,42,10,566.0,5660.0
2020122004000477,GIC,44,42,40,566.0,22640.0
2020122004000516,GIC,26,34,10,565.0,5650.0
2020122004000515,GIC,26,26,10,565.0,5650.0
2020122004000514,GIC,39,35,50,566.0,28300.0
2020122004000513,GIC,42,35,200,566.0,113200.0
2020122004000512,GIC,38,35,40,566.0,22640.0
2020122004000505,GIC,38,48,10,566.0,5660.0
2020122004000534,GIC,26,46,10,565.0,5650.0
2020122004000530,GIC,26,41,10,565.0,5650.0
2020122004000529,GIC,26,42,100,565.0,56500.0
2020122004000525,GIC,26,41,10,565.0,5650.0
2020122004000520,GIC,26,52,10,565.0,5650.0
2020122004000519,GIC,26,22,10,565.0,5650.0
2020122004000546,GIC,55,56,10,566.0,5660.0
2020122004000545,GIC,38,59,10,565.0,5650.0
2020122004000544,GIC,38,57,10,565.0,5650.0
2020122004000540,GIC,38,41,10,565.0,5650.0
2020122004000539,GIC,38,55,10,565.0,5650.0
2020122004000538,GIC,26,14,10,565.0,5650.0
2020122004000556,GIC,45,38,10,563.0,5630.0
2020122004000555,GIC,38,48,200,565.0,113000.0
2020122004000554,GIC,49,48,125,565.0,70625.0
2020122004000553,GIC,57,48,300,565.0,169500.0
2020122004000552,GIC,38,48,50,565.0,28250.0
2020122004000551,GIC,38,3,10,565.0,5650.0
2020122004000579,GIC,39,47,30,564.0,16920.0
2020122004000577,GIC,39,38,10,564.0,5640.0
2020122004000576,GIC,39,46,10,564.0,5640.0
2020122004000570,GIC,45,58,10,563.0,5630.0
2020122004000569,GIC,45,21,10,563.0,5630.0
2020122004000563,GIC,45,28,10,563.0,5630.0
2020122004000486,GIMES1,7,1,"11,500",10.92,125580.0
2020122004000476,GIMES1,7,34,"5,000",10.88,54400.0
2020122004000376,GIMES1,7,25,500,10.67,5335.0
2020122004000347,GIMES1,7,59,"7,383",10.67,78776.61
2020122004000313,GIMES1,7,59,"2,000",10.88,21760.0
2020122004000312,GIMES1,45,59,110,10.89,1197.9
2020122004000281,GIMES1,45,32,890,10.89,9692.1
2020122004000183,GIMES1,7,45,"2,000",11.0,22000.0
2020122004000537,NBF2,38,58,500,9.7,4850.0
2020122004000536,NBF2,38,16,"2,500",9.7,24250.0
2020122004000384,NBF2,10,10,500,9.6,4800.0
2020122004000327,NBF2,10,13,100,9.6,960.0
2020122004000305,NBF2,10,34,500,9.6,4800.0
2020122004000304,NBF2,56,34,"2,000",9.61,19220.0
2020122004000115,NBF2,10,42,100,9.6,960.0
2020122004000461,NEF,17,58,241,9.67,2330.47
2020122004000388,NEF,50,4,"1,127",9.65,10875.55
2020122004000378,NEF,50,1,"2,414",9.65,23295.1
2020122004000331,NEF,39,59,789,9.6,7574.4
2020122004000323,NEF,39,38,241,9.6,2313.6
2020122004000311,NEF,39,40,373,9.6,3580.8
2020122004000310,NEF,33,40,141,9.75,1374.75
2020122004000182,NEF,33,22,"1,127",9.75,10988.25
2020122004000144,NEF,33,58,483,9.75,4709.25
2020122004000112,NEF,33,57,"1,149",9.75,11202.75
2020122004000242,NIBLPF,49,42,"2,525",9.88,24947.0
2020122004000184,NIBLPF,49,22,"2,525",9.88,24947.0
2020122004000589,NIBPO,34,38,480,441.0,211680.0
2020122004000557,NIBPO,34,28,20,441.0,8820.0
2020122004000543,NIBPO,34,17,90,450.0,40500.0
2020122004000502,NIBPO,34,6,"1,000",445.0,445000.0
2020122004000501,NIBPO,8,6,50,445.0,22250.0
2020122004000500,NIBPO,56,6,100,445.0,44500.0
2020122004000145,NIBPO,6,32,500,446.0,223000.0
2020122004000300,NIBPO,17,43,60,448.0,26880.0
2020122004000292,NIBPO,13,26,100,450.0,45000.0
2020122004000253,NIBPO,17,19,202,448.0,90496.0
2020122004000225,NIBPO,56,37,"2,000",450.0,900000.0
2020122004000224,NIBPO,56,17,500,450.0,225000.0
2020122004000146,NIBPO,35,32,500,446.0,223000.0
2020122004000472,NIBPO,17,6,815,447.0,364305.0
2020122004000466,NIBPO,17,6,185,447.0,82695.0
2020122004000444,NIBPO,13,46,200,448.0,89600.0
2020122004000443,NIBPO,13,17,262,448.0,117376.0
2020122004000369,NIBPO,17,17,738,448.0,330624.0
2020122004000338,NIBPO,26,32,"1,000",450.0,450000.0
2020122004000499,NIBPO,56,6,"1,000",445.0,445000.0
2020122004000482,NIBPO,13,6,400,446.0,178400.0
2020122004000481,NIBPO,59,6,"1,000",446.0,446000.0
2020122004000480,NIBPO,11,6,200,446.0,89200.0
2020122004000479,NIBPO,8,6,500,446.0,223000.0
2020122004000473,NIBPO,59,6,217,447.0,96999.0
2020122004000526,NIBSF1,7,34,"2,000",11.05,22100.0
2020122004000523,NIBSF1,26,34,"3,000",11.05,33150.0
2020122004000565,NICGF,17,22,450,10.15,4567.5
2020122004000457,NICGF,58,58,"1,000",10.25,10250.0
2020122004000296,NICGF,45,32,"1,000",10.26,10260.0
2020122004000322,NLICP,59,28,"56,288",799.0,44974112.0
2020122004000531,NMBHF1,43,52,"4,161",9.85,40985.85
2020122004000375,NMBHF1,43,1,"4,161",9.85,40985.85
2020122004000257,NMBHF1,43,19,416,9.85,4097.6
2020122004000202,NMBHF1,58,22,"2,496",9.93,24785.28
2020122004000201,NMBHF1,58,58,832,9.89,8228.48
2020122004000198,NMBHF1,43,14,"2,000",9.85,19700.0
2020122004000185,NMBHF1,43,22,"1,577",9.85,15533.45
2020122004000462,RBCLPO,33,38,50,13800.0,690000.0
2020122004000445,RBCLPO,33,59,60,13794.0,827640.0
2020122004000208,RBCLPO,4,57,10,13524.0,135240.0
2020122004000207,RBCLPO,28,57,60,13525.0,811500.0
2020122004000206,RBCLPO,49,57,50,13555.0,677750.0
2020122004000205,RBCLPO,28,57,20,13556.0,271120.0
2020122004000116,RBCLPO,4,59,10,13524.0,135240.0
2020122004000111,RBCLPO,4,47,70,13524.0,946680.0
2020122004000458,SAEF,43,13,"1,000",10.8,10800.0
2020122004000448,SAEF,49,13,100,10.61,1061.0
2020122004000346,SAEF,58,6,500,10.6,5300.0
2020122004000274,SAEF,58,59,"1,000",10.7,10700.0
2020122004000273,SAEF,45,59,"1,000",10.79,10790.0
2020122004000248,SAEF,58,37,"14,000",10.8,151200.0
2020122004000247,SAEF,58,37,"1,000",10.8,10800.0
2020122004000141,SAND2085,22,5,25,1022.0,25550.0
2020122004000588,SEF,57,39,"1,000",10.31,10310.0
2020122004000471,SEF,49,51,"3,000",10.3,30900.0
2020122004000447,SEF,49,29,"27,148",10.3,279624.4
2020122004000446,SEF,49,29,"19,200",10.3,197760.0
2020122004000435,SEF,49,35,"10,000",10.3,103000.0
2020122004000404,SEF,49,10,"10,000",10.3,103000.0
2020122004000288,SEF,49,32,"1,500",10.3,15450.0
2020122004000277,SEF,49,59,"1,000",10.3,10300.0
2020122004000181,SEF,49,39,"4,000",10.3,41200.0
2020122004000380,SEF,49,19,"10,800",10.3,111240.0
2020122004000379,SEF,49,19,"14,200",10.3,146260.0
2020122004000370,SEF,49,35,"10,000",10.3,103000.0
2020122004000335,SEF,49,19,"5,800",10.3,59740.0
2020122004000334,SEF,49,19,"3,500",10.3,36050.0
2020122004000325,SEF,49,19,"40,000",10.3,412000.0
2020122004000597,SGI,22,45,10,584.0,5840.0
2020122004000595,SGI,22,56,10,584.0,5840.0
2020122004000594,SGI,22,42,10,584.0,5840.0
2020122004000593,SGI,48,46,10,584.0,5840.0
2020122004000591,SGI,6,48,10,590.0,5900.0
2020122004000585,SGI,48,38,10,584.0,5840.0
2020122004000106,SGI,34,8,10,571.0,5710.0
2020122004000104,SGI,34,21,10,571.0,5710.0
2020122004000100,SGI,34,8,10,571.0,5710.0
2020122004000123,SGI,56,26,450,575.0,258750.0
2020122004000121,SGI,49,5,40,574.0,22960.0
2020122004000120,SGI,34,21,10,571.0,5710.0
2020122004000114,SGI,17,5,10,574.0,5740.0
2020122004000110,SGI,17,5,10,574.0,5740.0
2020122004000108,SGI,34,8,10,571.0,5710.0
2020122004000151,SGI,49,34,10,585.0,5850.0
2020122004000150,SGI,49,58,10,582.0,5820.0
2020122004000142,SGI,57,59,10,575.0,5750.0
2020122004000140,SGI,57,45,10,575.0,5750.0
2020122004000129,SGI,57,56,10,575.0,5750.0
2020122004000124,SGI,56,8,10,575.0,5750.0
2020122004000157,SGI,49,58,10,586.0,5860.0
2020122004000156,SGI,49,58,10,586.0,5860.0
2020122004000155,SGI,49,21,10,586.0,5860.0
2020122004000154,SGI,49,21,10,586.0,5860.0
2020122004000153,SGI,49,21,10,585.0,5850.0
2020122004000152,SGI,49,41,10,585.0,5850.0
2020122004000166,SGI,49,55,10,590.0,5900.0
2020122004000165,SGI,49,58,10,588.0,5880.0
2020122004000164,SGI,10,44,10,582.0,5820.0
2020122004000160,SGI,41,49,10,580.0,5800.0
2020122004000159,SGI,10,49,10,580.0,5800.0
2020122004000158,SGI,49,49,20,586.0,11720.0
2020122004000173,SGI,29,55,10,598.0,5980.0
2020122004000172,SGI,29,38,10,596.0,5960.0
2020122004000171,SGI,29,38,20,595.0,11900.0
2020122004000170,SGI,29,52,10,595.0,5950.0
2020122004000169,SGI,29,38,10,590.0,5900.0
2020122004000167,SGI,49,34,10,590.0,5900.0
2020122004000186,SGI,22,14,10,609.0,6090.0
2020122004000178,SGI,29,26,10,609.0,6090.0
2020122004000177,SGI,29,51,10,608.0,6080.0
2020122004000176,SGI,29,36,10,601.0,6010.0
2020122004000175,SGI,29,58,100,600.0,60000.0
2020122004000174,SGI,29,32,10,599.0,5990.0
2020122004000197,SGI,57,51,10,611.0,6110.0
2020122004000193,SGI,57,49,10,611.0,6110.0
2020122004000192,SGI,57,45,10,610.0,6100.0
2020122004000191,SGI,57,58,10,610.0,6100.0
2020122004000189,SGI,22,47,80,610.0,48800.0
2020122004000187,SGI,22,14,10,610.0,6100.0
2020122004000216,SGI,51,34,40,600.0,24000.0
2020122004000215,SGI,34,34,160,600.0,96000.0
2020122004000212,SGI,34,49,10,600.0,6000.0
2020122004000209,SGI,34,56,10,600.0,6000.0
2020122004000203,SGI,34,48,10,600.0,6000.0
2020122004000199,SGI,34,56,10,600.0,6000.0
2020122004000243,SGI,13,59,10,591.0,5910.0
2020122004000235,SGI,13,56,10,591.0,5910.0
2020122004000229,SGI,55,33,10,590.0,5900.0
2020122004000228,SGI,55,49,10,590.0,5900.0
2020122004000221,SGI,55,51,10,588.0,5880.0
2020122004000217,SGI,51,25,10,600.0,6000.0
2020122004000256,SGI,45,11,10,590.0,5900.0
2020122004000255,SGI,55,56,10,590.0,5900.0
2020122004000254,SGI,55,17,10,590.0,5900.0
2020122004000251,SGI,13,56,10,591.0,5910.0
2020122004000249,SGI,13,37,10,591.0,5910.0
2020122004000246,SGI,13,36,10,591.0,5910.0
2020122004000264,SGI,57,25,10,591.0,5910.0
2020122004000263,SGI,45,36,10,590.0,5900.0
2020122004000262,SGI,45,1,10,590.0,5900.0
2020122004000261,SGI,45,49,10,590.0,5900.0
2020122004000259,SGI,45,36,10,590.0,5900.0
2020122004000258,SGI,45,25,40,590.0,23600.0
2020122004000271,SGI,45,50,90,590.0,53100.0
2020122004000269,SGI,45,46,10,590.0,5900.0
2020122004000268,SGI,45,29,10,590.0,5900.0
2020122004000267,SGI,57,49,10,598.0,5980.0
2020122004000266,SGI,57,56,10,597.0,5970.0
2020122004000265,SGI,57,21,10,595.0,5950.0
2020122004000286,SGI,49,44,10,599.0,5990.0
2020122004000285,SGI,17,47,10,590.0,5900.0
2020122004000284,SGI,34,47,80,590.0,47200.0
2020122004000279,SGI,34,47,100,590.0,59000.0
2020122004000275,SGI,34,11,10,590.0,5900.0
2020122004000272,SGI,34,50,410,590.0,241900.0
2020122004000308,SGI,22,29,10,586.0,5860.0
2020122004000306,SGI,22,43,10,586.0,5860.0
2020122004000302,SGI,22,51,10,586.0,5860.0
2020122004000299,SGI,22,6,10,586.0,5860.0
2020122004000293,SGI,22,45,10,586.0,5860.0
2020122004000291,SGI,58,21,10,590.0,5900.0
2020122004000333,SGI,17,41,10,585.0,5850.0
2020122004000332,SGI,17,57,10,585.0,5850.0
2020122004000329,SGI,17,46,10,585.0,5850.0
2020122004000324,SGI,17,34,150,585.0,87750.0
2020122004000321,SGI,17,3,10,585.0,5850.0
2020122004000309,SGI,17,3,10,585.0,5850.0
2020122004000344,SGI,21,55,10,586.0,5860.0
2020122004000341,SGI,21,21,10,586.0,5860.0
2020122004000340,SGI,21,55,10,586.0,5860.0
2020122004000339,SGI,21,34,10,586.0,5860.0
2020122004000337,SGI,21,49,10,586.0,5860.0
2020122004000336,SGI,17,21,10,585.0,5850.0
2020122004000359,SGI,17,21,10,585.0,5850.0
2020122004000357,SGI,17,21,10,585.0,5850.0
2020122004000356,SGI,17,59,10,585.0,5850.0
2020122004000355,SGI,17,45,10,585.0,5850.0
2020122004000354,SGI,21,53,10,586.0,5860.0
2020122004000348,SGI,21,3,10,586.0,5860.0
2020122004000373,SGI,17,43,10,585.0,5850.0
2020122004000371,SGI,17,14,10,585.0,5850.0
2020122004000366,SGI,21,16,10,586.0,5860.0
2020122004000364,SGI,21,19,10,586.0,5860.0
2020122004000363,SGI,17,47,10,585.0,5850.0
2020122004000360,SGI,17,21,10,585.0,5850.0
2020122004000394,SGI,38,21,10,586.0,5860.0
2020122004000393,SGI,38,17,10,586.0,5860.0
2020122004000392,SGI,38,46,10,586.0,5860.0
2020122004000391,SGI,38,54,10,586.0,5860.0
2020122004000387,SGI,17,35,10,585.0,5850.0
2020122004000377,SGI,17,35,10,585.0,5850.0
2020122004000406,SGI,38,38,10,586.0,5860.0
2020122004000405,SGI,38,22,10,586.0,5860.0
2020122004000402,SGI,38,35,10,586.0,5860.0
2020122004000399,SGI,38,38,10,586.0,5860.0
2020122004000397,SGI,38,22,10,586.0,5860.0
2020122004000396,SGI,38,38,10,586.0,5860.0
2020122004000420,SGI,11,34,10,590.0,5900.0
2020122004000418,SGI,17,35,10,587.0,5870.0
2020122004000415,SGI,17,38,10,587.0,5870.0
2020122004000413,SGI,17,38,10,587.0,5870.0
2020122004000411,SGI,56,14,10,587.0,5870.0
2020122004000409,SGI,56,46,10,587.0,5870.0
2020122004000429,SGI,17,38,10,587.0,5870.0
2020122004000427,SGI,17,22,10,587.0,5870.0
2020122004000426,SGI,17,20,10,587.0,5870.0
2020122004000423,SGI,11,28,10,590.0,5900.0
2020122004000422,SGI,11,11,10,590.0,5900.0
2020122004000421,SGI,11,46,10,590.0,5900.0
2020122004000441,SGI,43,45,50,588.0,29400.0
2020122004000439,SGI,43,58,10,588.0,5880.0
2020122004000433,SGI,17,38,10,587.0,5870.0
2020122004000432,SGI,17,19,10,587.0,5870.0
2020122004000431,SGI,17,29,10,587.0,5870.0
2020122004000430,SGI,17,38,10,587.0,5870.0
2020122004000453,SGI,38,46,10,588.0,5880.0
2020122004000452,SGI,38,29,10,588.0,5880.0
2020122004000451,SGI,38,35,10,588.0,5880.0
2020122004000450,SGI,38,41,10,588.0,5880.0
2020122004000449,SGI,43,19,10,588.0,5880.0
2020122004000442,SGI,43,41,10,588.0,5880.0
2020122004000470,SGI,38,38,10,588.0,5880.0
2020122004000468,SGI,38,46,10,588.0,5880.0
2020122004000460,SGI,38,35,10,588.0,5880.0
2020122004000459,SGI,38,42,10,588.0,5880.0
2020122004000456,SGI,38,35,10,588.0,5880.0
2020122004000455,SGI,38,52,10,588.0,5880.0
2020122004000493,SGI,34,49,100,588.0,58800.0
2020122004000492,SGI,38,49,70,588.0,41160.0
2020122004000491,SGI,38,36,10,588.0,5880.0
2020122004000489,SGI,38,17,10,588.0,5880.0
2020122004000478,SGI,38,38,10,589.0,5890.0
2020122004000474,SGI,38,17,10,588.0,5880.0
2020122004000504,SGI,48,51,10,584.0,5840.0
2020122004000498,SGI,42,49,50,585.0,29250.0
2020122004000497,SGI,51,49,10,585.0,5850.0
2020122004000496,SGI,11,49,300,586.0,175800.0
2020122004000495,SGI,11,49,300,587.0,176100.0
2020122004000494,SGI,17,49,90,587.0,52830.0
2020122004000522,SGI,48,26,10,584.0,5840.0
2020122004000521,SGI,38,42,10,585.0,5850.0
2020122004000517,SGI,48,44,10,584.0,5840.0
2020122004000511,SGI,48,51,10,584.0,5840.0
2020122004000510,SGI,39,49,80,585.0,46800.0
2020122004000509,SGI,48,32,10,584.0,5840.0
2020122004000541,SGI,48,48,10,584.0,5840.0
2020122004000535,SGI,48,57,10,584.0,5840.0
2020122004000533,SGI,48,22,10,584.0,5840.0
2020122004000532,SGI,48,38,10,584.0,5840.0
2020122004000528,SGI,48,26,10,584.0,5840.0
2020122004000527,SGI,48,6,10,584.0,5840.0
2020122004000559,SGI,49,49,10,587.0,5870.0
2020122004000558,SGI,49,52,10,586.0,5860.0
2020122004000549,SGI,48,55,10,584.0,5840.0
2020122004000548,SGI,48,38,10,584.0,5840.0
2020122004000547,SGI,48,21,10,584.0,5840.0
2020122004000542,SGI,1,36,10,585.0,5850.0
2020122004000567,SGI,32,48,140,590.0,82600.0
2020122004000566,SGI,32,7,20,590.0,11800.0
2020122004000564,SGI,57,47,100,585.0,58500.0
2020122004000562,SGI,49,4,10,588.0,5880.0
2020122004000561,SGI,49,52,10,587.0,5870.0
2020122004000560,SGI,49,49,10,587.0,5870.0
2020122004000583,SGI,48,56,10,584.0,5840.0
2020122004000582,SGI,14,50,10,585.0,5850.0
2020122004000580,SGI,14,54,10,585.0,5850.0
2020122004000578,SGI,48,45,10,584.0,5840.0
2020122004000572,SGI,48,21,10,584.0,5840.0
2020122004000568,SGI,48,3,10,584.0,5840.0
2020122004000234,SRBLD83,42,21,25,1060.0,26500.0
2020122004000575,STC,11,26,10,5420.0,54200.0
2020122004000571,STC,11,5,20,5400.0,108000.0
2020122004000524,STC,25,17,16,5300.0,84800.0
2020122004000518,STC,42,10,10,5300.0,53000.0
2020122004000508,STC,42,17,70,5300.0,371000.0
2020122004000507,STC,47,17,10,5300.0,53000.0
2020122004000506,STC,49,17,10,5310.0,53100.0
2020122004000353,STC,26,35,20,5300.0,106000.0
2020122004000278,STC,48,42,30,5290.0,158700.0
2020122004000126,STC,34,26,10,5314.0,53140.0
2020122003032348,ALBSL,14,35,50,954.0,47700.0
2020122003032349,ALICL,53,52,100,846.0,84600.0
2020122003032323,ALICL,43,44,250,846.0,211500.0
2020122004000068,BBC,46,43,10,2594.0,25940.0
2020122004000007,BBC,28,35,10,2646.0,26460.0
2020122004000005,BBC,10,35,40,2646.0,105840.0
2020122003032363,CBBL,56,58,15,1376.0,20640.0
2020122003032128,CBBL,56,4,10,1376.0,13760.0
2020122003032033,CBBL,14,19,51,1370.0,69870.0
2020122003032032,CBBL,58,19,180,1370.0,246600.0
2020122003032031,CBBL,52,19,50,1371.0,68550.0
2020122003032030,CBBL,17,19,50,1371.0,68550.0
2020122003032029,CBBL,47,19,25,1375.0,34375.0
2020122003032017,CBBL,57,5,32,1375.0,44000.0
2020122003032076,CFCL,25,52,10,159.0,1590.0
2020122003032388,CIT,32,52,10,5180.0,51800.0
2020122003032356,CIT,49,52,10,5185.0,51850.0
2020122003032355,CIT,45,52,10,5190.0,51900.0
2020122003032354,CIT,17,52,50,5190.0,259500.0
2020122003032205,CIT,50,33,10,5096.0,50960.0
2020122003032204,CIT,25,33,22,5100.0,112200.0
2020122003032135,CIT,51,34,15,5185.0,77775.0
2020122003032134,CIT,16,34,44,5185.0,228140.0
2020122003032052,CIT,57,41,10,5200.0,52000.0
2020122003032022,CIT,16,39,74,5185.0,383690.0
2020122003032021,CIT,10,39,15,5200.0,78000.0
2020122003032020,CIT,20,39,20,5200.0,104000.0
2020122003032171,CIT,49,56,30,5185.0,155550.0
2020122003032170,CIT,25,56,10,5185.0,51850.0
2020122003032169,CIT,5,56,86,5185.0,445910.0
2020122003032138,CIT,5,34,14,5185.0,72590.0
2020122003032137,CIT,11,34,50,5185.0,259250.0
2020122003032136,CIT,45,34,10,5185.0,51850.0
2020122003032177,CIT,34,56,10,5170.0,51700.0
2020122003032176,CIT,22,56,50,5180.0,259000.0
2020122003032175,CIT,54,56,300,5180.0,1554000.0
2020122003032174,CIT,35,56,20,5180.0,103600.0
2020122003032173,CIT,58,56,10,5184.0,51840.0
2020122003032172,CIT,3,56,10,5184.0,51840.0
2020122003032183,CIT,14,56,10,5140.0,51400.0
2020122003032182,CIT,49,56,20,5140.0,102800.0
2020122003032181,CIT,57,56,10,5150.0,51500.0
2020122003032180,CIT,50,56,14,5165.0,72310.0
2020122003032179,CIT,16,56,12,5166.0,61992.0
2020122003032178,CIT,35,56,10,5170.0,51700.0
2020122003032189,CIT,34,56,10,5100.0,51000.0
2020122003032188,CIT,21,56,10,5100.0,51000.0
2020122003032187,CIT,35,56,50,5102.0,255100.0
2020122003032186,CIT,36,56,10,5120.0,51200.0
2020122003032185,CIT,39,56,10,5139.0,51390.0
2020122003032184,CIT,49,56,10,5140.0,51400.0
2020122003032203,CIT,22,33,10,5185.0,51850.0
2020122003032199,CIT,21,41,10,5200.0,52000.0
2020122003032198,CIT,25,45,10,5100.0,51000.0
2020122003032192,CIT,25,56,68,5100.0,346800.0
2020122003032191,CIT,35,56,50,5100.0,255000.0
2020122003032190,CIT,34,56,30,5100.0,153000.0
2020122003032129,CLBSL,41,29,100,786.0,78600.0
2020122003032382,DDBL,55,58,20,1338.0,26760.0
2020122003032341,DDBL,58,58,10,1338.0,13380.0
2020122003032331,DDBL,34,58,100,1338.0,133800.0
2020122003032253,DDBL,29,38,449,1337.0,600313.0
2020122003032246,DDBL,5,58,10,1338.0,13380.0
2020122003032147,DDBL,57,58,10,1338.0,13380.0
2020122003032024,DDBL,22,44,50,1340.0,67000.0
2020122003032023,DDBL,22,22,15,1340.0,20100.0
2020122003032146,DDBL,35,58,210,1338.0,280980.0
2020122003032108,DDBL,58,32,10,1340.0,13400.0
2020122003032107,DDBL,35,39,40,1338.0,53520.0
2020122003032106,DDBL,38,39,50,1338.0,66900.0
2020122003032105,DDBL,7,39,10,1339.0,13390.0
2020122003032025,DDBL,22,32,35,1340.0,46900.0
2020122003032371,EDBL,43,38,50,339.0,16950.0
2020122003032346,EDBL,43,32,10,339.0,3390.0
2020122003032075,EDBL,43,14,600,339.0,203400.0
2020122003032389,FMDBL,39,29,100,585.0,58500.0
2020122003032078,FMDBL,4,6,100,583.0,58300.0
2020122003032060,FMDBL,51,29,200,585.0,117000.0
2020122003032215,FOWAD,17,41,50,2095.0,104750.0
2020122003032004,FOWAD,56,41,20,2095.0,41900.0
2020122003032394,GBBL,35,19,500,288.0,144000.0
2020122003032393,GBBL,50,19,500,288.0,144000.0
2020122003032391,GBBL,39,32,50,288.0,14400.0
2020122003032390,GBBL,39,32,500,288.0,144000.0
2020122003032376,GBLBS,10,29,200,570.0,114000.0
2020122003032102,GBLBS,38,40,15,568.0,8520.0
2020122003032093,GBLBS,4,21,25,567.0,14175.0
2020122003032068,GBLBS,4,33,150,567.0,85050.0
2020122003032230,GFCL,45,45,50,204.0,10200.0
2020122003032037,GFCL,52,45,50,204.0,10200.0
2020122004000098,GIC,21,41,10,561.0,5610.0
2020122004000096,GIC,21,28,10,561.0,5610.0
2020122004000088,GIC,21,8,10,561.0,5610.0
2020122004000086,GIC,21,41,490,562.0,275380.0
2020122004000084,GIC,21,21,10,562.0,5620.0
2020122004000080,GIC,58,6,10,563.0,5630.0
2020122004000015,GIC,58,52,10,571.0,5710.0
2020122004000009,GIC,58,21,10,571.0,5710.0
2020122004000008,GIC,58,21,10,571.0,5710.0
2020122004000002,GIC,46,29,10,570.0,5700.0
2020122004000031,GIC,42,8,170,571.0,97070.0
2020122004000030,GIC,42,41,10,571.0,5710.0
2020122004000024,GIC,42,8,10,571.0,5710.0
2020122004000021,GIC,42,19,70,571.0,39970.0
2020122004000017,GIC,46,28,10,570.0,5700.0
2020122004000016,GIC,46,16,10,570.0,5700.0
2020122004000046,GIC,42,22,10,571.0,5710.0
2020122004000045,GIC,42,52,10,571.0,5710.0
2020122004000044,GIC,42,22,10,571.0,5710.0
2020122004000040,GIC,42,14,10,571.0,5710.0
2020122004000034,GIC,42,6,10,571.0,5710.0
2020122004000033,GIC,42,45,10,571.0,5710.0
2020122004000064,GIC,46,41,10,570.0,5700.0
2020122004000063,GIC,43,32,10,571.0,5710.0
2020122004000062,GIC,29,32,"1,000",571.0,571000.0
2020122004000058,GIC,42,57,10,571.0,5710.0
2020122004000054,GIC,42,51,10,571.0,5710.0
2020122004000051,GIC,42,21,10,571.0,5710.0
2020122004000077,GIC,58,38,10,563.0,5630.0
2020122004000073,GIC,43,26,10,565.0,5650.0
2020122004000071,GIC,22,8,10,565.0,5650.0
2020122004000070,GIC,22,41,10,565.0,5650.0
2020122004000067,GIC,46,45,10,570.0,5700.0
2020122004000065,GIC,46,35,10,570.0,5700.0
2020122003032357,GLICL,36,1,80,605.0,48400.0
2020122003032318,GLICL,36,33,500,605.0,302500.0
2020122003032238,GLICL,44,35,200,606.0,121200.0
2020122003032202,GLICL,58,35,10,606.0,6060.0
2020122003032061,GLICL,10,35,300,606.0,181800.0
2020122003032055,GLICL,36,1,117,605.0,70785.0
2020122003032316,GMFBS,25,44,10,989.0,9890.0
2020122003032119,GMFBS,25,42,10,978.0,9780.0
2020122003032118,GMFBS,25,34,10,977.0,9770.0
2020122003032117,GMFBS,25,5,20,975.0,19500.0
2020122003032116,GMFBS,25,45,10,970.0,9700.0
2020122003032115,GMFBS,25,29,10,957.0,9570.0
2020122003032114,GMFBS,25,20,10,957.0,9570.0
2020122003032100,GMFBS,50,45,10,933.0,9330.0
2020122003032313,GMFIL,25,42,800,202.0,161600.0
2020122003032312,GMFIL,25,8,100,201.0,20100.0
2020122003032311,GMFIL,25,35,120,201.0,24120.0
2020122003032310,GMFIL,25,17,100,201.0,20100.0
2020122003032309,GMFIL,25,29,100,200.0,20000.0
2020122003032362,HIDCL,45,38,500,256.0,128000.0
2020122003032361,HIDCL,32,38,25,256.0,6400.0
2020122003032360,HIDCL,49,38,500,256.0,128000.0
2020122003032359,HIDCL,22,38,200,256.0,51200.0
2020122003032358,HIDCL,56,38,"3,220",256.0,824320.0
2020122003032327,HIDCL,56,13,775,256.0,198400.0
2020122003032326,HIDCL,16,13,175,257.0,44975.0
2020122003032240,HIDCL,16,38,300,257.0,77100.0
2020122003032103,HIDCL,16,58,25,257.0,6425.0
2020122003032079,HIDCL,47,32,100,258.0,25800.0
2020122003032333,ICFC,58,38,20,284.0,5680.0
2020122003032375,ILBS,57,6,10,990.0,9900.0
2020122003032374,ILBS,39,6,49,990.0,48510.0
2020122003032373,ILBS,21,6,41,990.0,40590.0
2020122003032372,ILBS,35,6,100,992.0,99200.0
2020122003032301,JBBL,56,29,500,217.0,108500.0
2020122003032077,JBBL,56,17,141,217.0,30597.0
2020122003032347,JFL,21,41,100,225.0,22500.0
2020122003032006,JFL,58,41,100,225.0,22500.0
2020122003031997,JSLBB,45,17,10,1690.0,16900.0
2020122003031996,JSLBB,45,55,32,1690.0,54080.0
2020122003032315,KMCDB,16,39,10,828.0,8280.0
2020122003032130,KSBBL,58,40,350,217.0,75950.0
2020122003032003,KSBBL,58,10,50,217.0,10850.0
2020122003032002,KSBBL,34,10,50,217.0,10850.0
2020122003032386,LBBL,21,34,287,219.0,62853.0
2020122003032209,LBBL,43,48,100,219.0,21900.0
2020122003032208,LBBL,43,20,92,219.0,20148.0
2020122003032158,LBBL,28,13,65,218.0,14170.0
2020122003032237,LBBL,40,51,15,218.0,3270.0
2020122003032236,LBBL,28,51,34,218.0,7412.0
2020122003032212,LBBL,43,34,213,219.0,46647.0
2020122003032211,LBBL,43,41,45,219.0,9855.0
2020122003032210,LBBL,43,48,50,219.0,10950.0
2020122003032317,LICN,25,37,10,1860.0,18600.0
2020122003032196,LICN,49,50,100,1855.0,185500.0
2020122003032140,LICN,25,43,10,1855.0,18550.0
2020122003032139,LICN,25,50,24,1845.0,44280.0
2020122003032071,LICN,14,50,35,1840.0,64400.0
2020122003032053,LICN,25,50,10,1840.0,18400.0
2020122003032083,LLBS,50,49,483,1492.0,720636.0
2020122003032082,LLBS,35,49,100,1495.0,149500.0
2020122003032081,LLBS,16,49,117,1495.0,174915.0
2020122003032343,MDB,38,10,150,372.0,55800.0
2020122003032342,MDB,58,10,200,372.0,74400.0
2020122003032370,MERO,18,40,10,919.0,9190.0
2020122003032207,MERO,50,29,13,909.0,11817.0
2020122003032200,MERO,50,49,23,907.0,20861.0
2020122003032197,MERO,50,41,43,907.0,39001.0
2020122003032065,MERO,44,29,100,909.0,90900.0
2020122003032257,MFIL,47,36,10,374.0,3740.0
2020122003032125,MFIL,55,36,100,374.0,37400.0
2020122003032145,MLBL,56,58,450,237.0,106650.0
2020122003032144,MLBL,56,7,50,236.0,11800.0
2020122003032242,MMFDB,28,21,20,1010.0,20200.0
2020122003032241,MMFDB,38,21,102,1010.0,103020.0
2020122003032239,MMFDB,38,56,10,1010.0,10100.0
2020122003032351,MNBBL,47,36,205,372.0,76260.0
2020122003032350,MNBBL,47,57,95,372.0,35340.0
2020122003032256,MNBBL,49,6,39,370.0,14430.0
2020122003032255,MNBBL,7,6,200,370.0,74000.0
2020122003032254,MNBBL,34,6,54,371.0,20034.0
2020122003032124,MNBBL,34,25,181,371.0,67151.0
2020122003032123,MNBBL,34,13,165,371.0,61215.0
2020122003032097,MNBBL,52,13,200,371.0,74200.0
2020122003032228,MNBBL,34,54,100,371.0,37100.0
2020122003032328,MSLB,1,52,16,1534.0,24544.0
2020122003032281,MSLB,49,45,16,1561.0,24976.0
2020122003032280,MSLB,49,16,37,1559.0,57683.0
2020122003032279,MSLB,49,45,31,1553.0,48143.0
2020122003032278,MSLB,49,54,16,1550.0,24800.0
2020122003031994,MSLB,36,57,52,1521.0,79092.0
2020122003031993,MSLB,14,57,50,1522.0,76100.0
2020122003032166,NADEP,33,45,10,941.0,9410.0
2020122003032165,NADEP,22,45,200,941.0,188200.0
2020122003032164,NADEP,32,45,20,941.0,18820.0
2020122003032163,NADEP,17,45,10,942.0,9420.0
2020122003032162,NADEP,25,45,78,943.0,73554.0
2020122003032069,NADEP,38,51,100,944.0,94400.0
2020122003032009,NADEP,25,45,22,943.0,20746.0
2020122003032008,NADEP,8,45,78,944.0,73632.0
2020122004000053,NBF2,10,42,300,9.6,2880.0
2020122004000011,NBF2,10,1,"2,000",9.6,19200.0
2020122004000066,NEF,33,38,100,9.75,975.0
2020122003032366,NLBBL,59,6,20,984.0,19680.0
2020122003032153,NLBBL,3,6,300,984.0,295200.0
2020122003032379,NLIC,46,35,80,2103.0,168240.0
2020122003032367,NLIC,58,35,50,2103.0,105150.0
2020122003032364,NLIC,19,35,10,2103.0,21030.0
2020122003032329,NLIC,41,35,100,2103.0,210300.0
2020122003032308,NLIC,21,35,100,2103.0,210300.0
2020122003032306,NLIC,46,35,10,2103.0,21030.0
2020122003032016,NLIC,41,35,50,2106.0,105300.0
2020122003032005,NLIC,45,46,100,2105.0,210500.0
2020122003032041,NLIC,10,16,100,2106.0,210600.0
2020122003032040,NLIC,10,1,30,2106.0,63180.0
2020122003032039,NLIC,10,35,133,2106.0,280098.0
2020122003032038,NLIC,10,45,141,2104.0,296664.0
2020122003032028,NLIC,43,45,30,2105.0,63150.0
2020122003032027,NLIC,45,45,29,2105.0,61045.0
2020122003032120,NLIC,13,13,10,2105.0,21050.0
2020122003032112,NLIC,44,58,14,2106.0,29484.0
2020122003032096,NLIC,44,1,122,2106.0,256932.0
2020122003032070,NLIC,44,57,12,2106.0,25272.0
2020122003032064,NLIC,44,20,22,2106.0,46332.0
2020122003032063,NLIC,44,38,30,2106.0,63180.0
2020122003032168,NLIC,35,57,30,2108.0,63240.0
2020122003032155,NLIC,45,58,11,2106.0,23166.0
2020122003032150,NLIC,57,16,100,2105.0,210500.0
2020122003032132,NLIC,57,58,56,2105.0,117880.0
2020122003032122,NLIC,57,45,200,2105.0,421000.0
2020122003032121,NLIC,57,13,90,2105.0,189450.0
2020122003032249,NLIC,57,59,40,2105.0,84200.0
2020122003032233,NLIC,57,45,11,2105.0,23155.0
2020122003032232,NLIC,45,45,139,2106.0,292734.0
2020122003032231,NLIC,56,45,50,2107.0,105350.0
2020122003032214,NLIC,59,39,100,2108.0,210800.0
2020122003032201,NLIC,33,19,500,2103.0,1051500.0
2020122003032291,NLIC,25,35,200,2103.0,420600.0
2020122003032290,NLIC,53,35,20,2103.0,42060.0
2020122003032289,NLIC,49,35,50,2104.0,105200.0
2020122003032288,NLIC,35,35,30,2104.0,63120.0
2020122003032287,NLIC,45,35,100,2105.0,210500.0
2020122003032286,NLIC,45,35,50,2105.0,105250.0
2020122003032305,NLIC,16,35,100,2103.0,210300.0
2020122003032304,NLIC,22,35,50,2103.0,105150.0
2020122003032300,NLIC,38,35,100,2103.0,210300.0
2020122003032294,NLIC,44,35,100,2103.0,210300.0
2020122003032293,NLIC,34,35,200,2103.0,420600.0
2020122003032292,NLIC,22,35,50,2103.0,105150.0
2020122003032330,NLICL,52,38,40,982.0,39280.0
2020122003032320,NLICL,28,38,10,982.0,9820.0
2020122003032248,NLICL,57,7,485,980.0,475300.0
2020122003032247,NLICL,49,7,15,981.0,14715.0
2020122003032143,NLICL,19,38,100,982.0,98200.0
2020122003032095,NLICL,49,59,100,981.0,98100.0
2020122003032018,NLICL,49,44,100,981.0,98100.0
2020122003032345,NMBMF,56,7,20,1125.0,22500.0
2020122003032344,NMBMF,56,47,20,1120.0,22400.0
2020122003032340,NMBMF,44,41,90,1111.0,99990.0
2020122003032339,NMBMF,56,41,10,1120.0,11200.0
2020122003032073,NMBMF,44,38,50,1111.0,55550.0
2020122003032043,NMFBS,14,45,50,2007.0,100350.0
2020122003032035,NMFBS,6,45,50,2010.0,100500.0
2020122003032034,NMFBS,6,5,40,2010.0,80400.0
2020122003032369,NRIC,41,6,20,1346.0,26920.0
2020122003032368,NRIC,21,6,20,1351.0,27020.0
2020122003032338,NRIC,21,57,20,1350.0,27000.0
2020122003032337,NRIC,55,6,20,1350.0,27000.0
2020122003032335,NRIC,59,6,24,1350.0,32400.0
2020122003032334,NRIC,59,1,76,1350.0,102600.0
2020122003031995,NRIC,21,6,100,1348.0,134800.0
2020122003032010,NRIC,4,13,40,1352.0,54080.0
2020122003032007,NRIC,59,3,40,1351.0,54040.0
2020122003032001,NRIC,59,16,40,1351.0,54040.0
2020122003032000,NRIC,59,45,40,1351.0,54040.0
2020122003031999,NRIC,59,45,60,1351.0,81060.0
2020122003031998,NRIC,59,17,50,1350.0,67500.0
2020122003032019,NRIC,4,13,500,1353.0,676500.0
2020122003032015,NRIC,4,45,30,1353.0,40590.0
2020122003032014,NRIC,4,14,200,1353.0,270600.0
2020122003032013,NRIC,4,47,10,1352.0,13520.0
2020122003032012,NRIC,4,47,30,1352.0,40560.0
2020122003032011,NRIC,4,41,20,1352.0,27040.0
2020122003032087,NRIC,20,20,40,1351.0,54040.0
2020122003032072,NRIC,43,21,40,1350.0,54000.0
2020122003032066,NRIC,7,42,100,1354.0,135400.0
2020122003032047,NRIC,59,58,40,1351.0,54040.0
2020122003032046,NRIC,59,16,30,1351.0,40530.0
2020122003032045,NRIC,4,16,170,1353.0,230010.0
2020122003032098,NRIC,44,38,8,1346.0,10768.0
2020122003032092,NRIC,20,5,20,1354.0,27080.0
2020122003032091,NRIC,20,50,200,1354.0,270800.0
2020122003032090,NRIC,20,13,280,1354.0,379120.0
2020122003032089,NRIC,20,38,40,1354.0,54160.0
2020122003032088,NRIC,20,42,250,1354.0,338500.0
2020122003032141,NRIC,43,6,10,1352.0,13520.0
2020122003032127,NRIC,51,7,40,1354.0,54160.0
2020122003032113,NRIC,20,7,40,1354.0,54160.0
2020122003032110,NRIC,20,52,10,1354.0,13540.0
2020122003032109,NRIC,20,21,50,1354.0,67700.0
2020122003032104,NRIC,20,45,70,1354.0,94780.0
2020122003032160,NRIC,43,59,250,1350.0,337500.0
2020122003032159,NRIC,11,59,50,1351.0,67550.0
2020122003032156,NRIC,11,57,50,1351.0,67550.0
2020122003032151,NRIC,55,7,50,1354.0,67700.0
2020122003032149,NRIC,43,57,100,1350.0,135000.0
2020122003032142,NRIC,43,6,30,1350.0,40500.0
2020122003032222,NRIC,41,46,10,1350.0,13500.0
2020122003032221,NRIC,43,46,580,1350.0,783000.0
2020122003032216,NRIC,56,56,100,1353.0,135300.0
2020122003032195,NRIC,52,55,20,1355.0,27100.0
2020122003032194,NRIC,52,48,10,1355.0,13550.0
2020122003032193,NRIC,52,7,70,1354.0,94780.0
2020122003032244,NRIC,51,14,10,1349.0,13490.0
2020122003032227,NRIC,4,46,50,1350.0,67500.0
2020122003032226,NRIC,41,46,10,1350.0,13500.0
2020122003032225,NRIC,32,46,20,1350.0,27000.0
2020122003032224,NRIC,47,46,50,1350.0,67500.0
2020122003032223,NRIC,38,46,150,1350.0,202500.0
2020122003032261,NRIC,44,55,50,1348.0,67400.0
2020122003032260,NRIC,58,55,300,1348.0,404400.0
2020122003032259,NRIC,46,55,25,1348.0,33700.0
2020122003032258,NRIC,21,55,110,1348.0,148280.0
2020122003032250,NRIC,35,46,44,1350.0,59400.0
2020122003032245,NRIC,21,14,90,1348.0,121320.0
2020122003032267,NRIC,43,55,10,1345.0,13450.0
2020122003032266,NRIC,35,55,600,1346.0,807600.0
2020122003032265,NRIC,33,55,10,1346.0,13460.0
2020122003032264,NRIC,43,55,25,1346.0,33650.0
2020122003032263,NRIC,59,55,100,1347.0,134700.0
2020122003032262,NRIC,14,55,314,1347.0,422958.0
2020122003032273,NRIC,13,55,55,1345.0,73975.0
2020122003032272,NRIC,13,55,50,1345.0,67250.0
2020122003032271,NRIC,49,55,10,1345.0,13450.0
2020122003032270,NRIC,41,55,100,1345.0,134500.0
2020122003032269,NRIC,5,55,20,1345.0,26900.0
2020122003032268,NRIC,49,55,10,1345.0,13450.0
2020122003032284,NRIC,4,38,60,1349.0,80940.0
2020122003032283,NRIC,51,38,40,1349.0,53960.0
2020122003032277,NRIC,17,55,91,1345.0,122395.0
2020122003032276,NRIC,49,55,50,1345.0,67250.0
2020122003032275,NRIC,35,55,50,1345.0,67250.0
2020122003032274,NRIC,47,55,20,1345.0,26900.0
2020122003032332,NRIC,6,1,20,1350.0,27000.0
2020122003032319,NRIC,46,1,10,1350.0,13500.0
2020122003032303,NRIC,17,21,40,1345.0,53800.0
2020122003032299,NRIC,57,1,134,1350.0,180900.0
2020122003032298,NRIC,57,46,66,1350.0,89100.0
2020122003032285,NRIC,4,46,20,1350.0,27000.0
2020122003032325,NRN,28,22,45,362.0,16290.0
2020122003032324,NRN,47,22,90,362.0,32580.0
2020122003032042,NRN,47,14,10,362.0,3620.0
2020122003032380,NTC,35,39,30,1050.0,31500.0
2020122003032377,NTC,34,38,10,1060.0,10600.0
2020122003032353,NTC,35,35,100,1050.0,105000.0
2020122003032206,NTC,35,57,100,1050.0,105000.0
2020122003032152,NTC,35,55,261,1050.0,274050.0
2020122003032148,NTC,35,50,"2,247",1050.0,2359350.0
2020122003032111,NTC,45,50,60,1050.0,63000.0
2020122003032101,NTC,18,28,50,1047.0,52350.0
2020122003032062,NTC,49,50,100,1050.0,105000.0
2020122003032054,NTC,4,39,30,1046.0,31380.0
2020122003032133,NUBL,41,14,283,1200.0,339600.0
2020122003032036,NUBL,41,56,50,1200.0,60000.0
2020122003032365,PLIC,53,1,30,802.0,24060.0
2020122003032321,PLIC,53,49,974,803.0,782122.0
2020122003032302,PLIC,53,39,20,802.0,16040.0
2020122003032048,PLIC,32,50,50,802.0,40100.0
2020122003032392,PROFL,47,53,10,122.0,1220.0
2020122003032297,RLFL,32,6,117,162.0,18954.0
2020122003032296,RLFL,41,6,100,162.0,16200.0
2020122003032295,RLFL,13,6,383,162.0,62046.0
2020122003032352,RLI,52,29,10,600.0,6000.0
2020122003032252,RLI,49,29,30,600.0,18000.0
2020122003032251,RLI,49,16,70,600.0,42000.0
2020122003032213,RLI,28,34,50,600.0,30000.0
2020122003032067,RLI,38,3,10,598.0,5980.0
2020122003032058,RLI,1,34,20,600.0,12000.0
2020122003032057,RLI,11,34,130,600.0,78000.0
2020122003032056,RLI,11,28,10,600.0,6000.0
2020122003032161,RMDC,49,43,100,1091.0,109100.0
2020122003032154,RMDC,49,29,100,1092.0,109200.0
2020122003032074,RMDC,53,52,100,1092.0,109200.0
2020122003032378,RSDC,35,38,20,632.0,12640.0
2020122003032322,RSDC,4,38,50,632.0,31600.0
2020122003032167,SABSL,45,39,25,926.0,23150.0
2020122003032314,SADBL,54,11,10,172.0,1720.0
2020122003032131,SADBL,34,43,"1,000",171.0,171000.0
2020122003032126,SADBL,56,11,100,172.0,17200.0
2020122003032051,SAPDBL,34,34,92,147.0,13524.0
2020122003032050,SAPDBL,34,32,31,147.0,4557.0
2020122003032049,SAPDBL,34,48,77,146.0,11242.0
2020122003032026,SAPDBL,57,41,100,144.0,14400.0
2020122003032381,SDLBSL,41,41,20,1200.0,24000.0
2020122003032094,SDLBSL,6,35,41,1195.0,48995.0
2020122004000001,SFMF,10,16,100,10.6,1060.0
2020122004000097,SGI,34,22,10,571.0,5710.0
2020122004000095,SGI,34,38,10,571.0,5710.0
2020122004000094,SGI,34,14,75,571.0,42825.0
2020122004000093,SGI,42,14,50,571.0,28550.0
2020122004000092,SGI,35,14,40,571.0,22840.0
2020122004000091,SGI,25,14,10,571.0,5710.0
2020122004000013,SGI,17,41,10,590.0,5900.0
2020122004000012,SGI,42,41,130,590.0,76700.0
2020122004000010,SGI,17,57,10,590.0,5900.0
2020122004000006,SGI,17,21,10,590.0,5900.0
2020122004000003,SGI,17,29,10,590.0,5900.0
2020122004000023,SGI,20,16,10,588.0,5880.0
2020122004000022,SGI,20,21,10,588.0,5880.0
2020122004000020,SGI,20,21,10,588.0,5880.0
2020122004000019,SGI,20,21,10,588.0,5880.0
2020122004000018,SGI,20,6,10,588.0,5880.0
2020122004000014,SGI,45,41,20,590.0,11800.0
2020122004000036,SGI,45,29,30,580.0,17400.0
2020122004000035,SGI,34,29,430,585.0,251550.0
2020122004000029,SGI,34,8,10,585.0,5850.0
2020122004000028,SGI,34,40,10,585.0,5850.0
2020122004000027,SGI,34,41,40,585.0,23400.0
2020122004000025,SGI,34,1,10,585.0,5850.0
2020122004000043,SGI,39,29,10,575.0,5750.0
2020122004000042,SGI,45,29,20,575.0,11500.0
2020122004000041,SGI,45,29,20,575.0,11500.0
2020122004000039,SGI,1,29,100,575.0,57500.0
2020122004000038,SGI,59,29,100,580.0,58000.0
2020122004000037,SGI,16,29,50,580.0,29000.0
2020122004000056,SGI,58,26,230,575.0,132250.0
2020122004000055,SGI,58,26,10,576.0,5760.0
2020122004000052,SGI,58,1,10,575.0,5750.0
2020122004000050,SGI,58,34,10,575.0,5750.0
2020122004000049,SGI,58,6,10,575.0,5750.0
2020122004000048,SGI,58,29,240,575.0,138000.0
2020122004000072,SGI,13,42,10,571.0,5710.0
2020122004000069,SGI,13,45,10,571.0,5710.0
2020122004000061,SGI,38,39,10,570.0,5700.0
2020122004000060,SGI,38,26,290,575.0,166750.0
2020122004000059,SGI,38,22,10,570.0,5700.0
2020122004000057,SGI,32,26,10,575.0,5750.0
2020122004000081,SGI,39,22,10,571.0,5710.0
2020122004000079,SGI,13,38,10,571.0,5710.0
2020122004000078,SGI,13,16,10,571.0,5710.0
2020122004000076,SGI,38,26,10,575.0,5750.0
2020122004000075,SGI,38,35,10,574.0,5740.0
2020122004000074,SGI,13,48,10,571.0,5710.0
2020122004000090,SGI,58,14,25,571.0,14275.0
2020122004000089,SGI,25,49,10,571.0,5710.0
2020122004000087,SGI,25,8,10,571.0,5710.0
2020122004000085,SGI,25,42,10,571.0,5710.0
2020122004000083,SGI,25,58,10,571.0,5710.0
2020122004000082,SGI,39,55,10,571.0,5710.0
2020122003032385,SHINE,41,22,99,264.0,26136.0
2020122003032384,SHINE,1,22,100,264.0,26400.0
2020122003032383,SHINE,53,22,51,264.0,13464.0
2020122003032336,SINDU,22,16,127,149.0,18923.0
2020122003032235,SKBBL,45,22,15,1668.0,25020.0
2020122003032220,SKBBL,49,22,35,1661.0,58135.0
2020122003032219,SKBBL,51,22,15,1661.0,24915.0
2020122003032217,SKBBL,51,22,15,1668.0,25020.0
2020122003032234,SLBBL,41,21,100,1044.0,104400.0
2020122003032387,SLICL,29,34,200,702.0,140400.0
2020122003032307,SLICL,4,54,230,700.0,161000.0
2020122003032229,SLICL,49,34,200,702.0,140400.0
2020122003032086,SLICL,4,34,900,702.0,631800.0
2020122003032085,SLICL,4,28,100,702.0,70200.0
2020122003032084,SLICL,4,55,50,700.0,35000.0
2020122003032059,SLICL,4,51,500,700.0,350000.0
2020122003032044,SLICL,4,38,50,700.0,35000.0
2020122003032282,SMFDB,4,29,150,962.0,144300.0
2020122003032099,SMFDB,4,10,100,962.0,96200.0
2020122003032243,SNLB,52,13,25,966.0,24150.0
2020122004000047,STC,25,7,10,5210.0,52100.0
2020122004000032,STC,55,43,90,5211.0,468990.0
2020122004000026,STC,55,7,10,5211.0,52110.0
2020122004000004,STC,51,38,10,5315.0,53150.0
2020122003032080,SWBBL,51,33,10,1590.0,15900.0
2020122003032157,TRH,11,38,100,307.0,30700.0
2020122003032218,VLBS,14,58,100,1170.0,117000.0
2020122003031882,ALBSL,59,45,50,953.0,47650.0
2020122003031870,ALBSL,59,45,51,953.0,48603.0
2020122003031869,ALBSL,3,45,49,953.0,46697.0
2020122003031952,ALICL,16,33,100,848.0,84800.0
2020122003031951,ALICL,8,33,250,848.0,212000.0
2020122003031946,ALICL,8,38,250,848.0,212000.0
2020122003031695,ALICL,25,25,100,848.0,84800.0
2020122003031694,ALICL,50,25,200,848.0,169600.0
2020122003031688,ALICL,32,29,15,850.0,12750.0
2020122003031878,CBBL,57,39,50,1375.0,68750.0
2020122003031834,CBBL,57,34,15,1375.0,20625.0
2020122003031734,CBBL,10,4,50,1376.0,68800.0
2020122003031733,CBBL,49,4,40,1376.0,55040.0
2020122003031736,CFCL,37,14,92,156.0,14352.0
2020122003031735,CFCL,45,14,191,156.0,29796.0
2020122003031669,CFCL,45,50,100,156.0,15600.0
2020122003031932,CIT,20,59,30,5200.0,156000.0
2020122003031917,CIT,20,7,100,5200.0,520000.0
2020122003031860,CIT,16,56,182,5185.0,943670.0
2020122003031856,CIT,56,56,10,5185.0,51850.0
2020122003031808,CIT,5,56,10,5185.0,51850.0
2020122003031807,CIT,5,52,40,5184.0,207360.0
2020122003031543,CIT,57,39,10,5150.0,51500.0
2020122003031542,CIT,53,39,10,5175.0,51750.0
2020122003031541,CIT,38,39,18,5180.0,93240.0
2020122003031540,CIT,6,39,10,5184.0,51840.0
2020122003031539,CIT,19,39,10,5184.0,51840.0
2020122003031538,CIT,3,39,10,5184.0,51840.0
2020122003031560,CIT,3,39,15,5140.0,77100.0
2020122003031556,CIT,54,39,30,5140.0,154200.0
2020122003031553,CIT,35,39,50,5140.0,257000.0
2020122003031546,CIT,53,39,15,5140.0,77100.0
2020122003031545,CIT,35,39,12,5145.0,61740.0
2020122003031544,CIT,50,39,10,5145.0,51450.0
2020122003031796,CIT,21,52,10,5184.0,51840.0
2020122003031756,CIT,53,52,20,5184.0,103680.0
2020122003031746,CIT,53,52,50,5184.0,259200.0
2020122003031716,CIT,6,52,80,5184.0,414720.0
2020122003031637,CIT,6,50,20,5180.0,103600.0
2020122003031561,CIT,57,56,30,5185.0,155550.0
2020122003031936,CLBSL,41,17,13,786.0,10218.0
2020122003031713,CLBSL,21,17,10,789.0,7890.0
2020122003031536,CORBL,26,49,50,210.0,10500.0
2020122003031962,DDBL,1,7,50,1339.0,66950.0
2020122003031825,DDBL,49,7,35,1339.0,46865.0
2020122003031698,DDBL,38,45,50,1338.0,66900.0
2020122003031697,DDBL,21,45,100,1338.0,133800.0
2020122003031696,DDBL,29,45,10,1338.0,13380.0
2020122003031684,DDBL,13,7,10,1339.0,13390.0
2020122003031595,DDBL,6,38,10,1340.0,13400.0
2020122003031566,DDBL,21,38,50,1340.0,67000.0
2020122003031657,DDBL,8,7,150,1339.0,200850.0
2020122003031635,DDBL,29,7,200,1339.0,267800.0
2020122003031634,DDBL,29,44,300,1339.0,401700.0
2020122003031601,DDBL,34,22,35,1340.0,46900.0
2020122003031600,DDBL,34,38,99,1340.0,132660.0
2020122003031599,DDBL,34,38,16,1340.0,21440.0
2020122003031828,FMDBL,4,33,10,583.0,5830.0
2020122003031753,FMDBL,19,29,100,585.0,58500.0
2020122003031983,FOWAD,45,41,87,2100.0,182700.0
2020122003031955,FOWAD,45,6,100,2100.0,210000.0
2020122003031954,FOWAD,45,34,13,2100.0,27300.0
2020122003031911,FOWAD,50,34,20,2100.0,42000.0
2020122003031910,FOWAD,49,34,42,2100.0,88200.0
2020122003031909,FOWAD,6,34,15,2102.0,31530.0
2020122003031908,FOWAD,1,34,10,2110.0,21100.0
2020122003031639,FOWAD,6,29,100,2105.0,210500.0
2020122003031912,GBBL,41,8,169,290.0,49010.0
2020122003031586,GBLBS,4,10,85,567.0,48195.0
2020122003031585,GBLBS,57,10,100,568.0,56800.0
2020122003031584,GBLBS,34,10,10,568.0,5680.0
2020122003031506,GFCL,46,45,100,204.0,20400.0
2020122003031905,GILB,45,29,10,1680.0,16800.0
2020122003031658,GILB,47,29,20,1680.0,33600.0
2020122003031881,GLICL,14,35,50,606.0,30300.0
2020122003031815,GLICL,10,49,100,609.0,60900.0
2020122003031525,GLICL,36,50,290,605.0,175450.0
2020122003031524,GLICL,37,50,10,605.0,6050.0
2020122003031523,GLICL,53,50,200,606.0,121200.0
2020122003031789,GMFBS,25,34,10,939.0,9390.0
2020122003031638,GMFBS,50,17,50,933.0,46650.0
2020122003031982,GRDBL,14,4,10,141.0,1410.0
2020122003031832,GRDBL,53,25,30,140.0,4200.0
2020122003031831,GRDBL,14,25,200,140.0,28000.0
2020122003031830,GRDBL,48,25,50,140.0,7000.0
2020122003031611,GRDBL,48,7,100,140.0,14000.0
2020122003031610,GRDBL,48,7,100,140.0,14000.0
2020122003031602,GUFL,41,35,958,187.0,179146.0
2020122003031958,HIDCL,56,16,"1,005",256.0,257280.0
2020122003031957,HIDCL,16,16,300,257.0,77100.0
2020122003031956,HIDCL,46,16,200,257.0,51400.0
2020122003031693,HIDCL,58,11,900,257.0,231300.0
2020122003031692,HIDCL,49,11,50,258.0,12900.0
2020122003031691,HIDCL,38,11,50,258.0,12900.0
2020122003031671,HIDCL,49,6,500,259.0,129500.0
2020122003031670,HIDCL,45,6,100,259.0,25900.0
2020122003031559,HIDCL,34,6,200,260.0,52000.0
2020122003031499,HIDCL,25,6,500,260.0,130000.0
2020122003031940,JBBL,39,32,50,217.0,10850.0
2020122003031939,JBBL,57,32,50,217.0,10850.0
2020122003031938,JBBL,29,32,41,217.0,8897.0
2020122003031813,JBBL,29,19,159,217.0,34503.0
2020122003031812,JBBL,36,19,20,217.0,4340.0
2020122003031811,JBBL,42,19,50,217.0,10850.0
2020122003031629,JBBL,28,38,200,218.0,43600.0
2020122003031664,JBBL,19,3,"1,000",217.0,217000.0
2020122003031663,JBBL,47,3,500,217.0,108500.0
2020122003031662,JBBL,49,3,300,218.0,65400.0
2020122003031661,JBBL,3,3,100,218.0,21800.0
2020122003031660,JBBL,49,3,30,218.0,6540.0
2020122003031659,JBBL,28,3,"1,513",218.0,329834.0
2020122003031810,JBBL,13,19,100,217.0,21700.0
2020122003031809,JBBL,34,19,843,217.0,182931.0
2020122003031668,JBBL,34,3,157,217.0,34069.0
2020122003031667,JBBL,26,3,100,217.0,21700.0
2020122003031666,JBBL,26,3,"1,000",217.0,217000.0
2020122003031665,JBBL,58,3,300,217.0,65100.0
2020122003031877,KMCDB,25,25,10,843.0,8430.0
2020122003031876,KMCDB,25,49,10,843.0,8430.0
2020122003031875,KMCDB,25,46,10,840.0,8400.0
2020122003031874,KMCDB,25,29,100,830.0,83000.0
2020122003031759,KMCDB,44,29,60,830.0,49800.0
2020122003031526,KMCDB,25,5,10,844.0,8440.0
2020122003031934,KSBBL,34,43,950,217.0,206150.0
2020122003031933,KSBBL,34,43,50,217.0,10850.0
2020122003031672,KSBBL,34,45,202,217.0,43834.0
2020122003031588,KSBBL,28,45,50,217.0,10850.0
2020122003031579,KSBBL,43,45,30,217.0,6510.0
2020122003031578,KSBBL,13,45,200,217.0,43400.0
2020122003031577,KSBBL,59,45,38,217.0,8246.0
2020122003031981,LBBL,28,47,101,218.0,22018.0
2020122003031714,LBBL,40,49,500,218.0,109000.0
2020122003031923,LICN,35,50,100,1820.0,182000.0
2020122003031922,LICN,50,50,50,1820.0,91000.0
2020122003031921,LICN,41,50,100,1820.0,182000.0
2020122003031920,LICN,35,50,100,1820.0,182000.0
2020122003031919,LICN,49,50,50,1823.0,91150.0
2020122003031829,LICN,34,50,100,1824.0,182400.0
2020122003031631,LICN,10,50,32,1840.0,58880.0
2020122003031630,LICN,10,50,68,1825.0,124100.0
2020122003031496,LICN,50,50,"1,000",1825.0,1825000.0
2020122003031495,LICN,6,50,50,1825.0,91250.0
2020122003031494,LICN,41,50,12,1825.0,21900.0
2020122003031493,LICN,45,50,50,1830.0,91500.0
2020122003031931,LLBS,50,46,10,1518.0,15180.0
2020122003031930,LLBS,50,42,17,1498.0,25466.0
2020122003031929,LLBS,50,29,137,1497.0,205089.0
2020122003031967,MERO,50,29,23,909.0,20907.0
2020122003031904,MERO,54,29,50,909.0,45450.0
2020122003031903,MERO,50,29,114,909.0,103626.0
2020122003031793,MERO,50,11,550,909.0,499950.0
2020122003031745,MERO,50,32,10,909.0,9090.0
2020122003031569,MERO,50,35,226,909.0,205434.0
2020122003031552,MERO,50,16,100,909.0,90900.0
2020122003031855,MLBL,51,16,200,235.0,47000.0
2020122003031854,MLBL,46,16,100,235.0,23500.0
2020122003031507,MLBL,46,47,100,235.0,23500.0
2020122003031918,MMFDB,58,45,100,1020.0,102000.0
2020122003031887,MMFDB,38,49,88,1010.0,88880.0
2020122003031886,MMFDB,29,49,100,1010.0,101000.0
2020122003031885,MMFDB,14,49,50,1012.0,50600.0
2020122003031884,MMFDB,22,49,42,1012.0,42504.0
2020122003031701,MMFDB,58,59,50,1020.0,51000.0
2020122003031700,MMFDB,58,44,50,1020.0,51000.0
2020122003031941,MNBBL,6,13,20,371.0,7420.0
2020122003031902,MNBBL,6,14,270,369.0,99630.0
2020122003031901,MNBBL,42,14,100,369.0,36900.0
2020122003031900,MNBBL,8,14,50,369.0,18450.0
2020122003031899,MNBBL,47,14,200,370.0,74000.0
2020122003031723,MNBBL,45,49,560,370.0,207200.0
2020122003031722,MNBBL,33,49,50,370.0,18500.0
2020122003031721,MNBBL,16,49,300,370.0,111000.0
2020122003031521,MNBBL,16,40,400,370.0,148000.0
2020122003031520,MNBBL,44,40,100,370.0,37000.0
2020122003031898,MNBBL,1,14,270,370.0,99900.0
2020122003031897,MNBBL,35,14,100,370.0,37000.0
2020122003031896,MNBBL,52,14,10,370.0,3700.0
2020122003031893,MNBBL,57,13,95,371.0,35245.0
2020122003031725,MNBBL,52,49,40,370.0,14800.0
2020122003031724,MNBBL,11,49,50,370.0,18500.0
2020122003031992,MSLB,50,57,10,1522.0,15220.0
2020122003031991,MSLB,19,57,50,1529.0,76450.0
2020122003031990,MSLB,38,57,100,1530.0,153000.0
2020122003031989,MSLB,25,57,50,1530.0,76500.0
2020122003031988,MSLB,50,57,10,1533.0,15330.0
2020122003031987,MSLB,45,57,48,1534.0,73632.0
2020122003031953,MSLB,45,14,31,1534.0,47554.0
2020122003031868,MSLB,45,19,21,1534.0,32214.0
2020122003031867,MSLB,38,19,10,1536.0,15360.0
2020122003031820,MSLB,39,14,100,1539.0,153900.0
2020122003031597,MSMBS,43,1,50,876.0,43800.0
2020122003031894,NABBC,49,38,20,537.0,10740.0
2020122003031942,NADEP,32,49,27,946.0,25542.0
2020122003031970,NLBSL,11,59,100,1090.0,109000.0
2020122003031969,NLBSL,11,44,69,1090.0,75210.0
2020122003031727,NLBSL,48,44,20,1084.0,21680.0
2020122003031986,NLIC,22,35,100,2106.0,210600.0
2020122003031968,NLIC,45,38,21,2105.0,44205.0
2020122003031950,NLIC,44,19,62,2102.0,130324.0
2020122003031949,NLIC,49,19,"1,938",2103.0,4075614.0
2020122003031928,NLIC,49,58,22,2103.0,46266.0
2020122003031927,NLIC,49,34,40,2103.0,84120.0
2020122003031580,NLIC,35,16,199,2101.0,418099.0
2020122003031576,NLIC,35,41,100,2101.0,210100.0
2020122003031551,NLIC,35,44,700,2101.0,1470700.0
2020122003031548,NLIC,35,45,74,2101.0,155474.0
2020122003031535,NLIC,40,54,300,2102.0,630600.0
2020122003031522,NLIC,35,45,200,2101.0,420200.0
2020122003031607,NLIC,25,51,80,2103.0,168240.0
2020122003031606,NLIC,25,18,30,2103.0,63090.0
2020122003031604,NLIC,44,49,10,2102.0,21020.0
2020122003031598,NLIC,58,18,20,2103.0,42060.0
2020122003031582,NLIC,25,16,352,2101.0,739552.0
2020122003031581,NLIC,32,16,100,2101.0,210100.0
2020122003031644,NLIC,44,35,500,2102.0,1051000.0
2020122003031642,NLIC,44,51,500,2102.0,1051000.0
2020122003031614,NLIC,44,51,300,2102.0,630600.0
2020122003031613,NLIC,44,16,200,2102.0,420400.0
2020122003031609,NLIC,44,54,100,2102.0,210200.0
2020122003031608,NLIC,25,46,190,2103.0,399570.0
2020122003031675,NLIC,44,14,50,2102.0,105100.0
2020122003031674,NLIC,44,46,425,2102.0,893350.0
2020122003031673,NLIC,16,46,75,2103.0,157725.0
2020122003031654,NLIC,16,29,200,2103.0,420600.0
2020122003031653,NLIC,16,41,15,2103.0,31545.0
2020122003031652,NLIC,16,46,10,2103.0,21030.0
2020122003031774,NLIC,25,10,150,2103.0,315450.0
2020122003031761,NLIC,25,45,200,2103.0,420600.0
2020122003031741,NLIC,44,38,100,2102.0,210200.0
2020122003031728,NLIC,44,32,20,2102.0,42040.0
2020122003031703,NLIC,44,50,149,2102.0,313198.0
